4092 6192
359 301 487 354 1077

1587 303 2059 359 DECRETALIUM
2097 301 2479 357 COLLECTIO.

3575 304 3707 354 1078

425 411 506 463 IV.
543 410 618 463 De
655 411 871 466 fabrica
907 429 1040 466 vero
1069 413 1370 483 cujuslibet
1405 412 1677 482 ecclesiae,
1705 413 1751 466 si
1792 412 1981 467 diruta
2002 413 2272 494 Atyrum
2313 411 2456 466 sicut
2497 427 2788 483 speramus
2827 415 3020 466 sancto
3067 428 3166 466 nos
3210 410 3436 466 alfectui
3485 415 3580 464 tuo
3618 410 3705 464 di-

349 501 540 570 luerit,
573 505 963 573 instauranda,
989 509 1046 561 et
1084 507 1130 561 si
1173 509 1231 562 in
1273 525 1338 562 eo
1378 508 1500 562 loco
1542 506 1980 562 consecrationis

349 597 682 653 solemnitas
729 599 934 655 debeat
973 601 1182 656 iterari.
1231 603 1292 656 In
1340 619 1454 672 quo
1498 600 1812 656 sanctuaria
1861 617 1978 655 non

349 692 582 759 fuerint,
598 693 738 747 nihil
751 694 1070 764 judicamus
1091 695 1335 761 efﬁcere,
1355 696 1452 750 sed
1474 712 1575 766 per
1590 711 1718 751 eam
1739 695 1979 750 minime

349 802 498 856 aqua
519 786 823 842 benedicta
837 788 1103 859 jactetur,
1133 791 1270 861 quia
1289 790 1776 846 consecrationem
1799 789 1980 859 cujus-

347 879 487 934 libet
515 881 765 935 ecclesize
803 882 859 936 in
890 899 1004 954 qua
1035 884 1278 954 Spiritus
1315 884 1489 938 sancti
1528 900 1623 938 ara
1656 899 1772 937 non
1808 883 1978 954 poni-

347 978 460 1041 tur,
492 975 880 1032 celebritatem
919 981 1138 1032 tantum
1178 980 1386 1034 scimus
1413 995 1534 1034 esse
1573 978 1894 1044 missarum,
1925 982 1982 1033 et

349 1067 475 1122 ideo
501 1069 547 1122 si
577 1086 689 1140 qua
715 1075 1041 1128 sanctorum
1071 1073 1300 1128 basilica
1327 1090 1360 1128 a
1379 1073 1774 1128 fundamentis
1802 1072 1979 1126 etiam

349 1162 518 1217 fuerit
557 1163 844 1234 innovata,
879 1166 999 1220 sine
1038 1167 1227 1238 aliqua
1267 1167 1615 1222 dubitatione
1645 1183 1775 1223 cum
1813 1168 1872 1222 in
1915 1183 1980 1221 ea

349 1257 648 1311 missarum
678 1259 848 1313 fuerit
883 1261 1160 1315 celebrata
1189 1262 1540 1331 solemnitas,
1568 1262 1740 1317 totius
1771 1261 1976 1316 sancti-

346 1350 534 1406 ﬁcatio
564 1355 1007 1409 consecrationis
1028 1354 1220 1429 268
1251 1356 1600 1427 implebitur.
1626 1355 1684 1410 Si
1703 1373 1834 1411 vero
1854 1373 1979 1410 san-

345 1445 566 1500 ctuaria
597 1463 725 1517 qua:
753 1448 998 1503 habebat
1019 1450 1207 1504 ablata
1236 1455 1387 1519 sunt,
1419 1466 1614 1504 rursus
1646 1466 1845 1504 earum
1877 1450 1979 1504 de-

345 1539 630 1610 positione
651 1546 707 1596 et
728 1541 1032 1598 missarum
1059 1543 1418 1600 solemnitate
1449 1544 1822 1600 reverentiam
1854 1561 1980 1599 san-

345 1633 701 1689 ctiﬁcationis
734 1635 990 1707 accipiet.

550 1733 622 1784 De
649 1732 866 1786 Pascha:
888 1733 1222 1788 solemnitate
1247 1738 1296 1788 et
1318 1749 1534 1803 precum
1567 1735 1770 1788 ordine.

418 1824 480 1876 ν.
509 1824 722 1878 Pascha
756 1841 888 1879 vero
920 1825 1174 1880 futurum
1219 1843 1346 1892 nos,
1393 1828 1438 1882 si
1483 1829 1628 1882 Deus
1657 1828 1900 1881 voluerit
1927 1843 1978 1880 x1

349 1918 734 1972 Kalendarum
771 1920 1040 1974 Maiarum
1070 1921 1161 1975 die
1203 1921 1595 1976 celebraturos
1619 1938 1740 1976 esse
1764 1937 1978 1991 cogno-

346 2011 498 2066 scite.
537 2011 811 2066 Ordinem
838 2029 1065 2084 quoque
1093 2031 1327 2084 precum
1354 2015 1412 2068 in
1435 2015 1762 2069 celebritate
1787 2015 1981 2069 missa-

347 2122 472 2158 rum
517 2107 672 2160 nullo
721 2123 824 2161 nos
851 2111 1131 2178 tempore,
1165 2109 1321 2163 nulla
1351 2109 1655 2164 festivitate
1696 2109 1978 2181 signiﬁca-

345 2217 474 2252 mus
529 2200 736 2255 habere
790 2201 1055 2270 divisum,
1102 2203 1198 2257 sed
1249 2218 1475 2274 semper
1529 2203 1726 2258 eodem
1781 2208 1979 2259 tenore

345 2293 532 2347 oblata
619 2295 730 2348 Deo
799 2311 1038 2349 munera
1109 2313 1463 2352 consecrare.
1542 2297 1771 2362 Quoties
1850 2314 1980 2352 vero

345 2387 643 2457 paschalis,
694 2393 792 2442 aut
838 2390 1179 2444 ascensionis
1222 2391 1443 2445 Domini
1489 2391 1572 2445 vel
1607 2392 1976 2462 Pentecostes,

345 2486 404 2534 et
433 2481 769 2553 Epiphania:
795 2489 1233 2555 sanctorumque
1265 2485 1360 2539 Dei
1391 2485 1560 2540 fuerit
1579 2486 1802 2556 agenda
1829 2485 1980 2540 festi—

343 2575 508 2640 vitas,
556 2575 779 2646 singula
822 2577 1073 2647 capitula
1122 2578 1321 2632 diebus
1369 2582 1500 2649 apta
1553 2579 1975 2651 subjungimus,

343 2669 554 2739 quibus
620 2671 1225 2726 commemorationem
1305 2676 1510 2726 sancta:
1583 2673 1974 2743 solemnitatis,

343 2767 447 2817 aut
479 2780 674 2818 eorum
715 2764 1010 2830 faciamus,
1049 2782 1294 2836 quorum
1324 2766 1573 2821 natalitia
1602 2767 1974 2835 celebramus,

342 2863 549 2912 caetera
594 2875 728 2913 vero
777 2859 975 2914 ordine
1019 2863 1291 2915 consueto
1346 2862 1764 2933 persequimur.
1828 2862 1974 2926 Qua-

341 2957 576 3022 propter
603 2957 659 3008 et
684 2953 858 3023 ipsius
888 2954 1174 3009 canonica:
1212 2955 1393 3026 precis
1423 2959 1642 3010 textum
1673 2955 1980 3011 direximus

341 3045 538 3100 subter
576 3046 880 3117 adjectum,
920 3063 1092 3118 quem
1132 3049 1246 3103 Deo
1286 3049 1534 3120 propitio
1566 3067 1630 3104 ex
1675 3050 1980 3121 apostolica

341 3140 647 3195 traditione
677 3141 1060 3212 suscepimus;
1108 3147 1164 3196 et
1190 3147 1253 3197 ut
1278 3143 1522 3197 eharitas
1548 3147 1644 3198 tua
1674 3148 1979 3213 cognoscat

341 3235 548 3304 quibus
599 3234 733 3289 locis
783 3235 973 3306 aliqua
1021 3236 1416 3291 festivitatibus
1473 3241 1605 3309 apta
1653 3242 1974 3306 connectas,

340 3327 620 3398 paschalis
658 3328 769 3383 diei
815 3345 1013 3400 preces
1057 3330 1225 3384 simul
1272 3331 1602 3400 adjecimus.
1661 3332 1753 3385 His
1802 3332 1980 3401 igitur

343 3422 713 3477 fraternitatis
757 3427 869 3476 tua:
917 3423 1271 3494 inquisitioni
1317 3426 1623 3496 responsis,
1674 3426 1976 3480 Dominum

343 3519 602 3570 nostrum
633 3521 912 3587 quantum
949 3533 1247 3588 possumus
1270 3534 1593 3588 exoramus,
1627 3524 1687 3573 ut
1713 3520 1979 3574 omnibus

340 3609 634 3664 catholicas
667 3610 959 3680 religionis
1006 3611 1263 3667 Ecclesiis
1310 3612 1460 3667 circa
1505 3613 1797 3668 universos
1840 3631 1980 3684 quos

341 3702 540 3756 ﬁdeles
585 3703 690 3756 sibi
732 3703 926 3770 efﬁcit,
961 3705 1157 3774 gratim
1203 3723 1318 3759 sua:
1349 3705 1498 3760 dona
1538 3706 1895 3777 multiplicet,
1924 3713 1982 3763 et

343 3797 414 3849 ab
447 3796 712 3850 omnibus
744 3797 964 3852 insidiis
989 3797 1298 3869 spiritualis
1325 3799 1500 3854 hostis
1531 3805 1702 3872 atque
1733 3801 1980 3855 carnalis

341 3894 573 3943 cunctos
613 3891 850 3962 populos
889 3908 1020 3946 suos
1066 3892 1324 3963 redigere
1359 3893 1627 3964 dignetur
1668 3894 1975 3949 immunes.

343 3983 712 4053 Signiﬁcatur
741 3985 914 4040 etiam
955 3985 1250 4041 beatorum
1282 3988 1672 4058 apostolorum
1700 3989 1788 4043 vel
1827 4005 1972 4042 mar-

912 4390 1488 4484 lNClPlUNT
1594 4393 2116 4486 DECRETA

619 4727 856 4795 Epistola
889 4727 1095 4793 Pelagii
1112 4744 1273 4796 papae
1299 4729 1373 4782 ad
1409 4732 1688 4798 Vtgz’lium.

403 4821 671 4874 PELAGIL'S
702 4820 1002 4890 episcopus
1029 4822 1241 4876 VlGlLlO
1263 4823 1602 4896 coepiscopo
1629 4827 1893 4882 salutem.

401 4913 626 4968 Gaudeo
652 4914 782 4967 ﬁdei
808 4913 1111 4969 devotione
1137 4919 1247 4969 tua:
1287 4918 1439 4987 quod
1469 4919 1803 4989 religiosum
1847 4925 1966 4976 stu-

331 5007 491 5060 dium
535 5011 592 5060 et
627 5007 878 5062 divinum
924 5008 1179 5062 ofﬁcium
1227 5010 1529 5081 dignanter
1566 5014 1870 5082 impendis,
1916 5022 1970 5070 et

334 5101 584 5154 maxime
627 5100 781 5172 quod
824 5100 1264 5157 ﬁdei'inimicos
1309 5106 1597 5159 mmularis
1649 5109 1970 5177 apostolicze

331 5193 478 5247 sedis
501 5211 760 5264 querens
786 5197 1066 5266 exempla.
1097 5197 1274 5251 Didici
1302 5214 1436 5254 sane
1467 5204 1580 5253 tam
1604 5217 1705 5270 per
1732 5201 1968 5257 latorem

329 5294 559 5342 tuarum
592 5305 764 5359 quam
791 5295 847 5344 et
877 5306 980 5360 per
1019 5291 1238 5345 litteras
1267 5296 1390 5346 tuas
1417 5293 1568 5364 quod
1596 5294 1710 5348 sint
1738 5295 1969 5366 quidam

331 5399 512 5452 penes
552 5399 652 5436 vos
699 5383 798 5454 qui
846 5383 1100 5438 dicentes
1151 5385 1412 5452 garriunt
1450 5403 1462 5440 :
1507 5387 1760 5450 Qualiter
1805 5391 1973 5444 Pater

332 5482 389 5528 et
411 5475 581 5530 Filius
607 5493 755 5530 unus
787 5479 972 5547 potest
999 5494 1121 5531 esse
1152 5481 1314 5543 Deus,
1347 5496 1476 5533 cum
1504 5486 1712 5550 praeter
1741 5483 1968 5538 Patrem

326 5569 474 5623 alius
506 5586 620 5624 non
652 5571 725 5624 sit
755 5571 922 5637 Deus,
965 5571 1058 5642 qui
1092 5571 1314 5626 dicatur
1340 5572 1632 5643 ingenitus
1673 5579 1843 5646 atque
1881 5577 1968 5631 in-

329 5667 601 5723 visibilis?
630 5669 695 5723 Hi
718 5686 851 5723 sane
881 5669 926 5723 si
954 5670 1160 5724 scirent
1188 5671 1405 5725 donum
1433 5671 1550 5738 Dei,
1581 5677 1635 5726 et
1655 5689 1802 5728 vera:
1834 5674 1970 5730 ﬁdei

328 5763 555 5826 regulas
583 5762 991 5834 intelligerent,
1015 5781 1377 5836 nequaquam
1400 5765 1533 5820 talia
1563 5768 1929 5822 mussitarent
1952 5787 1967 5836 ;

328 5855 429 5906 sed
474 5857 607 5926 quia
645 5873 760 5912 non
801 5857 1074 5912 habentes
1119 5859 1333 5912 munda
1375 5859 1546 5914 corda
1598 5877 1726 5932 qua?
1772 5861 1966 5917 videre

2078 504 2293 558 rexisse
2310 505 2595 577 reliquias,
2613 510 3028 577 praasumentes
3046 506 3214 561 ﬁdem
3233 509 3481 560 vestram
3503 520 3704 561 eorum

2080 598 2348 670 deinceps
2379 599 2603 671 plenius
2633 617 2753 654 esse
2791 599 3008 655 meritis
3029 599 3429 671 adjuvandam.

2153 693 2236 746 VI.
2268 693 2322 748 Si
2353 693 2480 764 quis
2501 695 2797 765 episcopus
2837 699 2936 749 aut
2967 694 3258 765 presbyter
3268 693 3432 765 juxta
3461 710 3706 765 praecep-

2082 793 2201 840 tum
2240 787 2466 842 Domini
2507 803 2619 842 non
2654 787 3025 858 baptizaverit
3062 787 3118 841 in
3157 787 3394 842 nomine
3426 787 3629 854 Patris,
3651 793 3708 841 et

2082 881 2224 947 Filii,
2269 886 2325 936 et
2353 881 2592 952 Spiritus
2635 882 2831 948 sancti,
2861 882 2961 936 sed
3002 882 3058 936 in
3092 899 3211 936 una
3253 898 3497 953 persona
3522 881 3705 936 Trini-

2084 975 2234 1044 tatis,
2267 980 2366 1030 aut
2391 975 2626 1043 duabus,
2647 979 2745 1030 aut
2762 975 2818 1029 in
2837 976 3018 1030 tribus
3036 976 3307 1047 patribus,
3330 980 3429 1030 aut
3448 976 3506 1029 in
3528 975 3706 1030 tribus

2082 1068 2230 1136 ﬁliis,
2275 1074 2372 1124 aut
2418 1069 2594 1124 tribus
2640 1069 2956 1140 paracletis,
2985 1069 3314 1140 projiciatur
3349 1070 3419 1125 de
3465 1069 3706 1125 Ecclesia

2081 1163 2194 1217 Dei.

2153 1257 2262 1310 VII.
2297 1257 2442 1310 Nulli
2480 1258 2564 1311 vel
2593 1258 2844 1312 tenuiter
2883 1257 3172 1323 sentienti,
3215 1258 3296 1310 vel
3342 1256 3585 1328 pleniter
3613 1273 3708 1310 sa-

2078 1350 2260 1422 pienti
2303 1350 2543 1405 dubium
2583 1357 2686 1419 est,
2715 1351 2870 1422 quod
2914 1351 3156 1406 Ecclesia
3202 1352 3450 1406 Romana
3495 1350 3706 1405 funda-

2080 1450 2338 1500 mentum
2382 1449 2439 1500 et
2477 1446 2663 1500 forma
2711 1447 2781 1499 sit
2825 1445 3223 1511 Ecclesiarum,
3277 1464 3309 1498 a
3350 1461 3462 1516 qua
3512 1461 3709 1500 omnes

2080 1539 2342 1594 ecclesias
2381 1539 2726 1610 principium
2754 1539 3062 1611 sumpsisse
3088 1556 3258 1594 nemo
3288 1543 3440 1594 recte
3475 1539 3707 1594 creden-

2079 1633 2222 1688 tium
2250 1633 2481 1703 ignorat
2511 1651 2521 1688 :
2555 1633 2824 1705 quoniam
2862 1633 2994 1688 licet
3021 1633 3277 1688 omnium
3315 1634 3707 1705 apostolorum

2081 1744 2182 1798 par
2215 1730 2366 1781 esset
2389 1727 2608 1795 electio,
2635 1728 2800 1782 beato
2826 1731 3017 1782 tamen
3049 1729 3214 1782 Petro
3243 1744 3574 1782 concessum
3602 1733 3706 1797 est,

2082 1827 2144 1876 ut
2185 1821 2403 1876 caeteris
2437 1821 2854 1892 praeemineret,
2895 1821 3045 1876 unde
3089 1826 3143 1875 et
3192 1821 3407 1892 Cephas
3450 1826 3706 1891 vocatur,

2081 1916 2213 1986 quia
2241 1919 2412 1987 caput
2456 1921 2540 1970 est
2584 1920 2641 1968 et
2680 1916 2900 1986 primus
2925 1916 3183 1969 omnium
3210 1917 3609 1986 apostolorum.
3644 1918 3710 1971 Et

2083 2009 2232 2080 quod
2261 2010 2320 2063 in
2348 2009 2530 2080 capite
2560 2010 2864 2080 prtecessit,
2899 2009 2955 2064 in
2988 2009 3262 2064 membris
3290 2011 3451 2081 sequi
3480 2025 3705 2064 necesse

2081 2106 2183 2157 est.
2227 2103 2608 2168 Quamobrem
2639 2107 2833 2157 sancta
2861 2105 3118 2159 Romana
3161 2103 3404 2159 Ecclesia
3430 2104 3552 2175 ejus
3580 2120 3704 2158 me-

2081 2198 2190 2252 rito
2216 2197 2441 2252 Domini
2468 2213 2600 2252 voce
2629 2202 2974 2264 consecrata,
3006 2201 3064 2252 et
3107 2204 3433 2253 sanctorum
3475 2199 3708 2252 Patrum

2079 2292 2412 2347 auctoritate
2439 2292 2720 2360 roborata,
2741 2292 3048 2363 primatum
3065 2296 3221 2348 tenet
3247 2293 3506 2348 omnium
3530 2293 3710 2348 Eccle-

2079 2385 2314 2456 siarum,
2335 2386 2404 2440 ad
2435 2403 2606 2457 quam
2645 2391 2763 2441 tam
2792 2403 3020 2442 summa
3051 2387 3451 2459 episcoporum
3477 2389 3717 2458 negotia»

2081 2483 2136 2534 et
2159 2479 2374 2550 judicia
2399 2483 2568 2551 atque
2597 2481 2864 2552 querelas,
2899 2497 3073 2552 quam
3101 2484 3159 2536 et
3181 2481 3427 2552 majores
3454 2482 3711 2537 ecclesia-

2081 2590 2207 2627 rum
2249 2573 2610 2645 quaastiones,
2645 2575 2804 2645 quasi
2843 2575 2913 2630 ad
2940 2580 3112 2646 caput
3150 2591 3378 2647 semper
3413 2575 3708 2632 referenda

2079 2671 2231 2722 sunt.
2283 2669 2421 2722 Nam
2462 2673 2519 2723 et
2563 2668 2661 2740 qui
2711 2687 2770 2722 se
2823 2669 2928 2724 scit
2967 2669 3088 2724 aliis
3137 2686 3258 2724 esse
3317 2669 3705 2742 praepositum,

2081 2778 2194 2816 non
2248 2763 2486 2817 moleste
2545 2763 2693 2818 ferat
2747 2763 2993 2835 aliquem
3046 2779 3166 2818 esse
3213 2763 3320 2818 sibi
3381 2764 3706 2835 prmlatum.

2080 2858 2203 2928 Ipsa
2246 2872 2493 2928 namque
2533 2857 2776 2912 Ecclesia
2813 2873 2942 2928 quae
2990 2857 3174 2928 prima
3223 2863 3306 2913 est
3349 2859 3424 2912 ita
3476 2858 3711 2930 reliquis

2080 2950 2326 3006 ecclesiis
2361 2950 2509 3005 vices
2541 2968 2669 3005 suas
2707 2951 2946 3007 credidit
2981 2951 3327 3022 largiendas,
3359 2958 3419 3007 ut
3457 2952 3515 3006 in
3546 2957 3730 3026 parte.

2080 3046 2194 3100 sint
2213 3049 2421 3102 vocatae
2442 3045 2856 3114 sollicitudinis,
2876 3063 2990 3101 non
3011 3047 3067 3100 in
3091 3046 3444 3118 plenitudine
3471 3051 3712 3119 potesta-

2080 3141 2169 3208 tis,
2203 3140 2352 3195 unde
2381 3141 2641 3196 omnium
2671 3141 3084 3212 appellantium
3108 3141 3477 3212 apostolicam
3518 3143 3708 3198 sedem

2077 3233 2472 3306 episcoporum
2495 3234 2711 3304 judicia
2738 3241 2795 3289 et
2822 3238 3151 3289 cunctarum
3172 3236 3459 3306 majorum
3481 3238 3712 3308 negotia

2079 3344 2379 3382 causarum
2425 3328 2609 3383 eidem
2656 3331 2865 3382 sanctre
2896 3328 3013 3382 sedi
3054 3334 3333 3384 reservata
3361 3346 3479 3384 esse
3507 3330 3708 3400 liquet,

2078 3421 2394 3492 praesertim
2446 3438 2576 3476 cum
2628 3422 2685 3476 in
2733 3423 2820 3477 his
2863 3422 3129 3477 omnibus
3183 3423 3306 3494 ejus
3361 3439 3589 3493 semper
3642 3423 3708 3478 sit

2080 3516 2516 3587 exspectandum
2567 3517 2885 3570 consultum
2939 3534 2952 3570 :
3004 3517 3165 3588 cujus
3218 3517 3432 3571 tramiti
3484 3516 3528 3570 si
3581 3517 3708 3588 quis

2078 3611 2301 3666 obviare
2344 3610 2662 3678 tentaverit,
2706 3611 3064 3666 sacerdotum
3107 3629 3307 3666 causas
3345 3628 3403 3666 se
3443 3628 3557 3666 non
3584 3611 3707 3666 sine

2080 3705 2312 3759 honoris
2356 3704 2441 3758 sui
2486 3704 2738 3776 periculo
2765 3705 2914 3776 apud
2946 3705 3207 3762 eamdem
3231 3709 3482 3762 sanctam
3511 3707 3705 3762 sedem

2077 3799 2298 3854 noverit
2333 3798 2712 3854 redditurum.
2746 3800 2886 3854 Data
2912 3800 3150 3856 Kalend.
3179 3801 3379 3868 Martii,
3414 3801 3706 3856 Wisiliano

2079 3897 2134 3950 et
2161 3895 2417 3950 Johanne
2448 3895 2515 3948 IV
2543 3893 2885 3950 consulibus.

2225 4398 2673 4492 PELAGll
2779 4399 3144 4492 PAPAE.

1991 4740 2291 4820 Dsecreta
2323 4738 2420 4792 Dei
2467 4742 2523 4792 et
2566 4739 2888 4810 intelligere
2934 4741 3205 4809 mysteria
3249 4743 3468 4796 valeant
3494 4741 3703 4810 divina,

2072 4836 2128 4886 et
2153 4831 2477 4887 mundanda
2507 4837 2641 4887 sunt
2670 4834 2824 4904 prius
2867 4833 3041 4888 corda
3069 4851 3264 4889 eorum
3298 4852 3402 4906 per
3426 4837 3703 4907 poeniten-

2071 4925 2204 4979 tiam
2244 4931 2308 4980 ut
2357 4926 2676 4997 intelligere
2722 4928 3105 4998 postmodum,
3163 4934 3218 4982 et
3265 4946 3468 5000 capere
3511 4931 3704 4984 lumen

2071 5019 2325 5074 veritatis
2370 5021 2602 5091 possint.
2650 5021 2866 5086 Quibus
2912 5026 3104 5077 tamen
3131 5024 3200 5078 ad
3234 5041 3430 5078 eorum
3461 5042 3523 5079 ac
3556 5026 3706 5079 mul-

2073 5120 2261 5168 torum
2310 5114 2785 5170 illuminationem
2829 5117 3171 5187 corrigendo
3211 5118 3405 5173 talium
3453 5135 3703 5172 errorem

2073 5208 2381 5278 apostolica
2409 5211 2743 5265 auctoritate
2774 5212 3234 5282 respondendum
3281 5217 3366 5266 est
3401 5212 3477 5264 ita
3506 5230 3519 5265 :
3553 5213 3700 5275 Quo-

2074 5301 2244 5357 modo
2288 5320 2385 5357 vos
2429 5305 2651 5358 Patrem
2697 5308 2753 5359 et
2800 5304 3000 5360 Filium
3053 5323 3228 5359 unum
3287 5305 3538 5374 proﬁteri
3587 5322 3703 5360 non

2074 5396 2290 5450 vultis?
2346 5399 2448 5453 Eos
2491 5398 2664 5453 etiam
2710 5417 2814 5454 nos
2865 5417 3042 5454 unum
3090 5405 3145 5453 et
3190 5415 3384 5452 verum
3443 5399 3618 5454 Deum
3673 5418 3703 5452 a

2075 5491 2367 5560 prophetis
2411 5497 2466 5546 et
2512 5494 2778 5564 apostolis
2827 5493 3178 5548 ostendimus
3228 5491 3623 5562 praedicatum,
3673 5512 3704 5548 a

2072 5584 2277 5655 quibus
2313 5585 2484 5639 etiam
2528 5587 2803 5657 Spiritum
2837 5586 3116 5641 credimus
3146 5589 3401 5640 sanctum
3433 5603 3548 5640 non
3583 5604 3703 5641 esse

2074 5677 2400 5746 discretum,
2425 5679 2564 5734 Isaia
2601 5681 2878 5751 propheta
2912 5679 3131 5734 dicente
3157 5697 3169 5733 :
3200 5701 3224 5728 ‹‹
3253 5682 3368 5752 Ego
3389 5697 3514 5734 sum
3537 5683 3703 5747 Deus,

2072 5777 2129 5825 et
2173 5789 2287 5826 non
2330 5778 2415 5827 est
2443 5773 2585 5828 alius
2624 5776 2832 5843 praeter
2873 5790 2986 5828 mc.
3036 5774 3102 5828 Et
3153 5791 3255 5845 per
3303 5775 3706 5847 memetipsum

2062 5865 2214 5934 juro,
2262 5865 2395 5938 quia
2449 5865 2616 5920 exivit
2673 5882 2738 5921 ex
2792 5883 2887 5920 ore
2941 5883 3070 5922 meo
3124 5868 3348 5938 veritas,
3409 5874 3465 5923 et
3520 5888 3705 5926 sermo
