4092 6192
457 279 586 333 1079

1329 271 1612 328 .tPl’END.
1657 271 1743 322 AD
1782 269 1939 322 S.EC.
1985 267 2068 321 IX.
2102 294 2167 303 --
2209 263 2444 317 ISIDORI
2489 257 2911 316 MERCATORIS

3646 261 3754 313 1080

449 403 608 442 meus
648 403 759 440 non
794 384 1085 449 avertitur,
1129 382 1262 454 quia
1309 381 1451 435 mihi
1497 379 1863 435 inclinabitur
1906 391 2079 432 omne
2106 372 2354 460 Alsrael
2389 371 2593 426 dilecto
2639 386 2761 425 suo.
2806 371 2934 424 Post
2963 367 3086 422 haec
3123 365 3181 420 in
3220 364 3382 420 terris
3421 364 3559 418 visus
3600 371 3688 431 est,
3717 368 3759 422 et

453 498 628 550 genu,
675 482 731 534 et
777 478 961 533 omnis
1005 477 1200 546 lingua
1235 475 1456 546 jurabit
1502 491 1606 546 per
1655 471 1964 528 Dominum
1996 469 2082 525 di-

453 591 622 628 cens:
654 572 873 627 Iustitia
915 575 974 625 et
1020 571 1206 642 gloria
1254 571 1324 625 ad
1370 585 1500 624 eum
1547 567 1737 622 veniet
1781 566 1908 636 (Isa.
1962 581 2083 631 XLV,

452 667 652 737 2l-25).
681 690 705 715 ››
755 669 819 722 Et
866 672 926 720 ut
967 666 1075 720 hoc
1119 666 1175 719 in
1220 663 1543 719 testimonio
1582 664 1804 716 Patrem
1841 660 2007 715 simul
2033 663 2090 714 et

451 761 656 816 Filium
678 776 990 832 cognoscas
1012 760 1203 828 fuisse,
1227 758 1463 812 Paulum
1491 756 1624 811 audi
1650 755 1951 821 dicentem,
1977 775 2003 802 ‹‹
2024 757 2090 808 ut

449 857 507 910 in
537 854 791 921 nomine,
822 854 1028 926 inquit,
1069 855 1195 909 Iesu
1223 869 1396 907 omne
1439 868 1591 922 genu
1633 850 1898 904 ﬂectatur
1924 848 2085 902 coele-

447 950 643 1016 stium,
673 950 1027 1004 terrestrium
1059 951 1116 1002 et
1156 947 1534 1002 infernorum.
1570 946 1637 999 Et
1677 943 1864 998 omnis
1891 943 2089 1014 lingua

451 1043 810 1111 conﬁteatur,
846 1041 982 1114 quia
1025 1040 1297 1097 Dominus
1341 1041 1496 1095 Iesus
1539 1038 1794 1094 Christus
1820 1037 1879 1091 in
1906 1036 2088 1108 gloria

453 1141 536 1190 est
565 1136 663 1190 Dei
695 1136 873 1190 Patris
906 1134 1316 1205 omnipotentis
1346 1133 1604 1204 (Philipp.
1636 1149 1695 1201 ιι,
1733 1132 1838 1202 ll).
1869 1151 1896 1178 ››
1927 1129 2088 1194 Quod

451 1230 499 1284 si
543 1230 647 1284 iste
693 1229 865 1283 Filius
911 1229 1102 1282 minor
1147 1232 1231 1282 est
1275 1229 1439 1282 Patre
1468 1243 1592 1293 suo,
1634 1242 1769 1296 ergo
1802 1225 2090 1279 minorata

455 1330 540 1377 est
572 1323 751 1393 gloria
783 1323 959 1376 Patris
989 1323 1048 1376 in
1091 1321 1251 1376 Filio.
1298 1323 1366 1376 Et
1409 1320 1504 1375 ubi
1532 1323 1616 1375 est
1645 1319 1798 1391 quod
1835 1320 1893 1373 in
1931 1317 2087 1373 Salo-

453 1433 626 1472 mone
659 1417 945 1488 Scriptum
982 1415 1239 1487 loquitur
1281 1415 1518 1469 dicens:
1553 1436 1580 1463 «
1625 1413 1776 1469 Sicut
1818 1413 1988 1468 etiam
2031 1411 2089 1466 in

454 1512 764 1581 conspectu
793 1527 1016 1576 eorum,
1058 1509 1262 1581 inquit,
1292 1507 1692 1579 magniﬁcatus
1719 1525 1778 1561 es
1807 1507 1866 1560 in
1904 1506 2088 1574 nobis,

454 1606 532 1658 ita
579 1605 637 1658 in
683 1608 988 1674 conspectu
1035 1608 1228 1657 nostro
1273 1601 1732 1674 magniﬁcaberis
1776 1601 1835 1654 in
1868 1600 1996 1666 illis,
2029 1607 2094 1654 ut

454 1701 798 1768 cognoscant
834 1701 891 1752 te
935 1697 1078 1751 sicut
1123 1700 1181 1750 et
1227 1713 1333 1750 nos
1378 1696 1768 1766 cognovimus,
1821 1693 2093 1766 quoniam

2188 469 2340 524 inter
2386 466 2650 522 homines
2695 465 3056 520 conversatus
3099 464 3184 515 est
3226 459 3452 532 (Baruch
3513 475 3585 525 ιιι,
3624 462 3758 527 36).»

2187 563 2255 617 Et
2300 562 2358 616 in
2401 562 2708 616 Salomone
2739 575 2752 612 :
2792 580 2817 604 ‹‹
2845 555 3106 612 Miserere
3144 553 3328 620 nobis,
3367 554 3506 608 Deus
3531 553 3760 621 omnium,

2190 667 2248 716 et
2285 661 2522 716 ostende
2568 658 2732 714 nobis
2773 658 2972 712 lumen
3023 653 3422 719 miserationis,
3465 659 3518 708 et
3557 653 3763 708 immitte

2188 761 2458 815 timorem
2500 762 2664 813 tuum
2704 773 2878 829 super
2903 757 3106 828 gentes
3137 770 3266 826 quae
3293 769 3404 807 non
3431 751 3766 824 exquisierunt

2188 860 2263 921 te,
2313 859 2378 910 ut
2429 855 2780 924 cognoscant
2819 851 2951 922 quia
3005 865 3123 904 non
3169 852 3253 903 est
3303 846 3446 901 alius
3491 847 3639 914 Deus,
3683 847 3764 899 nisi

2188 955 2248 1004 tu
2311 950 2494 1018 (Eccli.
2554 963 2736 1013 xxxvr,
2789 947 2858 1015 l).
2911 965 2938 996 ι)
2985 945 3128 998 Item
3173 941 3296 996 ibi:
3330 964 3356 989 ‹‹
3388 939 3610 995 Domine
3655 941 3767 994 Deus

2190 1044 2384 1112 Israel,
2425 1058 2543 1097 non
2575 1045 2660 1096 est
2688 1039 2792 1094 tibi
2837 1037 3035 1094 similis
3079 1038 3140 1092 in
3182 1037 3323 1091 coelo
3359 1051 3590 1102 sursum,
3617 1050 3764 1104 neque

2192 1138 2248 1192 in
2276 1142 2430 1192 terra
2455 1136 2725 1190 deorsum
2749 1134 2921 1204 (Deut.
2954 1149 3030 1202 iv,
3051 1131 3161 1202 39).
3188 1152 3216 1180 »
3246 1131 3312 1184 Et
3336 1129 3394 1183 in
3421 1127 3624 1199 psalmo
3651 1145 3765 1183 svu:

2195 1231 2532 1296 «Quoniam
2573 1229 2701 1300 quis
2745 1229 2884 1283 deus
2927 1230 3136 1298 praeter
3180 1224 3500 1300 Dominum,
3543 1225 3632 1276 aut
3674 1223 3769 1291 quis

2192 1295 2335 1380 deus
2375 1295 2802 1395 praeter—Deum
2831 1295 3096 1376 nos—trum
3116 1321 3143 1374 ?
3172 1341 3198 1369 ››
3238 1295 3307 1373 Εἰ
3334 1318 3393 1372 in
3421 1315 3608 1372 Genesi
3635 1332 3647 1368 :
3676 1338 3697 1361 α
3724 1317 3771 1369 Et

2190 1418 2336 1490 pluit
2375 1416 2650 1472 Dominus
2693 1433 2726 1470 a
2770 1413 3009 1469 Domino
3039 1413 3236 1485 ignem
3283 1414 3341 1465 et
3383 1409 3607 1481 sulphur
3639 1425 3772 1478 super

2193 1511 2496 1567 Sodomam
2548 1513 2605 1566 et
2647 1508 3045 1575 Gomorrham,
3080 1512 3137 1560 et
3166 1505 3369 1561 evertit
3411 1503 3642 1558 civitates
3677 1502 3773 1556 illas

2194 1605 2343 1675 (Gen.
2372 1620 2487 1672 nx,
2519 1603 2628 1673 24).
2663 1624 2688 1651 »
2732 1601 2789 1657 Si
2821 1602 2973 1656 solus
2999 1602 3166 1655 Pater
3199 1600 3348 1653 Deus
3393 1599 3496 1662 est,
3523 1595 3635 1667 quis
3665 1595 3773 1665 pluit

2194 1699 2388 1769 ignem
2417 1701 2473 1752 et
2505 1697 2746 1768 sulphur
2772 1713 2805 1751 a
2833 1694 3098 1761 Domino,
3132 1693 3217 1748 vel
3257 1690 3599 1762 supradictas
3621 1689 3772 1742 civita-

456 1763 569 1846 non
612 1796 697 1845 est
726 1793 873 1845 Deus
913 1795 1119 1862 praeter
1148 1796 1221 1857 te,
1252 1763 1486 1846 Domine
1527 1789 1712 1859 (Eccli.
1741 1763 1923 1856 xxx'v1,
1958 1789 2030 1856 4).
2061 1808 2089 1836 ››
2111 1763 2168 1835 Β
2195 1763 2278 1846 tes
2310 1791 2556 1846 evertit?
2596 1763 2818 1860 Quaeso,
2850 1788 3154 1860 responde.
3186 1789 3252 1842 Et
3279 1783 3737 1840 Deuteronomium
3763 1798 3772 1834 :

454 1886 768 1955 Diligenter
797 1886 1021 1940 attende
1050 1891 1107 1939 et
1138 1901 1386 1955 agnosce
1435 1883 1636 1938 Filium
1676 1899 1818 1949 esse,
1843 1881 1940 1953 qui
1968 1897 2087 1935 ma-

454 1979 820 2051 gniﬁcabitur
844 1979 902 2032 in
920 1978 1137 2050 judicio
1169 1977 1308 2032 dum
1333 1977 1552 2031 venerit
1571 1977 1724 2030 vivos
1755 1979 1811 2030 et
1836 1978 2093 2030 mortuos

446 2074 732 2144 judicare.
783 2074 919 2128 Item
954 2071 1125 2128 Isaias
1155 2091 1168 2126 :
1205 2071 1403 2126 Audite
1434 2087 1546 2138 me,
1581 2071 1784 2125 domus
1822 2068 1992 2124 Iacob
2036 2071 2093 2121 et

456 2167 751 2221 residuum
773 2167 979 2221 domus
1000 2166 1192 2231 Israel,
1210 2165 1306 2236 qui
1331 2163 1666 2236 egredimini
1682 2181 1748 2219 ex
1762 2167 1924 2218 utero
1943 2178 2090 2231 meo,

454 2266 513 2315 et
551 2261 860 2316 erudimini
905 2278 937 2313 a
982 2276 1160 2330 puero
1211 2276 1393 2330 usque
1457 2259 1529 2312 ad
1581 2260 1956 2312 senectutem.
2008 2256 2092 2309 Ab

454 2354 618 2408 initio
667 2371 776 2424 ego
826 2370 973 2422 sum,
1007 2355 1064 2408 et
1094 2369 1391 2424 quousque
1434 2353 1744 2407 sencscatis
1787 2367 1893 2422 ego
1941 2366 2089 2404 sum.

455 2451 572 2519 Ego
604 2465 703 2503 vos
729 2447 856 2517 feci,
889 2451 944 2502 et
964 2464 1072 2518 ego
1105 2447 1376 2500 sustineo.
1407 2447 1524 2517 Ego
1556 2445 1868 2511 remittam,
1899 2448 1956 2499 et
1985 2459 2092 2514 ego

454 2541 934 2613 suscipiam,dicit
961 2540 1258 2595 Dominus.
1292 2542 1356 2594 Et
1385 2540 1596 2595 iterum
1634 2557 1646 2593 :
1681 2541 1798 2609 Ego
1827 2555 1951 2593 sum
1982 2539 2090 2592 Do-

453 2637 642 2690 minus
694 2637 859 2702 Deus,
908 2639 966 2688 et
1018 2640 1227 2705 praeter
1270 2651 1361 2688 me
1416 2651 1529 2688 non
1589 2637 1673 2688 est
1727 2632 1872 2687 alius
1925 2634 2090 2700 Deus,

455 2730 804 2784 annuntians
857 2729 1159 2784 novissima
1211 2728 1548 2800 priusquam
1594 2727 1753 2792 fiant,
1802 2729 1859 2779 et
1905 2725 2094 2780 statim

454 2829 848 2878 consummata
887 2827 1038 2876 sunt.
1086 2824 1227 2876 Item
1259 2821 1414 2875 alibi.
1456 2821 1603 2874 Audi
1653 2837 1763 2889 me,
1819 2819 1989 2874 Iacob
2039 2825 2096 2872 et

458 2917 651 2983 Israel,
678 2933 851 2986 quem
879 2931 984 2986 ego
1011 2915 1140 2969 feci.
1175 2916 1289 2984 Ego
1321 2931 1444 2968 sum
1477 2913 1746 2968 Dominus
1771 2913 1918 2967 Deus
1944 2917 2093 2980 tuus,

455 3003 659 3063 etnon
704 3015 788 3063 est
831 3007 976 3062 alius
1022 3009 1232 3078 praeter
1271 3022 1384 3061 me.
1426 3009 1567 3062 Item
1599 3005 1734 3060 alibi
1771 3022 1783 3060 :
1818 3006 1937 3077 Ego
1969 3021 2094 3059 sum

457 3103 731 3157 Dominus
773 3103 921 3157 Deus
954 3105 1102 3169 tuus,
1150 3100 1368 3174 primus
1398 3105 1453 3156 et
1483 3117 1591 3172 ego
1633 3099 2000 3168 novissimus,
2041 3103 2096 3154 et

458 3198 516 3251 in
544 3213 608 3250 ea
631 3213 755 3268 quae
793 3199 1206 3267 superventura
1232 3199 1367 3249 sunt
1391 3195 1449 3249 in
1478 3194 1786 3249 novissimo
1813 3211 1918 3265 ego
1947 3210 2092 3248 sum.

459 3293 599 3346 Item
619 3289 753 3344 alibi
778 3307 790 3344 :
816 3291 934 3360 Ego
955 3306 1081 3344 sum
1105 3291 1248 3345 Deus
1270 3289 1368 3361 qui
1398 3294 1452 3344 te
1485 3290 1694 3358 creavi,
1727 3289 1823 3360 qui
1851 3292 1906 3342 te
1924 3287 2094 3354 adivi,

455 3389 512 3438 et
560 3383 908 3439 communivi
952 3384 1189 3438 dextera
1229 3400 1377 3438 mea.
1422 3385 1487 3438 Et
1518 3383 1794 3438 unitatem
1834 3382 2011 3438 Patris
2042 3386 2098 3436 et

455 3479 581 3533 Filii
631 3478 925 3549 assignans
963 3478 1218 3550 loquitur
1258 3478 1493 3532 dicens:
1526 3479 1644 3549 Ego
1687 3477 1846 3533 testis
1889 3481 2093 3546 vester,

453 3573 590 3628 dicit
638 3571 910 3626 Dominus
957 3573 1122 3642 Deus,
1172 3577 1230 3626 et
1277 3588 1420 3642 puer
1464 3587 1626 3627 meus
1667 3575 1730 3626 tu
1768 3588 1941 3643 quem
1987 3588 2094 3642 ego

457 3665 623 3737 elegi,
657 3668 720 3719 ut
748 3665 935 3720 sciatis
983 3669 1039 3720 et
1085 3665 1332 3720 credatis
1357 3665 1494 3737 quia
1526 3681 1634 3737 ego
1667 3681 1815 3732 sum,
1844 3669 1977 3720 ante
2005 3681 2098 3720 me

454 3777 568 3814 non
619 3759 729 3814 fuit
771 3759 915 3814 alius
965 3760 1130 3827 Deus,
1171 3765 1228 3814 et
1270 3762 1394 3830 post
1431 3775 1523 3814 me
1564 3776 1681 3814 non
1717 3759 1842 3814 erit.
1887 3761 2092 3830 Unum,

456 3853 742 3923 hmretice,
771 3853 916 3924 elige
961 3869 990 3908 e
1025 3853 1244 3908 duobus
1274 3870 1288 3908 :
1317 3858 1416 3908 aut
1439 3853 1617 3908 fatere
1656 3855 1885 3908 Patrem
1919 3857 1976 3908 et
2006 3854 2093 3908 Fi-

457 3949 596 4002 lium
621 3965 799 4002 unum
827 3949 1041 4016 Deum;
1089 3950 1187 4002 aut
1217 3947 1261 4000 si
1291 3947 1476 4002 solum
1518 3949 1743 4002 Patrem
1768 3948 1948 4002 Deum
1977 3964 2097 4004 esse

455 4041 774 4107 contendis,
809 4058 948 4113 ergo
994 4040 1097 4095 tibi
1142 4041 1414 4096 Dominus
1461 4043 1603 4097 Deus
1647 4042 1803 4096 Iesus
1845 4040 2097 4097 Christus

457 4135 553 4190 Dei
580 4135 754 4190 Filius
784 4151 898 4190 non
927 4134 1034 4190 erit
1062 4137 1228 4202 Deus,
1258 4135 1392 4206 quia
1429 4135 1703 4207 scriptum
1732 4138 1818 4190 est
1846 4152 1858 4188 :
1894 4156 1922 4184 «
1949 4137 2096 4191 Ante

458 4245 550 4282 me
583 4244 698 4282 non
739 4228 846 4281 fuit
891 4227 1034 4282 alius
1079 4229 1244 4296 Deus,
1291 4233 1347 4282 et
1383 4231 1512 4299 post
1547 4245 1640 4282 me
1683 4245 1797 4282 non
1825 4228 1952 4283 erit.
1982 4249 2008 4276 ι)
2042 4229 2093 4284 Si

457 4321 770 4375 secundum
795 4325 851 4374 te
874 4321 949 4374 ita
969 4324 1073 4388 est,
1115 4336 1215 4374 cur
1249 4321 1548 4391 Apostolus
1577 4321 1711 4376 talia
1739 4321 2012 4393 praedicat
2041 4327 2097 4376 et

458 4415 724 4470 eumdem
756 4414 960 4469 Filium
982 4416 1160 4469 Deum
1193 4430 1363 4486 super
1389 4415 1585 4469 omnia
1609 4415 1975 4470 benedictum
2003 4416 2092 4470 in-

2193 1886 2468 1942 Dominus
2495 1886 2644 1939 solus
2672 1883 2988 1939 deducebat
3026 1899 3143 1950 eos,
3177 1884 3236 1935 et
3274 1896 3390 1934 non
3427 1878 3529 1933 fuit
3554 1893 3668 1932 cum
3695 1876 3778 1930 illis

2194 1980 2332 2035 deus
2381 1979 2617 2034 alienus.
2669 1979 2735 2032 Et
2783 1976 2992 2032 Paulus
3035 1974 3325 2046 apostolus
3363 1991 3375 2027 :
3418 1995 3445 2021 «
3488 1973 3628 2026 Unus
3666 1971 3778 2023 Deus

2194 2073 2292 2145 qui
2314 2074 2590 2144 justiﬁeat
2635 2069 3124 2126 circumcisionem
3159 2085 3228 2122 ex
3255 2067 3372 2121 ﬁde
3401 2069 3459 2120 et
3488 2064 3777 2138 praeputium

2193 2185 2294 2239 per
2321 2167 2491 2222 ﬁdem
2523 2165 2693 2237 (Rom.
2719 2182 2798 2232 ιιι,
2829 2167 2936 2233 30).
2970 2184 2996 2215 ››
3027 2165 3094 2218 Et
3124 2161 3198 2216 ad
3223 2159 3544 2216 Corinthios
3572 2178 3585 2214 :
3617 2182 3640 2206 ‹‹
3668 2159 3778 2212 Deus

2193 2261 2404 2316 eratin
2449 2260 2672 2317 Christo
2715 2259 3000 2314 mundum
3041 2254 3416 2312 reconcilians
3457 2253 3557 2308 sibi
3599 2253 3660 2322 (II
3687 2251 3779 2306 Cor.

2195 2373 2247 2424 v,
2282 2354 2386 2425 l9).
2414 2376 2440 2403 »
2475 2356 2542 2409 Et
2580 2354 2791 2408 iterum
2823 2370 2836 2407 :
2875 2375 2903 2401 «
2933 2353 3055 2406 Non
3103 2353 3189 2403 est
3235 2351 3403 2414 Deus,
3449 2347 3555 2402 nisi
3600 2361 3740 2400 unus.
3763 2363 3778 2394 ι

2196 2451 2260 2504 Et
2284 2448 2353 2503 ad
2379 2449 2601 2502 Galatas
2632 2465 2644 2502 :
2677 2467 2703 2498 ‹‹
2732 2445 3005 2502 Mediator
3025 2449 3216 2498 autem
3239 2442 3413 2497 unius
3435 2457 3544 2496 non
3564 2444 3654 2506 est,
3673 2442 3783 2494 Deus

2195 2546 2389 2596 autem
2421 2557 2569 2595 unus
2614 2544 2700 2594 est
2739 2539 2884 2612 (Gal.
2915 2555 2995 2605 ιιι,
3024 2541 3132 2606 30).
3167 2559 3193 2586 ››
3236 2538 3305 2590 Et
3341 2535 3612 2590 unitatem
3648 2532 3784 2586 Patris

2197 2640 2253 2690 et
2306 2635 2429 2689 Filii
2481 2640 2537 2690 et
2581 2634 2823 2706 Spiritus
2869 2633 3050 2687 sancti
3112 2633 3535 2697 demonstrans,
3582 2625 3786 2699 Ephesiis

2196 2730 2468 2798 scribens,
2520 2729 2596 2783 ita
2639 2727 2942 2783 conﬁrmat
2975 2743 2988 2781 :
3026 2746 3051 2778 ‹‹
3100 2725 3449 2782 Suiferentes
3487 2723 3704 2778 invicem
3741 2721 3783 2772 in

2195 2823 2471 2878 charitate
2521 2821 2743 2876 solliciti
2778 2837 3004 2876 servare
3047 2820 3323 2875 unitatem
3361 2818 3589 2891 spiritus
3620 2816 3670 2870 in
3692 2814 3784 2868 viu~

2197 2917 2321 2971 culo
2373 2917 2544 2988 pacis,
2597 2932 2775 2970 unum
2821 2931 3027 2986 corpus
3077 2917 3136 2968 et
3185 2929 3334 2968 unus
3391 2911 3626 2984 spiritus,
3678 2908 3786 2961 sicut

2197 3011 2374 3065 vocati
2418 3011 2552 3064 estis
2601 3010 2658 3064 in
2719 3026 2834 3063 una
2891 3024 2990 3080 spe
3047 3007 3369 3063 vocationis
3425 3009 3632 3072 vestras,
3674 3019 3790 3058 unus

2145 3135 2168 3163 η
2198 3104 2492 3170 Dominus,
2538 3120 2653 3158 una
2695 3103 2856 3170 ﬁdes,
2905 3118 3082 3157 unum
3139 3101 3448 3173 baptisma,
3498 3116 3632 3154 unus
3673 3099 3790 3152 Deus

2200 3198 2416 3270 (Ephes.
2448 3215 2520 3264 ιν,
2551 3197 2624 3266 3).
2657 3220 2682 3246 ν
2717 3196 2772 3252 Si
2801 3196 2954 3251 enim
2984 3195 3236 3267 praedicti
3279 3195 3534 3250 haeretici
3561 3193 3788 3248 unitatem

2199 3292 2328 3346 ﬁdei
2370 3291 2654 3346 voluerint
2685 3291 2930 3362 simplici
2962 3290 3128 3345 corde
3160 3289 3445 3362 recipere,
3475 3306 3539 3344 ex
3578 3289 3671 3342 hoc
3697 3286 3791 3356 jam

2197 3386 2519 3441 testimonio
2565 3385 2622 3439 in
2671 3401 2785 3440 uno
2823 3383 3026 3456 spiritu
3071 3387 3316 3456 possunt
3355 3383 3522 3438 simul
3559 3380 3718 3437 Patris
3753 3381 3796 3431 et

2198 3480 2320 3535 Filii
2349 3479 2627 3534 unitatem
2660 3479 3028 3538 condiscere.~
3055 3480 3281 3533 Patrem
3331 3478 3512 3549 igitur
3553 3479 3610 3530 ut
3637 3474 3794 3546 ipsise

2199 3574 2396 3629 dicunt
2437 3573 2720 3628 invenisse
2755 3573 2812 3627 in
2857 3571 3061 3627 divinis
3106 3571 3310 3626 litteris
3353 3571 3667 3644 ingenitum
3695 3583 3794 3638 pm-

2197 3669 2318 3738 prie
2350 3667 2596 3740 positum
2640 3683 2744 3722 nec
2786 3667 2979 3737 legere
3012 3670 3249 3737 possunt
3276 3666 3532 3737 penitus,
3573 3680 3668 3719 nec
3692 3677 3794 3734 pro-

2197 3763 2330 3816 bare
2387 3779 2399 3816 :
2463 3761 2560 3816 sed
2618 3761 2750 3833 quia
2805 3760 3052 3832 idipsum
3103 3759 3244 3815 ﬁdes
3298 3759 3484 3832 exigit
3531 3755 3799 3816 Christiana

2197 3856 2411 3927 absque
2471 3855 2588 3910 ulla
2641 3854 3001 3910 dubitatione
3056 3853 3350 3926 ingenitus
3400 3853 3670 3917 creditur,
3724 3847 3798 3920 qui

2199 3955 2392 4004 tamen
2419 3949 2736 4003 secundum
2774 3949 2983 4003 seriem
3015 3948 3442 4019 Scripturarum
3473 3948 3533 4002 in
3564 3946 3686 4001 Filio
3707 3961 3733 3996 a
3755 3957 3800 3993 se

2199 4044 2392 4114 genito
2419 4043 2569 4097 visus
2590 4057 2713 4097 esse
2743 4045 3117 4097 monstratur.
3150 4043 3453 4113 Apostolus
3480 4057 3608 4096 vero
3630 4038 3800 4094 Paulus

2200 4137 2532 4192 missionem
2577 4136 2699 4190 Filii
2751 4136 2846 4191 Dei
2886 4135 2944 4190 in
2997 4136 3206 4206 Spiritu
3253 4141 3454 4191 sancto
3496 4137 3656 4206 longe
3695 4134 3799 4185 ante

2199 4230 2570 4302 conspiciens,
2606 4231 2875 4285 Romamn
2919 4229 3179 4284 Ecclesiae
3212 4229 3465 4284 scribens
3510 4231 3625 4283 hasc
3659 4228 3798 4281 testa-

2201 4329 2288 4379 tus
2313 4329 2397 4380 est
2435 4324 2627 4380 dicens
2659 4341 2672 4378 :
2707 4346 2735 4374 ‹‹
2767 4324 2924 4388 Quod
2961 4324 3114 4379 enim
3161 4323 3514 4395 impossibile
3554 4326 3664 4377 erat
3693 4318 3800 4387 legi,

2198 4420 2252 4472 in
2317 4435 2431 4490 quo
2496 4417 2897 4472 inﬁrmabatur
2951 4433 3054 4488 per
3106 4434 3373 4485 carnem,
3432 4420 3576 4473 Deus
3633 4413 3802 4469 Filium

459 4509 692 4566 sinuat?
723 4531 749 4559 «
781 4510 1034 4574 Quorum
1061 4512 1270 4580 patres,
1294 4508 1498 4581 inquit,
1517 4525 1585 4564 ex
1611 4509 1816 4580 quibus
1841 4509 2173 4582 ChristusD
2197 4529 2363 4566 suum
2401 4512 2556 4566 misit
2594 4511 2652 4565 in
2697 4511 3130 4566 similitudinem
3181 4512 3366 4566 carnis
3411 4511 3642 4584 peccati,
3669 4513 3716 4562 et
3748 4505 3803 4558 de

459 4604 772 4658 secundum
805 4621 1060 4671 carnem,
1093 4603 1189 4674 qui
1222 4608 1306 4658 est
1330 4620 1500 4674 super
1528 4603 1718 4658 omnia
1745 4606 1889 4659 Deus
1918 4604 2094 4659 bene-

458 4697 640 4752 dictus
678 4699 735 4752 in
782 4698 989 4752 saecula
1028 4698 1194 4766 (Rom.
1227 4715 1300 4767 1x,
1342 4700 1412 4768 5).
1455 4720 1481 4746 η
1525 4701 1665 4754 Item
1705 4699 1876 4753 Isaias
1913 4699 2048 4752 dicit
2081 4717 2092 4752 :

459 4791 730 4845 Dominus
775 4792 920 4846 Deus
964 4792 1154 4858 Israel,
1195 4793 1296 4864 qui
1343 4792 1604 4847 liberabit
1652 4809 1783 4847 eum
1834 4794 2092 4864 z’Egypto.

460 4888 575 4956 Ego
603 4902 729 4939 sum
761 4885 979 4956 primus
1009 4890 1066 4939 et
1091 4902 1200 4958 ego
1222 4891 1348 4958 post
1374 4887 1515 4953 haec,
1540 4890 1596 4941 et
1623 4891 1833 4958 praeter
1863 4902 1954 4941 me
1983 4904 2095 4941 non

459 4985 541 5034 est
567 4981 710 5034 Deus
731 4978 874 5033 sicut
892 4996 1000 5049 ego
1023 4995 1148 5034 sum
1180 4979 1277 5051 qui
1313 4984 1443 5050 stet,
1465 4987 1522 5035 et
1546 4983 1710 5036 vocet
1733 4983 1787 5034 et
1817 4985 2100 5052 praeparet

460 5073 603 5127 mihi
637 5088 700 5128 ex
738 5088 852 5143 quo
885 5073 1178 5128 hominem
1214 5074 1323 5128 feci
1366 5074 1424 5127 in
1465 5073 1759 5129 saaculum.
1798 5075 1936 5129 Item
1972 5075 2046 5129 ibi
2082 5093 2092 5129 :

459 5169 564 5221 Iste
597 5171 682 5222 est
708 5169 856 5222 Deus
886 5171 942 5221 et
971 5167 1382 5236 nesciebamus,
1414 5169 1583 5238 Deus,
1613 5173 1671 5224 et
1702 5186 1814 5223 non
1841 5173 1929 5224 est
1954 5169 2098 5224 alius

458 5262 596 5315 deus
625 5266 836 5332 praeter
880 5265 954 5315 te.
1001 5262 1079 5315 Tu
1113 5261 1270 5316 enim
1309 5277 1366 5316 es
1407 5264 1552 5317 Deus
1582 5267 1637 5318 et
1679 5263 2096 5330 nesciebamus,

459 5358 602 5410 Deus
634 5355 806 5410 Israel
837 5356 1084 5410 salvator
1124 5371 1273 5410 unus
1304 5358 1468 5412 Deus.
1512 5358 1634 5411 Non
1678 5362 1812 5411 sunt
1841 5359 2008 5412 Pater
2044 5360 2100 5411 et

460 5449 630 5503 Filius
660 5448 762 5517 dii,
793 5449 923 5520 quia
964 5453 1050 5503 est
1087 5450 1234 5504 Deus
1269 5450 1326 5504 in
1370 5467 1484 5521 quo
1523 5467 1644 5504 esse
1683 5451 1888 5505 dicitur
1915 5453 2094 5518 Deus;

458 5546 667 5612 prreter
690 5542 862 5596 alium
891 5545 1065 5598 Deum
1101 5561 1217 5598 non
1247 5561 1368 5598 esse
1398 5545 1673 5614 propheta
1700 5561 2099 5614 saepenumero

459 5637 825 5704 protestetur.
865 5639 931 5692 Et
956 5637 1234 5692 Ieremias
1269 5654 1282 5692 :
1319 5661 1345 5686 ‹‹
1373 5637 1469 5691 Hic
1496 5640 1639 5692 Deus
1667 5640 1879 5704 noster,
1913 5637 2011 5708 ait,
2043 5643 2101 5692 et

459 5743 576 5781 non
605 5728 983 5798 applicabitur
1021 5731 1164 5785 alter
1199 5732 1269 5787 ad
1299 5747 1452 5801 eum,
1481 5731 1580 5803 qui
1617 5731 1834 5787 invenit
1859 5748 2098 5787 omnem

463 5819 715 5873 scientiae
764 5821 933 5886 viam,
968 5828 1022 5877 et
1065 5824 1219 5879 dedit
1263 5842 1390 5880 eam
1444 5825 1613 5881 Iacob
1657 5842 1838 5898 puero
1893 5844 1993 5881 suo
2044 5830 2098 5883 et

2199 4611 2429 4677 peccato
2473 4605 2764 4660 damnavit
2805 4609 3099 4676 peccatum
3141 4605 3198 4660 in
3246 4622 3445 4672 carne,
3507 4609 3564 4658 ut
3614 4599 3802 4674 justitia

2197 4699 2339 4772 legis
2370 4699 2708 4770 impleretur
2745 4700 2912 4769 (Rom.
2955 4715 3072 4769 vni,
3106 4699 3178 4769 3).
3212 4719 3238 4750 »
3269 4700 3544 4755 Cernisne
3570 4696 3801 4770 quoniam

2199 4794 2371 4848 Filius
2402 4811 2514 4848 non
2547 4793 2863 4848 secundum
2897 4793 3167 4848 deitatem
3211 4810 3244 4846 a
3291 4795 3457 4847 Patre
3499 4793 3692 4847 missus
3717 4788 3801 4851 est,

2200 4888 2291 4943 sed
2325 4869 2656 4943 secundum.
2676 4903 2929 4956 carnem,
2962 4903 3134 4958 quam
3165 4886 3485 4942 clementer
3509 4891 3563 4941 et
3605 4885 3687 4956 pie
3717 4895 3800 4953 pro

2201 4983 2359 5037 nobis
2403 4997 2694 5037 assumere
2748 4998 2865 5037 non
2921 4981 3266 5052 dedignatus
3320 4985 3425 5036 est.
3485 4982 3620 5036 Nam
3671 4972 3795 5048 quod

2201 5076 2571 5146 semetipsum
2599 5075 2891 5130 exinanita
2907 5075 3219 5146 majestatis
3243 5091 3357 5130 suae
3385 5073 3655 5146 potentia,
3675 5069 3798 5125 idem

2200 5189 2257 5224 se
2312 5170 2484 5224 Filius
2534 5169 2776 5236 miserit,
2831 5168 3133 5240 Apostolus
3183 5172 3536 5226 contestatur
3581 5166 3796 5221 dicens:

2204 5288 2229 5314 ‹‹
2268 5265 2650 5336 Semetipsum
2693 5262 3006 5319 exinanivit
3047 5263 3297 5318 formam
3342 5263 3487 5318 servi
3533 5258 3794 5330 accipiens,

2201 5358 2525 5413 humiliavit
2567 5357 2938 5428 semetipsum
2985 5357 3169 5412 factus
3217 5357 3489 5413 obediens
3543 5367 3705 5426 usque
3745 5345 3798 5402 ad

2201 5455 2466 5520 mortem,
2507 5456 2754 5506 mortem
2803 5455 2993 5506 autem
3033 5451 3214 5507 crucis
3261 5451 3519 5522 (Philipp.
3568 5465 3625 5515 ιι,
3668 5447 3731 5512 7).
3776 5460 3796 5489 ν

2201 5547 2267 5602 Et
2310 5545 2518 5600 Isaias:
2555 5546 2675 5599 Non
2723 5545 2965 5616 legatus,
3011 5561 3200 5616 neque
3245 5544 3516 5615 angelus,
3570 5539 3661 5595 sed
3703 5536 3799 5606 ipse

2201 5639 2473 5695 Dominus
2503 5638 2710 5707 veniet,
2760 5643 2818 5693 et
2859 5639 3098 5694 salvabit
3140 5657 3258 5695 eos.
3305 5640 3444 5693 Item
3488 5636 3564 5692 ibi
3596 5652 3608 5689 :
3640 5630 3798 5687 Palam

2199 5733 2435 5806 apparui
2463 5749 2578 5788 non
2613 5733 3005 5804 quaerentibus
3043 5750 3157 5789 me.
3189 5736 3254 5790 Et
3273 5732 3329 5788 in
3352 5729 3595 5787 Ieremia
3621 5745 3632 5782 :
3663 5727 3797 5781 Dere-

2200 5827 2341 5900 liqui
2371 5827 2608 5888 domum
2642 5843 2848 5894 meam,
2885 5827 3072 5883 dimisi
3104 5827 3501 5884 hieredilatem
3540 5834 3730 5882 meam,
3753 5818 3796 5866 et
