4092 6192
355 297 480 349 1081

1593 291 2062 348 DECRETALIUM
2101 289 2485 349 COLLECTIO.

3587 287 3731 351 los-2‘

351 404 504 472 veni,
533 407 589 458 et
619 403 793 457 factus
839 418 963 456 sum
999 402 1106 456 illis
1153 403 1212 456 in
1254 402 1648 474 opprobrium.
1698 405 1762 458 Et
1799 403 1857 456 in
1884 403 2250 487 Mi-Anens,
2295 402 2507 474 ubique
2561 404 2816 474 potentia
2865 422 2966 459 sua
3011 404 3281 470 consistit,
3329 405 3422 458 ubi
3478 423 3510 458 a
3560 406 3721 460 Patre

348 498 505 550 ctha
552 513 564 549 :
611 497 750 550 Ecce
802 496 1078 550 Dominus
1118 496 1327 565 veniet,
1370 500 1425 551 et
1472 496 1989 551 commovebuntur
2089 497 2417 551 mitteretur
2440 498 2676 552 omnino
2708 515 2821 552 non
2870 499 3086 553 habuit.
3119 499 3337 554 Scimus
3377 499 3532 552 enim
3574 517 3716 570 quo-

353 596 578 645 montes
623 590 727 644 sub
759 607 848 645 eo.
895 591 959 644 Et
986 590 1041 644 in
1072 591 1340 644 Zacharia
1369 607 1382 643 :
1413 590 1610 644 Gaude
1648 593 1705 644 et
1754 590 1987 655 exsulta,

2089 591 2241 644 niam
2264 590 2417 644 nulla
2437 607 2571 662 pars
2591 593 2860 646 caelorum
2884 609 2948 646 ac
2972 599 3132 647 terrae
3158 610 3189 645 a
3213 596 3519 664 conspectu
3543 595 3720 647 Patris

350 685 468 738 tilia
497 684 653 750 Sion,
687 683 824 754 quia
872 701 1000 738 ecce
1033 701 1140 754 ego
1168 685 1355 751 venio,
1389 689 1445 739 et
1484 685 1887 739 commorabor
1929 684 1988 737 in
2088 682 2386 754 excipitur,
2418 683 2512 737 ubi
2560 686 2870 739 secundum
2916 702 3013 740 eos
3045 703 3078 739 a
3116 687 3279 740 Patre
3322 686 3490 740 Filius
3525 686 3715 741 mitte-

349 778 542 832 medio
592 778 693 843 tui,
729 777 865 832 dicit
912 778 1201 832 Dominus.
1243 779 1308 832 Et
1349 777 1646 849 Apostolus
1687 777 1757 831 ad
1799 778 1986 832 Timo-

347 873 550 926 theum
583 889 596 926 :
631 895 656 921 «
689 871 896 925 Fidelis
923 888 1108 926 sermo
1136 875 1191 926 et
1218 872 1376 926 omni
1406 873 1730 943 acceptione
1757 871 1984 943 dignus,

344 967 484 1037 quia
511 967 670 1020 Jesus
700 965 954 1020 Christus
982 966 1136 1020 venit
1167 966 1223 1019 in
1263 966 1415 1020 hunc
1457 966 1741 1020 mundum
1783 982 1982 1037 pecca-

345 1065 503 1115 tores
546 1061 725 1114 salvos
769 1060 957 1113 facere
987 1060 1034 1128 (Ι
1077 1062 1210 1114 Tim.
1261 1077 1298 1127 1,
1337 1063 1440 1128 15).
1472 1081 1500 1108 ››
1531 1061 1596 1113 Et
1638 1059 1936 1114 Malachias
1968 1076 1980 1113 :

350 1176 377 1203 ‹‹
409 1155 547 1208 Ecce
575 1153 763 1208 subito
795 1154 983 1208 veniet
1023 1153 1082 1208 in
1118 1154 1332 1225 templo
1359 1169 1461 1208 suo
1493 1153 1779 1222 Dominus,
1809 1169 1983 1224 quem

343 1265 447 1302 vos
475 1247 748 1319 quaeritis,
784 1252 841 1302 et
879 1248 1118 1318 angelus
1155 1247 1498 1315 testamenti,
1533 1263 1704 1318 quem
1734 1264 1828 1302 vos
1859 1247 1980 1301 vul-

343 1343 418 1396 tis
464 1342 722 1412 (Malach.
769 1357 845 1407 ιιι,
895 1342 963 1410 1).
1012 1364 1037 1389 ››
1087 1343 1152 1396 Et
1199 1341 1257 1396 in
1303 1341 1602 1412 Evangelia
1633 1358 1646 1394 :
1681 1341 1803 1395 Non
1856 1339 1983 1396 veni

339 1452 545 1490 vocare
573 1436 780 1506 justos,
810 1434 907 1490 sed
935 1439 1260 1506 peccatores
1289 1435 1346 1489 in
1385 1434 1738 1506 poenitentia.
1773 1436 1981 1506 lterum

341 1529 420 1584 ibi
453 1546 465 1583 :
500 1549 526 1580 «
563 1528 712 1593 Quid
746 1528 906 1583 nobis
935 1534 991 1583 et
1017 1529 1151 1600 quid
1184 1529 1305 1596 tibi,
1339 1531 1467 1584 Jesu
1501 1529 1599 1582 Fili
1633 1529 1755 1598 Dei,
1777 1529 1979 1584 venisti

339 1629 476 1678 ante
505 1628 736 1694 tempus
765 1622 1006 1694 perdere
1054 1623 1204 1677 nos?
1243 1623 1460 1694 (Matth.
1490 1639 1605 1687 vni,
1639 1625 1747 1692 29.)
1783 1645 1808 1670 »
1842 1625 1980 1677 Item

2089 781 2260 830 retur.
2283 775 2474 849 269
2498 778 2728 832 Interim
2746 796 2878 833 vero
2899 779 2996 833 det
3014 796 3274 850 operam,
3290 784 3568 850 quantum
3597 780 3714 834 fieri

2085 874 2292 941 potest,
2322 874 2421 924 tua
2449 871 2698 940 dilectio,
2730 878 2790 927 ut
2814 873 3081 927 omnibus
3113 873 3370 928 Ecclesia:
3396 874 3525 929 filiis
3548 874 3715 928 inno-

2085 968 2280 1032 tescat,
2344 965 2478 1034 quid
2547 969 2742 1020 contra
2804 967 3043 1038 impium
3121 984 3350 1022 sensum
3400 968 3716 1023 secundum

2086 1058 2477 1129 Evangelicam
2505 1059 2818 1114 doctrinam
2848 1065 2903 1114 et
2923 1061 3287 1132 apostolicam
3317 1062 3714 1133 praadicemus,

2084 1151 2220 1223 quia
2270 1152 2401 1206 licet
2452 1154 2622 1224 plene
2669 1171 2795 1225 quae
2840 1171 3065 1225 semper
3111 1155 3308 1209 fuisset
3353 1160 3522 1226 atque
3570 1163 3717 1211 esset

2085 1245 2491 1300 catholicorum
2542 1248 2819 1302 sententia
2872 1248 3281 1319 scripserimus,
3327 1254 3517 1303 tamen
3563 1267 3715 1304 nunc

2085 1356 2316 1410 quoque
2333 1340 2403 1394 ad
2421 1341 2836 1396 confirmandae
2853 1342 3115 1397 omnium
3133 1345 3354 1397 mentes
3375 1360 3488 1396 non
3511 1360 3715 1414 parum

2083 1433 2498 1488 exhortationis
2545 1435 2824 1490 addimus.
2867 1437 3080 1490 Memor
3123 1436 3278 1491 enim
3322 1453 3448 1490 sum
3480 1453 3571 1491 me
3613 1438 3714 1492 sub

2083 1527 2233 1580 illius
2275 1527 2508 1582 nomine
2557 1529 2818 1583 Ecclesiae
2859 1529 3187 1601 praesidere,
3217 1530 3378 1601 cujus
3415 1548 3447 1584 a
3478 1532 3715 1585 Domino

2080 1621 2210 1675 Jesu
2237 1621 2458 1677 Christo
2500 1625 2585 1676 est
2626 1622 2937 1693 glorificata
2977 1623 3270 1690 confessio,
3300 1629 3356 1679 et
3386 1625 3545 1696 cujus
3574 1625 3715 1680 ﬁdes

340 1718 420 1771 ibi
446 1734 459 1772 :
488 1740 514 1766 α
545 1716 712 1770 Venit
737 1715 888 1770 filius
916 1716 1165 1771 hominis
1189 1733 1446 1788 quaerere
1476 1721 1533 1772 et
1557 1717 1770 1771 salvum
1795 1716 1978 1770 facere
2083 1731 2284 1768 omnes
2331 1715 2566 1787 quidem
2607 1716 2852 1770 hmreses
2899 1715 3158 1783 destruit,
3193 1717 3294 1771 sed
3323 1718 3570 1774 maxime
3604 1719 3712 1774 ini-

336 1811 499 1883 quod
547 1810 792 1882 perierat
821 1810 970 1881 (Luc.
1006 1827 1121 1881 xix,
1153 1810 1261 1883 10).
1294 1833 1320 1859 ››
1351 1813 1488 1866 Item
1533 1810 1607 1864 ibi
1641 1827 1652 1864 :
1686 1811 1806 1882 Ego
1849 1791 2054 1864 veniB
2077 1808 2346 1878 pietatem
2394 1810 2690 1880 praesentis
2737 1810 2947 1864 erroris
2994 1817 3308 1882 expugnat;
3356 1815 3414 1866 et
3456 1811 3714 1883 intelligo

339 1909 404 1959 ut
432 1905 610 1959 vitam
637 1904 906 1973 habeant,
938 1909 993 1959 et
1019 1909 1083 1960 ut
1123 1903 1508 1959 abundantius
1537 1904 1803 1958 habeant.
1839 1905 1974 1958 item
2077 1901 2241 1957 aliter
2283 1901 2425 1956 mihi
2472 1919 2590 1957 non
2635 1903 2830 1972 licere,
2877 1919 3053 1974 quam
3110 1908 3172 1957 ut
3227 1920 3428 1959 omnes
3479 1910 3712 1960 conatus

336 1999 416 2053 ibi
448 2015 461 2052 :
495 2021 521 2046 «
552 1999 732 2053 Nemo
769 1998 1020 2054 ascendit
1062 1999 1120 2052 in
1149 2000 1354 2054 caelum
1401 1999 1509 2052 nisi
1554 1998 1653 2069 qui
1684 1997 1978 2052 descendit

339 2093 413 2147 de
457 2093 621 2160 caelo,
655 2092 804 2146 filius
851 2092 1102 2147 hominis
1147 2091 1245 2163 qui
1287 2095 1373 2146 est
1411 2092 1468 2146 in
1515 2093 1653 2146 ccelo
1681 2092 1856 2162 (Joan.
1892 2107 1971 2158 ιιι,

341 2190 450 2256 13).
483 2209 510 2235 ››
541 2186 810 2258 Nunquid
840 2186 900 2240 in
940 2187 1028 2241 his
1074 2186 1246 2241 tantis
1275 2203 1339 2241 ac
1368 2185 1576 2240 talibus
1614 2185 1975 2253 testimoniis,

336 2281 554 2351 quibus
590 2297 649 2334 se
689 2281 859 2334 Filius
905 2281 998 2335 Dei
1051 2297 1083 2334 a
1129 2280 1431 2351 semetipso
1475 2280 1693 2335 venisse
1737 2283 1977 2334 testatus

334 2379 442 2443 est,
475 2375 683 2446 poteris
728 2374 914 2430 dicere
963 2375 1034 2429 ab
1079 2374 1189 2429 alio
1231 2379 1288 2430 et
1333 2391 1448 2429 non
1480 2392 1513 2428 a
1549 2374 1850 2445 semetipso
1878 2391 1974 2427 ve-

334 2471 506 2524 nisse.
543 2469 685 2522 Dum
733 2469 1103 2524 manifestum
1149 2474 1235 2523 est
1282 2485 1416 2523 eum
1461 2469 1557 2540 qui
1593 2485 1821 2523 carnem
1871 2483 1971 2522 no-

334 2567 516 2618 stram
569 2563 875 2634 dignanter
922 2562 1226 2635 assumpsit
1269 2562 1588 2617 voluntarie
1639 2568 1696 2616 et
1742 2579 1857 2616 non
1903 2563 1972 2615 ab

334 2657 450 2712 alio
513 2656 716 2711 missus
769 2656 1083 2712 advenerit.
1155 2659 1294 2712 Nam
1348 2657 1446 2727 qui
1502 2655 1560 2710 in
1625 2657 1786 2709 Patre
1848 2672 1968 2708 ma-

2076 2011 2234 2049 meos
2277 1995 2328 2049 ei
2371 2012 2558 2050 causae
2607 1996 2663 2050 in
2709 2013 2820 2068 qua
2864 1995 3197 2051 universalis
3250 1998 3512 2052 Ecclesiae
3558 1999 3711 2053 salus

2074 2089 2392 2156 infestatur,
2410 2089 2766 2162 impendam.
2782 2091 2858 2145 Ne
2877 2093 3070 2145 autem
3083 2090 3320 2162 alicujus
3337 2093 3708 2162 negligentiae

2078 2183 2371 2238 occasione
2415 2184 2621 2254 scripta
2648 2187 2839 2239 nostra
2875 2185 2943 2239 ad
2973 2202 3068 2240 vos
3099 2202 3216 2241 non
3247 2186 3539 2258 potuerint
3579 2203 3703 2257 per-

2077 2277 2289 2345 venire,
2318 2281 2375 2332 et
2400 2279 2748 2350 exemplaria
2793 2295 2992 2334 eorum
3026 2296 3179 2334 nunc
3216 2279 3495 2335 mittenda
3524 2281 3706 2335 credi-

2075 2389 2222 2438 mus,
2257 2377 2321 2426 ut
2351 2372 2682 2426 nullomodo
2719 2372 2851 2428 ﬁdei
2893 2390 3068 2444 quam
3100 2373 3458 2429 defendimus
3501 2376 3707 2445 przedi-

2075 2466 2218 2519 catio
2250 2469 2448 2519 vestra:
2500 2466 2773 2520 doctrinae
2819 2467 3030 2522 notitia
3080 2467 3468 2523 subtrahatur.
3502 2470 3637 2524 Data
3678 2485 3706 2522 v

2074 2560 2215 2613 Non.
2246 2559 2393 2628 Maii,
2421 2561 2637 2615 Joanne
2665 2561 2895 2616 Narsetc
2922 2562 2986 2615 IV
3019 2561 3362 2617 consulibus.

889 2999 1464 3092 INCIPIUNT
1571 3000 2094 3092 DECRETA
2207 2997 2688 3092 JOANNIS
2792 2999 3158 3090 PAP/E.

1744 3189 1848 3195 ορ..--
1867 3188 2088 3196 -_......__.—.

404 3308 639 3360 .lomvives
682 3305 998 3377 episcopus,
1035 3306 1313 3361 universis
1357 3307 1635 3378 episcOpis
1681 3323 1783 3378 per
1825 3308 2039 3393 Ger-C
2067 3304 2477 3359 nullusdonum
2495 3304 3700 3382 Spiritussanctipermanusimpositionem

332 3400 544 3454 mania:
590 3405 648 3455 et
687 3400 880 3455 Gallia;
910 3401 1226 3472 provincias
1255 3401 1592 3468 constitutis,
1627 3402 1686 3455 in
1719 3401 1962 3455 Domino

330 3495 600 3548 salutem.
617 3495 954 3565 Optaveram
976 3494 1283 3567 siquidem,
1304 3495 1643 3564 charissimi,
1661 3511 1765 3566 pro
1785 3494 1964 3550 nostri

327 3588 611 3642 charitate
641 3589 866 3660 collegii
909 3605 1110 3644 omnes
1140 3589 1369 3644 Domini
1406 3589 1733 3644 sacerdotes
1762 3589 1819 3644 in
1855 3605 1964 3642 una

327 3681 635 3736 devotione
662 3683 981 3754 persistere,
1003 3700 1107 3738 nec
1134 3700 1512 3756 quemquam,
1535 3683 1820 3755 prohibita
1842 3700 1964 3754 gra-

327 3776 428 3843 tia,
455 3780 556 3830 aut
596 3777 790 3832 favore
834 3777 1198 3833 sacerdotum
1247 3779 1469 3846 sectari,
1501 3783 1600 3832 aut
1632 3795 1665 3832 a
1688 3778 1779 3832 via
1812 3783 1963 3834 recta

329 3869 649 3937 discedere;
681 3877 738 3926 et
763 3888 1091 3944 quanquam
1136 3873 1438 3928 credamus
1477 3872 1835 3928 dilectionem
1866 3889 1958 3926 ve-

328 3969 508 4018 stram
528 3965 597 4019 ad
621 3981 793 4020 omne
820 3983 962 4037 opus
986 3966 1204 4021 bonum
1231 3982 1352 4022 esse
1379 3970 1660 4038 paratam,
1681 3971 1747 4021 ut
1769 3971 1961 4021 tamen

327 4058 616 4113 efficacior
659 4060 778 4125 fiat,
811 4077 1133 4131 congruum
1182 4061 1342 4115 nobis
1390 4061 1568 4115 visum
1619 4066 1722 4130 est,
1761 4060 1963 4115 litteris

327 4152 476 4206 sedis
493 4153 842 4224 apostolicae,
861 4159 923 4209 ut
943 4158 1366 4210 antecessorum
1385 4171 1612 4226 quoque
1634 4159 1960 4209 nostrorum

325 4246 569 4317 vestigia
610 4247 923 4315 imitemur,
953 4265 1048 4304 vos
1078 4265 1314 4304 monere
1359 4254 1641 4320 praecepta
1681 4249 1868 4304 divina
1907 4253 1963 4303 et

322 4340 649 4411 apostolicae
676 4341 823 4396 sedis
851 4342 1108 4397 instituta
1140 4343 1377 4398 viriliter
1416 4359 1710 4414 peragere,
1744 4346 1801 4396 et
1827 4359 1957 4414 pro-

326 4434 507 4488 hibita
537 4451 651 4490 non
687 4439 943 4507 tangere,
976 4437 1074 4491 sed
1105 4453 1340 4503 cavere;
1375 4453 1477 4491 nec
1505 4437 1772 4508 cuiquam
1794 4436 1963 4491 liceat

325 4545 580 4600 unquam
607 4529 925 4584 doctrinam
955 4531 1184 4586 Patrum
1220 4531 1501 4598 deserere,
1535 4533 1592 4585 et
1623 4529 1961 4585 sacerdotali

325 4622 543 4676 honore
575 4623 839 4694 gaudere.
867 4625 1148 4679 Perlatum
1169 4629 1252 4680 est
1271 4624 1346 4679 ad
1375 4625 1568 4680 sedem
1592 4623 1956 4696 apostolicam

2066 3399 2378 3454 tradidisse.
2399 3398 2565 3462 Quod
2588 3404 2782 3453 autem
2801 3400 2932 3454 solis
2952 3403 3225 3472 apostolis
3247 3421 3562 3477 eorumque
3581 3425 3701 3462 suc-

2065 3492 2378 3547 cessoribus
2420 3493 2640 3564 proprii
2674 3494 2747 3546 sit
2783 3494 2956 3548 officii
2997 3495 3224 3550 tradere
3262 3497 3537 3569 Spiritum
3568 3518 3696 3555 san-

2065 3591 2241 3654 ctum,
2275 3586 2416 3641 liber
2460 3591 2702 3641 Actuum
2744 3588 3131 3659 apostolorum
3159 3591 3343 3647 docet.
3374 3596 3434 3648 In
3461 3596 3699 3652 concilio

2063 3697 2195 3736 vero
2244 3681 2572 3736 Caesariensi
2615 3682 2693 3736 ita
2733 3681 2801 3737 de
2849 3683 3228 3754 corepiscopis
3273 3687 3519 3743 habetur
3561 3692 3697 3746 scri-

2062 3778 2260 3845 ptum:
2281 3775 2646 3846 Corepisc0pi
2669 3792 2898 3847 quoque
2925 3777 2998 3830 ad
3027 3780 3352 3850 exemplum
3375 3786 3430 3837 et
3453 3783 3696 3840 formam

2064 3869 2425 3940 septuaginta
2469 3868 2735 3924 videntur
2779 3886 2919 3937 esse,
2966 3874 3030 3925 ut
3071 3873 3444 3930 comministri
3503 3882 3698 3933 autem

2063 3966 2299 4033 propter
2318 3962 2570 4017 studium
2596 3963 2748 4034 quod
2775 3980 2910 4034 erga
2931 3981 3214 4036 pauperes
3235 3968 3507 4025 exhibent
3526 3971 3699 4027 bono-

2063 4061 2281 4111 rentur.
2313 4057 2372 4110 Si
2400 4056 2554 4111 enim
2583 4055 2844 4112 meliores
2875 4059 3295 4133 sanctioresque
3326 4064 3536 4119 sanctis
3560 4083 3692 4138 apo-

2062 4150 2215 4205 stolis
2255 4167 2373 4205 esse
2416 4150 2646 4221 putatis,
2676 4151 2837 4206 facite
2883 4169 3011 4224 qua:
3052 4153 3133 4208 illi
3171 4171 3284 4210 non
3331 4157 3608 4228 fecerunt,
3642 4166 3699 4216 et

2061 4244 2485 4316 superextollite
2507 4260 2604 4298 vos
2629 4243 2760 4300 illis.
2783 4245 2838 4300 Si
2863 4245 3016 4300 enim
3045 4247 3304 4318 ejusdem
3333 4252 3546 4308 ordinis
3566 4257 3699 4311 estis

2062 4341 2121 4392 et
2149 4339 2503 4410 aequiparare
2533 4355 2632 4393 vos
2660 4338 2829 4392 vultis
2871 4339 2999 4408 illis,
3032 4341 3210 4397 nolite
3255 4361 3425 4415 agere
3464 4365 3592 4419 quae
3617 4350 3696 4404 illi

2060 4449 2178 4486 non
2204 4436 2463 4503 egerunt,
2494 4433 2592 4488 sed
2633 4432 2956 4502 imitamini,
2987 4439 3157 4506 prout
3197 4439 3400 4493 melius
3438 4444 3692 4511 potestis,

2059 4527 2317 4597 exempla
2346 4531 2402 4581 et
2427 4527 2669 4597 vestigia
2699 4543 2896 4582 eorum
2923 4545 2934 4581 :
2966 4528 3074 4582 illis
3104 4535 3296 4585 autem
3325 4536 3695 4606 praicipiente

2060 4619 2326 4686 Domino,
2357 4619 2579 4692 illisque
2613 4621 3008 4689 denuntiante,
3039 4626 3099 4676 ut
3129 4623 3210 4677 illi
3244 4627 3302 4678 et
3339 4642 3694 4687 successores

325 4717 648 4786 emersisse,
682 4723 740 4773 et
769 4719 956 4773 denuo
982 4719 1316 4774 reviviscere
1345 4719 1722 4790 prohibitum,
1752 4722 1810 4773 et
1834 4719 1958 4772 fun-
1977 4698 2037 4772 D
2059 4731 2256 4770 eorum
2284 4714 2679 4769 tantummodo
2700 4731 2804 4785 per
2825 4731 3034 4769 manus
3059 4714 3486 4788 impositionem
3513 4726 3694 4781 tradc~

323 4810 475 4864 ditus
504 4811 958 4883 exstirpandum,
990 4816 1110 4868 tam
1141 4830 1173 4866 a
1204 4818 1396 4868 sancto
1443 4815 1676 4868 Damaso
1716 4829 1889 4885 quam
1929 4829 1962 4866 a

323 4908 520 4959 sancto
570 4906 782 4976 Leone,
812 4907 944 4961 viris
986 4907 1309 4978 apostolicis
1351 4910 1522 4978 atque
1571 4907 1641 4962 ab
1688 4907 1961 4962 universis

329 4999 589 5069 synodali
609 5001 948 5056 auctoritate
965 5001 1245 5072 episcopis
1258 5001 1769 5072 reprehensibilem
1790 5006 1959 5072 atque

325 5093 535 5164 oppido
557 5093 848 5149 insolitum
868 5112 1056 5164 usum,
1079 5112 1147 5151 eo
1170 5095 1321 5166 quod
1343 5095 1572 5166 quidam
1594 5094 1956 5166 corepiscopi,

323 5186 424 5258 qui
450 5191 506 5242 et
531 5206 562 5242 a
590 5189 992 5259 praedictorum
1019 5196 1439 5245 antecessorum
1467 5195 1798 5244 sanctorum
1820 5205 1954 5260 apo-

321 5281 654 5337 stolicorum
706 5283 965 5338 Patribus
1004 5290 1060 5340 et
1089 5284 1222 5338 viris
1262 5284 1602 5356 apostolicis,
1638 5288 1695 5339 et
1724 5283 1795 5338 ab
1827 5283 1960 5354 ipsis

323 5375 440 5430 sive
481 5394 514 5431 a
556 5377 717 5432 nobis
759 5382 893 5433 sunt
931 5379 1222 5450 prohibiti,
1254 5379 1397 5434 sicut
1441 5395 1638 5434 eorum
1684 5378 1959 5432 hactenus

323 5474 605 5526 testantur
626 5471 853 5527 decreta
871 5473 1020 5528 ultra
1041 5473 1280 5528 modum
1306 5490 1471 5528 suum
1495 5472 1955 5546 progredientes,

323 5564 539 5618 donum
557 5565 730 5620 sancti
743 5566 988 5638 Spiritus
1004 5567 1193 5638 perim
1202 5566 1544 5637 positionem
1559 5582 1836 5622 manuum
1851 5571 1959 5621 tra-

321 5658 482 5723 dant,
511 5663 566 5712 ct
588 5659 698 5714 alia
720 5677 848 5732 qua:
871 5661 1053 5715 solum
1076 5660 1440 5733 pontiﬁcibus
1463 5659 1745 5714 debentur
1764 5665 1960 5714 contra

319 5752 407 5805 fas
432 5760 744 5825 peragant;
776 5755 1094 5826 praesertim
1128 5771 1257 5810 cum
1289 5772 1356 5810 ex
1385 5754 1746 5826 septuaginta
1789 5753 1957 5807 disci-

320 5846 471 5919 pulis
510 5864 754 5921 quorum
799 5849 1046 5920 speciem
1095 5850 1151 5904 in
1200 5851 1441 5904 Ecclesia
1488 5855 1696 5920 gerunt
1740 5849 1960 5920 legatur

2061 4813 2189 4864 rent
2203 4809 2475 4881 Spiritum
2496 4811 2779 4876 sanctum,
2800 4814 2856 4863 et
2871 4809 3093 4864 nullum
3114 4828 3368 4884 unquam
3386 4819 3696 4890 ex'septua-

2061 4904 2221 4975 ginta
2247 4903 2492 4958 scientes
2530 4902 2608 4957 eis
2637 4901 2891 4957 illicitum
2925 4903 3067 4970 fore,
3099 4922 3343 4976 quorum
3384 4913 3582 4983 typum
3610 4916 3693 4984 (ut

2060 4997 2397 5068 praedictum
2430 4996 2536 5068 est)
2566 4995 2934 5068 corepiSCOpi,
2964 5003 3277 5071 antequam
3305 5005 3576 5075 prohibiti
3610 5026 3691 5062 cs-

2061 5091 2279 5162 sent,|in
2303 5089 2552 5145 Ecclesia
2571 5089 2864 5160 gerebant,
2884 5093 3107 5149 tradere
3126 5111 3230 5166 per
3248 5114 3450 5154 manus
3465 5100 3540 5154 im
3549 5104 3692 5172 posi-

2058 5185 2271 5240 tionem
2301 5183 2571 5256 Spiritum
2611 5190 2868 5239 sanctum
2901 5189 3310 5258 permiserunt,
3339 5193 3538 5248 dantes
3564 5211 3686 5250 suc-

2059 5279 2376 5333 cessoribus
2390 5294 2589 5333 eorum
2605 5279 2956 5350 exemplum,
2973 5298 3044 5336 ne
3066 5300 3317 5354 unquam
3337 5285 3466 5339 talia
3480 5304 3690 5358 praesu-

2060 5377 2301 5428 merent.
2331 5373 2488 5428 Unde
2515 5372 2572 5426 in
2598 5373 2825 5428 Actibus
2853 5377 3236 5444 apostolorum
3269 5378 3540 5450 scriptum
3569 5389 3648 5439 est
3673 5401 3685 5438 :

2063 5491 2089 5518 ‹‹
2122 5469 2262 5523 Cum
2289 5466 2582 5522 audissent
2623 5468 2882 5539 apostoli,
2917 5468 3012 5538 qui
3059 5473 3222 5523 erant
3261 5470 3685 5546 Hierosolymis,

2061 5563 2194 5634 quia
2220 5563 2437 5634 recepit
2474 5561 2736 5617 Samaria
2762 5561 2996 5616 verbum
3030 5562 3142 5629 Dei,
3178 5564 3460 5621 miserunt
3489 5570 3558 5624 ad
3588 5589 3686 5627 eos

2060 5659 2288 5712 Petrum
2330 5661 2388 5711 et
2426 5657 2730 5711 Joannem.
2763 5654 2869 5718 Qui
2901 5670 3032 5708 cum
3072 5656 3357 5714 venissent
3385 5673 3689 5722 oraverunt

2059 5768 2163 5822 pro
2192 5750 2349 5822 ipsis,
2379 5753 2444 5804 ut
2471 5750 2792 5820 acciperent
2826 5748 3095 5818 Spiritum
3125 5757 3404 5810 sanctum.
3435 5757 3687 5816 Necdum

2062 5844 2216 5900 enim
2253 5845 2311 5898 in
2358 5858 2703 5915 quemquam
2744 5841 2974 5896 illorum
3008 5852 3258 5916 venerat,
3292 5849 3388 5905 sed
3422 5851 3688 5926 baptizati
