  <div class='ocr_page' id='page_1' title='image "/cluster/home/n/w/nwhite01/storage/ocr_20150623/130/hvd.32044054759915/571.png"; bbox 0 0 4092 6192; ppageno 0'>
   <div class='ocr_carea' id='block_1_1' title="bbox 393 281 520 334">
    <p class='ocr_par' dir='ltr' id='par_1_1' title="bbox 393 281 520 334">
     <span class='ocr_line' id='line_1_1' title="bbox 393 281 520 334; baseline -0.024 -1"><span class='ocrx_word' id='word_1_1' title='bbox 393 281 520 334; x_wconf 72' lang='grc'>1083</span> 
     </span>
    </p>
   </div>
   <div class='ocr_carea' id='block_1_2' title="bbox 1238 269 2816 328">
    <p class='ocr_par' dir='ltr' id='par_1_2' title="bbox 1238 269 2816 328">
     <span class='ocr_line' id='line_1_2' title="bbox 1238 269 2816 328; baseline -0.001 -1"><span class='ocrx_word' id='word_1_2' title='bbox 1238 273 1519 327; x_wconf 81' lang='lat' dir='ltr'>APPEND.</span> <span class='ocrx_word' id='word_1_3' title='bbox 1563 271 1651 325; x_wconf 81' lang='lat' dir='ltr'>AD</span> <span class='ocrx_word' id='word_1_4' title='bbox 1692 272 1852 328; x_wconf 61' lang='lat' dir='ltr'>SJEC.</span> <span class='ocrx_word' id='word_1_5' title='bbox 1897 271 1982 325; x_wconf 83' lang='lat' dir='ltr'>IX.</span> <span class='ocrx_word' id='word_1_6' title='bbox 2017 299 2084 310; x_wconf 95' lang='lat'><strong>—</strong></span> <span class='ocrx_word' id='word_1_7' title='bbox 2117 271 2358 326; x_wconf 84' lang='lat' dir='ltr'>lSlDORl</span> <span class='ocrx_word' id='word_1_8' title='bbox 2396 269 2816 327; x_wconf 81' lang='lat' dir='ltr'>MERCATORIS</span> 
     </span>
    </p>
   </div>
   <div class='ocr_carea' id='block_1_3' title="bbox 3615 279 3752 329">
    <p class='ocr_par' dir='ltr' id='par_1_3' title="bbox 3615 279 3752 329">
     <span class='ocr_line' id='line_1_3' title="bbox 3615 279 3752 329; baseline 0.007 -1"><span class='ocrx_word' id='word_1_9' title='bbox 3615 279 3752 329; x_wconf 64' lang='grc'><strong>11181</strong></span> 
     </span>
    </p>
   </div>
   <div class='ocr_carea' id='block_1_4' title="bbox 388 380 3756 465">
    <p class='ocr_par' dir='ltr' id='par_1_4' title="bbox 388 380 3756 465">
     <span class='ocr_line' id='line_1_4' title="bbox 388 380 3756 465; baseline -0.002 -23"><span class='ocrx_word' id='word_1_10' title='bbox 388 395 609 443; x_wconf 88' lang='lat' dir='ltr'>tantum</span> <span class='ocrx_word' id='word_1_11' title='bbox 651 385 708 438; x_wconf 90' lang='lat' dir='ltr'>in</span> <span class='ocrx_word' id='word_1_12' title='bbox 734 383 964 437; x_wconf 81' lang='lat' dir='ltr'>nomine</span> <span class='ocrx_word' id='word_1_13' title='bbox 1010 381 1231 435; x_wconf 90' lang='lat' dir='ltr'>Domini</span> <span class='ocrx_word' id='word_1_14' title='bbox 1273 383 1424 434; x_wconf 82' lang='lat' dir='ltr'>Jesu.</span> <span class='ocrx_word' id='word_1_15' title='bbox 1457 381 1609 434; x_wconf 91' lang='lat' dir='ltr'>Tunc</span> <span class='ocrx_word' id='word_1_16' title='bbox 1651 380 2017 450; x_wconf 87' lang='lat' dir='ltr'>imponebant</span> <span class='ocrx_word' id='word_1_17' title='bbox 2039 384 2247 465; x_wconf 77' lang='lat' dir='ltr'>Aante</span> <span class='ocrx_word' id='word_1_18' title='bbox 2278 396 2440 450; x_wconf 87' lang='lat' dir='ltr'>reges</span> <span class='ocrx_word' id='word_1_19' title='bbox 2465 384 2519 434; x_wconf 89' lang='lat' dir='ltr'>et</span> <span class='ocrx_word' id='word_1_20' title='bbox 2554 381 2824 451; x_wconf 63' lang='lat' dir='ltr'>prmsides</span> <span class='ocrx_word' id='word_1_21' title='bbox 2867 383 3155 437; x_wconf 88' lang='lat' dir='ltr'>ducemini</span> <span class='ocrx_word' id='word_1_22' title='bbox 3187 391 3417 454; x_wconf 89' lang='lat' dir='ltr'>propter</span> <span class='ocrx_word' id='word_1_23' title='bbox 3446 399 3541 437; x_wconf 90' lang='lat' dir='ltr'>me</span> <span class='ocrx_word' id='word_1_24' title='bbox 3572 385 3632 437; x_wconf 94' lang='lat' dir='ltr'>in</span> <span class='ocrx_word' id='word_1_25' title='bbox 3670 389 3756 437; x_wconf 86' lang='lat' dir='ltr'>te-</span> 
     </span>
    </p>
   </div>
   <div class='ocr_carea' id='block_1_5' title="bbox 390 474 2013 548">
    <p class='ocr_par' dir='ltr' id='par_1_5' title="bbox 390 474 2013 548">
     <span class='ocr_line' id='line_1_5' title="bbox 390 474 2013 548; baseline -0.006 -11"><span class='ocrx_word' id='word_1_26' title='bbox 390 496 593 536; x_wconf 90' lang='lat' dir='ltr'>manus</span> <span class='ocrx_word' id='word_1_27' title='bbox 622 494 794 548; x_wconf 88' lang='lat' dir='ltr'>super</span> <span class='ocrx_word' id='word_1_28' title='bbox 819 476 966 541; x_wconf 91' lang='lat' dir='ltr'>illos,</span> <span class='ocrx_word' id='word_1_29' title='bbox 996 481 1053 529; x_wconf 91' lang='lat' dir='ltr'>et</span> <span class='ocrx_word' id='word_1_30' title='bbox 1081 475 1431 546; x_wconf 79' lang='lat' dir='ltr'>accipiebant</span> <span class='ocrx_word' id='word_1_31' title='bbox 1451 474 1723 544; x_wconf 80' lang='lat' dir='ltr'>Spiritum</span> <span class='ocrx_word' id='word_1_32' title='bbox 1754 479 2013 528; x_wconf 90' lang='lat' dir='ltr'>sanctum</span> 
     </span>
    </p>
   </div>
   <div class='ocr_carea' id='block_1_6' title="bbox 389 567 2017 646">
    <p class='ocr_par' dir='ltr' id='par_1_6' title="bbox 389 567 2017 646">
     <span class='ocr_line' id='line_1_6' title="bbox 389 567 2017 646; baseline -0.005 -18"><span class='ocrx_word' id='word_1_33' title='bbox 389 576 531 646; x_wconf 83' lang='lat' dir='ltr'>(Act.</span> <span class='ocrx_word' id='word_1_34' title='bbox 560 589 675 640; x_wconf 85' lang='lat' dir='ltr'>vm,</span> <span class='ocrx_word' id='word_1_35' title='bbox 703 571 901 638; x_wconf 74' lang='grc'>14-17).</span> <span class='ocrx_word' id='word_1_36' title='bbox 933 591 958 617; x_wconf 83' lang='grc'>››</span> <span class='ocrx_word' id='word_1_37' title='bbox 993 571 1114 624; x_wconf 88' lang='lat' dir='ltr'>Non</span> <span class='ocrx_word' id='word_1_38' title='bbox 1147 586 1303 640; x_wconf 90' lang='lat' dir='ltr'>ergo,</span> <span class='ocrx_word' id='word_1_39' title='bbox 1334 567 1531 638; x_wconf 88' lang='lat' dir='ltr'>utjam</span> <span class='ocrx_word' id='word_1_40' title='bbox 1562 567 1776 621; x_wconf 90' lang='lat' dir='ltr'>dictum</span> <span class='ocrx_word' id='word_1_41' title='bbox 1799 567 2017 633; x_wconf 85' lang='lat' dir='ltr'>est,ali-</span> 
     </span>
    </p>
   </div>
   <div class='ocr_carea' id='block_1_7' title="bbox 388 661 2014 741">
    <p class='ocr_par' dir='ltr' id='par_1_7' title="bbox 388 661 2014 741">
     <span class='ocr_line' id='line_1_7' title="bbox 388 661 2014 741; baseline -0.006 -17"><span class='ocrx_word' id='word_1_42' title='bbox 388 685 558 741; x_wconf 90' lang='lat' dir='ltr'>quem</span> <span class='ocrx_word' id='word_1_43' title='bbox 590 683 658 720; x_wconf 87' lang='lat' dir='ltr'>ex</span> <span class='ocrx_word' id='word_1_44' title='bbox 690 664 1070 736; x_wconf 71' lang='lat' dir='ltr'>septuaginta,</span> <span class='ocrx_word' id='word_1_45' title='bbox 1102 663 1233 717; x_wconf 90' lang='lat' dir='ltr'>licet</span> <span class='ocrx_word' id='word_1_46' title='bbox 1257 663 1422 733; x_wconf 84' lang='lat' dir='ltr'>pauci</span> <span class='ocrx_word' id='word_1_47' title='bbox 1456 667 1646 716; x_wconf 87' lang='lat' dir='ltr'>essent</span> <span class='ocrx_word' id='word_1_48' title='bbox 1681 661 1918 732; x_wconf 83' lang='lat' dir='ltr'>apostoli</span> <span class='ocrx_word' id='word_1_49' title='bbox 1947 661 2014 715; x_wconf 90' lang='lat' dir='ltr'>ad</span> 
     </span>
    </p>
   </div>
   <div class='ocr_carea' id='block_1_8' title="bbox 387 755 2016 832">
    <p class='ocr_par' dir='ltr' id='par_1_8' title="bbox 387 755 2016 832">
     <span class='ocr_line' id='line_1_8' title="bbox 387 755 2016 832; baseline -0.007 -15"><span class='ocrx_word' id='word_1_50' title='bbox 387 764 492 817; x_wconf 87' lang='lat' dir='ltr'>hoc</span> <span class='ocrx_word' id='word_1_51' title='bbox 523 776 668 832; x_wconf 90' lang='lat' dir='ltr'>opus</span> <span class='ocrx_word' id='word_1_52' title='bbox 709 757 1139 830; x_wconf 86' lang='lat' dir='ltr'>perliciendum,</span> <span class='ocrx_word' id='word_1_53' title='bbox 1177 756 1525 821; x_wconf 80' lang='lat' dir='ltr'>direxerunt,</span> <span class='ocrx_word' id='word_1_54' title='bbox 1557 755 1655 808; x_wconf 90' lang='lat' dir='ltr'>sed</span> <span class='ocrx_word' id='word_1_55' title='bbox 1701 757 1931 810; x_wconf 87' lang='lat' dir='ltr'>Petrum</span> <span class='ocrx_word' id='word_1_56' title='bbox 1961 758 2016 809; x_wconf 93' lang='lat' dir='ltr'>et</span> 
     </span>
    </p>
   </div>
   <div class='ocr_carea' id='block_1_9' title="bbox 386 848 2016 924">
    <p class='ocr_par' dir='ltr' id='par_1_9' title="bbox 386 848 2016 924">
     <span class='ocr_line' id='line_1_9' title="bbox 386 848 2016 924; baseline -0.007 -13"><span class='ocrx_word' id='word_1_57' title='bbox 386 860 663 911; x_wconf 85' lang='lat' dir='ltr'>Joannem</span> <span class='ocrx_word' id='word_1_58' title='bbox 685 852 976 924; x_wconf 83' lang='lat' dir='ltr'>apostolos</span> <span class='ocrx_word' id='word_1_59' title='bbox 998 867 1102 922; x_wconf 91' lang='lat' dir='ltr'>per</span> <span class='ocrx_word' id='word_1_60' title='bbox 1119 867 1322 905; x_wconf 91' lang='lat' dir='ltr'>manus</span> <span class='ocrx_word' id='word_1_61' title='bbox 1343 849 1769 920; x_wconf 89' lang='lat' dir='ltr'>impositionem</span> <span class='ocrx_word' id='word_1_62' title='bbox 1792 848 2016 902; x_wconf 89' lang='lat' dir='ltr'>tradere</span> 
     </span>
    </p>
   </div>
   <div class='ocr_carea' id='block_1_10' title="bbox 389 942 2018 1022">
    <p class='ocr_par' dir='ltr' id='par_1_10' title="bbox 389 942 2018 1022">
     <span class='ocr_line' id='line_1_10' title="bbox 389 942 2018 1022; baseline -0.007 -17"><span class='ocrx_word' id='word_1_63' title='bbox 389 950 666 1022; x_wconf 85' lang='lat' dir='ltr'>Spiritum</span> <span class='ocrx_word' id='word_1_64' title='bbox 695 951 955 1002; x_wconf 88' lang='lat' dir='ltr'>sanctum</span> <span class='ocrx_word' id='word_1_65' title='bbox 977 945 1275 1011; x_wconf 88' lang='lat' dir='ltr'>miserunt,</span> <span class='ocrx_word' id='word_1_66' title='bbox 1300 959 1544 1014; x_wconf 90' lang='lat' dir='ltr'>quorum</span> <span class='ocrx_word' id='word_1_67' title='bbox 1563 943 1746 997; x_wconf 89' lang='lat' dir='ltr'>vicem</span> <span class='ocrx_word' id='word_1_68' title='bbox 1769 942 2018 1012; x_wconf 88' lang='lat' dir='ltr'>episcopi</span> 
     </span>
    </p>
   </div>
   <div class='ocr_carea' id='block_1_11' title="bbox 389 1035 2014 1112">
    <p class='ocr_par' dir='ltr' id='par_1_11' title="bbox 389 1035 2014 1112">
     <span class='ocr_line' id='line_1_11' title="bbox 389 1035 2014 1112; baseline -0.007 -13"><span class='ocrx_word' id='word_1_69' title='bbox 389 1047 446 1099; x_wconf 91' lang='lat' dir='ltr'>in</span> <span class='ocrx_word' id='word_1_70' title='bbox 477 1043 718 1099; x_wconf 84' lang='lat' dir='ltr'>Ecclesia</span> <span class='ocrx_word' id='word_1_71' title='bbox 746 1044 974 1112; x_wconf 86' lang='lat' dir='ltr'>gerunt,</span> <span class='ocrx_word' id='word_1_72' title='bbox 1005 1042 1064 1094; x_wconf 91' lang='lat' dir='ltr'>et</span> <span class='ocrx_word' id='word_1_73' title='bbox 1098 1056 1213 1092; x_wconf 92' lang='lat' dir='ltr'>non</span> <span class='ocrx_word' id='word_1_74' title='bbox 1257 1035 1630 1109; x_wconf 89' lang='lat' dir='ltr'>corepiscopi,</span> <span class='ocrx_word' id='word_1_75' title='bbox 1661 1035 1761 1107; x_wconf 89' lang='lat' dir='ltr'>qui</span> <span class='ocrx_word' id='word_1_76' title='bbox 1788 1038 2014 1106; x_wconf 88' lang='lat' dir='ltr'>septua-</span> 
     </span>
    </p>
   </div>
   <div class='ocr_carea' id='block_1_12' title="bbox 391 1127 2020 1210">
    <p class='ocr_par' dir='ltr' id='par_1_12' title="bbox 391 1127 2020 1210">
     <span class='ocr_line' id='line_1_12' title="bbox 391 1127 2020 1210; baseline -0.007 -17"><span class='ocrx_word' id='word_1_77' title='bbox 391 1139 549 1210; x_wconf 80' lang='lat' dir='ltr'>ginta</span> <span class='ocrx_word' id='word_1_78' title='bbox 580 1135 988 1205; x_wconf 90' lang='lat' dir='ltr'>discipulorum</span> <span class='ocrx_word' id='word_1_79' title='bbox 1016 1133 1261 1186; x_wconf 86' lang='lat' dir='ltr'>formam</span> <span class='ocrx_word' id='word_1_80' title='bbox 1291 1136 1423 1185; x_wconf 89' lang='lat' dir='ltr'>ante</span> <span class='ocrx_word' id='word_1_81' title='bbox 1454 1127 1904 1201; x_wconf 84' lang='lat' dir='ltr'>prohibitionem</span> <span class='ocrx_word' id='word_1_82' title='bbox 1930 1144 2020 1182; x_wconf 90' lang='lat' dir='ltr'>eo-</span> 
     </span>
    </p>
   </div>
   <div class='ocr_carea' id='block_1_13' title="bbox 389 1222 2020 1302">
    <p class='ocr_par' dir='ltr' id='par_1_13' title="bbox 389 1222 2020 1302">
     <span class='ocr_line' id='line_1_13' title="bbox 389 1222 2020 1302; baseline -0.007 -15"><span class='ocrx_word' id='word_1_83' title='bbox 389 1248 518 1287; x_wconf 90' lang='lat' dir='ltr'>rum</span> <span class='ocrx_word' id='word_1_84' title='bbox 547 1230 842 1302; x_wconf 84' lang='lat' dir='ltr'>gerebant.</span> <span class='ocrx_word' id='word_1_85' title='bbox 872 1226 1032 1291; x_wconf 85' lang='lat' dir='ltr'>Quod</span> <span class='ocrx_word' id='word_1_86' title='bbox 1063 1225 1143 1279; x_wconf 89' lang='lat' dir='ltr'>illi</span> <span class='ocrx_word' id='word_1_87' title='bbox 1171 1241 1284 1278; x_wconf 91' lang='lat' dir='ltr'>non</span> <span class='ocrx_word' id='word_1_88' title='bbox 1313 1225 1571 1279; x_wconf 83' lang='lat' dir='ltr'>fecerunt</span> <span class='ocrx_word' id='word_1_89' title='bbox 1592 1239 1692 1278; x_wconf 92' lang='lat' dir='ltr'>vos</span> <span class='ocrx_word' id='word_1_90' title='bbox 1719 1222 1907 1276; x_wconf 83' lang='lat' dir='ltr'>facere</span> <span class='ocrx_word' id='word_1_91' title='bbox 1926 1237 2020 1276; x_wconf 92' lang='lat' dir='ltr'>no-</span> 
     </span>
    </p>
   </div>
   <div class='ocr_carea' id='block_1_14' title="bbox 390 1314 2020 1393">
    <p class='ocr_par' dir='ltr' id='par_1_14' title="bbox 390 1314 2020 1393">
     <span class='ocr_line' id='line_1_14' title="bbox 390 1314 2020 1393; baseline -0.006 -14"><span class='ocrx_word' id='word_1_92' title='bbox 390 1327 506 1393; x_wconf 89' lang='lat' dir='ltr'>lite,</span> <span class='ocrx_word' id='word_1_93' title='bbox 539 1340 610 1380; x_wconf 84' lang='lat' dir='ltr'>ne</span> <span class='ocrx_word' id='word_1_94' title='bbox 642 1321 944 1376; x_wconf 87' lang='lat' dir='ltr'>dissimiles</span> <span class='ocrx_word' id='word_1_95' title='bbox 974 1320 1072 1389; x_wconf 90' lang='lat' dir='ltr'>eis,</span> <span class='ocrx_word' id='word_1_96' title='bbox 1105 1324 1161 1374; x_wconf 88' lang='lat' dir='ltr'>et</span> <span class='ocrx_word' id='word_1_97' title='bbox 1188 1317 1412 1389; x_wconf 84' lang='lat' dir='ltr'>indigni</span> <span class='ocrx_word' id='word_1_98' title='bbox 1449 1333 1647 1372; x_wconf 91' lang='lat' dir='ltr'>eorum</span> <span class='ocrx_word' id='word_1_99' title='bbox 1675 1314 2020 1371; x_wconf 89' lang='lat' dir='ltr'>successione</span> 
     </span>
    </p>
   </div>
   <div class='ocr_carea' id='block_1_15' title="bbox 391 1409 2020 1482">
    <p class='ocr_par' dir='ltr' id='par_1_15' title="bbox 391 1409 2020 1482">
     <span class='ocr_line' id='line_1_15' title="bbox 391 1409 2020 1482; baseline -0.007 -8"><span class='ocrx_word' id='word_1_100' title='bbox 391 1425 448 1474; x_wconf 91' lang='lat' dir='ltr'>et</span> <span class='ocrx_word' id='word_1_101' title='bbox 475 1415 790 1472; x_wconf 89' lang='lat' dir='ltr'>ministerio</span> <span class='ocrx_word' id='word_1_102' title='bbox 819 1430 938 1470; x_wconf 88' lang='lat' dir='ltr'>esse</span> <span class='ocrx_word' id='word_1_103' title='bbox 964 1411 1295 1478; x_wconf 81' lang='lat' dir='ltr'>videamini,</span> <span class='ocrx_word' id='word_1_104' title='bbox 1323 1411 1459 1482; x_wconf 87' lang='lat' dir='ltr'>quia</span> <span class='ocrx_word' id='word_1_105' title='bbox 1485 1415 1549 1466; x_wconf 90' lang='lat' dir='ltr'>ut</span> <span class='ocrx_word' id='word_1_106' title='bbox 1570 1409 1649 1465; x_wconf 87' lang='lat' dir='ltr'>ait</span> <span class='ocrx_word' id='word_1_107' title='bbox 1674 1409 1942 1464; x_wconf 90' lang='lat' dir='ltr'>Dominus</span> <span class='ocrx_word' id='word_1_108' title='bbox 1962 1410 2020 1464; x_wconf 92' lang='lat' dir='ltr'>in</span> 
     </span>
    </p>
   </div>
   <div class='ocr_carea' id='block_1_16' title="bbox 393 1505 2022 1583">
    <p class='ocr_par' dir='ltr' id='par_1_16' title="bbox 393 1505 2022 1583">
     <span class='ocr_line' id='line_1_16' title="bbox 393 1505 2022 1583; baseline -0.007 -16"><span class='ocrx_word' id='word_1_109' title='bbox 393 1511 722 1583; x_wconf 86' lang='lat' dir='ltr'>Evangelio:</span> <span class='ocrx_word' id='word_1_110' title='bbox 745 1532 772 1558; x_wconf 85' lang='lat'><strong>«</strong></span> <span class='ocrx_word' id='word_1_111' title='bbox 788 1509 892 1574; x_wconf 87' lang='lat' dir='ltr'>Qui</span> <span class='ocrx_word' id='word_1_112' title='bbox 917 1523 1030 1562; x_wconf 91' lang='lat' dir='ltr'>non</span> <span class='ocrx_word' id='word_1_113' title='bbox 1051 1510 1137 1562; x_wconf 91' lang='lat' dir='ltr'>est</span> <span class='ocrx_word' id='word_1_114' title='bbox 1154 1522 1383 1561; x_wconf 90' lang='lat' dir='ltr'>mecum</span> <span class='ocrx_word' id='word_1_115' title='bbox 1407 1505 1707 1560; x_wconf 89' lang='lat' dir='ltr'>adversum</span> <span class='ocrx_word' id='word_1_116' title='bbox 1727 1519 1820 1558; x_wconf 90' lang='lat' dir='ltr'>me</span> <span class='ocrx_word' id='word_1_117' title='bbox 1843 1508 1948 1572; x_wconf 90' lang='lat' dir='ltr'>est,</span> <span class='ocrx_word' id='word_1_118' title='bbox 1967 1510 2022 1556; x_wconf 88' lang='lat' dir='ltr'>et</span> 
     </span>
    </p>
   </div>
   <div class='ocr_carea' id='block_1_17' title="bbox 394 1598 2016 1677">
    <p class='ocr_par' dir='ltr' id='par_1_17' title="bbox 394 1598 2016 1677">
     <span class='ocr_line' id='line_1_17' title="bbox 394 1598 2016 1677; baseline -0.005 -19"><span class='ocrx_word' id='word_1_119' title='bbox 394 1607 491 1677; x_wconf 89' lang='lat' dir='ltr'>qui</span> <span class='ocrx_word' id='word_1_120' title='bbox 536 1621 653 1660; x_wconf 93' lang='lat' dir='ltr'>non</span> <span class='ocrx_word' id='word_1_121' title='bbox 691 1602 910 1673; x_wconf 81' lang='lat' dir='ltr'>colligit</span> <span class='ocrx_word' id='word_1_122' title='bbox 951 1617 1178 1656; x_wconf 89' lang='lat' dir='ltr'>mecum</span> <span class='ocrx_word' id='word_1_123' title='bbox 1221 1599 1498 1670; x_wconf 86' lang='lat' dir='ltr'>dispergit</span> <span class='ocrx_word' id='word_1_124' title='bbox 1543 1601 1690 1668; x_wconf 87' lang='lat' dir='ltr'>(Luc.</span> <span class='ocrx_word' id='word_1_125' title='bbox 1723 1614 1796 1665; x_wconf 86' lang='grc'><strong>111,</strong></span> <span class='ocrx_word' id='word_1_126' title='bbox 1833 1598 1945 1665; x_wconf 84' lang='lat'>23).</span> <span class='ocrx_word' id='word_1_127' title='bbox 1990 1617 2016 1645; x_wconf 86' lang='lat'>»</span> 
     </span>
    </p>
   </div>
   <div class='ocr_carea' id='block_1_18' title="bbox 393 1690 2022 1766">
    <p class='ocr_par' dir='ltr' id='par_1_18' title="bbox 393 1690 2022 1766">
     <span class='ocr_line' id='line_1_18' title="bbox 393 1690 2022 1766; baseline -0.007 -11"><span class='ocrx_word' id='word_1_128' title='bbox 393 1701 482 1756; x_wconf 88' lang='lat' dir='ltr'>Sic</span> <span class='ocrx_word' id='word_1_129' title='bbox 519 1703 714 1754; x_wconf 88' lang='lat' dir='ltr'>autem</span> <span class='ocrx_word' id='word_1_130' title='bbox 745 1699 963 1763; x_wconf 82' lang='lat' dir='ltr'>Petrus,</span> <span class='ocrx_word' id='word_1_131' title='bbox 991 1695 1254 1766; x_wconf 91' lang='lat' dir='ltr'>princeps</span> <span class='ocrx_word' id='word_1_132' title='bbox 1294 1692 1704 1764; x_wconf 87' lang='lat' dir='ltr'>apostolorum,</span> <span class='ocrx_word' id='word_1_133' title='bbox 1729 1690 2022 1762; x_wconf 87' lang='lat' dir='ltr'>adjutores</span> 
     </span>
    </p>
   </div>
   <div class='ocr_carea' id='block_1_19' title="bbox 392 1767 2099 1856">
    <p class='ocr_par' dir='ltr' id='par_1_19' title="bbox 392 1767 2099 1856">
     <span class='ocr_line' id='line_1_19' title="bbox 392 1767 2099 1856; baseline -0.006 -7"><span class='ocrx_word' id='word_1_134' title='bbox 392 1793 494 1849; x_wconf 89' lang='lat' dir='ltr'>sibi</span> <span class='ocrx_word' id='word_1_135' title='bbox 525 1791 719 1848; x_wconf 86' lang='lat' dir='ltr'>ascivit</span> <span class='ocrx_word' id='word_1_136' title='bbox 749 1791 953 1846; x_wconf 87' lang='lat' dir='ltr'>Linum</span> <span class='ocrx_word' id='word_1_137' title='bbox 984 1793 1041 1844; x_wconf 91' lang='lat' dir='ltr'>et</span> <span class='ocrx_word' id='word_1_138' title='bbox 1081 1789 1324 1856; x_wconf 89' lang='lat' dir='ltr'>Cletum,</span> <span class='ocrx_word' id='word_1_139' title='bbox 1358 1802 1470 1840; x_wconf 90' lang='lat' dir='ltr'>non</span> <span class='ocrx_word' id='word_1_140' title='bbox 1505 1788 1698 1840; x_wconf 91' lang='lat' dir='ltr'>tamen</span> <span class='ocrx_word' id='word_1_141' title='bbox 1744 1787 2021 1855; x_wconf 87' lang='lat' dir='ltr'>potestate</span> <span class='ocrx_word' id='word_1_142' title='bbox 2045 1767 2099 1838; x_wconf 83' lang='grc' dir='ltr'>Β</span> 
     </span>
    </p>
   </div>
   <div class='ocr_carea' id='block_1_20' title="bbox 395 1879 2017 1960">
    <p class='ocr_par' dir='ltr' id='par_1_20' title="bbox 395 1879 2017 1960">
     <span class='ocr_line' id='line_1_20' title="bbox 395 1879 2017 1960; baseline -0.007 -18"><span class='ocrx_word' id='word_1_143' title='bbox 395 1887 688 1960; x_wconf 84' lang='lat' dir='ltr'>pontiﬁcii,</span> <span class='ocrx_word' id='word_1_144' title='bbox 719 1887 819 1940; x_wconf 89' lang='lat' dir='ltr'>aut</span> <span class='ocrx_word' id='word_1_145' title='bbox 861 1882 1076 1955; x_wconf 79' lang='lat' dir='ltr'>ligandi</span> <span class='ocrx_word' id='word_1_146' title='bbox 1104 1882 1189 1937; x_wconf 88' lang='lat' dir='ltr'>vel</span> <span class='ocrx_word' id='word_1_147' title='bbox 1218 1880 1474 1936; x_wconf 89' lang='lat' dir='ltr'>solvendi</span> <span class='ocrx_word' id='word_1_148' title='bbox 1513 1879 1592 1935; x_wconf 91' lang='lat' dir='ltr'>eis</span> <span class='ocrx_word' id='word_1_149' title='bbox 1619 1895 1878 1933; x_wconf 89' lang='lat' dir='ltr'>normam</span> <span class='ocrx_word' id='word_1_150' title='bbox 1903 1883 2017 1931; x_wconf 88' lang='lat' dir='ltr'>tra-</span> 
     </span>
    </p>
   </div>
   <div class='ocr_carea' id='block_1_21' title="bbox 395 1972 2020 2048">
    <p class='ocr_par' dir='ltr' id='par_1_21' title="bbox 395 1972 2020 2048">
     <span class='ocr_line' id='line_1_21' title="bbox 395 1972 2020 2048; baseline -0.007 -12"><span class='ocrx_word' id='word_1_151' title='bbox 395 1983 556 2048; x_wconf 90' lang='lat' dir='ltr'>didit,</span> <span class='ocrx_word' id='word_1_152' title='bbox 587 1980 684 2035; x_wconf 88' lang='lat' dir='ltr'>sed</span> <span class='ocrx_word' id='word_1_153' title='bbox 710 1977 1014 2033; x_wconf 88' lang='lat' dir='ltr'>successori</span> <span class='ocrx_word' id='word_1_154' title='bbox 1041 1993 1141 2031; x_wconf 91' lang='lat' dir='ltr'>suo</span> <span class='ocrx_word' id='word_1_155' title='bbox 1171 1980 1368 2030; x_wconf 88' lang='lat' dir='ltr'>sancto</span> <span class='ocrx_word' id='word_1_156' title='bbox 1397 1973 1675 2031; x_wconf 80' lang='lat' dir='ltr'>Clementi</span> <span class='ocrx_word' id='word_1_157' title='bbox 1703 1972 1799 2044; x_wconf 89' lang='lat' dir='ltr'>qui</span> <span class='ocrx_word' id='word_1_158' title='bbox 1826 1972 2020 2026; x_wconf 88' lang='lat' dir='ltr'>sedem</span> 
     </span>
    </p>
   </div>
   <div class='ocr_carea' id='block_1_22' title="bbox 393 2065 2019 2148">
    <p class='ocr_par' dir='ltr' id='par_1_22' title="bbox 393 2065 2019 2148">
     <span class='ocr_line' id='line_1_22' title="bbox 393 2065 2019 2148; baseline -0.007 -17"><span class='ocrx_word' id='word_1_159' title='bbox 393 2075 753 2148; x_wconf 87' lang='lat' dir='ltr'>apostolicam</span> <span class='ocrx_word' id='word_1_160' title='bbox 793 2076 922 2144; x_wconf 91' lang='lat' dir='ltr'>post</span> <span class='ocrx_word' id='word_1_161' title='bbox 961 2087 1115 2139; x_wconf 89' lang='lat' dir='ltr'>eum,</span> <span class='ocrx_word' id='word_1_162' title='bbox 1143 2075 1201 2125; x_wconf 89' lang='lat' dir='ltr'>et</span> <span class='ocrx_word' id='word_1_163' title='bbox 1239 2072 1576 2141; x_wconf 86' lang='lat' dir='ltr'>potestatem</span> <span class='ocrx_word' id='word_1_164' title='bbox 1619 2065 2019 2138; x_wconf 78' lang='lat' dir='ltr'>pontificalem,</span> 
     </span>
    </p>
   </div>
   <div class='ocr_carea' id='block_1_23' title="bbox 395 2159 2023 2233">
    <p class='ocr_par' dir='ltr' id='par_1_23' title="bbox 395 2159 2023 2233">
     <span class='ocr_line' id='line_1_23' title="bbox 395 2159 2023 2233; baseline -0.008 -8"><span class='ocrx_word' id='word_1_165' title='bbox 395 2171 651 2225; x_wconf 89' lang='lat' dir='ltr'>tradente</span> <span class='ocrx_word' id='word_1_166' title='bbox 681 2167 786 2222; x_wconf 91' lang='lat' dir='ltr'>sibi</span> <span class='ocrx_word' id='word_1_167' title='bbox 828 2168 992 2222; x_wconf 91' lang='lat' dir='ltr'>beato</span> <span class='ocrx_word' id='word_1_168' title='bbox 1039 2166 1226 2233; x_wconf 91' lang='lat' dir='ltr'>Petro,</span> <span class='ocrx_word' id='word_1_169' title='bbox 1259 2169 1454 2218; x_wconf 92' lang='lat' dir='ltr'>tenere</span> <span class='ocrx_word' id='word_1_170' title='bbox 1484 2161 1820 2233; x_wconf 90' lang='lat' dir='ltr'>promeruit.</span> <span class='ocrx_word' id='word_1_171' title='bbox 1855 2159 2023 2214; x_wconf 89' lang='lat' dir='ltr'>Linus</span> 
     </span>
    </p>
   </div>
   <div class='ocr_carea' id='block_1_24' title="bbox 395 2255 2022 2326">
    <p class='ocr_par' dir='ltr' id='par_1_24' title="bbox 395 2255 2022 2326">
     <span class='ocr_line' id='line_1_24' title="bbox 395 2255 2022 2326; baseline -0.007 -8"><span class='ocrx_word' id='word_1_172' title='bbox 395 2281 528 2318; x_wconf 91' lang='lat' dir='ltr'>vero</span> <span class='ocrx_word' id='word_1_173' title='bbox 545 2263 800 2318; x_wconf 88' lang='lat' dir='ltr'>etCletus</span> <span class='ocrx_word' id='word_1_174' title='bbox 813 2258 1213 2314; x_wconf 87' lang='lat' dir='ltr'>ministrabant</span> <span class='ocrx_word' id='word_1_175' title='bbox 1229 2256 1532 2322; x_wconf 83' lang='lat' dir='ltr'>exteriora,</span> <span class='ocrx_word' id='word_1_176' title='bbox 1547 2255 1813 2326; x_wconf 90' lang='lat' dir='ltr'>princeps</span> <span class='ocrx_word' id='word_1_177' title='bbox 1830 2256 2022 2308; x_wconf 89' lang='lat' dir='ltr'>autem</span> 
     </span>
    </p>
   </div>
   <div class='ocr_carea' id='block_1_25' title="bbox 397 2346 2024 2429">
    <p class='ocr_par' dir='ltr' id='par_1_25' title="bbox 397 2346 2024 2429">
     <span class='ocr_line' id='line_1_25' title="bbox 397 2346 2024 2429; baseline -0.007 -18"><span class='ocrx_word' id='word_1_178' title='bbox 397 2356 808 2429; x_wconf 89' lang='lat' dir='ltr'>apostolorum,</span> <span class='ocrx_word' id='word_1_179' title='bbox 842 2355 1038 2408; x_wconf 89' lang='lat' dir='ltr'>Petrus</span> <span class='ocrx_word' id='word_1_180' title='bbox 1064 2351 1237 2406; x_wconf 90' lang='lat' dir='ltr'>verbo</span> <span class='ocrx_word' id='word_1_181' title='bbox 1267 2353 1322 2404; x_wconf 91' lang='lat' dir='ltr'>et</span> <span class='ocrx_word' id='word_1_182' title='bbox 1350 2348 1594 2403; x_wconf 88' lang='lat' dir='ltr'>orationi</span> <span class='ocrx_word' id='word_1_183' title='bbox 1636 2346 1940 2414; x_wconf 90' lang='lat' dir='ltr'>insistebat,</span> <span class='ocrx_word' id='word_1_184' title='bbox 1969 2350 2024 2400; x_wconf 92' lang='lat' dir='ltr'>et</span> 
     </span>
    </p>
   </div>
   <div class='ocr_carea' id='block_1_26' title="bbox 393 2440 2024 2524">
    <p class='ocr_par' dir='ltr' id='par_1_26' title="bbox 393 2440 2024 2524">
     <span class='ocr_line' id='line_1_26' title="bbox 393 2440 2024 2524; baseline -0.008 -18"><span class='ocrx_word' id='word_1_185' title='bbox 393 2469 520 2524; x_wconf 72' lang='lat' dir='ltr'>qua:</span> <span class='ocrx_word' id='word_1_186' title='bbox 560 2467 673 2504; x_wconf 88' lang='lat' dir='ltr'>non</span> <span class='ocrx_word' id='word_1_187' title='bbox 705 2448 1015 2518; x_wconf 81' lang='lat' dir='ltr'>incongrue</span> <span class='ocrx_word' id='word_1_188' title='bbox 1058 2445 1129 2500; x_wconf 89' lang='lat' dir='ltr'>ad</span> <span class='ocrx_word' id='word_1_189' title='bbox 1165 2443 1531 2500; x_wconf 88' lang='lat' dir='ltr'>traditionem</span> <span class='ocrx_word' id='word_1_190' title='bbox 1575 2441 1814 2512; x_wconf 90' lang='lat' dir='ltr'>Spiritus</span> <span class='ocrx_word' id='word_1_191' title='bbox 1844 2440 2024 2494; x_wconf 88' lang='lat' dir='ltr'>sancti</span> 
     </span>
    </p>
   </div>
   <div class='ocr_carea' id='block_1_27' title="bbox 397 2533 2024 2618">
    <p class='ocr_par' dir='ltr' id='par_1_27' title="bbox 397 2533 2024 2618">
     <span class='ocr_line' id='line_1_27' title="bbox 397 2533 2024 2618; baseline -0.007 -21"><span class='ocrx_word' id='word_1_192' title='bbox 397 2563 498 2618; x_wconf 85' lang='lat' dir='ltr'>per</span> <span class='ocrx_word' id='word_1_193' title='bbox 525 2560 728 2599; x_wconf 89' lang='lat' dir='ltr'>manus</span> <span class='ocrx_word' id='word_1_194' title='bbox 756 2541 1178 2612; x_wconf 89' lang='lat' dir='ltr'>impositionem</span> <span class='ocrx_word' id='word_1_195' title='bbox 1208 2538 1514 2609; x_wconf 84' lang='lat' dir='ltr'>pertinent.</span> <span class='ocrx_word' id='word_1_196' title='bbox 1539 2535 1700 2592; x_wconf 90' lang='lat' dir='ltr'>Unde</span> <span class='ocrx_word' id='word_1_197' title='bbox 1729 2539 1782 2589; x_wconf 90' lang='lat' dir='ltr'>et</span> <span class='ocrx_word' id='word_1_198' title='bbox 1805 2534 1862 2588; x_wconf 93' lang='lat' dir='ltr'>in</span> <span class='ocrx_word' id='word_1_199' title='bbox 1883 2533 2024 2588; x_wconf 91' lang='lat' dir='ltr'>Acti-</span> 
     </span>
    </p>
   </div>
   <div class='ocr_carea' id='block_1_28' title="bbox 396 2631 2024 2708">
    <p class='ocr_par' dir='ltr' id='par_1_28' title="bbox 396 2631 2024 2708">
     <span class='ocr_line' id='line_1_28' title="bbox 396 2631 2024 2708; baseline -0.007 -15"><span class='ocrx_word' id='word_1_200' title='bbox 396 2641 498 2693; x_wconf 88' lang='lat' dir='ltr'>bus</span> <span class='ocrx_word' id='word_1_201' title='bbox 517 2638 905 2708; x_wconf 87' lang='lat' dir='ltr'>apostolorum</span> <span class='ocrx_word' id='word_1_202' title='bbox 929 2635 1204 2704; x_wconf 89' lang='lat' dir='ltr'>scriptum</span> <span class='ocrx_word' id='word_1_203' title='bbox 1226 2633 1488 2686; x_wconf 90' lang='lat' dir='ltr'>habetur.</span> <span class='ocrx_word' id='word_1_204' title='bbox 1510 2652 1536 2678; x_wconf 87' lang='grc'><em>‹‹</em></span> <span class='ocrx_word' id='word_1_205' title='bbox 1551 2631 1671 2684; x_wconf 84' lang='grc' dir='ltr'><strong>Νο11</strong></span> <span class='ocrx_word' id='word_1_206' title='bbox 1692 2632 1777 2684; x_wconf 89' lang='lat' dir='ltr'>est</span> <span class='ocrx_word' id='word_1_207' title='bbox 1797 2643 2024 2699; x_wconf 83' lang='lat' dir='ltr'>aequum</span> 
     </span>
    </p>
   </div>
   <div class='ocr_carea' id='block_1_29' title="bbox 395 2721 2026 2802">
    <p class='ocr_par' dir='ltr' id='par_1_29' title="bbox 395 2721 2026 2802">
     <span class='ocr_line' id='line_1_29' title="bbox 395 2721 2026 2802; baseline -0.009 -14"><span class='ocrx_word' id='word_1_208' title='bbox 395 2750 499 2788; x_wconf 91' lang='lat' dir='ltr'>nos</span> <span class='ocrx_word' id='word_1_209' title='bbox 544 2732 869 2802; x_wconf 89' lang='lat' dir='ltr'>relinquere</span> <span class='ocrx_word' id='word_1_210' title='bbox 913 2729 1150 2783; x_wconf 87' lang='lat' dir='ltr'>verbum</span> <span class='ocrx_word' id='word_1_211' title='bbox 1201 2726 1300 2780; x_wconf 91' lang='lat' dir='ltr'>Dei</span> <span class='ocrx_word' id='word_1_212' title='bbox 1349 2731 1404 2780; x_wconf 91' lang='lat' dir='ltr'>et</span> <span class='ocrx_word' id='word_1_213' title='bbox 1445 2724 1768 2778; x_wconf 90' lang='lat' dir='ltr'>ministrare</span> <span class='ocrx_word' id='word_1_214' title='bbox 1817 2721 2026 2775; x_wconf 90' lang='lat' dir='ltr'>mensis</span> 
     </span>
    </p>
   </div>
   <div class='ocr_carea' id='block_1_30' title="bbox 397 2817 2026 2894">
    <p class='ocr_par' dir='ltr' id='par_1_30' title="bbox 397 2817 2026 2894">
     <span class='ocr_line' id='line_1_30' title="bbox 397 2817 2026 2894; baseline -0.009 -12"><span class='ocrx_word' id='word_1_215' title='bbox 397 2830 535 2894; x_wconf 81' lang='lat' dir='ltr'>(Act.</span> <span class='ocrx_word' id='word_1_216' title='bbox 572 2843 643 2892; x_wconf 80' lang='lat' dir='ltr'>v1,</span> <span class='ocrx_word' id='word_1_217' title='bbox 685 2827 760 2893; x_wconf 82' lang='lat'>2).</span> <span class='ocrx_word' id='word_1_218' title='bbox 795 2844 820 2873; x_wconf 90' lang='lat'><strong>»</strong></span> <span class='ocrx_word' id='word_1_219' title='bbox 866 2823 1226 2892; x_wconf 86' lang='lat' dir='ltr'>Quapropter</span> <span class='ocrx_word' id='word_1_220' title='bbox 1273 2818 1638 2890; x_wconf 85' lang='lat' dir='ltr'>septuaginta</span> <span class='ocrx_word' id='word_1_221' title='bbox 1684 2817 1846 2870; x_wconf 92' lang='lat' dir='ltr'>electi</span> <span class='ocrx_word' id='word_1_222' title='bbox 1895 2820 2026 2868; x_wconf 88' lang='lat' dir='ltr'>sunt</span> 
     </span>
    </p>
   </div>
   <div class='ocr_carea' id='block_1_31' title="bbox 398 2910 2023 2989">
    <p class='ocr_par' dir='ltr' id='par_1_31' title="bbox 398 2910 2023 2989">
     <span class='ocr_line' id='line_1_31' title="bbox 398 2910 2023 2989; baseline -0.008 -16"><span class='ocrx_word' id='word_1_223' title='bbox 398 2919 658 2989; x_wconf 87' lang='lat' dir='ltr'>discipuli</span> <span class='ocrx_word' id='word_1_224' title='bbox 701 2918 800 2988; x_wconf 89' lang='lat' dir='ltr'>qui</span> <span class='ocrx_word' id='word_1_225' title='bbox 848 2915 1132 2969; x_wconf 82' lang='lat' dir='ltr'>exteriora</span> <span class='ocrx_word' id='word_1_226' title='bbox 1183 2917 1538 2983; x_wconf 90' lang='lat' dir='ltr'>peragerent,</span> <span class='ocrx_word' id='word_1_227' title='bbox 1573 2910 1682 2980; x_wconf 91' lang='lat' dir='ltr'>ipsi</span> <span class='ocrx_word' id='word_1_228' title='bbox 1717 2925 1847 2964; x_wconf 89' lang='lat' dir='ltr'>vero</span> <span class='ocrx_word' id='word_1_229' title='bbox 1889 2925 2023 2978; x_wconf 90' lang='lat' dir='ltr'>apo-</span> 
     </span>
    </p>
   </div>
   <div class='ocr_carea' id='block_1_32' title="bbox 396 3003 2023 3071">
    <p class='ocr_par' dir='ltr' id='par_1_32' title="bbox 396 3003 2023 3071">
     <span class='ocr_line' id='line_1_32' title="bbox 396 3003 2023 3071; baseline -0.008 -4"><span class='ocrx_word' id='word_1_230' title='bbox 396 3013 525 3068; x_wconf 88' lang='lat' dir='ltr'>stoli</span> <span class='ocrx_word' id='word_1_231' title='bbox 558 3011 731 3064; x_wconf 91' lang='lat' dir='ltr'>verbo</span> <span class='ocrx_word' id='word_1_232' title='bbox 763 3014 820 3063; x_wconf 91' lang='lat' dir='ltr'>et</span> <span class='ocrx_word' id='word_1_233' title='bbox 855 3007 1098 3063; x_wconf 89' lang='lat' dir='ltr'>orationi</span> <span class='ocrx_word' id='word_1_234' title='bbox 1128 3006 1471 3071; x_wconf 89' lang='lat' dir='ltr'>insisterent,</span> <span class='ocrx_word' id='word_1_235' title='bbox 1504 3003 1640 3058; x_wconf 91' lang='lat' dir='ltr'>inde</span> <span class='ocrx_word' id='word_1_236' title='bbox 1675 3007 1731 3058; x_wconf 90' lang='lat' dir='ltr'>et</span> <span class='ocrx_word' id='word_1_237' title='bbox 1761 3003 1821 3056; x_wconf 90' lang='lat' dir='ltr'>in</span> <span class='ocrx_word' id='word_1_238' title='bbox 1844 3003 2023 3056; x_wconf 89' lang='lat' dir='ltr'>Evan-</span> 
     </span>
    </p>
   </div>
   <div class='ocr_carea' id='block_1_33' title="bbox 399 3096 2101 3210">
    <p class='ocr_par' dir='ltr' id='par_1_33' title="bbox 399 3096 2101 3210">
     <span class='ocr_line' id='line_1_33' title="bbox 399 3096 2101 3210; baseline -0.009 -48"><span class='ocrx_word' id='word_1_239' title='bbox 399 3107 546 3178; x_wconf 89' lang='lat' dir='ltr'>gelio</span> <span class='ocrx_word' id='word_1_240' title='bbox 575 3104 889 3160; x_wconf 89' lang='lat' dir='ltr'>secundum</span> <span class='ocrx_word' id='word_1_241' title='bbox 917 3103 1130 3156; x_wconf 89' lang='lat' dir='ltr'>Lucam</span> <span class='ocrx_word' id='word_1_242' title='bbox 1156 3099 1427 3170; x_wconf 89' lang='lat' dir='ltr'>scriptum</span> <span class='ocrx_word' id='word_1_243' title='bbox 1457 3103 1540 3152; x_wconf 90' lang='lat' dir='ltr'>est</span> <span class='ocrx_word' id='word_1_244' title='bbox 1567 3097 1644 3152; x_wconf 83' lang='lat' dir='ltr'>ita</span> <span class='ocrx_word' id='word_1_245' title='bbox 1673 3114 1685 3150; x_wconf 86' lang='lat'><strong>:</strong></span> <span class='ocrx_word' id='word_1_246' title='bbox 1719 3116 1745 3148; x_wconf 88' lang='lat'>«</span> <span class='ocrx_word' id='word_1_247' title='bbox 1773 3096 2025 3150; x_wconf 66' lang='lat' dir='ltr'>Posthazc</span> <span class='ocrx_word' id='word_1_248' title='bbox 2047 3137 2101 3210; x_wconf 67' lang='grc' dir='ltr'>Ο</span> 
     </span>
    </p>
   </div>
   <div class='ocr_carea' id='block_1_34' title="bbox 397 3189 2022 3269">
    <p class='ocr_par' dir='ltr' id='par_1_34' title="bbox 397 3189 2022 3269">
     <span class='ocr_line' id='line_1_34' title="bbox 397 3189 2022 3269; baseline -0.007 -14"><span class='ocrx_word' id='word_1_249' title='bbox 397 3207 588 3255; x_wconf 87' lang='lat' dir='ltr'>autem</span> <span class='ocrx_word' id='word_1_250' title='bbox 610 3197 927 3269; x_wconf 84' lang='lat' dir='ltr'>designavit</span> <span class='ocrx_word' id='word_1_251' title='bbox 949 3195 1216 3250; x_wconf 90' lang='lat' dir='ltr'>Dominus</span> <span class='ocrx_word' id='word_1_252' title='bbox 1239 3200 1296 3248; x_wconf 90' lang='lat' dir='ltr'>et</span> <span class='ocrx_word' id='word_1_253' title='bbox 1319 3193 1455 3246; x_wconf 89' lang='lat' dir='ltr'>alios</span> <span class='ocrx_word' id='word_1_254' title='bbox 1481 3189 1837 3263; x_wconf 88' lang='lat' dir='ltr'>septuaginta</span> <span class='ocrx_word' id='word_1_255' title='bbox 1859 3190 2022 3257; x_wconf 87' lang='lat' dir='ltr'>duos,</span> 
     </span>
    </p>
   </div>
   <div class='ocr_carea' id='block_1_35' title="bbox 399 3283 2023 3349">
    <p class='ocr_par' dir='ltr' id='par_1_35' title="bbox 399 3283 2023 3349">
     <span class='ocr_line' id='line_1_35' title="bbox 399 3283 2023 3349; baseline -0.008 0"><span class='ocrx_word' id='word_1_256' title='bbox 399 3298 457 3349; x_wconf 91' lang='lat' dir='ltr'>et</span> <span class='ocrx_word' id='word_1_257' title='bbox 488 3293 641 3348; x_wconf 88' lang='lat' dir='ltr'>misit</span> <span class='ocrx_word' id='word_1_258' title='bbox 670 3292 796 3346; x_wconf 91' lang='lat' dir='ltr'>illos</span> <span class='ocrx_word' id='word_1_259' title='bbox 821 3291 990 3345; x_wconf 91' lang='lat' dir='ltr'>binos</span> <span class='ocrx_word' id='word_1_260' title='bbox 1018 3294 1146 3344; x_wconf 85' lang='lat' dir='ltr'>ante</span> <span class='ocrx_word' id='word_1_261' title='bbox 1173 3287 1375 3342; x_wconf 81' lang='lat' dir='ltr'>faciem</span> <span class='ocrx_word' id='word_1_262' title='bbox 1405 3302 1564 3340; x_wconf 88' lang='lat' dir='ltr'>suam</span> <span class='ocrx_word' id='word_1_263' title='bbox 1593 3286 1652 3339; x_wconf 90' lang='lat' dir='ltr'>in</span> <span class='ocrx_word' id='word_1_264' title='bbox 1688 3301 1920 3340; x_wconf 89' lang='lat' dir='ltr'>omnem</span> <span class='ocrx_word' id='word_1_265' title='bbox 1948 3283 2023 3337; x_wconf 90' lang='lat' dir='ltr'>ci-</span> 
     </span>
    </p>
   </div>
   <div class='ocr_carea' id='block_1_36' title="bbox 397 3378 2028 3455">
    <p class='ocr_par' dir='ltr' id='par_1_36' title="bbox 397 3378 2028 3455">
     <span class='ocr_line' id='line_1_36' title="bbox 397 3378 2028 3455; baseline -0.007 -11"><span class='ocrx_word' id='word_1_266' title='bbox 397 3389 624 3445; x_wconf 88' lang='lat' dir='ltr'>vitatem</span> <span class='ocrx_word' id='word_1_267' title='bbox 651 3390 708 3442; x_wconf 92' lang='lat' dir='ltr'>et</span> <span class='ocrx_word' id='word_1_268' title='bbox 732 3387 919 3440; x_wconf 90' lang='lat' dir='ltr'>locum</span> <span class='ocrx_word' id='word_1_269' title='bbox 952 3400 1065 3455; x_wconf 93' lang='lat' dir='ltr'>quo</span> <span class='ocrx_word' id='word_1_270' title='bbox 1095 3388 1215 3437; x_wconf 90' lang='lat' dir='ltr'>erat</span> <span class='ocrx_word' id='word_1_271' title='bbox 1247 3383 1365 3453; x_wconf 91' lang='lat' dir='ltr'>ipse</span> <span class='ocrx_word' id='word_1_272' title='bbox 1392 3383 1684 3435; x_wconf 91' lang='lat' dir='ltr'>venturus.</span> <span class='ocrx_word' id='word_1_273' title='bbox 1715 3381 1782 3434; x_wconf 88' lang='lat' dir='ltr'>Et</span> <span class='ocrx_word' id='word_1_274' title='bbox 1809 3378 2028 3434; x_wconf 89' lang='lat' dir='ltr'>dicebat</span> 
     </span>
    </p>
   </div>
   <div class='ocr_carea' id='block_1_37' title="bbox 399 3471 2023 3550">
    <p class='ocr_par' dir='ltr' id='par_1_37' title="bbox 399 3471 2023 3550">
     <span class='ocr_line' id='line_1_37' title="bbox 399 3471 2023 3550; baseline -0.007 -12"><span class='ocrx_word' id='word_1_275' title='bbox 399 3483 508 3538; x_wconf 90' lang='lat' dir='ltr'>illis</span> <span class='ocrx_word' id='word_1_276' title='bbox 542 3499 554 3537; x_wconf 89' lang='lat'><strong>:</strong></span> <span class='ocrx_word' id='word_1_277' title='bbox 589 3480 778 3537; x_wconf 83' lang='lat' dir='ltr'>Messis</span> <span class='ocrx_word' id='word_1_278' title='bbox 821 3479 1057 3550; x_wconf 90' lang='lat' dir='ltr'>quidem</span> <span class='ocrx_word' id='word_1_279' title='bbox 1095 3476 1294 3542; x_wconf 89' lang='lat' dir='ltr'>multa,</span> <span class='ocrx_word' id='word_1_280' title='bbox 1327 3475 1571 3546; x_wconf 87' lang='lat' dir='ltr'>operarii</span> <span class='ocrx_word' id='word_1_281' title='bbox 1607 3477 1796 3528; x_wconf 89' lang='lat' dir='ltr'>autem</span> <span class='ocrx_word' id='word_1_282' title='bbox 1832 3471 2023 3544; x_wconf 83' lang='lat' dir='ltr'>pauci.</span> 
     </span>
    </p>
   </div>
   <div class='ocr_carea' id='block_1_38' title="bbox 401 3567 2027 3648">
    <p class='ocr_par' dir='ltr' id='par_1_38' title="bbox 401 3567 2027 3648">
     <span class='ocr_line' id='line_1_38' title="bbox 401 3567 2027 3648; baseline -0.008 -15"><span class='ocrx_word' id='word_1_283' title='bbox 401 3580 611 3648; x_wconf 81' lang='lat' dir='ltr'>Rogate</span> <span class='ocrx_word' id='word_1_284' title='bbox 639 3591 776 3646; x_wconf 91' lang='lat' dir='ltr'>ergo</span> <span class='ocrx_word' id='word_1_285' title='bbox 801 3574 1098 3628; x_wconf 89' lang='lat' dir='ltr'>dominum</span> <span class='ocrx_word' id='word_1_286' title='bbox 1124 3569 1344 3638; x_wconf 89' lang='lat' dir='ltr'>messis,</span> <span class='ocrx_word' id='word_1_287' title='bbox 1368 3574 1432 3623; x_wconf 89' lang='lat' dir='ltr'>ut</span> <span class='ocrx_word' id='word_1_288' title='bbox 1451 3569 1645 3622; x_wconf 90' lang='lat' dir='ltr'>mittat</span> <span class='ocrx_word' id='word_1_289' title='bbox 1663 3567 1949 3639; x_wconf 87' lang='lat' dir='ltr'>operarios</span> <span class='ocrx_word' id='word_1_290' title='bbox 1969 3567 2027 3620; x_wconf 90' lang='lat' dir='ltr'>in</span> 
     </span>
    </p>
   </div>
   <div class='ocr_carea' id='block_1_39' title="bbox 399 3661 2030 3737">
    <p class='ocr_par' dir='ltr' id='par_1_39' title="bbox 399 3661 2030 3737">
     <span class='ocr_line' id='line_1_39' title="bbox 399 3661 2030 3737; baseline -0.008 -11"><span class='ocrx_word' id='word_1_291' title='bbox 399 3687 646 3726; x_wconf 89' lang='lat' dir='ltr'>messem</span> <span class='ocrx_word' id='word_1_292' title='bbox 679 3685 860 3724; x_wconf 90' lang='lat' dir='ltr'>suam.</span> <span class='ocrx_word' id='word_1_293' title='bbox 891 3669 1030 3722; x_wconf 87' lang='lat' dir='ltr'>Ecce</span> <span class='ocrx_word' id='word_1_294' title='bbox 1055 3682 1163 3737; x_wconf 93' lang='lat' dir='ltr'>ego</span> <span class='ocrx_word' id='word_1_295' title='bbox 1194 3665 1358 3719; x_wconf 89' lang='lat' dir='ltr'>mitto</span> <span class='ocrx_word' id='word_1_296' title='bbox 1385 3679 1479 3718; x_wconf 89' lang='lat' dir='ltr'>vos</span> <span class='ocrx_word' id='word_1_297' title='bbox 1505 3663 1648 3717; x_wconf 87' lang='lat' dir='ltr'>sicut</span> <span class='ocrx_word' id='word_1_298' title='bbox 1671 3677 1851 3733; x_wconf 88' lang='lat' dir='ltr'>agnos</span> <span class='ocrx_word' id='word_1_299' title='bbox 1879 3661 2030 3715; x_wconf 90' lang='lat' dir='ltr'>inter</span> 
     </span>
    </p>
   </div>
   <div class='ocr_carea' id='block_1_40' title="bbox 398 3759 2024 3837">
    <p class='ocr_par' dir='ltr' id='par_1_40' title="bbox 398 3759 2024 3837">
     <span class='ocr_line' id='line_1_40' title="bbox 398 3759 2024 3837; baseline -0.007 -17"><span class='ocrx_word' id='word_1_300' title='bbox 398 3767 580 3837; x_wconf 91' lang='lat' dir='ltr'>lupos.</span> <span class='ocrx_word' id='word_1_301' title='bbox 610 3763 792 3818; x_wconf 90' lang='lat' dir='ltr'>Nolite</span> <span class='ocrx_word' id='word_1_302' title='bbox 832 3765 1064 3834; x_wconf 88' lang='lat' dir='ltr'>portare</span> <span class='ocrx_word' id='word_1_303' title='bbox 1104 3759 1409 3825; x_wconf 89' lang='lat' dir='ltr'>sacculum,</span> <span class='ocrx_word' id='word_1_304' title='bbox 1441 3773 1627 3828; x_wconf 89' lang='lat' dir='ltr'>neque</span> <span class='ocrx_word' id='word_1_305' title='bbox 1675 3771 1896 3826; x_wconf 90' lang='lat' dir='ltr'>peram,</span> <span class='ocrx_word' id='word_1_306' title='bbox 1924 3771 2024 3808; x_wconf 90' lang='lat' dir='ltr'>ne-</span> 
     </span>
    </p>
   </div>
   <div class='ocr_carea' id='block_1_41' title="bbox 397 3849 2025 3933">
    <p class='ocr_par' dir='ltr' id='par_1_41' title="bbox 397 3849 2025 3933">
     <span class='ocr_line' id='line_1_41' title="bbox 397 3849 2025 3933; baseline -0.007 -19"><span class='ocrx_word' id='word_1_307' title='bbox 397 3877 507 3933; x_wconf 89' lang='lat' dir='ltr'>que</span> <span class='ocrx_word' id='word_1_308' title='bbox 538 3858 928 3925; x_wconf 86' lang='lat' dir='ltr'>calciamenta,</span> <span class='ocrx_word' id='word_1_309' title='bbox 958 3861 1016 3910; x_wconf 90' lang='lat' dir='ltr'>et</span> <span class='ocrx_word' id='word_1_310' title='bbox 1045 3853 1339 3909; x_wconf 90' lang='lat' dir='ltr'>neminem</span> <span class='ocrx_word' id='word_1_311' title='bbox 1384 3868 1489 3923; x_wconf 90' lang='lat' dir='ltr'>per</span> <span class='ocrx_word' id='word_1_312' title='bbox 1513 3851 1660 3905; x_wconf 90' lang='lat' dir='ltr'>viam</span> <span class='ocrx_word' id='word_1_313' title='bbox 1699 3849 2025 3905; x_wconf 89' lang='lat' dir='ltr'>salutaveri-</span> 
     </span>
    </p>
   </div>
   <div class='ocr_carea' id='block_1_42' title="bbox 397 3942 2029 4024">
    <p class='ocr_par' dir='ltr' id='par_1_42' title="bbox 397 3942 2029 4024">
     <span class='ocr_line' id='line_1_42' title="bbox 397 3942 2029 4024; baseline -0.008 -15"><span class='ocrx_word' id='word_1_314' title='bbox 397 3956 488 4010; x_wconf 91' lang='lat' dir='ltr'>tis.</span> <span class='ocrx_word' id='word_1_315' title='bbox 519 3956 579 4008; x_wconf 93' lang='lat' dir='ltr'>ln</span> <span class='ocrx_word' id='word_1_316' title='bbox 605 3967 1007 4024; x_wconf 89' lang='lat' dir='ltr'>quamcunque</span> <span class='ocrx_word' id='word_1_317' title='bbox 1033 3949 1270 4004; x_wconf 90' lang='lat' dir='ltr'>domum</span> <span class='ocrx_word' id='word_1_318' title='bbox 1296 3946 1656 4014; x_wconf 90' lang='lat' dir='ltr'>intraveritis,</span> <span class='ocrx_word' id='word_1_319' title='bbox 1679 3944 1930 4016; x_wconf 89' lang='lat' dir='ltr'>primum</span> <span class='ocrx_word' id='word_1_320' title='bbox 1950 3942 2029 3996; x_wconf 92' lang='lat' dir='ltr'>di-</span> 
     </span>
    </p>
   </div>
   <div class='ocr_carea' id='block_1_43' title="bbox 399 4037 2026 4108">
    <p class='ocr_par' dir='ltr' id='par_1_43' title="bbox 399 4037 2026 4108">
     <span class='ocr_line' id='line_1_43' title="bbox 399 4037 2026 4108; baseline -0.008 -5"><span class='ocrx_word' id='word_1_321' title='bbox 399 4049 508 4103; x_wconf 90' lang='lat' dir='ltr'>cite</span> <span class='ocrx_word' id='word_1_322' title='bbox 538 4065 550 4102; x_wconf 91' lang='lat'><strong>:</strong></span> <span class='ocrx_word' id='word_1_323' title='bbox 581 4049 695 4102; x_wconf 84' lang='lat' dir='ltr'>Pax</span> <span class='ocrx_word' id='word_1_324' title='bbox 723 4045 856 4100; x_wconf 87' lang='lat' dir='ltr'>huic</span> <span class='ocrx_word' id='word_1_325' title='bbox 885 4043 1103 4104; x_wconf 85' lang='lat' dir='ltr'>domui.</span> <span class='ocrx_word' id='word_1_326' title='bbox 1152 4043 1217 4098; x_wconf 84' lang='lat' dir='ltr'>Et</span> <span class='ocrx_word' id='word_1_327' title='bbox 1257 4043 1303 4096; x_wconf 90' lang='lat' dir='ltr'>si</span> <span class='ocrx_word' id='word_1_328' title='bbox 1349 4041 1426 4096; x_wconf 93' lang='lat' dir='ltr'>ibi</span> <span class='ocrx_word' id='word_1_329' title='bbox 1470 4039 1642 4095; x_wconf 88' lang='lat' dir='ltr'>fuerit</span> <span class='ocrx_word' id='word_1_330' title='bbox 1673 4039 1820 4092; x_wconf 82' lang='lat' dir='ltr'>illius</span> <span class='ocrx_word' id='word_1_331' title='bbox 1851 4037 2026 4108; x_wconf 89' lang='lat' dir='ltr'>pacis,</span> 
     </span>
    </p>
   </div>
   <div class='ocr_carea' id='block_1_44' title="bbox 399 4131 2029 4214">
    <p class='ocr_par' dir='ltr' id='par_1_44' title="bbox 399 4131 2029 4214">
     <span class='ocr_line' id='line_1_44' title="bbox 399 4131 2029 4214; baseline -0.009 -17"><span class='ocrx_word' id='word_1_332' title='bbox 399 4143 716 4214; x_wconf 84' lang='lat' dir='ltr'>requiescet</span> <span class='ocrx_word' id='word_1_333' title='bbox 745 4155 918 4210; x_wconf 89' lang='lat' dir='ltr'>super</span> <span class='ocrx_word' id='word_1_334' title='bbox 944 4139 1102 4193; x_wconf 90' lang='lat' dir='ltr'>illum</span> <span class='ocrx_word' id='word_1_335' title='bbox 1131 4152 1238 4207; x_wconf 84' lang='lat' dir='ltr'>pax</span> <span class='ocrx_word' id='word_1_336' title='bbox 1269 4141 1469 4190; x_wconf 88' lang='lat' dir='ltr'>vestra.</span> <span class='ocrx_word' id='word_1_337' title='bbox 1503 4134 1602 4189; x_wconf 90' lang='lat' dir='ltr'>Sin</span> <span class='ocrx_word' id='word_1_338' title='bbox 1629 4138 1824 4187; x_wconf 88' lang='lat' dir='ltr'>autem</span> <span class='ocrx_word' id='word_1_339' title='bbox 1845 4131 1915 4185; x_wconf 90' lang='lat' dir='ltr'>ad</span> <span class='ocrx_word' id='word_1_340' title='bbox 1934 4146 2029 4184; x_wconf 91' lang='lat' dir='ltr'>vos</span> 
     </span>
    </p>
   </div>
   <div class='ocr_carea' id='block_1_45' title="bbox 401 4226 2030 4292">
    <p class='ocr_par' dir='ltr' id='par_1_45' title="bbox 401 4226 2030 4292">
     <span class='ocr_line' id='line_1_45' title="bbox 401 4226 2030 4292; baseline -0.007 -1"><span class='ocrx_word' id='word_1_341' title='bbox 401 4237 736 4292; x_wconf 84' lang='lat' dir='ltr'>revertetur.</span> <span class='ocrx_word' id='word_1_342' title='bbox 783 4237 842 4287; x_wconf 89' lang='lat' dir='ltr'>ln</span> <span class='ocrx_word' id='word_1_343' title='bbox 873 4233 1075 4288; x_wconf 90' lang='lat' dir='ltr'>eadem</span> <span class='ocrx_word' id='word_1_344' title='bbox 1115 4234 1309 4285; x_wconf 88' lang='lat' dir='ltr'>autem</span> <span class='ocrx_word' id='word_1_345' title='bbox 1338 4229 1510 4283; x_wconf 89' lang='lat' dir='ltr'>domo</span> <span class='ocrx_word' id='word_1_346' title='bbox 1542 4232 1767 4282; x_wconf 90' lang='lat' dir='ltr'>manete</span> <span class='ocrx_word' id='word_1_347' title='bbox 1802 4226 2030 4286; x_wconf 88' lang='lat' dir='ltr'>edentes</span> 
     </span>
    </p>
   </div>
   <div class='ocr_carea' id='block_1_46' title="bbox 399 4318 2028 4397">
    <p class='ocr_par' dir='ltr' id='par_1_46' title="bbox 399 4318 2028 4397">
     <span class='ocr_line' id='line_1_46' title="bbox 399 4318 2028 4397; baseline -0.008 -12"><span class='ocrx_word' id='word_1_348' title='bbox 399 4337 457 4386; x_wconf 91' lang='lat' dir='ltr'>et</span> <span class='ocrx_word' id='word_1_349' title='bbox 478 4330 737 4384; x_wconf 90' lang='lat' dir='ltr'>bibentes</span> <span class='ocrx_word' id='word_1_350' title='bbox 789 4343 917 4397; x_wconf 61' lang='lat' dir='ltr'>quae</span> <span class='ocrx_word' id='word_1_351' title='bbox 965 4325 1117 4395; x_wconf 91' lang='lat' dir='ltr'>apud</span> <span class='ocrx_word' id='word_1_352' title='bbox 1164 4325 1288 4378; x_wconf 93' lang='lat' dir='ltr'>illos</span> <span class='ocrx_word' id='word_1_353' title='bbox 1327 4328 1479 4392; x_wconf 89' lang='lat' dir='ltr'>sunt,</span> <span class='ocrx_word' id='word_1_354' title='bbox 1510 4321 1720 4392; x_wconf 91' lang='lat' dir='ltr'>dignus</span> <span class='ocrx_word' id='word_1_355' title='bbox 1759 4325 1844 4376; x_wconf 90' lang='lat' dir='ltr'>est</span> <span class='ocrx_word' id='word_1_356' title='bbox 1873 4318 2028 4373; x_wconf 91' lang='lat' dir='ltr'>enim</span> 
     </span>
    </p>
   </div>
   <div class='ocr_carea' id='block_1_47' title="bbox 401 4413 2031 4497">
    <p class='ocr_par' dir='ltr' id='par_1_47' title="bbox 401 4413 2031 4497">
     <span class='ocr_line' id='line_1_47' title="bbox 401 4413 2031 4497; baseline -0.009 -16"><span class='ocrx_word' id='word_1_357' title='bbox 401 4422 693 4497; x_wconf 90' lang='lat' dir='ltr'>operarius</span> <span class='ocrx_word' id='word_1_358' title='bbox 742 4420 1004 4476; x_wconf 91' lang='lat' dir='ltr'>mercede</span> <span class='ocrx_word' id='word_1_359' title='bbox 1037 4435 1154 4472; x_wconf 90' lang='lat' dir='ltr'>sua.</span> <span class='ocrx_word' id='word_1_360' title='bbox 1198 4417 1377 4472; x_wconf 84' lang='lat' dir='ltr'>Nolite</span> <span class='ocrx_word' id='word_1_361' title='bbox 1407 4415 1652 4470; x_wconf 90' lang='lat' dir='ltr'>transire</span> <span class='ocrx_word' id='word_1_362' title='bbox 1679 4414 1750 4469; x_wconf 90' lang='lat' dir='ltr'>de</span> <span class='ocrx_word' id='word_1_363' title='bbox 1777 4414 1945 4469; x_wconf 91' lang='lat' dir='ltr'>domo</span> <span class='ocrx_word' id='word_1_364' title='bbox 1973 4413 2031 4467; x_wconf 90' lang='lat' dir='ltr'>in</span> 
     </span>
    </p>
   </div>
   <div class='ocr_carea' id='block_1_48' title="bbox 2118 473 3753 546">
    <p class='ocr_par' dir='ltr' id='par_1_48' title="bbox 2118 473 3753 546">
     <span class='ocr_line' id='line_1_48' title="bbox 2118 473 3753 546; baseline 0.001 -19"><span class='ocrx_word' id='word_1_365' title='bbox 2118 473 2447 528; x_wconf 89' lang='lat' dir='ltr'>stimonium</span> <span class='ocrx_word' id='word_1_366' title='bbox 2471 473 2580 527; x_wconf 91' lang='lat' dir='ltr'>illis</span> <span class='ocrx_word' id='word_1_367' title='bbox 2607 477 2664 528; x_wconf 90' lang='lat' dir='ltr'>et</span> <span class='ocrx_word' id='word_1_368' title='bbox 2690 476 2978 546; x_wconf 89' lang='lat' dir='ltr'>gentibus.</span> <span class='ocrx_word' id='word_1_369' title='bbox 3003 478 3139 531; x_wconf 85' lang='lat' dir='ltr'>Cum</span> <span class='ocrx_word' id='word_1_370' title='bbox 3164 481 3360 530; x_wconf 89' lang='lat' dir='ltr'>autem</span> <span class='ocrx_word' id='word_1_371' title='bbox 3385 476 3614 531; x_wconf 87' lang='lat' dir='ltr'>tradent</span> <span class='ocrx_word' id='word_1_372' title='bbox 3635 493 3753 536; x_wconf 76' lang='lat' dir='ltr'>vos,</span> 
     </span>
    </p>
   </div>
   <div class='ocr_carea' id='block_1_49' title="bbox 2121 567 3762 642">
    <p class='ocr_par' dir='ltr' id='par_1_49' title="bbox 2121 567 3762 642">
     <span class='ocr_line' id='line_1_49' title="bbox 2121 567 3762 642; baseline 0.001 -21"><span class='ocrx_word' id='word_1_373' title='bbox 2121 567 2293 621; x_wconf 87' lang='lat' dir='ltr'>nolite</span> <span class='ocrx_word' id='word_1_374' title='bbox 2307 567 2558 638; x_wconf 88' lang='lat' dir='ltr'>cogitare</span> <span class='ocrx_word' id='word_1_375' title='bbox 2581 570 2888 639; x_wconf 89' lang='lat' dir='ltr'>quomodo,</span> <span class='ocrx_word' id='word_1_376' title='bbox 2905 576 3005 626; x_wconf 90' lang='lat' dir='ltr'>aut</span> <span class='ocrx_word' id='word_1_377' title='bbox 3016 571 3154 642; x_wconf 90' lang='lat' dir='ltr'>quid</span> <span class='ocrx_word' id='word_1_378' title='bbox 3173 570 3509 642; x_wconf 88' lang='lat' dir='ltr'>loquamini,</span> <span class='ocrx_word' id='word_1_379' title='bbox 3528 571 3762 625; x_wconf 85' lang='lat' dir='ltr'>dabitur</span> 
     </span>
    </p>
   </div>
   <div class='ocr_carea' id='block_1_50' title="bbox 2119 661 3763 736">
    <p class='ocr_par' dir='ltr' id='par_1_50' title="bbox 2119 661 3763 736">
     <span class='ocr_line' id='line_1_50' title="bbox 2119 661 3763 736; baseline 0.001 -20"><span class='ocrx_word' id='word_1_380' title='bbox 2119 662 2271 716; x_wconf 89' lang='lat' dir='ltr'>enim</span> <span class='ocrx_word' id='word_1_381' title='bbox 2316 661 2374 716; x_wconf 90' lang='lat' dir='ltr'>in</span> <span class='ocrx_word' id='word_1_382' title='bbox 2423 661 2517 715; x_wconf 87' lang='lat' dir='ltr'>illa</span> <span class='ocrx_word' id='word_1_383' title='bbox 2567 662 2706 717; x_wconf 88' lang='lat' dir='ltr'>hora</span> <span class='ocrx_word' id='word_1_384' title='bbox 2742 663 2878 734; x_wconf 90' lang='lat' dir='ltr'>quid</span> <span class='ocrx_word' id='word_1_385' title='bbox 2927 665 3271 736; x_wconf 88' lang='lat' dir='ltr'>loquamini;</span> <span class='ocrx_word' id='word_1_386' title='bbox 3306 680 3419 718; x_wconf 92' lang='lat' dir='ltr'>non</span> <span class='ocrx_word' id='word_1_387' title='bbox 3463 663 3620 718; x_wconf 88' lang='lat' dir='ltr'>enim</span> <span class='ocrx_word' id='word_1_388' title='bbox 3657 681 3763 717; x_wconf 89' lang='lat' dir='ltr'>vos</span> 
     </span>
    </p>
   </div>
   <div class='ocr_carea' id='block_1_51' title="bbox 2121 754 3760 829">
    <p class='ocr_par' dir='ltr' id='par_1_51' title="bbox 2121 754 3760 829">
     <span class='ocr_line' id='line_1_51' title="bbox 2121 754 3760 829; baseline 0.002 -22"><span class='ocrx_word' id='word_1_389' title='bbox 2121 754 2252 809; x_wconf 89' lang='lat' dir='ltr'>estis</span> <span class='ocrx_word' id='word_1_390' title='bbox 2293 755 2390 826; x_wconf 90' lang='lat' dir='ltr'>qui</span> <span class='ocrx_word' id='word_1_391' title='bbox 2434 755 2760 826; x_wconf 91' lang='lat' dir='ltr'>loquimini,</span> <span class='ocrx_word' id='word_1_392' title='bbox 2793 758 2887 812; x_wconf 92' lang='lat' dir='ltr'>sed</span> <span class='ocrx_word' id='word_1_393' title='bbox 2940 758 3179 829; x_wconf 87' lang='lat' dir='ltr'>Spiritus</span> <span class='ocrx_word' id='word_1_394' title='bbox 3219 758 3396 812; x_wconf 89' lang='lat' dir='ltr'>Patris</span> <span class='ocrx_word' id='word_1_395' title='bbox 3436 758 3611 811; x_wconf 81' lang='lat' dir='ltr'>vestri</span> <span class='ocrx_word' id='word_1_396' title='bbox 3657 760 3760 828; x_wconf 87' lang='lat' dir='ltr'>qui</span> 
     </span>
    </p>
   </div>
   <div class='ocr_carea' id='block_1_52' title="bbox 2120 847 3761 918">
    <p class='ocr_par' dir='ltr' id='par_1_52' title="bbox 2120 847 3761 918">
     <span class='ocr_line' id='line_1_52' title="bbox 2120 847 3761 918; baseline 0.002 -17"><span class='ocrx_word' id='word_1_397' title='bbox 2120 847 2375 918; x_wconf 89' lang='lat' dir='ltr'>loquitur</span> <span class='ocrx_word' id='word_1_398' title='bbox 2419 850 2476 902; x_wconf 90' lang='lat' dir='ltr'>in</span> <span class='ocrx_word' id='word_1_399' title='bbox 2503 849 2680 903; x_wconf 86' lang='lat' dir='ltr'>vobis:</span> <span class='ocrx_word' id='word_1_400' title='bbox 2706 850 2914 905; x_wconf 88' lang='lat' dir='ltr'>Tradet</span> <span class='ocrx_word' id='word_1_401' title='bbox 2951 854 3148 905; x_wconf 90' lang='lat' dir='ltr'>autem</span> <span class='ocrx_word' id='word_1_402' title='bbox 3191 851 3366 906; x_wconf 89' lang='lat' dir='ltr'>frater</span> <span class='ocrx_word' id='word_1_403' title='bbox 3409 851 3654 905; x_wconf 86' lang='lat' dir='ltr'>fratrem</span> <span class='ocrx_word' id='word_1_404' title='bbox 3701 852 3761 904; x_wconf 90' lang='lat' dir='ltr'>in</span> 
     </span>
    </p>
   </div>
   <div class='ocr_carea' id='block_1_53' title="bbox 2120 943 3760 1017">
    <p class='ocr_par' dir='ltr' id='par_1_53' title="bbox 2120 943 3760 1017">
     <span class='ocr_line' id='line_1_53' title="bbox 2120 943 3760 1017; baseline 0.001 -22"><span class='ocrx_word' id='word_1_405' title='bbox 2120 945 2386 1008; x_wconf 90' lang='lat' dir='ltr'>mortem,</span> <span class='ocrx_word' id='word_1_406' title='bbox 2418 947 2476 996; x_wconf 90' lang='lat' dir='ltr'>et</span> <span class='ocrx_word' id='word_1_407' title='bbox 2499 948 2666 1012; x_wconf 90' lang='lat' dir='ltr'>pater</span> <span class='ocrx_word' id='word_1_408' title='bbox 2692 943 2893 1014; x_wconf 84' lang='lat' dir='ltr'>ﬁlium,</span> <span class='ocrx_word' id='word_1_409' title='bbox 2927 949 2983 998; x_wconf 90' lang='lat' dir='ltr'>et</span> <span class='ocrx_word' id='word_1_410' title='bbox 3009 949 3321 1017; x_wconf 84' lang='lat' dir='ltr'>exsurgent</span> <span class='ocrx_word' id='word_1_411' title='bbox 3347 944 3447 998; x_wconf 85' lang='grc'><strong>11111</strong></span> <span class='ocrx_word' id='word_1_412' title='bbox 3467 945 3526 998; x_wconf 90' lang='grc'>111</span> <span class='ocrx_word' id='word_1_413' title='bbox 3551 961 3760 1015; x_wconf 85' lang='lat' dir='ltr'>paren-</span> 
     </span>
    </p>
   </div>
   <div class='ocr_carea' id='block_1_54' title="bbox 2119 1037 3762 1110">
    <p class='ocr_par' dir='ltr' id='par_1_54' title="bbox 2119 1037 3762 1110">
     <span class='ocr_line' id='line_1_54' title="bbox 2119 1037 3762 1110; baseline 0.002 -21"><span class='ocrx_word' id='word_1_414' title='bbox 2119 1041 2202 1090; x_wconf 88' lang='lat' dir='ltr'>tes</span> <span class='ocrx_word' id='word_1_415' title='bbox 2223 1040 2280 1091; x_wconf 91' lang='lat' dir='ltr'>et</span> <span class='ocrx_word' id='word_1_416' title='bbox 2300 1039 2484 1090; x_wconf 90' lang='lat' dir='ltr'>morte</span> <span class='ocrx_word' id='word_1_417' title='bbox 2518 1053 2617 1090; x_wconf 94' lang='lat' dir='ltr'>eos</span> <span class='ocrx_word' id='word_1_418' title='bbox 2644 1037 2913 1106; x_wconf 85' lang='lat' dir='ltr'>afﬁcient,</span> <span class='ocrx_word' id='word_1_419' title='bbox 2937 1043 2992 1094; x_wconf 89' lang='lat' dir='ltr'>et</span> <span class='ocrx_word' id='word_1_420' title='bbox 3015 1039 3170 1093; x_wconf 90' lang='lat' dir='ltr'>eritis</span> <span class='ocrx_word' id='word_1_421' title='bbox 3189 1039 3318 1093; x_wconf 90' lang='lat' dir='ltr'>odio</span> <span class='ocrx_word' id='word_1_422' title='bbox 3341 1038 3612 1093; x_wconf 92' lang='lat' dir='ltr'>omnibus</span> <span class='ocrx_word' id='word_1_423' title='bbox 3633 1056 3762 1110; x_wconf 88' lang='lat' dir='ltr'>pro-</span> 
     </span>
    </p>
   </div>
   <div class='ocr_carea' id='block_1_55' title="bbox 2120 1132 3760 1204">
    <p class='ocr_par' dir='ltr' id='par_1_55' title="bbox 2120 1132 3760 1204">
     <span class='ocr_line' id='line_1_55' title="bbox 2120 1132 3760 1204; baseline 0.001 -20"><span class='ocrx_word' id='word_1_424' title='bbox 2120 1133 2246 1200; x_wconf 88' lang='lat' dir='ltr'>pter</span> <span class='ocrx_word' id='word_1_425' title='bbox 2276 1146 2486 1184; x_wconf 90' lang='lat' dir='ltr'>nomen</span> <span class='ocrx_word' id='word_1_426' title='bbox 2517 1147 2732 1185; x_wconf 90' lang='lat' dir='ltr'>meum.</span> <span class='ocrx_word' id='word_1_427' title='bbox 2755 1132 2859 1195; x_wconf 87' lang='lat' dir='ltr'>Qui</span> <span class='ocrx_word' id='word_1_428' title='bbox 2882 1138 3071 1187; x_wconf 90' lang='lat' dir='ltr'>autem</span> <span class='ocrx_word' id='word_1_429' title='bbox 3101 1134 3552 1204; x_wconf 86' lang='lat' dir='ltr'>perseveraverit</span> <span class='ocrx_word' id='word_1_430' title='bbox 3578 1149 3760 1202; x_wconf 86' lang='lat' dir='ltr'>usque</span> 
     </span>
    </p>
   </div>
   <div class='ocr_carea' id='block_1_56' title="bbox 2122 1223 3764 1296">
    <p class='ocr_par' dir='ltr' id='par_1_56' title="bbox 2122 1223 3764 1296">
     <span class='ocr_line' id='line_1_56' title="bbox 2122 1223 3764 1296; baseline 0.002 -20"><span class='ocrx_word' id='word_1_431' title='bbox 2122 1223 2178 1276; x_wconf 91' lang='lat' dir='ltr'>in</span> <span class='ocrx_word' id='word_1_432' title='bbox 2207 1223 2401 1289; x_wconf 86' lang='lat' dir='ltr'>tinem,</span> <span class='ocrx_word' id='word_1_433' title='bbox 2434 1223 2525 1278; x_wconf 89' lang='lat' dir='ltr'>hic</span> <span class='ocrx_word' id='word_1_434' title='bbox 2569 1224 2750 1278; x_wconf 89' lang='lat' dir='ltr'>salvus</span> <span class='ocrx_word' id='word_1_435' title='bbox 2779 1225 2888 1280; x_wconf 91' lang='lat' dir='ltr'>erit</span> <span class='ocrx_word' id='word_1_436' title='bbox 2917 1226 3131 1294; x_wconf 85' lang='lat' dir='ltr'>(Matth.</span> <span class='ocrx_word' id='word_1_437' title='bbox 3164 1243 3221 1294; x_wconf 71' lang='grc' dir='ltr'><strong>Χ,</strong></span> <span class='ocrx_word' id='word_1_438' title='bbox 3255 1229 3462 1296; x_wconf 79' lang='grc'>16-27).</span> <span class='ocrx_word' id='word_1_439' title='bbox 3496 1249 3522 1276; x_wconf 92' lang='grc'><strong>››</strong></span> <span class='ocrx_word' id='word_1_440' title='bbox 3555 1227 3764 1280; x_wconf 89' lang='lat' dir='ltr'>Linum</span> 
     </span>
    </p>
   </div>
   <div class='ocr_carea' id='block_1_57' title="bbox 2121 1318 3761 1393">
    <p class='ocr_par' dir='ltr' id='par_1_57' title="bbox 2121 1318 3761 1393">
     <span class='ocr_line' id='line_1_57' title="bbox 2121 1318 3761 1393; baseline 0.002 -23"><span class='ocrx_word' id='word_1_441' title='bbox 2121 1333 2368 1388; x_wconf 90' lang='lat' dir='ltr'>namque</span> <span class='ocrx_word' id='word_1_442' title='bbox 2397 1322 2453 1372; x_wconf 91' lang='lat' dir='ltr'>et</span> <span class='ocrx_word' id='word_1_443' title='bbox 2481 1318 2700 1373; x_wconf 88' lang='lat' dir='ltr'>Cletum</span> <span class='ocrx_word' id='word_1_444' title='bbox 2729 1319 2869 1374; x_wconf 88' lang='lat' dir='ltr'>nihil</span> <span class='ocrx_word' id='word_1_445' title='bbox 2901 1319 3114 1392; x_wconf 88' lang='lat' dir='ltr'>legitur</span> <span class='ocrx_word' id='word_1_446' title='bbox 3140 1337 3393 1393; x_wconf 90' lang='lat' dir='ltr'>unquam</span> <span class='ocrx_word' id='word_1_447' title='bbox 3419 1338 3490 1376; x_wconf 82' lang='lat' dir='ltr'>ex</span> <span class='ocrx_word' id='word_1_448' title='bbox 3521 1320 3761 1391; x_wconf 57' lang='lat' dir='ltr'>pontiﬁ-</span> 
     </span>
    </p>
   </div>
   <div class='ocr_carea' id='block_1_58' title="bbox 2122 1411 3766 1486">
    <p class='ocr_par' dir='ltr' id='par_1_58' title="bbox 2122 1411 3766 1486">
     <span class='ocr_line' id='line_1_58' title="bbox 2122 1411 3766 1486; baseline 0.002 -22"><span class='ocrx_word' id='word_1_449' title='bbox 2122 1411 2229 1466; x_wconf 89' lang='lat' dir='ltr'>cali</span> <span class='ocrx_word' id='word_1_450' title='bbox 2260 1411 2578 1466; x_wconf 89' lang='lat' dir='ltr'>ministerio</span> <span class='ocrx_word' id='word_1_451' title='bbox 2625 1412 2805 1482; x_wconf 91' lang='lat' dir='ltr'>egisse</span> <span class='ocrx_word' id='word_1_452' title='bbox 2851 1414 3208 1484; x_wconf 90' lang='lat' dir='ltr'>potestative,</span> <span class='ocrx_word' id='word_1_453' title='bbox 3237 1415 3332 1470; x_wconf 89' lang='lat' dir='ltr'>sed</span> <span class='ocrx_word' id='word_1_454' title='bbox 3363 1419 3652 1486; x_wconf 87' lang='lat' dir='ltr'>quantum</span> <span class='ocrx_word' id='word_1_455' title='bbox 3686 1415 3766 1468; x_wconf 90' lang='lat' dir='ltr'>eis</span> 
     </span>
    </p>
   </div>
   <div class='ocr_carea' id='block_1_59' title="bbox 2123 1505 3766 1578">
    <p class='ocr_par' dir='ltr' id='par_1_59' title="bbox 2123 1505 3766 1578">
     <span class='ocr_line' id='line_1_59' title="bbox 2123 1505 3766 1578; baseline 0.001 -19"><span class='ocrx_word' id='word_1_456' title='bbox 2123 1522 2156 1559; x_wconf 89' lang='lat' dir='ltr'>a</span> <span class='ocrx_word' id='word_1_457' title='bbox 2188 1505 2355 1560; x_wconf 91' lang='lat' dir='ltr'>beato</span> <span class='ocrx_word' id='word_1_458' title='bbox 2402 1506 2570 1560; x_wconf 91' lang='lat' dir='ltr'>Petro</span> <span class='ocrx_word' id='word_1_459' title='bbox 2618 1507 3076 1578; x_wconf 65' lang='lat' dir='ltr'>prmcipiebatur,</span> <span class='ocrx_word' id='word_1_460' title='bbox 3120 1512 3344 1563; x_wconf 90' lang='lat' dir='ltr'>tantum</span> <span class='ocrx_word' id='word_1_461' title='bbox 3389 1509 3766 1563; x_wconf 87' lang='lat' dir='ltr'>solummodo</span> 
     </span>
    </p>
   </div>
   <div class='ocr_carea' id='block_1_60' title="bbox 2121 1599 3765 1674">
    <p class='ocr_par' dir='ltr' id='par_1_60' title="bbox 2121 1599 3765 1674">
     <span class='ocr_line' id='line_1_60' title="bbox 2121 1599 3765 1674; baseline 0.002 -22"><span class='ocrx_word' id='word_1_462' title='bbox 2121 1599 2383 1670; x_wconf 89' lang='lat' dir='ltr'>agebant.</span> <span class='ocrx_word' id='word_1_463' title='bbox 2401 1601 2536 1653; x_wconf 90' lang='lat' dir='ltr'>Nam</span> <span class='ocrx_word' id='word_1_464' title='bbox 2550 1604 2604 1655; x_wconf 90' lang='lat' dir='ltr'>et</span> <span class='ocrx_word' id='word_1_465' title='bbox 2616 1600 2677 1655; x_wconf 92' lang='lat' dir='ltr'>in</span> <span class='ocrx_word' id='word_1_466' title='bbox 2690 1617 2908 1657; x_wconf 87' lang='lat' dir='ltr'>canone</span> <span class='ocrx_word' id='word_1_467' title='bbox 2924 1603 3135 1672; x_wconf 89' lang='lat' dir='ltr'>legitur</span> <span class='ocrx_word' id='word_1_468' title='bbox 3145 1602 3370 1656; x_wconf 75' lang='lat' dir='ltr'>Nicaeno</span> <span class='ocrx_word' id='word_1_469' title='bbox 3385 1619 3398 1656; x_wconf 89' lang='lat'>:</span> <span class='ocrx_word' id='word_1_470' title='bbox 3414 1603 3765 1674; x_wconf 86' lang='lat' dir='ltr'>Episcopum</span> 
     </span>
    </p>
   </div>
   <div class='ocr_carea' id='block_1_61' title="bbox 2126 1694 3765 1768">
    <p class='ocr_par' dir='ltr' id='par_1_61' title="bbox 2126 1694 3765 1768">
     <span class='ocr_line' id='line_1_61' title="bbox 2126 1694 3765 1768; baseline 0.002 -22"><span class='ocrx_word' id='word_1_471' title='bbox 2126 1709 2372 1765; x_wconf 90' lang='lat' dir='ltr'>namque</span> <span class='ocrx_word' id='word_1_472' title='bbox 2403 1694 2667 1749; x_wconf 89' lang='lat' dir='ltr'>convenit</span> <span class='ocrx_word' id='word_1_473' title='bbox 2708 1695 2956 1750; x_wconf 84' lang='lat' dir='ltr'>maxime</span> <span class='ocrx_word' id='word_1_474' title='bbox 2987 1695 3219 1766; x_wconf 89' lang='lat' dir='ltr'>quidem</span> <span class='ocrx_word' id='word_1_475' title='bbox 3264 1697 3336 1750; x_wconf 91' lang='lat' dir='ltr'>ab</span> <span class='ocrx_word' id='word_1_476' title='bbox 3363 1697 3636 1751; x_wconf 90' lang='lat' dir='ltr'>omnibus</span> <span class='ocrx_word' id='word_1_477' title='bbox 3665 1698 3765 1768; x_wconf 89' lang='lat' dir='ltr'>qui</span> 
     </span>
    </p>
   </div>
   <div class='ocr_carea' id='block_1_62' title="bbox 2123 1787 3765 1860">
    <p class='ocr_par' dir='ltr' id='par_1_62' title="bbox 2123 1787 3765 1860">
     <span class='ocr_line' id='line_1_62' title="bbox 2123 1787 3765 1860; baseline 0.001 -20"><span class='ocrx_word' id='word_1_478' title='bbox 2123 1791 2254 1840; x_wconf 90' lang='lat' dir='ltr'>sunt</span> <span class='ocrx_word' id='word_1_479' title='bbox 2289 1787 2348 1842; x_wconf 92' lang='lat' dir='ltr'>in</span> <span class='ocrx_word' id='word_1_480' title='bbox 2390 1787 2678 1859; x_wconf 87' lang='lat' dir='ltr'>provincia</span> <span class='ocrx_word' id='word_1_481' title='bbox 2707 1788 2987 1860; x_wconf 87' lang='lat' dir='ltr'>episcopis</span> <span class='ocrx_word' id='word_1_482' title='bbox 3034 1789 3308 1844; x_wconf 90' lang='lat' dir='ltr'>ordinari.</span> <span class='ocrx_word' id='word_1_483' title='bbox 3335 1789 3392 1845; x_wconf 94' lang='lat' dir='ltr'>Si</span> <span class='ocrx_word' id='word_1_484' title='bbox 3420 1794 3622 1844; x_wconf 89' lang='lat' dir='ltr'>autem</span> <span class='ocrx_word' id='word_1_485' title='bbox 3659 1790 3765 1843; x_wconf 82' lang='lat' dir='ltr'>hoc</span> 
     </span>
    </p>
   </div>
   <div class='ocr_carea' id='block_1_63' title="bbox 2123 1881 3763 1954">
    <p class='ocr_par' dir='ltr' id='par_1_63' title="bbox 2123 1881 3763 1954">
     <span class='ocr_line' id='line_1_63' title="bbox 2123 1881 3763 1954; baseline 0.001 -20"><span class='ocrx_word' id='word_1_486' title='bbox 2123 1881 2352 1934; x_wconf 78' lang='lat' dir='ltr'>difficile</span> <span class='ocrx_word' id='word_1_487' title='bbox 2379 1881 2569 1949; x_wconf 90' lang='lat' dir='ltr'>fuerit,</span> <span class='ocrx_word' id='word_1_488' title='bbox 2601 1887 2698 1937; x_wconf 88' lang='lat' dir='ltr'>aut</span> <span class='ocrx_word' id='word_1_489' title='bbox 2725 1887 2958 1954; x_wconf 88' lang='lat' dir='ltr'>propter</span> <span class='ocrx_word' id='word_1_490' title='bbox 3001 1882 3306 1938; x_wconf 89' lang='lat' dir='ltr'>instantem</span> <span class='ocrx_word' id='word_1_491' title='bbox 3338 1883 3763 1944; x_wconf 85' lang='lat' dir='ltr'>necessitatem,</span> 
     </span>
    </p>
   </div>
   <div class='ocr_carea' id='block_1_64' title="bbox 2124 1975 3767 2046">
    <p class='ocr_par' dir='ltr' id='par_1_64' title="bbox 2124 1975 3767 2046">
     <span class='ocr_line' id='line_1_64' title="bbox 2124 1975 3767 2046; baseline 0.001 -18"><span class='ocrx_word' id='word_1_492' title='bbox 2124 1980 2224 2028; x_wconf 90' lang='lat' dir='ltr'>aut</span> <span class='ocrx_word' id='word_1_493' title='bbox 2267 1978 2500 2045; x_wconf 90' lang='lat' dir='ltr'>propter</span> <span class='ocrx_word' id='word_1_494' title='bbox 2543 1976 2759 2030; x_wconf 89' lang='lat' dir='ltr'>itineris</span> <span class='ocrx_word' id='word_1_495' title='bbox 2802 1975 3244 2046; x_wconf 91' lang='lat' dir='ltr'>longitudinem,</span> <span class='ocrx_word' id='word_1_496' title='bbox 3273 1994 3306 2030; x_wconf 91' lang='lat' dir='ltr'>a</span> <span class='ocrx_word' id='word_1_497' title='bbox 3343 1977 3524 2031; x_wconf 90' lang='lat' dir='ltr'>tribus</span> <span class='ocrx_word' id='word_1_498' title='bbox 3573 1982 3767 2030; x_wconf 86' lang='lat' dir='ltr'>tamen</span> 
     </span>
    </p>
   </div>
   <div class='ocr_carea' id='block_1_65' title="bbox 2125 2068 3764 2140">
    <p class='ocr_par' dir='ltr' id='par_1_65' title="bbox 2125 2068 3764 2140">
     <span class='ocr_line' id='line_1_65' title="bbox 2125 2068 3764 2140; baseline 0.001 -18"><span class='ocrx_word' id='word_1_499' title='bbox 2125 2068 2469 2123; x_wconf 89' lang='lat' dir='ltr'>omnimodis</span> <span class='ocrx_word' id='word_1_500' title='bbox 2507 2068 2564 2122; x_wconf 93' lang='lat' dir='ltr'>in</span> <span class='ocrx_word' id='word_1_501' title='bbox 2604 2069 2851 2140; x_wconf 89' lang='lat' dir='ltr'>idipsum</span> <span class='ocrx_word' id='word_1_502' title='bbox 2889 2071 3378 2140; x_wconf 88' lang='lat' dir='ltr'>convenientibus,</span> <span class='ocrx_word' id='word_1_503' title='bbox 3409 2075 3465 2125; x_wconf 91' lang='lat' dir='ltr'>et</span> <span class='ocrx_word' id='word_1_504' title='bbox 3504 2071 3764 2125; x_wconf 53' lang='lat' dir='ltr'>absenti-</span> 
     </span>
    </p>
   </div>
   <div class='ocr_carea' id='block_1_66' title="bbox 2125 2163 3767 2236">
    <p class='ocr_par' dir='ltr' id='par_1_66' title="bbox 2125 2163 3767 2236">
     <span class='ocr_line' id='line_1_66' title="bbox 2125 2163 3767 2236; baseline 0.001 -21"><span class='ocrx_word' id='word_1_505' title='bbox 2125 2163 2228 2215; x_wconf 89' lang='lat' dir='ltr'>bus</span> <span class='ocrx_word' id='word_1_506' title='bbox 2255 2179 2481 2234; x_wconf 89' lang='lat' dir='ltr'>quoque</span> <span class='ocrx_word' id='word_1_507' title='bbox 2506 2163 2626 2234; x_wconf 90' lang='lat' dir='ltr'>pari</span> <span class='ocrx_word' id='word_1_508' title='bbox 2657 2163 2832 2218; x_wconf 92' lang='lat' dir='ltr'>modo</span> <span class='ocrx_word' id='word_1_509' title='bbox 2861 2163 3317 2234; x_wconf 85' lang='lat' dir='ltr'>decernentibus,</span> <span class='ocrx_word' id='word_1_510' title='bbox 3341 2171 3397 2220; x_wconf 84' lang='lat' dir='ltr'>et</span> <span class='ocrx_word' id='word_1_511' title='bbox 3425 2181 3528 2236; x_wconf 92' lang='lat' dir='ltr'>per</span> <span class='ocrx_word' id='word_1_512' title='bbox 3547 2166 3767 2236; x_wconf 78' lang='lat' dir='ltr'>scripta</span> 
     </span>
    </p>
   </div>
   <div class='ocr_carea' id='block_1_67' title="bbox 2124 2233 3768 2327">
    <p class='ocr_par' dir='ltr' id='par_1_67' title="bbox 2124 2233 3768 2327">
     <span class='ocr_line' id='line_1_67' title="bbox 2124 2233 3768 2327; baseline -0.001 -16"><span class='ocrx_word' id='word_1_513' title='bbox 2124 2256 2610 2311; x_wconf 89' lang='lat' dir='ltr'>consentientibus</span> <span class='ocrx_word' id='word_1_514' title='bbox 2650 2260 2781 2311; x_wconf 90' lang='lat' dir='ltr'>tunc</span> <span class='ocrx_word' id='word_1_515' title='bbox 2822 2257 3103 2313; x_wconf 89' lang='lat' dir='ltr'>ordinatio</span> <span class='ocrx_word' id='word_1_516' title='bbox 3149 2259 3489 2327; x_wconf 89' lang='lat' dir='ltr'>celebretur,</span> <span class='ocrx_word' id='word_1_517' title='bbox 3519 2233 3768 2312; x_wconf 46' lang='lat' dir='ltr'>firmitas</span> 
     </span>
    </p>
   </div>
   <div class='ocr_carea' id='block_1_68' title="bbox 2124 2351 3766 2424">
    <p class='ocr_par' dir='ltr' id='par_1_68' title="bbox 2124 2351 3766 2424">
     <span class='ocr_line' id='line_1_68' title="bbox 2124 2351 3766 2424; baseline 0 -19"><span class='ocrx_word' id='word_1_518' title='bbox 2124 2355 2315 2405; x_wconf 88' lang='lat' dir='ltr'>autem</span> <span class='ocrx_word' id='word_1_519' title='bbox 2343 2366 2538 2404; x_wconf 90' lang='lat' dir='ltr'>eorum</span> <span class='ocrx_word' id='word_1_520' title='bbox 2569 2351 2667 2422; x_wconf 90' lang='lat' dir='ltr'>qui</span> <span class='ocrx_word' id='word_1_521' title='bbox 2699 2355 2978 2422; x_wconf 89' lang='lat' dir='ltr'>geruntur</span> <span class='ocrx_word' id='word_1_522' title='bbox 3003 2368 3108 2423; x_wconf 91' lang='lat' dir='ltr'>per</span> <span class='ocrx_word' id='word_1_523' title='bbox 3133 2369 3602 2424; x_wconf 89' lang='lat' dir='ltr'>unamquamque</span> <span class='ocrx_word' id='word_1_524' title='bbox 3630 2370 3766 2423; x_wconf 88' lang='lat' dir='ltr'>pro-</span> 
     </span>
    </p>
   </div>
   <div class='ocr_carea' id='block_1_69' title="bbox 2125 2444 3772 2518">
    <p class='ocr_par' dir='ltr' id='par_1_69' title="bbox 2125 2444 3772 2518">
     <span class='ocr_line' id='line_1_69' title="bbox 2125 2444 3772 2518; baseline 0.002 -21"><span class='ocrx_word' id='word_1_525' title='bbox 2125 2444 2365 2498; x_wconf 90' lang='lat' dir='ltr'>vinciam</span> <span class='ocrx_word' id='word_1_526' title='bbox 2408 2444 2844 2514; x_wconf 85' lang='lat' dir='ltr'>metropolitano</span> <span class='ocrx_word' id='word_1_527' title='bbox 2893 2445 3176 2500; x_wconf 88' lang='lat' dir='ltr'>tribuatur</span> <span class='ocrx_word' id='word_1_528' title='bbox 3219 2446 3509 2518; x_wconf 90' lang='lat' dir='ltr'>episcopo.</span> <span class='ocrx_word' id='word_1_529' title='bbox 3554 2446 3772 2501; x_wconf 87' lang='lat' dir='ltr'>Omnia</span> 
     </span>
    </p>
   </div>
   <div class='ocr_carea' id='block_1_70' title="bbox 2125 2537 3771 2610">
    <p class='ocr_par' dir='ltr' id='par_1_70' title="bbox 2125 2537 3771 2610">
     <span class='ocr_line' id='line_1_70' title="bbox 2125 2537 3771 2610; baseline 0 -18"><span class='ocrx_word' id='word_1_530' title='bbox 2125 2554 2350 2609; x_wconf 91' lang='lat' dir='ltr'>quoque</span> <span class='ocrx_word' id='word_1_531' title='bbox 2369 2537 2622 2592; x_wconf 81' lang='lat' dir='ltr'>maxima</span> <span class='ocrx_word' id='word_1_532' title='bbox 2643 2538 2879 2594; x_wconf 89' lang='lat' dir='ltr'>concilia</span> <span class='ocrx_word' id='word_1_533' title='bbox 2907 2538 3195 2594; x_wconf 81' lang='lat' dir='ltr'>afﬁrmant</span> <span class='ocrx_word' id='word_1_534' title='bbox 3216 2556 3346 2594; x_wconf 89' lang='lat' dir='ltr'>eum</span> <span class='ocrx_word' id='word_1_535' title='bbox 3370 2557 3485 2594; x_wconf 90' lang='lat' dir='ltr'>non</span> <span class='ocrx_word' id='word_1_536' title='bbox 3505 2557 3630 2594; x_wconf 82' lang='lat' dir='ltr'>esse</span> <span class='ocrx_word' id='word_1_537' title='bbox 3652 2542 3771 2610; x_wconf 87' lang='lat' dir='ltr'>epi-</span> 
     </span>
    </p>
   </div>
   <div class='ocr_carea' id='block_1_71' title="bbox 2126 2631 3772 2706">
    <p class='ocr_par' dir='ltr' id='par_1_71' title="bbox 2126 2631 3772 2706">
     <span class='ocr_line' id='line_1_71' title="bbox 2126 2631 3772 2706; baseline 0 -21"><span class='ocrx_word' id='word_1_538' title='bbox 2126 2648 2382 2702; x_wconf 91' lang='lat' dir='ltr'>scopum,</span> <span class='ocrx_word' id='word_1_539' title='bbox 2402 2631 2500 2702; x_wconf 89' lang='lat' dir='ltr'>qui</span> <span class='ocrx_word' id='word_1_540' title='bbox 2521 2631 2708 2685; x_wconf 90' lang='lat' dir='ltr'>minus</span> <span class='ocrx_word' id='word_1_541' title='bbox 2733 2649 2909 2703; x_wconf 91' lang='lat' dir='ltr'>quam</span> <span class='ocrx_word' id='word_1_542' title='bbox 2932 2650 2964 2687; x_wconf 91' lang='lat' dir='ltr'>a</span> <span class='ocrx_word' id='word_1_543' title='bbox 2984 2633 3244 2688; x_wconf 89' lang='lat' dir='ltr'>Patribus</span> <span class='ocrx_word' id='word_1_544' title='bbox 3269 2634 3554 2706; x_wconf 88' lang='lat' dir='ltr'>episcopis</span> <span class='ocrx_word' id='word_1_545' title='bbox 3574 2640 3772 2687; x_wconf 85' lang='lat' dir='ltr'>aucto-</span> 
     </span>
    </p>
   </div>
   <div class='ocr_carea' id='block_1_72' title="bbox 2126 2724 3768 2799">
    <p class='ocr_par' dir='ltr' id='par_1_72' title="bbox 2126 2724 3768 2799">
     <span class='ocr_line' id='line_1_72' title="bbox 2126 2724 3768 2799; baseline 0.001 -20"><span class='ocrx_word' id='word_1_546' title='bbox 2126 2726 2288 2780; x_wconf 88' lang='lat' dir='ltr'>ritate</span> <span class='ocrx_word' id='word_1_547' title='bbox 2315 2724 2487 2779; x_wconf 89' lang='lat' dir='ltr'>etiam</span> <span class='ocrx_word' id='word_1_548' title='bbox 2524 2727 2944 2796; x_wconf 89' lang='lat' dir='ltr'>metropolitani</span> <span class='ocrx_word' id='word_1_549' title='bbox 2988 2726 3160 2782; x_wconf 86' lang='lat' dir='ltr'>fuerit</span> <span class='ocrx_word' id='word_1_550' title='bbox 3199 2727 3380 2784; x_wconf 88' lang='lat' dir='ltr'>factus</span> <span class='ocrx_word' id='word_1_551' title='bbox 3429 2728 3768 2799; x_wconf 85' lang='lat' dir='ltr'>episcopus;</span> 
     </span>
    </p>
   </div>
   <div class='ocr_carea' id='block_1_73' title="bbox 2126 2819 3772 2892">
    <p class='ocr_par' dir='ltr' id='par_1_73' title="bbox 2126 2819 3772 2892">
     <span class='ocr_line' id='line_1_73' title="bbox 2126 2819 3772 2892; baseline 0.002 -21"><span class='ocrx_word' id='word_1_552' title='bbox 2126 2819 2369 2890; x_wconf 85' lang='lat' dir='ltr'>ideoque</span> <span class='ocrx_word' id='word_1_553' title='bbox 2397 2819 2522 2873; x_wconf 91' lang='lat' dir='ltr'>illos</span> <span class='ocrx_word' id='word_1_554' title='bbox 2542 2835 2686 2890; x_wconf 89' lang='lat' dir='ltr'>quos</span> <span class='ocrx_word' id='word_1_555' title='bbox 2714 2821 3109 2892; x_wconf 91' lang='lat' dir='ltr'>corepiscopos</span> <span class='ocrx_word' id='word_1_556' title='bbox 3135 2821 3368 2887; x_wconf 88' lang='lat' dir='ltr'>vocatis,</span> <span class='ocrx_word' id='word_1_557' title='bbox 3390 2821 3522 2892; x_wconf 90' lang='lat' dir='ltr'>quia</span> <span class='ocrx_word' id='word_1_558' title='bbox 3549 2822 3622 2874; x_wconf 83' lang='lat' dir='ltr'>ab</span> <span class='ocrx_word' id='word_1_559' title='bbox 3645 2838 3772 2875; x_wconf 91' lang='lat' dir='ltr'>uno</span> 
     </span>
    </p>
   </div>
   <div class='ocr_carea' id='block_1_74' title="bbox 2129 2911 3774 2984">
    <p class='ocr_par' dir='ltr' id='par_1_74' title="bbox 2129 2911 3774 2984">
     <span class='ocr_line' id='line_1_74' title="bbox 2129 2911 3774 2984; baseline 0.002 -20"><span class='ocrx_word' id='word_1_560' title='bbox 2129 2915 2190 2964; x_wconf 92' lang='lat' dir='ltr'>ut</span> <span class='ocrx_word' id='word_1_561' title='bbox 2213 2911 2531 2966; x_wconf 90' lang='lat' dir='ltr'>audivimus</span> <span class='ocrx_word' id='word_1_562' title='bbox 2556 2911 2701 2966; x_wconf 85' lang='lat' dir='ltr'>ﬁunt</span> <span class='ocrx_word' id='word_1_563' title='bbox 2723 2913 2987 2984; x_wconf 89' lang='lat' dir='ltr'>episcopo</span> <span class='ocrx_word' id='word_1_564' title='bbox 3023 2913 3313 2984; x_wconf 88' lang='lat' dir='ltr'>episcopos</span> <span class='ocrx_word' id='word_1_565' title='bbox 3345 2931 3457 2968; x_wconf 91' lang='lat' dir='ltr'>non</span> <span class='ocrx_word' id='word_1_566' title='bbox 3488 2931 3636 2980; x_wconf 88' lang='lat' dir='ltr'>esse,</span> <span class='ocrx_word' id='word_1_567' title='bbox 3659 2931 3774 2968; x_wconf 75' lang='lat' dir='ltr'>nec</span> 
     </span>
    </p>
   </div>
   <div class='ocr_carea' id='block_1_75' title="bbox 2126 3005 3775 3079">
    <p class='ocr_par' dir='ltr' id='par_1_75' title="bbox 2126 3005 3775 3079">
     <span class='ocr_line' id='line_1_75' title="bbox 2126 3005 3775 3079; baseline 0.001 -20"><span class='ocrx_word' id='word_1_568' title='bbox 2126 3005 2336 3076; x_wconf 89' lang='lat' dir='ltr'>aliquid</span> <span class='ocrx_word' id='word_1_569' title='bbox 2363 3005 2432 3060; x_wconf 90' lang='lat' dir='ltr'>de</span> <span class='ocrx_word' id='word_1_570' title='bbox 2459 3005 2773 3076; x_wconf 86' lang='lat' dir='ltr'>pontiﬁcali</span> <span class='ocrx_word' id='word_1_571' title='bbox 2797 3005 3095 3078; x_wconf 89' lang='lat' dir='ltr'>privilegio</span> <span class='ocrx_word' id='word_1_572' title='bbox 3116 3023 3284 3078; x_wconf 89' lang='lat' dir='ltr'>agere</span> <span class='ocrx_word' id='word_1_573' title='bbox 3307 3007 3515 3062; x_wconf 90' lang='lat' dir='ltr'>debere</span> <span class='ocrx_word' id='word_1_574' title='bbox 3546 3009 3775 3079; x_wconf 78' lang='lat' dir='ltr'>perSpi-</span> 
     </span>
    </p>
   </div>
   <div class='ocr_carea' id='block_1_76' title="bbox 2127 3099 3776 3172">
    <p class='ocr_par' dir='ltr' id='par_1_76' title="bbox 2127 3099 3776 3172">
     <span class='ocr_line' id='line_1_76' title="bbox 2127 3099 3776 3172; baseline 0.001 -20"><span class='ocrx_word' id='word_1_575' title='bbox 2127 3115 2295 3152; x_wconf 89' lang='lat' dir='ltr'>cuum</span> <span class='ocrx_word' id='word_1_576' title='bbox 2325 3102 2428 3168; x_wconf 91' lang='lat' dir='ltr'>est,</span> <span class='ocrx_word' id='word_1_577' title='bbox 2451 3099 2725 3169; x_wconf 89' lang='lat' dir='ltr'>quoniam</span> <span class='ocrx_word' id='word_1_578' title='bbox 2756 3099 2801 3152; x_wconf 92' lang='lat' dir='ltr'>si</span> <span class='ocrx_word' id='word_1_579' title='bbox 2826 3116 3039 3154; x_wconf 88' lang='lat' dir='ltr'>nomen</span> <span class='ocrx_word' id='word_1_580' title='bbox 3072 3117 3190 3154; x_wconf 91' lang='lat' dir='ltr'>non</span> <span class='ocrx_word' id='word_1_581' title='bbox 3211 3100 3445 3168; x_wconf 89' lang='lat' dir='ltr'>habent,</span> <span class='ocrx_word' id='word_1_582' title='bbox 3470 3103 3776 3172; x_wconf 88' lang='lat' dir='ltr'>quomodo</span> 
     </span>
    </p>
   </div>
   <div class='ocr_carea' id='block_1_77' title="bbox 2127 3192 3772 3265">
    <p class='ocr_par' dir='ltr' id='par_1_77' title="bbox 2127 3192 3772 3265">
     <span class='ocr_line' id='line_1_77' title="bbox 2127 3192 3772 3265; baseline 0.002 -19"><span class='ocrx_word' id='word_1_583' title='bbox 2127 3193 2377 3246; x_wconf 86' lang='lat' dir='ltr'>ofticium</span> <span class='ocrx_word' id='word_1_584' title='bbox 2406 3197 2638 3263; x_wconf 89' lang='lat' dir='ltr'>possunt</span> <span class='ocrx_word' id='word_1_585' title='bbox 2668 3192 2920 3248; x_wconf 79' lang='lat' dir='ltr'>habere?</span> <span class='ocrx_word' id='word_1_586' title='bbox 2941 3193 2994 3247; x_wconf 93' lang='lat' dir='ltr'>Si</span> <span class='ocrx_word' id='word_1_587' title='bbox 3015 3209 3152 3263; x_wconf 91' lang='lat' dir='ltr'>ergo</span> <span class='ocrx_word' id='word_1_588' title='bbox 3183 3194 3434 3265; x_wconf 90' lang='lat' dir='ltr'>episcopi</span> <span class='ocrx_word' id='word_1_589' title='bbox 3460 3211 3579 3249; x_wconf 89' lang='lat' dir='ltr'>non</span> <span class='ocrx_word' id='word_1_590' title='bbox 3606 3204 3772 3258; x_wconf 87' lang='lat' dir='ltr'>sunt,</span> 
     </span>
    </p>
   </div>
   <div class='ocr_carea' id='block_1_78' title="bbox 2128 3286 3775 3359">
    <p class='ocr_par' dir='ltr' id='par_1_78' title="bbox 2128 3286 3775 3359">
     <span class='ocr_line' id='line_1_78' title="bbox 2128 3286 3775 3359; baseline 0.002 -19"><span class='ocrx_word' id='word_1_591' title='bbox 2128 3291 2185 3340; x_wconf 91' lang='lat' dir='ltr'>et</span> <span class='ocrx_word' id='word_1_592' title='bbox 2213 3286 2524 3357; x_wconf 84' lang='lat' dir='ltr'>presbyteri</span> <span class='ocrx_word' id='word_1_593' title='bbox 2550 3302 2796 3357; x_wconf 90' lang='lat' dir='ltr'>quorum</span> <span class='ocrx_word' id='word_1_594' title='bbox 2823 3288 3002 3342; x_wconf 90' lang='lat' dir='ltr'>vicem</span> <span class='ocrx_word' id='word_1_595' title='bbox 3029 3293 3256 3358; x_wconf 89' lang='lat' dir='ltr'>gerunt,</span> <span class='ocrx_word' id='word_1_596' title='bbox 3288 3289 3424 3359; x_wconf 90' lang='lat' dir='ltr'>quia</span> <span class='ocrx_word' id='word_1_597' title='bbox 3454 3289 3529 3342; x_wconf 90' lang='lat' dir='ltr'>ad</span> <span class='ocrx_word' id='word_1_598' title='bbox 3561 3306 3775 3345; x_wconf 60' lang='lat' dir='ltr'>exem-</span> 
     </span>
    </p>
   </div>
   <div class='ocr_carea' id='block_1_79' title="bbox 2128 3379 3780 3453">
    <p class='ocr_par' dir='ltr' id='par_1_79' title="bbox 2128 3379 3780 3453">
     <span class='ocr_line' id='line_1_79' title="bbox 2128 3379 3780 3453; baseline 0.002 -20"><span class='ocrx_word' id='word_1_599' title='bbox 2128 3381 2287 3451; x_wconf 91' lang='lat' dir='ltr'>plum</span> <span class='ocrx_word' id='word_1_600' title='bbox 2308 3383 2365 3434; x_wconf 91' lang='lat' dir='ltr'>et</span> <span class='ocrx_word' id='word_1_601' title='bbox 2383 3379 2624 3434; x_wconf 89' lang='lat' dir='ltr'>formam</span> <span class='ocrx_word' id='word_1_602' title='bbox 2650 3380 3011 3451; x_wconf 89' lang='lat' dir='ltr'>septuaginta</span> <span class='ocrx_word' id='word_1_603' title='bbox 3030 3380 3166 3434; x_wconf 92' lang='lat' dir='ltr'>olim</span> <span class='ocrx_word' id='word_1_604' title='bbox 3193 3381 3406 3436; x_wconf 78' lang='lat' dir='ltr'>ﬁebant</span> <span class='ocrx_word' id='word_1_605' title='bbox 3435 3398 3555 3437; x_wconf 89' lang='lat' dir='ltr'>esse</span> <span class='ocrx_word' id='word_1_606' title='bbox 3579 3383 3780 3453; x_wconf 87' lang='lat' dir='ltr'>despi-</span> 
     </span>
    </p>
   </div>
   <div class='ocr_carea' id='block_1_80' title="bbox 2129 3473 3778 3546">
    <p class='ocr_par' dir='ltr' id='par_1_80' title="bbox 2129 3473 3778 3546">
     <span class='ocr_line' id='line_1_80' title="bbox 2129 3473 3778 3546; baseline 0.001 -18"><span class='ocrx_word' id='word_1_607' title='bbox 2129 3474 2306 3540; x_wconf 91' lang='lat' dir='ltr'>ciunt,</span> <span class='ocrx_word' id='word_1_608' title='bbox 2335 3473 2474 3545; x_wconf 90' lang='lat' dir='ltr'>quid</span> <span class='ocrx_word' id='word_1_609' title='bbox 2499 3474 2706 3528; x_wconf 86' lang='lat' dir='ltr'>erunt?</span> <span class='ocrx_word' id='word_1_610' title='bbox 2739 3475 2996 3529; x_wconf 86' lang='lat' dir='ltr'>Profecto</span> <span class='ocrx_word' id='word_1_611' title='bbox 3039 3476 3190 3546; x_wconf 90' lang='lat' dir='ltr'>quod</span> <span class='ocrx_word' id='word_1_612' title='bbox 3219 3476 3437 3530; x_wconf 89' lang='lat' dir='ltr'>ratione</span> <span class='ocrx_word' id='word_1_613' title='bbox 3465 3481 3640 3542; x_wconf 87' lang='lat' dir='ltr'>caret,</span> <span class='ocrx_word' id='word_1_614' title='bbox 3669 3483 3778 3530; x_wconf 87' lang='lat' dir='ltr'>aut</span> 
     </span>
    </p>
   </div>
   <div class='ocr_carea' id='block_1_81' title="bbox 2130 3567 3772 3641">
    <p class='ocr_par' dir='ltr' id='par_1_81' title="bbox 2130 3567 3772 3641">
     <span class='ocr_line' id='line_1_81' title="bbox 2130 3567 3772 3641; baseline 0.001 -19"><span class='ocrx_word' id='word_1_615' title='bbox 2130 3567 2292 3637; x_wconf 91' lang='lat' dir='ltr'>nihil,</span> <span class='ocrx_word' id='word_1_616' title='bbox 2323 3571 2422 3621; x_wconf 92' lang='lat' dir='ltr'>aut</span> <span class='ocrx_word' id='word_1_617' title='bbox 2452 3584 2651 3638; x_wconf 90' lang='lat' dir='ltr'>parum</span> <span class='ocrx_word' id='word_1_618' title='bbox 2678 3571 3007 3640; x_wconf 89' lang='lat' dir='ltr'>provectum</span> <span class='ocrx_word' id='word_1_619' title='bbox 3037 3575 3139 3625; x_wconf 90' lang='lat' dir='ltr'>est.</span> <span class='ocrx_word' id='word_1_620' title='bbox 3171 3570 3227 3626; x_wconf 91' lang='lat' dir='ltr'>Si</span> <span class='ocrx_word' id='word_1_621' title='bbox 3265 3570 3390 3641; x_wconf 89' lang='lat' dir='ltr'>quis</span> <span class='ocrx_word' id='word_1_622' title='bbox 3417 3569 3486 3624; x_wconf 90' lang='lat' dir='ltr'>de</span> <span class='ocrx_word' id='word_1_623' title='bbox 3517 3570 3607 3624; x_wconf 87' lang='lat' dir='ltr'>his</span> <span class='ocrx_word' id='word_1_624' title='bbox 3639 3587 3772 3623; x_wconf 87' lang='lat' dir='ltr'>am-</span> 
     </span>
    </p>
   </div>
   <div class='ocr_carea' id='block_1_82' title="bbox 2128 3661 3778 3734">
    <p class='ocr_par' dir='ltr' id='par_1_82' title="bbox 2128 3661 3778 3734">
     <span class='ocr_line' id='line_1_82' title="bbox 2128 3661 3778 3734; baseline 0.001 -18"><span class='ocrx_word' id='word_1_625' title='bbox 2128 3662 2294 3734; x_wconf 85' lang='lat' dir='ltr'>plius,</span> <span class='ocrx_word' id='word_1_626' title='bbox 2326 3666 2382 3716; x_wconf 91' lang='lat' dir='ltr'>et</span> <span class='ocrx_word' id='word_1_627' title='bbox 2408 3661 2564 3734; x_wconf 92' lang='lat' dir='ltr'>quod</span> <span class='ocrx_word' id='word_1_628' title='bbox 2594 3662 2715 3718; x_wconf 85' lang='lat' dir='ltr'>ﬁeri</span> <span class='ocrx_word' id='word_1_629' title='bbox 2759 3679 2874 3717; x_wconf 91' lang='lat' dir='ltr'>non</span> <span class='ocrx_word' id='word_1_630' title='bbox 2913 3663 3083 3718; x_wconf 87' lang='lat' dir='ltr'>debet</span> <span class='ocrx_word' id='word_1_631' title='bbox 3133 3664 3376 3718; x_wconf 86' lang='lat' dir='ltr'>voluerit</span> <span class='ocrx_word' id='word_1_632' title='bbox 3414 3665 3573 3732; x_wconf 87' lang='lat' dir='ltr'>scire,</span> <span class='ocrx_word' id='word_1_633' title='bbox 3608 3665 3778 3734; x_wconf 85' lang='lat' dir='ltr'>legat</span> 
     </span>
    </p>
   </div>
   <div class='ocr_carea' id='block_1_83' title="bbox 2129 3755 3774 3828">
    <p class='ocr_par' dir='ltr' id='par_1_83' title="bbox 2129 3755 3774 3828">
     <span class='ocr_line' id='line_1_83' title="bbox 2129 3755 3774 3828; baseline 0.001 -18"><span class='ocrx_word' id='word_1_634' title='bbox 2129 3755 2528 3827; x_wconf 81' lang='lat' dir='ltr'>praedictorum</span> <span class='ocrx_word' id='word_1_635' title='bbox 2558 3756 2990 3827; x_wconf 90' lang='lat' dir='ltr'>apostolicorum</span> <span class='ocrx_word' id='word_1_636' title='bbox 3026 3758 3274 3825; x_wconf 89' lang='lat' dir='ltr'>decreta,</span> <span class='ocrx_word' id='word_1_637' title='bbox 3298 3761 3356 3811; x_wconf 89' lang='lat' dir='ltr'>et</span> <span class='ocrx_word' id='word_1_638' title='bbox 3382 3758 3460 3812; x_wconf 88' lang='lat' dir='ltr'>ibi</span> <span class='ocrx_word' id='word_1_639' title='bbox 3490 3760 3774 3828; x_wconf 87' lang='lat' dir='ltr'>reperiet.</span> 
     </span>
    </p>
   </div>
   <div class='ocr_carea' id='block_1_84' title="bbox 2131 3849 3770 3922">
    <p class='ocr_par' dir='ltr' id='par_1_84' title="bbox 2131 3849 3770 3922">
     <span class='ocr_line' id='line_1_84' title="bbox 2131 3849 3770 3922; baseline 0.001 -18"><span class='ocrx_word' id='word_1_640' title='bbox 2131 3851 2207 3905; x_wconf 91' lang='lat' dir='ltr'>De</span> <span class='ocrx_word' id='word_1_641' title='bbox 2234 3849 2439 3921; x_wconf 91' lang='lat' dir='ltr'>quibus</span> <span class='ocrx_word' id='word_1_642' title='bbox 2467 3850 2661 3920; x_wconf 90' lang='lat' dir='ltr'>aliqua</span> <span class='ocrx_word' id='word_1_643' title='bbox 2689 3854 2747 3904; x_wconf 89' lang='lat' dir='ltr'>et</span> <span class='ocrx_word' id='word_1_644' title='bbox 2776 3850 2869 3906; x_wconf 89' lang='lat' dir='ltr'>hic</span> <span class='ocrx_word' id='word_1_645' title='bbox 2909 3851 3157 3907; x_wconf 90' lang='lat' dir='ltr'>inserere</span> <span class='ocrx_word' id='word_1_646' title='bbox 3196 3851 3434 3922; x_wconf 90' lang='lat' dir='ltr'>dignum</span> <span class='ocrx_word' id='word_1_647' title='bbox 3466 3851 3770 3906; x_wconf 79' lang='lat' dir='ltr'>duximus.</span> 
     </span>
    </p>
   </div>
   <div class='ocr_carea' id='block_1_85' title="bbox 2129 3943 3771 4017">
    <p class='ocr_par' dir='ltr' id='par_1_85' title="bbox 2129 3943 3771 4017">
     <span class='ocr_line' id='line_1_85' title="bbox 2129 3943 3771 4017; baseline 0 -17"><span class='ocrx_word' id='word_1_648' title='bbox 2129 3945 2183 4000; x_wconf 89' lang='lat' dir='ltr'>Si</span> <span class='ocrx_word' id='word_1_649' title='bbox 2217 3943 2444 3998; x_wconf 92' lang='lat' dir='ltr'>Domini</span> <span class='ocrx_word' id='word_1_650' title='bbox 2482 3944 2868 3999; x_wconf 89' lang='lat' dir='ltr'>desideramus</span> <span class='ocrx_word' id='word_1_651' title='bbox 2894 3961 3015 4001; x_wconf 89' lang='lat' dir='ltr'>esse</span> <span class='ocrx_word' id='word_1_652' title='bbox 3047 3945 3307 4016; x_wconf 89' lang='lat' dir='ltr'>discipuli</span> <span class='ocrx_word' id='word_1_653' title='bbox 3353 3945 3526 4017; x_wconf 88' lang='lat' dir='ltr'>ipsius</span> <span class='ocrx_word' id='word_1_654' title='bbox 3565 3945 3771 4000; x_wconf 81' lang='lat' dir='ltr'>imite-</span> 
     </span>
    </p>
   </div>
   <div class='ocr_carea' id='block_1_86' title="bbox 2131 4037 3772 4110">
    <p class='ocr_par' dir='ltr' id='par_1_86' title="bbox 2131 4037 3772 4110">
     <span class='ocr_line' id='line_1_86' title="bbox 2131 4037 3772 4110; baseline 0.001 -18"><span class='ocrx_word' id='word_1_655' title='bbox 2131 4054 2262 4093; x_wconf 92' lang='lat' dir='ltr'>mur</span> <span class='ocrx_word' id='word_1_656' title='bbox 2287 4037 2543 4110; x_wconf 89' lang='lat' dir='ltr'>vestigia,</span> <span class='ocrx_word' id='word_1_657' title='bbox 2575 4043 2639 4092; x_wconf 91' lang='lat' dir='ltr'>ut</span> <span class='ocrx_word' id='word_1_658' title='bbox 2665 4038 2735 4093; x_wconf 92' lang='lat' dir='ltr'>de</span> <span class='ocrx_word' id='word_1_659' title='bbox 2782 4039 2944 4094; x_wconf 92' lang='lat' dir='ltr'>nobis</span> <span class='ocrx_word' id='word_1_660' title='bbox 2992 4039 3214 4094; x_wconf 87' lang='lat' dir='ltr'>dicatur</span> <span class='ocrx_word' id='word_1_661' title='bbox 3242 4057 3254 4093; x_wconf 88' lang='lat'><strong>:</strong></span> <span class='ocrx_word' id='word_1_662' title='bbox 3288 4061 3315 4087; x_wconf 87' lang='lat'><strong>«</strong></span> <span class='ocrx_word' id='word_1_663' title='bbox 3346 4041 3458 4109; x_wconf 86' lang='lat' dir='ltr'>Ego</span> <span class='ocrx_word' id='word_1_664' title='bbox 3491 4055 3622 4093; x_wconf 89' lang='lat' dir='ltr'>sum</span> <span class='ocrx_word' id='word_1_665' title='bbox 3659 4056 3772 4110; x_wconf 85' lang='lat' dir='ltr'>pa-</span> 
     </span>
    </p>
   </div>
   <div class='ocr_carea' id='block_1_87' title="bbox 2131 4132 3770 4201">
    <p class='ocr_par' dir='ltr' id='par_1_87' title="bbox 2131 4132 3770 4201">
     <span class='ocr_line' id='line_1_87' title="bbox 2131 4132 3770 4201; baseline 0.001 -14"><span class='ocrx_word' id='word_1_666' title='bbox 2131 4137 2250 4187; x_wconf 92' lang='lat' dir='ltr'>stor</span> <span class='ocrx_word' id='word_1_667' title='bbox 2271 4132 2457 4186; x_wconf 89' lang='lat' dir='ltr'>bonus</span> <span class='ocrx_word' id='word_1_668' title='bbox 2485 4137 2541 4186; x_wconf 90' lang='lat' dir='ltr'>et</span> <span class='ocrx_word' id='word_1_669' title='bbox 2567 4148 2813 4201; x_wconf 85' lang='lat' dir='ltr'>agnosco</span> <span class='ocrx_word' id='word_1_670' title='bbox 2843 4149 2974 4188; x_wconf 87' lang='lat' dir='ltr'>oves</span> <span class='ocrx_word' id='word_1_671' title='bbox 2999 4149 3178 4201; x_wconf 89' lang='lat' dir='ltr'>meas,</span> <span class='ocrx_word' id='word_1_672' title='bbox 3212 4138 3268 4188; x_wconf 89' lang='lat' dir='ltr'>et</span> <span class='ocrx_word' id='word_1_673' title='bbox 3293 4149 3426 4188; x_wconf 86' lang='lat' dir='ltr'>voco</span> <span class='ocrx_word' id='word_1_674' title='bbox 3452 4150 3542 4188; x_wconf 90' lang='lat' dir='ltr'>eas</span> <span class='ocrx_word' id='word_1_675' title='bbox 3571 4135 3770 4188; x_wconf 87' lang='lat' dir='ltr'>nomi-</span> 
     </span>
    </p>
   </div>
   <div class='ocr_carea' id='block_1_88' title="bbox 2129 4226 3770 4297">
    <p class='ocr_par' dir='ltr' id='par_1_88' title="bbox 2129 4226 3770 4297">
     <span class='ocr_line' id='line_1_88' title="bbox 2129 4226 3770 4297; baseline 0 -15"><span class='ocrx_word' id='word_1_676' title='bbox 2129 4226 2328 4296; x_wconf 88' lang='lat' dir='ltr'>natim,</span> <span class='ocrx_word' id='word_1_677' title='bbox 2373 4230 2429 4282; x_wconf 89' lang='lat' dir='ltr'>et</span> <span class='ocrx_word' id='word_1_678' title='bbox 2471 4231 2824 4297; x_wconf 90' lang='lat' dir='ltr'>cognoscunt</span> <span class='ocrx_word' id='word_1_679' title='bbox 2867 4243 2958 4282; x_wconf 87' lang='lat' dir='ltr'>me</span> <span class='ocrx_word' id='word_1_680' title='bbox 3003 4244 3145 4282; x_wconf 75' lang='lat' dir='ltr'>meae</span> <span class='ocrx_word' id='word_1_681' title='bbox 3173 4229 3321 4297; x_wconf 87' lang='lat' dir='ltr'>(Luc.</span> <span class='ocrx_word' id='word_1_682' title='bbox 3360 4244 3412 4297; x_wconf 86' lang='lat' dir='ltr'>x,</span> <span class='ocrx_word' id='word_1_683' title='bbox 3443 4228 3550 4297; x_wconf 71' lang='grc'><strong>14),</strong></span> <span class='ocrx_word' id='word_1_684' title='bbox 3585 4250 3613 4275; x_wconf 80' lang='grc'><strong>››</strong></span> <span class='ocrx_word' id='word_1_685' title='bbox 3651 4231 3770 4282; x_wconf 87' lang='lat' dir='ltr'>etc.</span> 
     </span>
    </p>
   </div>
   <div class='ocr_carea' id='block_1_89' title="bbox 2131 4321 3772 4393">
    <p class='ocr_par' dir='ltr' id='par_1_89' title="bbox 2131 4321 3772 4393">
     <span class='ocr_line' id='line_1_89' title="bbox 2131 4321 3772 4393; baseline 0 -17"><span class='ocrx_word' id='word_1_686' title='bbox 2131 4323 2198 4376; x_wconf 87' lang='lat' dir='ltr'>Et</span> <span class='ocrx_word' id='word_1_687' title='bbox 2236 4321 2444 4375; x_wconf 90' lang='lat' dir='ltr'>iterum</span> <span class='ocrx_word' id='word_1_688' title='bbox 2488 4325 2762 4375; x_wconf 89' lang='lat' dir='ltr'>monente</span> <span class='ocrx_word' id='word_1_689' title='bbox 2807 4321 3116 4377; x_wconf 79' lang='lat' dir='ltr'>Dominicae</span> <span class='ocrx_word' id='word_1_690' title='bbox 3155 4321 3304 4376; x_wconf 89' lang='lat' dir='ltr'>vocis</span> <span class='ocrx_word' id='word_1_691' title='bbox 3351 4321 3616 4393; x_wconf 88' lang='lat' dir='ltr'>imperio,</span> <span class='ocrx_word' id='word_1_692' title='bbox 3646 4338 3772 4393; x_wconf 87' lang='lat' dir='ltr'>quo</span> 
     </span>
    </p>
   </div>
   <div class='ocr_carea' id='block_1_90' title="bbox 2131 4413 3770 4487">
    <p class='ocr_par' dir='ltr' id='par_1_90' title="bbox 2131 4413 3770 4487">
     <span class='ocr_line' id='line_1_90' title="bbox 2131 4413 3770 4487; baseline 0.001 -18"><span class='ocrx_word' id='word_1_693' title='bbox 2131 4413 2491 4470; x_wconf 88' lang='lat' dir='ltr'>beatissimus</span> <span class='ocrx_word' id='word_1_694' title='bbox 2521 4415 2806 4486; x_wconf 89' lang='lat' dir='ltr'>apostolus</span> <span class='ocrx_word' id='word_1_695' title='bbox 2835 4417 3035 4470; x_wconf 86' lang='lat' dir='ltr'>Petrus</span> <span class='ocrx_word' id='word_1_696' title='bbox 3071 4416 3223 4470; x_wconf 87' lang='lat' dir='ltr'>trina</span> <span class='ocrx_word' id='word_1_697' title='bbox 3267 4416 3599 4487; x_wconf 86' lang='lat' dir='ltr'>repetitione</span> <span class='ocrx_word' id='word_1_698' title='bbox 3635 4432 3770 4487; x_wconf 75' lang='lat' dir='ltr'>my-</span> 
     </span>
    </p>
   </div>
   <div class='ocr_carea' id='block_1_91' title="bbox 401 4507 3772 4588">
    <p class='ocr_par' dir='ltr' id='par_1_91' title="bbox 401 4507 3772 4588">
     <span class='ocr_line' id='line_1_91' title="bbox 401 4507 3772 4588; baseline -0.004 -12"><span class='ocrx_word' id='word_1_699' title='bbox 401 4521 663 4576; x_wconf 91' lang='lat' dir='ltr'>domum.</span> <span class='ocrx_word' id='word_1_700' title='bbox 686 4517 753 4571; x_wconf 89' lang='lat' dir='ltr'>Et</span> <span class='ocrx_word' id='word_1_701' title='bbox 776 4516 834 4570; x_wconf 91' lang='lat' dir='ltr'>in</span> <span class='ocrx_word' id='word_1_702' title='bbox 855 4528 1262 4587; x_wconf 90' lang='lat' dir='ltr'>quamcunque</span> <span class='ocrx_word' id='word_1_703' title='bbox 1282 4511 1566 4566; x_wconf 89' lang='lat' dir='ltr'>civitatem</span> <span class='ocrx_word' id='word_1_704' title='bbox 1594 4507 1955 4575; x_wconf 88' lang='lat' dir='ltr'>intraveritis,</span> <span class='ocrx_word' id='word_1_705' title='bbox 1975 4513 2031 4562; x_wconf 89' lang='lat' dir='ltr'>et</span> <span class='ocrx_word' id='word_1_706' title='bbox 2049 4516 2108 4588; x_wconf 85' lang='lat' dir='ltr'>D</span> <span class='ocrx_word' id='word_1_707' title='bbox 2132 4509 2284 4564; x_wconf 72' lang='lat' dir='ltr'>sticze</span> <span class='ocrx_word' id='word_1_708' title='bbox 2315 4508 2622 4564; x_wconf 77' lang='lat' dir='ltr'>sanationis</span> <span class='ocrx_word' id='word_1_709' title='bbox 2647 4509 2942 4579; x_wconf 89' lang='lat' dir='ltr'>imbuitur,</span> <span class='ocrx_word' id='word_1_710' title='bbox 2976 4515 3037 4566; x_wconf 91' lang='lat' dir='ltr'>ut</span> <span class='ocrx_word' id='word_1_711' title='bbox 3061 4509 3266 4567; x_wconf 86' lang='lat' dir='ltr'>Christi</span> <span class='ocrx_word' id='word_1_712' title='bbox 3300 4527 3433 4565; x_wconf 84' lang='lat' dir='ltr'>oves</span> <span class='ocrx_word' id='word_1_713' title='bbox 3472 4509 3572 4580; x_wconf 91' lang='lat' dir='ltr'>qui</span> <span class='ocrx_word' id='word_1_714' title='bbox 3596 4509 3772 4564; x_wconf 81' lang='lat' dir='ltr'>Chri-</span> 
     </span>
    </p>
   </div>
   <div class='ocr_carea' id='block_1_92' title="bbox 400 4603 2026 4685">
    <p class='ocr_par' dir='ltr' id='par_1_92' title="bbox 400 4603 2026 4685">
     <span class='ocr_line' id='line_1_92' title="bbox 400 4603 2026 4685; baseline -0.009 -15"><span class='ocrx_word' id='word_1_715' title='bbox 400 4612 753 4685; x_wconf 88' lang='lat' dir='ltr'>susceperint</span> <span class='ocrx_word' id='word_1_716' title='bbox 780 4627 899 4679; x_wconf 91' lang='lat' dir='ltr'>vos,</span> <span class='ocrx_word' id='word_1_717' title='bbox 928 4607 1268 4663; x_wconf 90' lang='lat' dir='ltr'>manducate</span> <span class='ocrx_word' id='word_1_718' title='bbox 1297 4621 1427 4678; x_wconf 58' lang='lat' dir='ltr'>quae</span> <span class='ocrx_word' id='word_1_719' title='bbox 1454 4609 1826 4676; x_wconf 87' lang='lat' dir='ltr'>apponuntur</span> <span class='ocrx_word' id='word_1_720' title='bbox 1852 4603 2026 4671; x_wconf 89' lang='lat' dir='ltr'>vobis,</span> 
     </span>
    </p>
   </div>
   <div class='ocr_carea' id='block_1_93' title="bbox 402 4696 2025 4774">
    <p class='ocr_par' dir='ltr' id='par_1_93' title="bbox 402 4696 2025 4774">
     <span class='ocr_line' id='line_1_93' title="bbox 402 4696 2025 4774; baseline -0.009 -10"><span class='ocrx_word' id='word_1_721' title='bbox 402 4713 461 4763; x_wconf 91' lang='lat' dir='ltr'>et</span> <span class='ocrx_word' id='word_1_722' title='bbox 486 4713 679 4763; x_wconf 90' lang='lat' dir='ltr'>curate</span> <span class='ocrx_word' id='word_1_723' title='bbox 715 4707 969 4760; x_wconf 77' lang='lat' dir='ltr'>inﬁmos</span> <span class='ocrx_word' id='word_1_724' title='bbox 1008 4703 1107 4774; x_wconf 92' lang='lat' dir='ltr'>qui</span> <span class='ocrx_word' id='word_1_725' title='bbox 1150 4703 1208 4756; x_wconf 90' lang='lat' dir='ltr'>in</span> <span class='ocrx_word' id='word_1_726' title='bbox 1248 4701 1346 4755; x_wconf 90' lang='lat' dir='ltr'>illa</span> <span class='ocrx_word' id='word_1_727' title='bbox 1387 4703 1539 4767; x_wconf 91' lang='lat' dir='ltr'>sunt,</span> <span class='ocrx_word' id='word_1_728' title='bbox 1569 4705 1625 4753; x_wconf 90' lang='lat' dir='ltr'>et</span> <span class='ocrx_word' id='word_1_729' title='bbox 1665 4697 1831 4752; x_wconf 89' lang='lat' dir='ltr'>dicite</span> <span class='ocrx_word' id='word_1_730' title='bbox 1879 4696 2025 4751; x_wconf 87' lang='lat' dir='ltr'>illis:</span> 
     </span>
    </p>
   </div>
   <div class='ocr_carea' id='block_1_94' title="bbox 401 4794 2030 4873">
    <p class='ocr_par' dir='ltr' id='par_1_94' title="bbox 401 4794 2030 4873">
     <span class='ocr_line' id='line_1_94' title="bbox 401 4794 2030 4873; baseline -0.006 -17"><span class='ocrx_word' id='word_1_731' title='bbox 401 4799 890 4873; x_wconf 80' lang='lat' dir='ltr'>Appropinquabit</span> <span class='ocrx_word' id='word_1_732' title='bbox 919 4797 976 4852; x_wconf 93' lang='lat' dir='ltr'>in</span> <span class='ocrx_word' id='word_1_733' title='bbox 1004 4814 1102 4852; x_wconf 90' lang='lat' dir='ltr'>vos</span> <span class='ocrx_word' id='word_1_734' title='bbox 1124 4811 1366 4867; x_wconf 89' lang='lat' dir='ltr'>regnum</span> <span class='ocrx_word' id='word_1_735' title='bbox 1393 4794 1512 4848; x_wconf 89' lang='lat' dir='ltr'>Dei.</span> <span class='ocrx_word' id='word_1_736' title='bbox 1541 4794 1600 4847; x_wconf 93' lang='lat' dir='ltr'>In</span> <span class='ocrx_word' id='word_1_737' title='bbox 1627 4807 2030 4863; x_wconf 90' lang='lat' dir='ltr'>quamcunque</span> 
     </span>
    </p>
   </div>
   <div class='ocr_carea' id='block_1_95' title="bbox 400 4886 2031 4959">
    <p class='ocr_par' dir='ltr' id='par_1_95' title="bbox 400 4886 2031 4959">
     <span class='ocr_line' id='line_1_95' title="bbox 400 4886 2031 4959; baseline -0.007 -9"><span class='ocrx_word' id='word_1_738' title='bbox 400 4896 683 4951; x_wconf 87' lang='lat' dir='ltr'>civitatem</span> <span class='ocrx_word' id='word_1_739' title='bbox 709 4891 1077 4958; x_wconf 88' lang='lat' dir='ltr'>intraveritis,</span> <span class='ocrx_word' id='word_1_740' title='bbox 1107 4896 1163 4945; x_wconf 88' lang='lat' dir='ltr'>et</span> <span class='ocrx_word' id='word_1_741' title='bbox 1192 4906 1309 4945; x_wconf 91' lang='lat' dir='ltr'>non</span> <span class='ocrx_word' id='word_1_742' title='bbox 1340 4886 1660 4959; x_wconf 88' lang='lat' dir='ltr'>receperint</span> <span class='ocrx_word' id='word_1_743' title='bbox 1685 4902 1800 4951; x_wconf 91' lang='lat' dir='ltr'>vos,</span> <span class='ocrx_word' id='word_1_744' title='bbox 1823 4901 2031 4940; x_wconf 82' lang='lat' dir='ltr'>exeun-</span> 
     </span>
    </p>
   </div>
   <div class='ocr_carea' id='block_1_96' title="bbox 403 4979 2025 5058">
    <p class='ocr_par' dir='ltr' id='par_1_96' title="bbox 403 4979 2025 5058">
     <span class='ocr_line' id='line_1_96' title="bbox 403 4979 2025 5058; baseline -0.007 -14"><span class='ocrx_word' id='word_1_745' title='bbox 403 4995 487 5045; x_wconf 90' lang='lat' dir='ltr'>tes</span> <span class='ocrx_word' id='word_1_746' title='bbox 518 4989 576 5042; x_wconf 89' lang='lat' dir='ltr'>in</span> <span class='ocrx_word' id='word_1_747' title='bbox 607 4986 805 5058; x_wconf 90' lang='lat' dir='ltr'>plateis</span> <span class='ocrx_word' id='word_1_748' title='bbox 831 4986 954 5056; x_wconf 88' lang='lat' dir='ltr'>ejus</span> <span class='ocrx_word' id='word_1_749' title='bbox 997 4983 1166 5040; x_wconf 90' lang='lat' dir='ltr'>dicite</span> <span class='ocrx_word' id='word_1_750' title='bbox 1197 5003 1210 5038; x_wconf 87' lang='lat'><strong>:</strong></span> <span class='ocrx_word' id='word_1_751' title='bbox 1245 4983 1429 5039; x_wconf 82' lang='lat' dir='ltr'>Etiam</span> <span class='ocrx_word' id='word_1_752' title='bbox 1472 4982 1766 5053; x_wconf 89' lang='lat' dir='ltr'>pulverem</span> <span class='ocrx_word' id='word_1_753' title='bbox 1803 4980 1902 5051; x_wconf 89' lang='lat' dir='ltr'>qui</span> <span class='ocrx_word' id='word_1_754' title='bbox 1930 4979 2025 5034; x_wconf 91' lang='lat' dir='ltr'>ad-</span> 
     </span>
    </p>
   </div>
   <div class='ocr_carea' id='block_1_97' title="bbox 402 5075 2026 5146">
    <p class='ocr_par' dir='ltr' id='par_1_97' title="bbox 402 5075 2026 5146">
     <span class='ocr_line' id='line_1_97' title="bbox 402 5075 2026 5146; baseline -0.007 -6"><span class='ocrx_word' id='word_1_755' title='bbox 402 5083 566 5140; x_wconf 66' lang='lat' dir='ltr'>haesit</span> <span class='ocrx_word' id='word_1_756' title='bbox 604 5080 771 5136; x_wconf 91' lang='lat' dir='ltr'>nobis</span> <span class='ocrx_word' id='word_1_757' title='bbox 809 5081 877 5134; x_wconf 89' lang='lat' dir='ltr'>de</span> <span class='ocrx_word' id='word_1_758' title='bbox 923 5079 1148 5133; x_wconf 86' lang='lat' dir='ltr'>civitate</span> <span class='ocrx_word' id='word_1_759' title='bbox 1190 5083 1376 5132; x_wconf 90' lang='lat' dir='ltr'>vestra</span> <span class='ocrx_word' id='word_1_760' title='bbox 1420 5076 1771 5146; x_wconf 82' lang='lat' dir='ltr'>extergimus</span> <span class='ocrx_word' id='word_1_761' title='bbox 1816 5075 1873 5128; x_wconf 91' lang='lat' dir='ltr'>in</span> <span class='ocrx_word' id='word_1_762' title='bbox 1901 5090 2026 5143; x_wconf 87' lang='lat' dir='ltr'>vos;</span> 
     </span>
    </p>
   </div>
   <div class='ocr_carea' id='block_1_98' title="bbox 401 5169 2026 5242">
    <p class='ocr_par' dir='ltr' id='par_1_98' title="bbox 401 5169 2026 5242">
     <span class='ocr_line' id='line_1_98' title="bbox 401 5169 2026 5242; baseline -0.008 -7"><span class='ocrx_word' id='word_1_763' title='bbox 401 5186 597 5235; x_wconf 89' lang='lat' dir='ltr'>tamen</span> <span class='ocrx_word' id='word_1_764' title='bbox 630 5177 753 5231; x_wconf 72' lang='lat' dir='ltr'>haec</span> <span class='ocrx_word' id='word_1_765' title='bbox 799 5173 1032 5241; x_wconf 83' lang='lat' dir='ltr'>scitote;</span> <span class='ocrx_word' id='word_1_766' title='bbox 1077 5172 1220 5236; x_wconf 90' lang='lat' dir='ltr'>Quia</span> <span class='ocrx_word' id='word_1_767' title='bbox 1263 5169 1741 5242; x_wconf 89' lang='lat' dir='ltr'>appropinquabit</span> <span class='ocrx_word' id='word_1_768' title='bbox 1785 5185 2026 5240; x_wconf 86' lang='lat' dir='ltr'>regnum</span> 
     </span>
    </p>
   </div>
   <div class='ocr_carea' id='block_1_99' title="bbox 403 5262 2029 5338">
    <p class='ocr_par' dir='ltr' id='par_1_99' title="bbox 403 5262 2029 5338">
     <span class='ocr_line' id='line_1_99' title="bbox 403 5262 2029 5338; baseline -0.008 -10"><span class='ocrx_word' id='word_1_769' title='bbox 403 5273 522 5328; x_wconf 91' lang='lat' dir='ltr'>Dei.</span> <span class='ocrx_word' id='word_1_770' title='bbox 557 5271 685 5326; x_wconf 92' lang='lat' dir='ltr'>Dico</span> <span class='ocrx_word' id='word_1_771' title='bbox 716 5266 873 5322; x_wconf 89' lang='lat' dir='ltr'>vobis</span> <span class='ocrx_word' id='word_1_772' title='bbox 908 5265 1042 5338; x_wconf 91' lang='lat' dir='ltr'>quia</span> <span class='ocrx_word' id='word_1_773' title='bbox 1068 5263 1327 5320; x_wconf 89' lang='lat' dir='ltr'>Sodomis</span> <span class='ocrx_word' id='word_1_774' title='bbox 1370 5265 1430 5317; x_wconf 91' lang='lat' dir='ltr'>in</span> <span class='ocrx_word' id='word_1_775' title='bbox 1467 5263 1564 5318; x_wconf 86' lang='lat' dir='ltr'>illa</span> <span class='ocrx_word' id='word_1_776' title='bbox 1602 5263 1694 5318; x_wconf 92' lang='lat' dir='ltr'>die</span> <span class='ocrx_word' id='word_1_777' title='bbox 1740 5262 2029 5317; x_wconf 88' lang='lat' dir='ltr'>remissius</span> 
     </span>
    </p>
   </div>
   <div class='ocr_carea' id='block_1_100' title="bbox 401 5355 2026 5437">
    <p class='ocr_par' dir='ltr' id='par_1_100' title="bbox 401 5355 2026 5437">
     <span class='ocr_line' id='line_1_100' title="bbox 401 5355 2026 5437; baseline -0.007 -16"><span class='ocrx_word' id='word_1_778' title='bbox 401 5367 511 5421; x_wconf 89' lang='lat' dir='ltr'>erit</span> <span class='ocrx_word' id='word_1_779' title='bbox 549 5380 719 5437; x_wconf 90' lang='lat' dir='ltr'>quam</span> <span class='ocrx_word' id='word_1_780' title='bbox 771 5360 855 5416; x_wconf 90' lang='lat' dir='ltr'>illi</span> <span class='ocrx_word' id='word_1_781' title='bbox 899 5358 1110 5414; x_wconf 88' lang='lat' dir='ltr'>civitati</span> <span class='ocrx_word' id='word_1_782' title='bbox 1138 5361 1279 5427; x_wconf 85' lang='lat' dir='ltr'>(Luc.</span> <span class='ocrx_word' id='word_1_783' title='bbox 1313 5373 1366 5426; x_wconf 90' lang='lat' dir='ltr'>x,</span> <span class='ocrx_word' id='word_1_784' title='bbox 1396 5355 1569 5423; x_wconf 82' lang='lat' dir='ltr'>l-l2).</span> <span class='ocrx_word' id='word_1_785' title='bbox 1605 5379 1631 5406; x_wconf 82' lang='lat'>»</span> <span class='ocrx_word' id='word_1_786' title='bbox 1681 5357 1747 5409; x_wconf 87' lang='lat' dir='ltr'>Et</span> <span class='ocrx_word' id='word_1_787' title='bbox 1792 5356 1850 5410; x_wconf 91' lang='lat' dir='ltr'>in</span> <span class='ocrx_word' id='word_1_788' title='bbox 1892 5357 2026 5410; x_wconf 83' lang='lat' dir='ltr'>Mat-</span> 
     </span>
    </p>
   </div>
   <div class='ocr_carea' id='block_1_101' title="bbox 401 5453 2028 5528">
    <p class='ocr_par' dir='ltr' id='par_1_101' title="bbox 401 5453 2028 5528">
     <span class='ocr_line' id='line_1_101' title="bbox 401 5453 2028 5528; baseline -0.006 -11"><span class='ocrx_word' id='word_1_789' title='bbox 401 5463 551 5517; x_wconf 68' lang='lat' dir='ltr'>thaso</span> <span class='ocrx_word' id='word_1_790' title='bbox 594 5457 943 5528; x_wconf 87' lang='lat' dir='ltr'>evangelista</span> <span class='ocrx_word' id='word_1_791' title='bbox 985 5453 1258 5524; x_wconf 90' lang='lat' dir='ltr'>scriptum</span> <span class='ocrx_word' id='word_1_792' title='bbox 1301 5457 1432 5506; x_wconf 89' lang='lat' dir='ltr'>est:</span> <span class='ocrx_word' id='word_1_793' title='bbox 1468 5454 1664 5508; x_wconf 83' lang='lat' dir='ltr'>«Ecce</span> <span class='ocrx_word' id='word_1_794' title='bbox 1709 5468 1818 5523; x_wconf 90' lang='lat' dir='ltr'>ego</span> <span class='ocrx_word' id='word_1_795' title='bbox 1867 5453 2028 5508; x_wconf 90' lang='lat' dir='ltr'>mitto</span> 
     </span>
    </p>
   </div>
   <div class='ocr_carea' id='block_1_102' title="bbox 399 5546 2025 5619">
    <p class='ocr_par' dir='ltr' id='par_1_102' title="bbox 399 5546 2025 5619">
     <span class='ocr_line' id='line_1_102' title="bbox 399 5546 2025 5619; baseline -0.006 -8"><span class='ocrx_word' id='word_1_796' title='bbox 399 5573 499 5611; x_wconf 88' lang='lat' dir='ltr'>vos</span> <span class='ocrx_word' id='word_1_797' title='bbox 525 5553 668 5608; x_wconf 91' lang='lat' dir='ltr'>sicut</span> <span class='ocrx_word' id='word_1_798' title='bbox 695 5567 830 5608; x_wconf 91' lang='lat' dir='ltr'>oves</span> <span class='ocrx_word' id='word_1_799' title='bbox 855 5550 914 5604; x_wconf 90' lang='lat' dir='ltr'>in</span> <span class='ocrx_word' id='word_1_800' title='bbox 950 5548 1139 5604; x_wconf 90' lang='lat' dir='ltr'>medio</span> <span class='ocrx_word' id='word_1_801' title='bbox 1165 5548 1453 5618; x_wconf 88' lang='lat' dir='ltr'>luporum.</span> <span class='ocrx_word' id='word_1_802' title='bbox 1494 5546 1686 5601; x_wconf 90' lang='lat' dir='ltr'>Estote</span> <span class='ocrx_word' id='word_1_803' title='bbox 1720 5563 1858 5618; x_wconf 89' lang='lat' dir='ltr'>ergo</span> <span class='ocrx_word' id='word_1_804' title='bbox 1884 5564 2025 5619; x_wconf 89' lang='lat' dir='ltr'>pru-</span> 
     </span>
    </p>
   </div>
   <div class='ocr_carea' id='block_1_103' title="bbox 399 5639 2023 5715">
    <p class='ocr_par' dir='ltr' id='par_1_103' title="bbox 399 5639 2023 5715">
     <span class='ocr_line' id='line_1_103' title="bbox 399 5639 2023 5715; baseline -0.004 -11"><span class='ocrx_word' id='word_1_805' title='bbox 399 5651 602 5704; x_wconf 90' lang='lat' dir='ltr'>dentes</span> <span class='ocrx_word' id='word_1_806' title='bbox 626 5646 770 5702; x_wconf 88' lang='lat' dir='ltr'>sicut</span> <span class='ocrx_word' id='word_1_807' title='bbox 805 5645 1118 5715; x_wconf 87' lang='lat' dir='ltr'>serpentes,</span> <span class='ocrx_word' id='word_1_808' title='bbox 1151 5644 1208 5696; x_wconf 92' lang='lat' dir='ltr'>et</span> <span class='ocrx_word' id='word_1_809' title='bbox 1238 5639 1522 5713; x_wconf 90' lang='lat' dir='ltr'>simplices</span> <span class='ocrx_word' id='word_1_810' title='bbox 1551 5639 1696 5695; x_wconf 91' lang='lat' dir='ltr'>sicut</span> <span class='ocrx_word' id='word_1_811' title='bbox 1724 5641 2023 5697; x_wconf 66' lang='lat' dir='ltr'>columbae.</span> 
     </span>
    </p>
   </div>
   <div class='ocr_carea' id='block_1_104' title="bbox 401 5733 2027 5807">
    <p class='ocr_par' dir='ltr' id='par_1_104' title="bbox 401 5733 2027 5807">
     <span class='ocr_line' id='line_1_104' title="bbox 401 5733 2027 5807; baseline -0.004 -9"><span class='ocrx_word' id='word_1_812' title='bbox 401 5745 606 5798; x_wconf 77' lang='lat' dir='ltr'>Cavete</span> <span class='ocrx_word' id='word_1_813' title='bbox 654 5745 846 5795; x_wconf 89' lang='lat' dir='ltr'>autem</span> <span class='ocrx_word' id='word_1_814' title='bbox 887 5738 958 5794; x_wconf 90' lang='lat' dir='ltr'>ab</span> <span class='ocrx_word' id='word_1_815' title='bbox 1002 5736 1349 5807; x_wconf 88' lang='lat' dir='ltr'>hominibus,</span> <span class='ocrx_word' id='word_1_816' title='bbox 1378 5734 1611 5791; x_wconf 88' lang='lat' dir='ltr'>tradent</span> <span class='ocrx_word' id='word_1_817' title='bbox 1639 5733 1794 5790; x_wconf 90' lang='lat' dir='ltr'>enim</span> <span class='ocrx_word' id='word_1_818' title='bbox 1829 5752 1924 5790; x_wconf 85' lang='lat' dir='ltr'>vos</span> <span class='ocrx_word' id='word_1_819' title='bbox 1969 5737 2027 5792; x_wconf 92' lang='lat' dir='ltr'>in</span> 
     </span>
    </p>
   </div>
   <div class='ocr_carea' id='block_1_105' title="bbox 403 5830 2028 5906">
    <p class='ocr_par' dir='ltr' id='par_1_105' title="bbox 403 5830 2028 5906">
     <span class='ocr_line' id='line_1_105' title="bbox 403 5830 2028 5906; baseline -0.001 -16"><span class='ocrx_word' id='word_1_820' title='bbox 403 5835 670 5902; x_wconf 87' lang='lat' dir='ltr'>conciliis,</span> <span class='ocrx_word' id='word_1_821' title='bbox 699 5837 757 5888; x_wconf 90' lang='lat' dir='ltr'>et</span> <span class='ocrx_word' id='word_1_822' title='bbox 795 5833 853 5887; x_wconf 90' lang='lat' dir='ltr'>in</span> <span class='ocrx_word' id='word_1_823' title='bbox 895 5832 1217 5906; x_wconf 85' lang='lat' dir='ltr'>Synagogis</span> <span class='ocrx_word' id='word_1_824' title='bbox 1261 5832 1376 5888; x_wconf 89' lang='lat' dir='ltr'>suis</span> <span class='ocrx_word' id='word_1_825' title='bbox 1417 5830 1792 5904; x_wconf 77' lang='lat' dir='ltr'>flagellabant</span> <span class='ocrx_word' id='word_1_826' title='bbox 1819 5847 1935 5899; x_wconf 88' lang='lat' dir='ltr'>vos,</span> <span class='ocrx_word' id='word_1_827' title='bbox 1972 5836 2028 5888; x_wconf 89' lang='lat' dir='ltr'>et</span> 
     </span>
    </p>
   </div>
   <div class='ocr_carea' id='block_1_106' title="bbox 2131 4602 3769 4676">
    <p class='ocr_par' dir='ltr' id='par_1_106' title="bbox 2131 4602 3769 4676">
     <span class='ocr_line' id='line_1_106' title="bbox 2131 4602 3769 4676; baseline 0.001 -19"><span class='ocrx_word' id='word_1_828' title='bbox 2131 4607 2282 4658; x_wconf 90' lang='lat' dir='ltr'>stum</span> <span class='ocrx_word' id='word_1_829' title='bbox 2321 4606 2492 4670; x_wconf 88' lang='lat' dir='ltr'>amat,</span> <span class='ocrx_word' id='word_1_830' title='bbox 2524 4602 2831 4675; x_wconf 90' lang='lat' dir='ltr'>diligenter</span> <span class='ocrx_word' id='word_1_831' title='bbox 2859 4607 3071 4659; x_wconf 88' lang='lat' dir='ltr'>etcum</span> <span class='ocrx_word' id='word_1_832' title='bbox 3110 4620 3320 4676; x_wconf 89' lang='lat' dir='ltr'>magna</span> <span class='ocrx_word' id='word_1_833' title='bbox 3359 4620 3494 4658; x_wconf 88' lang='lat' dir='ltr'>cura</span> <span class='ocrx_word' id='word_1_834' title='bbox 3543 4610 3769 4674; x_wconf 85' lang='lat' dir='ltr'>pascat,</span> 
     </span>
    </p>
   </div>
   <div class='ocr_carea' id='block_1_107' title="bbox 2131 4696 3770 4769">
    <p class='ocr_par' dir='ltr' id='par_1_107' title="bbox 2131 4696 3770 4769">
     <span class='ocr_line' id='line_1_107' title="bbox 2131 4696 3770 4769; baseline -0.001 -17"><span class='ocrx_word' id='word_1_835' title='bbox 2131 4697 2401 4768; x_wconf 91' lang='lat' dir='ltr'>quoniam</span> <span class='ocrx_word' id='word_1_836' title='bbox 2444 4697 2620 4768; x_wconf 88' lang='lat' dir='ltr'>ipsius</span> <span class='ocrx_word' id='word_1_837' title='bbox 2661 4702 2866 4752; x_wconf 65' lang='lat' dir='ltr'>sancta:</span> <span class='ocrx_word' id='word_1_838' title='bbox 2907 4698 3074 4767; x_wconf 89' lang='lat' dir='ltr'>sedis,</span> <span class='ocrx_word' id='word_1_839' title='bbox 3106 4698 3196 4753; x_wconf 89' lang='lat' dir='ltr'>cui</span> <span class='ocrx_word' id='word_1_840' title='bbox 3223 4713 3326 4769; x_wconf 90' lang='lat' dir='ltr'>per</span> <span class='ocrx_word' id='word_1_841' title='bbox 3353 4696 3770 4752; x_wconf 85' lang='lat' dir='ltr'>abundantiam</span> 
     </span>
    </p>
   </div>
   <div class='ocr_carea' id='block_1_108' title="bbox 2131 4790 3772 4864">
    <p class='ocr_par' dir='ltr' id='par_1_108' title="bbox 2131 4790 3772 4864">
     <span class='ocr_line' id='line_1_108' title="bbox 2131 4790 3772 4864; baseline 0.001 -20"><span class='ocrx_word' id='word_1_842' title='bbox 2131 4791 2338 4846; x_wconf 78' lang='lat' dir='ltr'>divinae</span> <span class='ocrx_word' id='word_1_843' title='bbox 2360 4791 2562 4862; x_wconf 68' lang='lat' dir='ltr'>gratia:</span> <span class='ocrx_word' id='word_1_844' title='bbox 2589 4807 2923 4862; x_wconf 69' lang='lat' dir='ltr'>praesumus,</span> <span class='ocrx_word' id='word_1_845' title='bbox 2940 4791 3116 4864; x_wconf 83' lang='lat' dir='ltr'>ipsius</span> <span class='ocrx_word' id='word_1_846' title='bbox 3137 4807 3330 4847; x_wconf 89' lang='lat' dir='ltr'>amore</span> <span class='ocrx_word' id='word_1_847' title='bbox 3359 4795 3416 4846; x_wconf 89' lang='lat' dir='ltr'>et</span> <span class='ocrx_word' id='word_1_848' title='bbox 3438 4790 3772 4846; x_wconf 85' lang='lat' dir='ltr'>reverentia</span> 
     </span>
    </p>
   </div>
   <div class='ocr_carea' id='block_1_109' title="bbox 2129 4885 3770 4958">
    <p class='ocr_par' dir='ltr' id='par_1_109' title="bbox 2129 4885 3770 4958">
     <span class='ocr_line' id='line_1_109' title="bbox 2129 4885 3770 4958; baseline 0 -18"><span class='ocrx_word' id='word_1_849' title='bbox 2129 4886 2519 4954; x_wconf 89' lang='lat' dir='ltr'>cohortamur,</span> <span class='ocrx_word' id='word_1_850' title='bbox 2551 4890 2614 4940; x_wconf 88' lang='lat' dir='ltr'>ut</span> <span class='ocrx_word' id='word_1_851' title='bbox 2638 4889 2810 4940; x_wconf 67' lang='lat' dir='ltr'>tanta:</span> <span class='ocrx_word' id='word_1_852' title='bbox 2841 4886 3260 4957; x_wconf 89' lang='lat' dir='ltr'>superstitionis</span> <span class='ocrx_word' id='word_1_853' title='bbox 3284 4903 3411 4958; x_wconf 77' lang='lat' dir='ltr'>quae,</span> <span class='ocrx_word' id='word_1_854' title='bbox 3437 4885 3652 4940; x_wconf 86' lang='lat' dir='ltr'>nullius</span> <span class='ocrx_word' id='word_1_855' title='bbox 3683 4886 3770 4954; x_wconf 81' lang='lat' dir='ltr'>(ut</span> 
     </span>
    </p>
   </div>
   <div class='ocr_carea' id='block_1_110' title="bbox 2130 4979 3765 5052">
    <p class='ocr_par' dir='ltr' id='par_1_110' title="bbox 2130 4979 3765 5052">
     <span class='ocr_line' id='line_1_110' title="bbox 2130 4979 3765 5052; baseline -0.001 -18"><span class='ocrx_word' id='word_1_856' title='bbox 2130 4995 2281 5052; x_wconf 65' lang='lat' dir='ltr'>saape</span> <span class='ocrx_word' id='word_1_857' title='bbox 2327 4979 2542 5034; x_wconf 89' lang='lat' dir='ltr'>dictum</span> <span class='ocrx_word' id='word_1_858' title='bbox 2591 4980 2692 5050; x_wconf 91' lang='lat' dir='ltr'>est)</span> <span class='ocrx_word' id='word_1_859' title='bbox 2732 4979 2962 5035; x_wconf 86' lang='lat' dir='ltr'>fulcitur</span> <span class='ocrx_word' id='word_1_860' title='bbox 3005 4980 3364 5050; x_wconf 86' lang='lat' dir='ltr'>auctoritate,</span> <span class='ocrx_word' id='word_1_861' title='bbox 3414 4979 3765 5051; x_wconf 88' lang='lat' dir='ltr'>periculum,</span> 
     </span>
    </p>
   </div>
   <div class='ocr_carea' id='block_1_111' title="bbox 2128 5073 3765 5147">
    <p class='ocr_par' dir='ltr' id='par_1_111' title="bbox 2128 5073 3765 5147">
     <span class='ocr_line' id='line_1_111' title="bbox 2128 5073 3765 5147; baseline -0.001 -19"><span class='ocrx_word' id='word_1_862' title='bbox 2128 5078 2407 5147; x_wconf 88' lang='lat' dir='ltr'>quantum</span> <span class='ocrx_word' id='word_1_863' title='bbox 2439 5089 2762 5145; x_wconf 89' lang='lat' dir='ltr'>possumus,</span> <span class='ocrx_word' id='word_1_864' title='bbox 2796 5074 3166 5144; x_wconf 89' lang='lat' dir='ltr'>declinemus,</span> <span class='ocrx_word' id='word_1_865' title='bbox 3198 5091 3270 5128; x_wconf 92' lang='lat' dir='ltr'>ne</span> <span class='ocrx_word' id='word_1_866' title='bbox 3313 5074 3462 5128; x_wconf 87' lang='lat' dir='ltr'>beati</span> <span class='ocrx_word' id='word_1_867' title='bbox 3499 5073 3765 5144; x_wconf 85' lang='lat' dir='ltr'>magistri</span> 
     </span>
    </p>
   </div>
   <div class='ocr_carea' id='block_1_112' title="bbox 2131 5167 3763 5239">
    <p class='ocr_par' dir='ltr' id='par_1_112' title="bbox 2131 5167 3763 5239">
     <span class='ocr_line' id='line_1_112' title="bbox 2131 5167 3763 5239; baseline -0.004 -14"><span class='ocrx_word' id='word_1_868' title='bbox 2131 5168 2308 5225; x_wconf 88' lang='lat' dir='ltr'>nostri</span> <span class='ocrx_word' id='word_1_869' title='bbox 2337 5168 2508 5235; x_wconf 88' lang='lat' dir='ltr'>Petri,</span> <span class='ocrx_word' id='word_1_870' title='bbox 2539 5167 2751 5222; x_wconf 90' lang='lat' dir='ltr'>summi</span> <span class='ocrx_word' id='word_1_871' title='bbox 2776 5168 3012 5239; x_wconf 90' lang='lat' dir='ltr'>apostoli</span> <span class='ocrx_word' id='word_1_872' title='bbox 3039 5168 3283 5235; x_wconf 87' lang='lat' dir='ltr'>dilectio,</span> <span class='ocrx_word' id='word_1_873' title='bbox 3313 5184 3424 5239; x_wconf 88' lang='lat' dir='ltr'>qua</span> <span class='ocrx_word' id='word_1_874' title='bbox 3448 5183 3507 5221; x_wconf 89' lang='lat' dir='ltr'>se</span> <span class='ocrx_word' id='word_1_875' title='bbox 3536 5172 3763 5220; x_wconf 83' lang='lat' dir='ltr'>amato-</span> 
     </span>
    </p>
   </div>
   <div class='ocr_carea' id='block_1_113' title="bbox 2129 5261 3760 5332">
    <p class='ocr_par' dir='ltr' id='par_1_113' title="bbox 2129 5261 3760 5332">
     <span class='ocr_line' id='line_1_113' title="bbox 2129 5261 3760 5332; baseline -0.003 -13"><span class='ocrx_word' id='word_1_876' title='bbox 2129 5281 2252 5320; x_wconf 89' lang='lat' dir='ltr'>rem</span> <span class='ocrx_word' id='word_1_877' title='bbox 2281 5263 2382 5319; x_wconf 92' lang='lat' dir='ltr'>Dei</span> <span class='ocrx_word' id='word_1_878' title='bbox 2408 5279 2528 5318; x_wconf 87' lang='lat' dir='ltr'>esse</span> <span class='ocrx_word' id='word_1_879' title='bbox 2557 5265 2791 5318; x_wconf 89' lang='lat' dir='ltr'>testatus</span> <span class='ocrx_word' id='word_1_880' title='bbox 2822 5267 2926 5332; x_wconf 90' lang='lat' dir='ltr'>est,</span> <span class='ocrx_word' id='word_1_881' title='bbox 2959 5279 3103 5316; x_wconf 88' lang='lat' dir='ltr'>vana</span> <span class='ocrx_word' id='word_1_882' title='bbox 3129 5262 3454 5318; x_wconf 87' lang='lat' dir='ltr'>inveniatur</span> <span class='ocrx_word' id='word_1_883' title='bbox 3480 5261 3540 5315; x_wconf 91' lang='lat' dir='ltr'>in</span> <span class='ocrx_word' id='word_1_884' title='bbox 3565 5261 3760 5328; x_wconf 87' lang='lat' dir='ltr'>nobis;</span> 
     </span>
    </p>
   </div>
   <div class='ocr_carea' id='block_1_114' title="bbox 2129 5355 3765 5431">
    <p class='ocr_par' dir='ltr' id='par_1_114' title="bbox 2129 5355 3765 5431">
     <span class='ocr_line' id='line_1_114' title="bbox 2129 5355 3765 5431; baseline -0.003 -16"><span class='ocrx_word' id='word_1_885' title='bbox 2129 5359 2401 5431; x_wconf 87' lang='lat' dir='ltr'>quoniam</span> <span class='ocrx_word' id='word_1_886' title='bbox 2429 5356 2613 5412; x_wconf 90' lang='lat' dir='ltr'>omnis</span> <span class='ocrx_word' id='word_1_887' title='bbox 2635 5355 2993 5428; x_wconf 86' lang='lat' dir='ltr'>negligenter</span> <span class='ocrx_word' id='word_1_888' title='bbox 3004 5373 3262 5428; x_wconf 90' lang='lat' dir='ltr'>pascens,</span> <span class='ocrx_word' id='word_1_889' title='bbox 3283 5356 3450 5411; x_wconf 87' lang='lat' dir='ltr'>toties</span> <span class='ocrx_word' id='word_1_890' title='bbox 3469 5372 3765 5411; x_wconf 85' lang='lat' dir='ltr'>commen-</span> 
     </span>
    </p>
   </div>
   <div class='ocr_carea' id='block_1_115' title="bbox 2129 5449 3760 5522">
    <p class='ocr_par' dir='ltr' id='par_1_115' title="bbox 2129 5449 3760 5522">
     <span class='ocr_line' id='line_1_115' title="bbox 2129 5449 3760 5522; baseline -0.002 -12"><span class='ocrx_word' id='word_1_891' title='bbox 2129 5455 2330 5510; x_wconf 90' lang='lat' dir='ltr'>datum</span> <span class='ocrx_word' id='word_1_892' title='bbox 2371 5451 2474 5506; x_wconf 91' lang='lat' dir='ltr'>sibi</span> <span class='ocrx_word' id='word_1_893' title='bbox 2517 5450 2871 5505; x_wconf 88' lang='lat' dir='ltr'>Dominicum</span> <span class='ocrx_word' id='word_1_894' title='bbox 2915 5466 3171 5522; x_wconf 87' lang='lat' dir='ltr'>gregem,</span> <span class='ocrx_word' id='word_1_895' title='bbox 3200 5449 3559 5505; x_wconf 90' lang='lat' dir='ltr'>convincitur</span> <span class='ocrx_word' id='word_1_896' title='bbox 3599 5467 3760 5506; x_wconf 88' lang='lat' dir='ltr'>sum-</span> 
     </span>
    </p>
   </div>
   <div class='ocr_carea' id='block_1_116' title="bbox 2129 5544 3761 5615">
    <p class='ocr_par' dir='ltr' id='par_1_116' title="bbox 2129 5544 3761 5615">
     <span class='ocr_line' id='line_1_116' title="bbox 2129 5544 3761 5615; baseline -0.002 -12"><span class='ocrx_word' id='word_1_897' title='bbox 2129 5564 2286 5603; x_wconf 91' lang='lat' dir='ltr'>mum</span> <span class='ocrx_word' id='word_1_898' title='bbox 2314 5562 2430 5602; x_wconf 92' lang='lat' dir='ltr'>non</span> <span class='ocrx_word' id='word_1_899' title='bbox 2469 5561 2664 5599; x_wconf 89' lang='lat' dir='ltr'>amare</span> <span class='ocrx_word' id='word_1_900' title='bbox 2697 5545 3009 5612; x_wconf 89' lang='lat' dir='ltr'>Pastorem,</span> <span class='ocrx_word' id='word_1_901' title='bbox 3043 5561 3151 5599; x_wconf 92' lang='lat' dir='ltr'>nec</span> <span class='ocrx_word' id='word_1_902' title='bbox 3180 5544 3302 5615; x_wconf 88' lang='lat' dir='ltr'>ejus</span> <span class='ocrx_word' id='word_1_903' title='bbox 3330 5544 3476 5598; x_wconf 90' lang='lat' dir='ltr'>velle</span> <span class='ocrx_word' id='word_1_904' title='bbox 3505 5561 3564 5599; x_wconf 86' lang='lat' dir='ltr'>se</span> <span class='ocrx_word' id='word_1_905' title='bbox 3595 5544 3761 5599; x_wconf 84' lang='lat' dir='ltr'>disci-</span> 
     </span>
    </p>
   </div>
   <div class='ocr_carea' id='block_1_117' title="bbox 2128 5637 3759 5714">
    <p class='ocr_par' dir='ltr' id='par_1_117' title="bbox 2128 5637 3759 5714">
     <span class='ocr_line' id='line_1_117' title="bbox 2128 5637 3759 5714; baseline -0.004 -17"><span class='ocrx_word' id='word_1_906' title='bbox 2128 5643 2325 5714; x_wconf 89' lang='lat' dir='ltr'>pulum</span> <span class='ocrx_word' id='word_1_907' title='bbox 2368 5639 2512 5710; x_wconf 86' lang='lat' dir='ltr'>ﬁeri,</span> <span class='ocrx_word' id='word_1_908' title='bbox 2547 5639 2708 5711; x_wconf 88' lang='lat' dir='ltr'>cujus</span> <span class='ocrx_word' id='word_1_909' title='bbox 2751 5639 3009 5710; x_wconf 84' lang='lat' dir='ltr'>exempla</span> <span class='ocrx_word' id='word_1_910' title='bbox 3049 5638 3294 5710; x_wconf 88' lang='lat' dir='ltr'>negligit</span> <span class='ocrx_word' id='word_1_911' title='bbox 3337 5637 3574 5693; x_wconf 88' lang='lat' dir='ltr'>imitari.</span> <span class='ocrx_word' id='word_1_912' title='bbox 3621 5639 3759 5692; x_wconf 77' lang='lat' dir='ltr'>Nam</span> 
     </span>
    </p>
   </div>
   <div class='ocr_carea' id='block_1_118' title="bbox 2129 5731 3760 5808">
    <p class='ocr_par' dir='ltr' id='par_1_118' title="bbox 2129 5731 3760 5808">
     <span class='ocr_line' id='line_1_118' title="bbox 2129 5731 3760 5808; baseline -0.003 -17"><span class='ocrx_word' id='word_1_913' title='bbox 2129 5735 2312 5808; x_wconf 89' lang='lat' dir='ltr'>gratia</span> <span class='ocrx_word' id='word_1_914' title='bbox 2356 5750 2586 5807; x_wconf 91' lang='lat' dir='ltr'>prorsus</span> <span class='ocrx_word' id='word_1_915' title='bbox 2626 5733 2810 5805; x_wconf 89' lang='lat' dir='ltr'>major</span> <span class='ocrx_word' id='word_1_916' title='bbox 2851 5731 3180 5804; x_wconf 87' lang='lat' dir='ltr'>acquiritur,</span> <span class='ocrx_word' id='word_1_917' title='bbox 3223 5731 3270 5786; x_wconf 90' lang='lat' dir='ltr'>si</span> <span class='ocrx_word' id='word_1_918' title='bbox 3318 5731 3390 5786; x_wconf 91' lang='lat' dir='ltr'>de</span> <span class='ocrx_word' id='word_1_919' title='bbox 3437 5732 3760 5787; x_wconf 80' lang='lat' dir='ltr'>commissis</span> 
     </span>
    </p>
   </div>
   <div class='ocr_carea' id='block_1_119' title="bbox 2127 5825 3753 5898">
    <p class='ocr_par' dir='ltr' id='par_1_119' title="bbox 2127 5825 3753 5898">
     <span class='ocr_line' id='line_1_119' title="bbox 2127 5825 3753 5898; baseline -0.004 -12"><span class='ocrx_word' id='word_1_920' title='bbox 2127 5830 2324 5886; x_wconf 88' lang='lat' dir='ltr'>ovibus</span> <span class='ocrx_word' id='word_1_921' title='bbox 2351 5830 2572 5884; x_wconf 91' lang='lat' dir='ltr'>lucrum</span> <span class='ocrx_word' id='word_1_922' title='bbox 2601 5827 2799 5883; x_wconf 73' lang='lat' dir='ltr'>offerat</span> <span class='ocrx_word' id='word_1_923' title='bbox 2824 5828 2934 5882; x_wconf 88' lang='lat' dir='ltr'>Deo</span> <span class='ocrx_word' id='word_1_924' title='bbox 2961 5825 3280 5882; x_wconf 90' lang='lat' dir='ltr'>sollicitudo</span> <span class='ocrx_word' id='word_1_925' title='bbox 3316 5825 3579 5898; x_wconf 85' lang='lat' dir='ltr'>pastoris.</span> <span class='ocrx_word' id='word_1_926' title='bbox 3615 5827 3753 5881; x_wconf 79' lang='lat' dir='ltr'>Nam</span> 
     </span>
    </p>
   </div>
  </div>
