4092 6192
283 271 297 319 l
312 268 416 318 (182$

1519 263 1987 322 DECRETALIUM
2025 267 2412 323 COLLECTIO.

3507 273 3639 328 1086

273 380 331 426 et
375 374 610 427 beatum
649 373 845 440 Jacob,
899 375 996 446 qui
1036 391 1138 445 pro
1179 374 1451 431 uxoribus
1487 375 1586 430 diu
1631 375 1905 432 servierat
1924 374 2378 460 Afundamenta
2424 376 2481 430 in
2539 375 2783 430 Ecclesia
2829 375 3234 430 tantummodo
3276 377 3642 433 inveniuntur

274 467 486 521 dixisse
505 467 878 522 meminimus
911 484 924 522 :
962 488 990 517 «
1013 469 1225 540 Viginti
1246 469 1412 524 annis
1434 469 1517 525 fui
1538 475 1747 538 tecum,
1771 486 1905 526 oves

271 565 389 615 tuae
419 565 476 616 et
502 577 688 632 caprae
715 561 930 616 steriles
945 579 1062 617 non
1090 563 1341 633 fuerunt,
1370 563 1579 619 arietes
1606 564 1800 636 gregis
1821 564 1906 620 tui

276 673 396 710 non
421 655 667 722 comedi,
707 671 813 709 nec
853 661 1080 726 captum
1107 675 1140 712 a
1189 657 1368 713 bestia
1399 659 1753 728 ostenditur;
1797 675 1906 730 ego

275 749 556 804 damnum
575 765 747 803 omne
767 749 1090 817 reddebam,
1114 754 1171 806 et
1191 751 1470 824 quidquid
1490 754 1640 808 furto
1658 752 1908 824 perierat

273 860 308 897 a
334 860 428 898 me
461 843 752 914 exigebas.
786 844 884 897 Die
916 849 1204 916 noctuque
1236 850 1379 901 aestu
1409 847 1616 902 urebar
1651 850 1709 901 et
1749 848 1903 918 gelu,

277 937 537 1009 fugiebat
563 953 796 992 somnus
824 938 893 992 ab
915 939 1092 994 oculis
1112 940 1257 996 meis
1297 940 1448 1012 (Gen.
1471 958 1621 1012 xxx1,
1646 941 1850 1012 38-40).
1876 962 1901 990 »

274 1031 330 1086 Si
382 1030 558 1102 igitur
599 1031 819 1086 laborat
862 1035 919 1087 et
958 1032 1159 1104 vigilat
1195 1033 1292 1106 qui
1333 1035 1510 1106 pascit
1533 1051 1664 1091 oves
1689 1035 1904 1102 Laban,

271 1130 488 1196 quanto
527 1124 723 1179 labore
774 1126 1114 1198 quantisque
1167 1127 1372 1200 vigiliis
1414 1129 1581 1184 debet
1610 1129 1906 1185 intendere

271 1220 374 1289 qui
403 1218 582 1289 pascit
608 1235 742 1274 oves
774 1219 916 1275 Dei?
958 1221 1070 1276 Sed
1121 1221 1179 1276 in
1227 1222 1313 1276 his
1343 1223 1610 1278 omnibus
1640 1223 1760 1295 ipse
1801 1239 1907 1278 nos

274 1313 538 1379 instruat,
569 1312 667 1384 qui
687 1329 790 1384 pro
815 1313 932 1368 suis
955 1314 1112 1370 dedit
1138 1315 1336 1370 ovibus
1364 1317 1637 1384 animam,
1666 1319 1724 1371 et
1744 1317 1902 1388 adju-

275 1410 369 1461 vet
396 1423 522 1473 nos,
548 1412 609 1462 ut
637 1406 709 1461 de
731 1407 837 1475 his,
857 1408 955 1478 qui
980 1409 1144 1464 nobis
1164 1410 1455 1465 commissi
1479 1414 1632 1481 sunt,
1655 1411 1905 1466 fructum

274 1501 668 1572 multiplicem,
689 1505 747 1556 et
767 1517 1094 1557 mensuram
1117 1504 1623 1576 superefﬂuentem
1651 1506 1723 1560 ad
1746 1508 1906 1561 aeter-

276 1612 348 1650 na
375 1595 586 1666 gaudia
611 1599 904 1667 reportare
941 1597 1236 1666 concedat,
1278 1601 1583 1670 tantusque
1614 1615 1719 1654 nos
1753 1598 1905 1654 beati

275 1689 451 1754 Petri,
480 1688 874 1760 apostolorum
901 1690 1194 1762 principis,
1228 1707 1395 1746 amor
1431 1692 1722 1760 accendat,
1755 1696 1818 1747 ut
1847 1693 1905 1748 in

2005 469 2202 540 posita,
2235 469 2510 540 quidquid
2541 468 2786 540 amplius
2813 469 3065 539 positum
3094 470 3153 523 in
3179 469 3268 523 his
3294 469 3637 538 inveniatur,

2006 566 2154 617 stare
2185 563 2510 617 nullatenus
2535 563 2764 633 poterit.
2795 563 2864 616 Et
2887 563 3040 628 ideo,
3071 579 3203 617 cum
3236 563 3502 619 omnibus
3524 567 3639 620 suis

2004 656 2396 711 fundamentis
2426 664 2483 710 et
2527 656 2845 711 actionibus
2873 660 3043 728 atque
3076 657 3360 712 radicibus
3386 662 3451 712 ut
3483 661 3636 714 evel-

2003 751 2176 820 latur,
2207 765 2439 804 necesse
2462 755 2562 805 est.
2587 753 2666 806 Ita
2698 757 2758 805 ut
2784 749 3031 821 amplius
3053 750 3351 820 pullulare,
3381 768 3483 807 nec
3504 768 3633 824 ger-

2009 844 2228 899 minare
2269 845 2468 900 valeat.
2510 844 2633 899 Non
2680 860 2818 915 ergo
2850 847 3084 916 generet
3113 847 3170 898 et
3200 862 3314 900 non
3343 846 3513 902 faciat
3539 864 3640 902 vo-

2006 937 2111 1007 bis,
2158 938 2382 1005 fratres,
2430 937 2593 992 toties
2642 937 2881 1009 repetita
2924 939 3132 993 locutio
3183 938 3509 1007 fastidium;
3586 947 3641 996 et

2007 1033 2140 1103 quia
2191 1047 2414 1086 summa
2451 1031 2757 1086 necessitas
2791 1034 2876 1086 est
2903 1031 3106 1102 saepius
3145 1032 3455 1103 prohiberi,
3490 1035 3639 1105 quod

2006 1127 2177 1181 toties
2209 1125 2401 1181 illicite
2435 1128 2762 1196 usurpatur,
2816 1129 2872 1180 et
2902 1125 3176 1196 quoniam
3201 1125 3406 1181 veritas
3433 1127 3640 1199 saepius

2006 1221 2296 1291 exagitata
2321 1219 2505 1290 magis
2531 1218 2872 1291 splendescit
2897 1219 2958 1273 in
2985 1219 3193 1288 lucem,
3219 1225 3275 1274 et
3294 1221 3446 1291 quod
3467 1222 3638 1277 toties

2007 1314 2324 1385 repetendo
2350 1313 2696 1368 admonetur
2729 1312 2919 1368 minus
2960 1318 3286 1384 usurpatur.
3334 1313 3516 1386 Super
3554 1315 3642 1369 his

2008 1408 2162 1463 enim
2216 1407 2394 1462 multa
2436 1408 2556 1477 jam
2608 1406 2680 1460 ab
2734 1407 3186 1462 antecessoribus
3237 1407 3447 1463 nostris
3495 1408 3644 1464 dicta

2006 1504 2158 1566 sunt,
2190 1519 2223 1555 a
2268 1501 2475 1572 quibus
2521 1500 2629 1571 ipsi
2676 1499 2820 1554 sicut
2847 1516 3001 1555 nunc
3027 1518 3060 1555 a
3086 1501 3266 1570 nobis,
3297 1502 3375 1556 ita
3407 1502 3540 1556 olim
3572 1503 3644 1556 ab

2005 1595 2144 1666 ipsis
2191 1594 2446 1649 damnati
2497 1598 2553 1648 et
2601 1594 2878 1664 prohibiti
2914 1599 3066 1649 sunt.
3096 1595 3225 1650 Ideo
3253 1596 3457 1666 saepius
3483 1613 3647 1668 repe-

2007 1693 2194 1744 tentes
2223 1704 2419 1742 omnes
2451 1703 2776 1754 monemus,
2825 1692 2887 1741 ut
2923 1687 3179 1742 vitentur
3216 1688 3547 1759 hujusmodi
3589 1695 3646 1744 et

276 1784 410 1838 ovili
436 1783 632 1855 ipsius,
655 1784 749 1838 cui
769 1800 969 1839 omnes
993 1790 1268 1841 creaturae
1291 1791 1423 1842 sunt
1441 1787 1687 1856 traditae,
1710 1803 1909 1842 omnes
1929 1763 1986 1836 B
2011 1799 2046 1838 a
2069 1783 2275 1837 talibus
2321 1799 2380 1836 se
2426 1780 2618 1854 2'70
2667 1781 3012 1848 abstineant,
3054 1781 3152 1853 qui
3185 1782 3495 1852 noluerint,
3529 1799 3644 1838 una

275 1878 470 1932 taliter
495 1884 767 1945 errantes,
813 1881 870 1933 et
913 1878 1108 1934 illicita
1145 1884 1317 1951 atque
1368 1880 1657 1951 prohibita
1691 1897 1908 1952 praesu-

275 1975 520 2039 mentes,
550 1971 755 2026 sanctis
783 1972 980 2027 vestris
1022 1973 1226 2028 studiis
1264 1990 1489 2029 summo
1519 1974 1911 2046 redintegrare

273 2082 407 2119 cum
456 2065 739 2120 desiderio
773 2065 1073 2133 festinetis,
1116 2068 1364 2138 qualiter
1395 2068 1629 2137 animae,
1662 2069 1909 2140 pretioso

271 2159 482 2216 Christi
521 2160 799 2230 sanguine
841 2161 1156 2233 redemptae
1197 2177 1399 2217 eorum
1438 2179 1556 2217 non
1600 2163 1913 2235 depereant

273 2254 636 2326 deceptione.
661 2255 856 2310 Restat
877 2254 1046 2309 etiam
1075 2256 1229 2326 quod
1253 2273 1360 2327 per
1380 2257 1591 2312 ostium
1614 2257 1672 2312 hi
1693 2273 1910 2330 nequa-

274 2364 453 2420 quam
494 2347 916 2415 subintrarunt,
960 2349 1057 2419 qui
1100 2366 1218 2404 non
1249 2349 1540 2406 habebant
1568 2351 1778 2406 ostium
1809 2367 1913 2422 per

273 2443 427 2514 quod
453 2441 914 2512 ingrederentur,
943 2443 1097 2514 quia,
1128 2446 1192 2498 ut
1213 2443 1430 2500 dictum
1459 2449 1561 2511 est,
1587 2445 1632 2499 si
1657 2461 1762 2500 nec
1789 2445 1910 2516 epi-

275 2536 430 2608 scopi
456 2542 606 2602 sunt,
630 2539 686 2590 et
707 2537 1014 2608 plusquam
1031 2537 1347 2609 presbyteri
1367 2555 1488 2593 esse
1508 2538 1787 2604 ambiunt,
1811 2555 1914 2610 per

274 2631 432 2702 quod
476 2629 683 2685 ostium
724 2631 1039 2699 intrabunt,
1085 2648 1215 2686 cum
1260 2632 1320 2686 hi
1367 2635 1557 2688 tamen
1594 2633 1820 2688 ordines
1851 2633 1909 2687 in

274 2723 520 2779 Ecclesia
539 2726 822 2795 legantur,
855 2742 959 2780 nec
979 2725 1226 2796 amplius
1245 2726 1314 2781 ad
1343 2728 1627 2798 pastorale
1656 2726 1910 2781 officium

273 2819 510 2889 aliquod
541 2821 695 2889 patet
725 2819 935 2873 ostium
969 2835 1070 2890 per
1099 2820 1249 2891 quod
1285 2824 1482 2891 pastor
1503 2819 1715 2875 intret?
1746 2820 1913 2876 Audi-

274 2920 352 2978 te,
381 2913 604 2979 fratres,
633 2928 749 2967 non
780 2929 894 2978 me,
925 2913 1023 2969 sed
1049 2913 1229 2985 ipsam
1255 2915 1544 2969 dicentem
1566 2915 1906 2970 Veritatem:

277 3027 305 3058 ‹‹
339 3006 443 3070 Qui
493 3023 609 3060 non
647 3005 826 3060 intrat
874 3023 979 3078 per
1024 3007 1230 3062 ostium
1278 3008 1337 3062 in
1384 3008 1528 3063 ovile
1570 3008 1782 3074 ovium,
1812 3007 1910 3063 sed

2009 1893 2140 1932 cum
2175 1877 2256 1931 eis
2297 1894 2328 1930 a
2371 1875 2710 1930 sacerdotali
2745 1875 3085 1944 ministerio,
3126 1878 3189 1929 ut
3217 1876 3476 1942 rebelles,
3517 1877 3644 1931 fieri

2008 1970 2197 2026 alieni.
2228 1970 2387 2035 Quod
2419 1971 2494 2025 ita
2523 1969 2755 2024 demum
2790 1969 3036 2040 probare
3062 1969 3397 2041 poterimus,
3424 1970 3470 2023 si
3499 1971 3641 2025 tales

2011 2065 2341 2136 exstirpare,
2392 2068 2448 2118 et
2497 2080 2610 2118 non
2649 2064 2730 2118 eis
2773 2064 2957 2118 favere
3006 2063 3451 2129 decertaveritis,
3485 2066 3542 2117 et
3566 2063 3643 2118 ita

2011 2159 2379 2230 postmodum
2403 2157 2475 2212 de
2507 2157 2602 2211 tali
2629 2173 2689 2212 re
2721 2157 2949 2228 querela
2979 2157 3239 2225 cessabit,
3273 2157 3404 2228 quia
3438 2162 3641 2212 contu-

2011 2253 2193 2308 melia:
2219 2251 2408 2308 studio
2437 2251 2809 2322 fitquidquid
2853 2251 3225 2306 interdictum
3270 2251 3439 2305 toties
3482 2267 3641 2306 usur-
3713 2275 3716 2278 ~

2011 2352 2197 2418 patur.
2232 2345 2432 2402 Omnia
2467 2346 2588 2399 haec
2613 2345 2934 2412 decretalia,
2980 2349 3037 2400 et
3074 2349 3410 2400 cunctorum
3449 2345 3641 2401 deces-

2011 2458 2206 2496 sorum
2238 2445 2565 2495 nostrorum
2595 2439 2920 2505 constituta,
2959 2455 3087 2510 quae
3129 2439 3200 2493 de
3248 2439 3641 2494 ecclesiasticis

2013 2533 2307 2589 ordinibus
2336 2539 2392 2588 et
2421 2548 2702 2587 canonum
2730 2533 3094 2604 promulgata
3134 2538 3265 2588 sunt
3308 2533 3641 2604 disciplinis,

2010 2629 2090 2683 ita
2130 2627 2287 2680 vobis
2330 2632 2386 2682 et
2430 2626 2696 2681 omnibus
2742 2626 3019 2696 episcopis
3063 2643 3126 2680 ac
3155 2626 3372 2681 cunctis
3403 2643 3642 2697 genera-

2011 2723 2141 2776 liter
2170 2721 2556 2776 sacerdotibus
2584 2721 2851 2775 custodiri
2882 2720 3089 2775 debere
3120 2721 3480 2791 mandamus,
3507 2725 3569 2775 ut
3595 2722 3640 2774 si

2013 2816 2140 2887 quis
2182 2816 2240 2869 in
2305 2815 2395 2869 illa
2456 2813 2839 2883 commiserit,
2914 2813 3142 2868 veniam
3203 2814 3310 2868 sibi
3375 2815 3644 2886 deinceps

2015 2909 2236 2964 noverit
2287 2909 2560 2978 denegari
2615 2925 2628 2962 :
2685 2907 2955 2978 quoniam
3014 2911 3339 2962 occurreret
3405 2908 3643 2977 veritas,

2013 3005 2056 3058 si
2114 3003 2326 3057 falsitas
2382 3002 2726 3073 displiceret.
2777 3003 2840 3056 Et
2879 3001 3085 3056 merito
3147 3018 3250 3056 nos
3289 3001 3387 3072 qui
3414 3018 3642 3056 summa

276 3095 538 3151 ascendit
561 3095 809 3160 aliunde,
846 3096 940 3149 ille
980 3096 1071 3151 fur
1115 3101 1201 3151 est
1225 3100 1283 3152 et
1311 3097 1454 3152 latro
1486 3098 1660 3166 (Joan.
1689 3115 1742 3166 x,
1781 3099 1849 3169 t),
1880 3118 1907 3146 ››
1933 3139 1987 3214 C
2014 3096 2272 3150 Ecclesia:
2326 3101 2520 3150 tenere
2563 3095 2835 3150 debemus
2889 3095 3294 3166 gubernacula,
3339 3113 3505 3150 causa
3553 3112 3644 3151 re-

281 3194 367 3214 -l-
417 3191 555 3214 1‘--.“
588 3190 755 3214 “1.2-...
789 3190 1049 3214 ιιι-..Αι-ξ.--
1097 3191 1443 3214 .......,];--ι,...
1493 3191 1632 3214 ΔΞΑ-ι
1665 3207 1677 3214 .
1732 3212 1738 3214 .
1771 3192 1886 3214 Β---
2016 3191 2173 3214 -..ΣΑΖι
2251 3190 2292 3214 -2
2348 3190 2567 3214 -31....‘1...
2621 3191 2909 3214 οη..Λ,...Α.-,.
2975 3190 3149 3214 ,ιη-ιηκὲ
3227 3191 3357 3214 n-1,.
3395 3207 3482 3214 -.---
3526 3191 3618 3214 ΙῘ-1

277 3194 389 3245 etc.
417 3191 560 3245 Cum
585 3190 758 3244 etiam
786 3190 1051 3261 egregius
1097 3191 1444 3262 praedicator
1489 3191 1636 3245 dicat
1665 3207 1678 3244 :
1711 3212 1738 3240 «
1771 3192 1913 3246 Fun-

277 3285 615 3338 damentum
642 3283 794 3338 aliud
834 3300 1004 3340 nemo
1046 3290 1236 3355 potest
1277 3301 1490 3356 ponere
1523 3289 1729 3357 praeter
1762 3284 1914 3357 quod

277 3379 530 3450 positum
587 3381 673 3432 est
722 3378 770 3447 (Ι
803 3377 922 3434 Cor.
966 3395 1047 3447 111,
1087 3379 1190 3449 Η).
1223 3401 1250 3427 ››
1291 3379 1430 3434 Cum
1478 3379 1752 3449 praedicta
1798 3377 1913 3433 duo

2014 3191 2196 3262 spicit,
2250 3190 2295 3242 si
2347 3190 2570 3244 silentio
2621 3191 2912 3243 faveamus
2971 3190 3172 3244 errori.
3225 3191 3364 3244 Data
3395 3207 3482 3246 x1v
3521 3191 3643 3246 Kal.

2015 3284 2277 3355 Augusti,
2327 3283 2644 3337 Justiniano
2695 3284 2759 3334 Vl
2815 3287 2870 3336 et
2922 3285 3151 3338 Narsete
3209 3285 3273 3338 ιν
3321 3300 3398 3338 cc.
3448 3300 3645 3340 consu-

2018 3378 2180 3432 libus.

811 3722 1387 3815 INCIPIUNT
1475 3724 1997 3816 DECRETA
2090 3723 2685 3815 BENEDICTI
2784 3721 3147 3814 PAP/E.

357 4025 846 4084 Reverendissimo
884 4030 1045 4086 fratri
1075 4031 1336 4104 episcopo
1361 4035 1552 4103 DAVID,
1587 4034 1914 4090 Bauamc'rus

279 4119 525 4174 salutem
557 4120 614 4174 in
650 4121 916 4179 Domino.

359 4214 718 4285 Respondere
753 4217 954 4272 litteris
992 4219 1192 4274 vestris
1238 4220 1461 4291 plenius
1491 4221 1758 4292 cogitavi,
1795 4221 1914 4291 sed,

279 4323 415 4361 cum
437 4307 542 4362 hoc
564 4309 890 4377 meditarer,
911 4316 1103 4367 tantus
1124 4329 1214 4367 me
1238 4313 1402 4368 dolor
1422 4315 1630 4385 tetigit,
1655 4319 1716 4368 ut
1732 4315 1917 4385 magis

282 4403 423 4455 flere
453 4418 626 4473 quam
669 4404 887 4475 aliquid
925 4405 1116 4461 dicere
1161 4407 1470 4462 delectatus
1513 4407 1640 4462 sim.
1693 4408 1804 4464 Sed
1845 4424 1916 4462 ne

281 4495 550 4550 funditus
585 4503 928 4566 remaneret,
965 4517 1152 4571 pauca
1179 4501 1334 4556 vobis
1360 4502 1671 4558 rescribere
1703 4503 1912 4568 curavi,
1934 4525 1994 4597 D
2018 4503 2183 4558 tertio
2226 4526 2252 4552 ‹‹

280 4588 357 4642 ad
379 4590 603 4659 potiora
629 4606 724 4645 vos
752 4595 1017 4663 tempora
1049 4610 1298 4666 congrue
1331 4594 1596 4650 invitans.
1629 4595 1792 4660 Quod
1821 4612 1918 4650 au-

283 4689 406 4738 tem
439 4683 638 4738 litterae
673 4689 785 4740 tuae
825 4690 992 4741 testes
1033 4694 1164 4744 sunt
1190 4689 1468 4760 quosdam
1500 4690 1649 4744 intra
1679 4690 1912 4760 provin-

283 4777 436 4832 ciam
465 4777 728 4832 Baeticam
742 4795 884 4847 esse,
915 4781 1012 4852 qui
1041 4781 1293 4838 dicerent
1320 4784 1616 4839 neminem
1643 4785 1918 4840 veraciter

287 4888 453 4942 posse
479 4871 719 4942 probare
739 4873 1072 4930 Trinitatem
1095 4875 1372 4931 unitatem
1394 4878 1551 4945 ﬁeri;
1579 4895 1710 4933 cum
1731 4895 1916 4950 neque

285 4970 404 5020 tres
437 4982 634 5032 unum,
662 4983 849 5038 neque
878 4985 1058 5024 unum
1087 4970 1146 5024 in
1173 4970 1355 5026 tribus
1385 4987 1550 5042 posse
1571 4988 1919 5044 quemquam

287 5059 521 5130 proprie
550 5061 860 5132 approbari
885 5079 896 5117 :
923 5079 1065 5134 quas
1092 5064 1162 5118 ob
1193 5081 1409 5133 causas,
1437 5066 1796 5122 dilectissime
1817 5067 1916 5136 fili,

286 5153 544 5208 consulta
572 5153 650 5207 ibi
679 5155 1003 5225 apostolicae
1040 5156 1190 5212 sedis
1219 5158 1500 5227 misimus,
1529 5163 1594 5214 ut
1613 5165 1711 5214 aut
1737 5177 1834 5214 eos
1847 5160 1920 5214 ad

287 5251 507 5302 rectam
537 5247 712 5302 fidem
743 5250 994 5304 converti
1025 5250 1217 5322 facias,
1249 5258 1347 5308 aut
1371 5253 1440 5308 ab
1469 5253 1741 5324 Ecclesia,
1771 5257 1922 5308 ante-

287 5356 461 5412 quam
502 5341 676 5412 pestis
719 5341 841 5397 hsec
887 5344 1054 5398 latius
1096 5345 1443 5418 divulgetur,
1490 5347 1754 5418 repellas.
1805 5349 1919 5416 His,

288 5435 484 5502 frater,
511 5435 932 5506 Scripturarum
966 5439 1303 5495 testimoniis
1333 5441 1608 5497 unitatem
1634 5441 1924 5497 Trinitatis

289 5544 558 5599 agnosce,
590 5533 647 5584 et
674 5529 873 5586 desine
899 5530 1241 5588 Arianorum
1268 5534 1609 5606 pravitatem
1633 5535 1815 5607 sequi,
1864 5539 1926 5590 ut

277 5623 363 5690 ab
396 5623 595 5678 eadem
623 5624 802 5694 possis
828 5631 1189 5696 peccatorum
1219 5627 1569 5698 indulgentia
1588 5630 1922 5701 promereri.

290 5716 437 5770 Isaia
483 5717 761 5788 propheta
803 5719 1028 5775 dicente
1061 5737 1074 5776 :
1107 5721 1288 5776 «Vidi
1330 5722 1640 5778 Dominum
1695 5723 1925 5779 sabaoth

292 5810 592 5866 sedentem
612 5828 781 5884 super
802 5813 1078 5870 thronum
1097 5815 1405 5885 excelsum,
1425 5822 1481 5872 et
1495 5817 1795 5890 Seraphim
1820 5823 1928 5874 sta-

2014 4034 2150 4089 bant
2173 4034 2233 4088 in
2264 4033 2499 4089 circuitu
2532 4033 2673 4104 ejus,
2707 4049 2804 4088 sex
2826 4033 2930 4087 alae
2959 4032 3076 4101 uni,
3104 4036 3162 4086 et
3185 4048 3286 4087 sex
3314 4033 3420 4087 ειὶω
3444 4031 3606 4088 alteri
3634 4050 3647 4100 ;

2015 4129 2234 4183 duabus
2263 4128 2526 4182 volabant
2550 4127 2771 4193 faciem,
2802 4126 3020 4180 duabus
3041 4131 3236 4181 autem
3261 4126 3528 4181 velabant
3548 4143 3648 4198 pe-

2017 4223 2145 4291 des;
2171 4227 2228 4277 et
2251 4221 2470 4276 duabus
2490 4221 2757 4276 volabant
2773 4223 2830 4274 et
2846 4220 3166 4274 clamabant
3189 4220 3260 4275 ad
3282 4221 3647 4287 alterutrum,

2015 4316 2270 4371 dicentes
2301 4333 2312 4371 :
2348 4316 2610 4383 Sanctus,
2642 4319 2886 4383 sanctus,
2930 4319 3159 4370 sanctus
3195 4315 3468 4370 Dominus
3511 4316 3652 4370 Deus

2017 4410 2263 4466 Sabaoth
2318 4413 2442 4479 (Iso.
2497 4427 2570 4479 v1,
2610 4412 2746 4477 1-2).
2779 4431 2806 4459 ››
2841 4409 2898 4465 Si
2932 4409 3159 4464 trinitas
3203 4427 3318 4464 non
3343 4415 3446 4478 est,
3476 4427 3652 4482 quare

2299 4508 2526 4558 sanctus
2567 4527 2594 4553 »
2633 4503 2948 4558 dixerunt?
2991 4505 3057 4558 Et
3090 4504 3137 4558 si
3158 4504 3347 4557 unitas
3391 4520 3507 4558 non
3545 4507 3649 4572 est,

2017 4615 2195 4670 quare
2220 4597 2324 4652 sub
2340 4598 2490 4652 trina
2509 4598 2853 4668 repetitione
2869 4613 3046 4651 unum
3060 4598 3238 4650 Deum
3259 4614 3325 4650 ac
3345 4597 3652 4652 Dominum

2017 4692 2402 4746 intimarunt?
2443 4691 2499 4746 Si
2526 4690 2746 4744 trinitas
2775 4707 2891 4745 non
2920 4693 3023 4757 est,
3043 4707 3146 4744 cur
3174 4689 3230 4744 in
3264 4690 3552 4745 Geneseos
3573 4691 3655 4745 di-

2017 4786 2208 4841 citur:
2247 4785 2457 4839 «Dixit
2499 4786 2661 4851 Deus,
2707 4785 2840 4838 fecit
2883 4785 3052 4849 Deus,
3094 4787 3151 4839 et
3192 4784 3486 4840 benedixit
3511 4786 3656 4842 Deus

2019 4881 2168 4949 (Gen.
2207 4896 2244 4947 1,
2295 4880 2384 4946 24,
2419 4881 2530 4949 27).
2561 4900 2588 4925 η
2637 4878 2688 4933 Si
2741 4895 2877 4932 vero
2923 4877 3115 4933 unitas
3163 4895 3281 4933 non
3323 4884 3429 4948 est,
3479 4896 3655 4951 quare

2019 4975 2189 5030 tertio
2219 4974 2358 5029 dixit
2386 4991 2400 5027 :
2433 4995 2460 5022 «
2490 4974 2656 5040 Deus,
2687 4995 2713 5020 ››
2747 4977 2804 5027 et
2835 4989 2946 5027 non
2968 4972 3136 5028 tertio
3167 4995 3194 5023 ‹‹
3227 4973 3365 5029 deos
3394 4993 3420 5026 1)
3449 4974 3651 5046 plurali

2020 5084 2261 5124 numero
2293 5066 2757 5122 commendavit?
2787 5067 2855 5122 Et
2875 5066 2918 5121 si
2943 5065 3170 5122 trinitas
3197 5085 3312 5122 non
3341 5073 3446 5137 est,
3477 5083 3652 5138 quare

2022 5163 2079 5216 in
2111 5161 2302 5217 Exodo
2329 5161 2542 5216 dictum
2578 5164 2664 5215 est
2692 5161 2861 5216 tertio
2887 5179 2900 5215 :
2934 5183 2960 5210 ‹‹
2985 5161 3244 5229 Domine,
3271 5161 3526 5226 Domine,
3551 5161 3653 5214 Do-

2023 5257 2197 5325 mine,
2228 5256 2529 5311 miserator
2555 5261 2611 5310 ct
2640 5254 2965 5311 misericors
2995 5257 3187 5324 (Exod.
3219 5271 3400 5321 xxx1v,
3434 5255 3506 5323 6).
3539 5273 3564 5302 »
3599 5252 3652 5308 Si

2025 5350 2211 5404 unitas
2257 5367 2369 5404 non
2419 5356 2522 5417 est,
2571 5367 2745 5422 quare
2800 5349 2936 5404 dum
2966 5350 3132 5405 tertio
3158 5348 3371 5403 diceret
3398 5347 3654 5412 Domine,

2024 5447 2218 5515 postea
2245 5466 2271 5493 ‹‹
2297 5444 2601 5499 miserator
2624 5467 2650 5493 ››
2682 5444 3055 5515 singulariter
3079 5442 3233 5510 dicit,
3259 5447 3316 5497 et
3341 5457 3455 5496 non
3483 5441 3652 5496 mise-

2024 5544 2265 5608 ratores,
2287 5543 2352 5593 ut
2381 5539 2573 5610 plures
2605 5537 2945 5603 ostenderet,
2976 5534 3261 5589 intimavit
3280 5536 3308 5590 ?
3337 5535 3396 5590 Si
3431 5534 3656 5590 trinitas

2025 5649 2140 5687 non
2181 5639 2284 5702 est,
2330 5649 2431 5687 cur
2478 5633 2760 5686 Abraham
2806 5629 2878 5684 ad
2925 5629 3109 5683 ilicem
3149 5629 3400 5683 Membre
3431 5628 3656 5700 sedens,

2026 5727 2321 5797 tribusque
2361 5743 2683 5793 occurrens,
2732 5723 2828 5778 uni
2868 5746 2894 5771 ‹‹
2929 5721 3165 5776 Domine
3196 5744 3224 5771 ››
3253 5722 3402 5794 (Gen.
3445 5741 3579 5789 xvu,
3608 5726 3658 5795 3)

2029 5821 2188 5891 dixit,
2213 5826 2405 5876 etnon
2428 5824 2492 5874 ut
2513 5819 2731 5874 viderat
2750 5817 2931 5871 tribus
2951 5815 3298 5872 salutationis
3322 5818 3660 5893 obsequium
