4092 6192
467 248 484 297 i
499 246 600 297 087

1322 240 1603 296 APPEND.
1646 239 1733 295 AD
1770 241 1928 295 SEC.
1971 238 2060 294 IX.
2085 267 2151 276 —
2191 235 2435 293 ISIDORI
2475 235 2901 294 MERCATORIS

3703 241 3719 290 Ι
3734 240 3842 292 088

462 350 690 405 reddit?
730 351 782 405 Si
815 350 1003 404 unitas
1032 365 1147 403 non
1189 353 1292 415 est,
1326 364 1502 420 quare
1531 364 1662 402 cum
1687 349 1859 419 Moysi
1888 368 1916 400 «
1945 349 2088 403 Deus
2110 359 2168 431 Α
2191 347 2337 400 Deus
2369 361 2612 416 magnus
2643 349 2699 399 et
2725 348 2926 417 potens
2957 343 3090 399 est?
3121 363 3147 394 ››
3183 343 3355 413 (Deut.
3384 359 3440 409 x,
3481 342 3592 413 I7.)
3620 344 3678 397 Si
3709 345 3840 397 uni-

458 444 768 511 Abraham,
801 446 858 497 et
886 443 1036 496 Deus
1066 445 1238 512 Isaac,
1274 445 1331 496 et
1362 443 1504 497 Deus
1534 442 1725 509 Jacob,
1757 461 1783 494 »
1816 441 1980 496 tertio
2012 441 2094 496 di-

462 541 634 606 ceret,
687 536 966 590 unitatem
1020 536 1343 605 ostendens,
1381 558 1407 584 «
1441 536 1549 590 hoc
1584 535 1728 589 mihi
1772 551 1979 590 nomen
2011 539 2094 589 est

462 630 656 699 (Brod.
685 646 765 699 III,
799 629 880 699 15)
910 651 937 677 n
973 629 1111 684 dixit
1135 647 1148 684 :
1172 631 1369 685 Nonne
1403 630 1521 683 htBC
1559 632 1692 684 sunt
1731 646 1859 700 quae
1901 634 2095 684 nostra

461 723 701 778 nomina
728 723 1083 794 designavit?
1114 723 1170 778 Si
1200 724 1424 778 trinitas
1452 739 1568 778 non
1595 727 1701 792 est,
1727 739 1902 794 quare
1922 722 2094 777 David

464 818 630 872 tertio
681 817 817 871 dixit
856 835 868 870 :
916 838 942 866 ‹‹
973 817 1278 872 Benedicat
1323 834 1422 871 nos
1467 820 1634 883 Deus,
1676 818 1828 871 Deus
1877 821 2090 883 noster,

463 911 760 967 henedicat
787 928 889 966 nos
917 912 1060 966 Deus
1087 912 1254 982 (Psat.
1289 927 1471 979 LXVIII,
1505 911 1578 982 8).
1613 932 1639 960 ››
1676 911 1734 965 Si
1765 909 1952 965 unitas
1980 926 2095 965 non

467 1009 570 1072 est,
602 1022 779 1076 quare
811 1021 945 1059 cum
980 1027 1007 1054 «
1035 1007 1179 1060 Deus
1208 1026 1234 1055 ››
1268 1005 1439 1060 tertio
1467 1005 1841 1075 nominasset,
1876 1027 1904 1054 «
1929 1005 2099 1060 bene-

463 1100 612 1154 dicat
644 1119 671 1149 »
699 1105 754 1154 et
787 1115 901 1153 non
927 1099 1270 1154 benedicant
1297 1099 1556 1169 adjunxit
1575 1099 1602 1152 ?
1645 1099 1700 1154 Si
1730 1098 1952 1153 trinitas
1981 1115 2094 1153 non

465 1198 568 1263 est,
596 1210 696 1247 cur
713 1193 876 1246 Isaias
905 1193 1094 1248 denuo
1119 1193 1262 1247 dixit
1291 1210 1302 1246 :
1338 1215 1365 1242 ‹‹
1388 1193 1650 1261 Domine,
1671 1195 1816 1248 Deus
1836 1193 2093 1259 sabaoth,

466 1290 612 1343 Deus
631 1286 824 1354 Israel,
839 1286 938 1358 qui
955 1287 1118 1342 sedes
1139 1303 1309 1357 super
1330 1287 1716 1353 Cherubim‘bi
1741 1289 1871 1356 (Isa.
1889 1303 2092 1352 xxxvn,

472 1384 577 1451 16.)
625 1381 678 1436 Si
722 1380 908 1436 unitas
953 1397 1068 1435 non
1118 1384 1220 1446 est,
1259 1397 1437 1451 quare
1481 1382 1577 1452 qui
1620 1401 1647 1433 «
1681 1381 1838 1436 sedes
1866 1403 1892 1430 ››
1936 1380 2091 1449 dixit,

467 1481 522 1531 et
552 1479 677 1529 non
724 1474 821 1546 qui
860 1474 1068 1529 sedetis
1119 1475 1436 1544 adjunxit?
1480 1475 1532 1530 Si
1574 1475 1796 1530 trinitas
1841 1491 1957 1529 non
1990 1478 2092 1539 est,

467 1586 641 1641 quare
679 1569 736 1623 in
775 1570 1103 1639 Regnorum
1140 1568 1284 1622 libro
1325 1568 1568 1623 dicitur:
1597 1569 1905 1637 «Domine,
1947 1570 2097 1622 Deus

467 1662 852 1734 omnipotens,
866 1664 1010 1718 Deus
1036 1663 1230 1728 Israel,
1248 1677 1538 1717 sermones
1553 1662 1636 1717 tui
1659 1663 1853 1718 ﬁdeles
1871 1662 2042 1716 sunt?
2067 1682 2093 1710 »

2195 444 2281 494 tas
2306 456 2422 493 non
2455 442 2556 506 est,
2591 455 2768 510 quare
2798 461 2825 488 ‹‹
2852 453 3100 509 magnus
3125 442 3184 492 et
3200 441 3408 509 potens
3430 457 3458 485 »
3493 453 3614 490 non
3641 437 3841 507 plura-

2196 534 2322 587 liter
2367 533 2750 588 nominatur?
2794 532 2851 587 Si
2896 533 3119 587 trinitas
3167 548 3282 586 non
3334 536 3438 598 est,
3484 547 3590 585 cur
3638 531 3845 584 Tobias

2196 628 2375 681 lilium
2407 644 2571 680 suum
2601 643 2730 681 cum
2752 627 2810 680 in
2845 627 3030 696 Rages
3061 625 3351 681 civitatem
3379 640 3512 678 cum
3541 624 3841 695 Raphaele

2196 723 2400 791 angelo
2420 721 2691 787 mitteret,
2715 719 3060 775 benedicens
3081 737 3198 788 eos,
3228 720 3307 773 ita
3326 719 3534 773 dixisse
3562 718 3841 772 docetur:

2202 835 2227 860 «
2258 815 2406 868 Deus
2434 813 2743 880 Abraham,
2773 817 2830 867 et
2854 815 3001 868 Deus
3027 816 3193 881 Isaac,
3226 818 3284 868 et
3314 813 3460 866 Deus
3491 812 3692 876 Iacob,
3728 811 3844 881 ipse

2199 908 2430 978 impleat
2457 907 2920 962 benedictionem
2939 923 3101 962 suam
3115 908 3172 961 in
3190 906 3385 962 vobis?
3399 926 3425 959 »
3443 906 3601 976 (Tob.
3615 921 3719 973 vn,
3743 906 3846 973 15.)

2195 1001 2250 1056 Si
2276 1002 2461 1056 unitas
2491 1018 2607 1056 non
2634 1005 2737 1070 est,
2772 1017 2949 1072 quare
3009 1025 3035 1050 ‹‹
3066 1003 3186 1072 ipse
3227 1001 3467 1072 impleat
3493 1023 3518 1048 ››
3574 1000 3745 1068 dixit,
3794 1005 3847 1052 et

2196 1111 2309 1150 non
2328 1095 2432 1166 ipsi
2453 1095 2727 1166 impleant
2748 1095 3030 1150 intimavit
3044 1097 3070 1149 ?
3095 1097 3384 1150 Postremo
3407 1093 3452 1148 si
3474 1093 3713 1148 trinitas
3733 1111 3846 1147 non

2195 1193 2297 1256 est,
2323 1204 2502 1260 quare
2517 1189 2794 1244 Dominus
2816 1188 3128 1260 discipulos
3144 1205 3274 1243 suos
3294 1189 3356 1242 in
3375 1188 3619 1243 nomine
3641 1189 3844 1250 Patris,

2196 1287 2254 1337 et
2299 1283 2442 1349 Filii,
2496 1287 2553 1337 et
2597 1283 2840 1354 Spiritus
2892 1284 3073 1338 sancti
3106 1283 3396 1338 universas
3421 1286 3629 1353 gentes
3659 1283 3850 1351 posuit

2196 1377 2532 1448 baptizare?
2583 1377 2800 1445 (Matth.
2853 1395 3047 1443 xxvm,
3099 1379 3205 1446 l9.)
3250 1376 3306 1431 Si
3355 1376 3542 1431 unitas
3594 1392 3720 1430 non
3747 1383 3845 1442 est,

2199 1488 2372 1542 quare
2405 1490 2432 1523 «
2457 1472 2516 1525 in
2533 1472 2766 1527 nomine
2790 1494 2817 1522 »
2848 1471 3011 1540 dixit,
3035 1477 3093 1526 et
3121 1487 3234 1525 non
3261 1471 3319 1525 in
3342 1469 3687 1525 nominibus
3708 1487 3847 1540 pra-

2197 1564 2462 1636 cipiendo
2486 1566 2826 1638 perdocuit?
2842 1565 2897 1621 Si
2916 1565 3139 1620 trinitas
3154 1582 3270 1620 non
3288 1568 3392 1630 est,
3417 1581 3603 1635 quare
3629 1569 3848 1635 aposto-

2198 1659 2283 1712 lus
2327 1660 2532 1714 Paulus
2574 1660 2652 1713 ait
2686 1677 2698 1713 :
2730 1681 2757 1709 ‹‹
2787 1661 2861 1714 Ex
2901 1659 3024 1731 ipso
3063 1664 3122 1713 et
3147 1675 3252 1731 per
3292 1658 3479 1730 ipsum
3530 1662 3592 1712 et
3620 1659 3682 1711 in
3728 1659 3846 1729 ipso

469 1761 543 1826 (II
556 1759 682 1827 Reg.
714 1773 845 1826 xxn,
874 1757 952 1826 3.)
983 1755 1037 1811 Si
1067 1756 1249 1811 unitas
1272 1772 1388 1811 non
1409 1761 1512 1823 est,
1536 1772 1712 1828 quare
1742 1779 1769 1804 ‹‹
1795 1756 1877 1810 tui
1901 1777 1926 1804 ››
1957 1755 2094 1810 dici-
2118 1741 2174 1812 B
2199 1757 2331 1807 sunt
2356 1753 2547 1807 omnia
2565 1754 2592 1807 ?
2623 1753 2789 1823 (Rom.
2811 1771 2884 1820 x1,
2907 1754 3017 1823 36.)
3041 1774 3067 1803 ››
3097 1753 3152 1809 Si
3173 1753 3360 1808 unitas
3381 1769 3502 1807 non
3522 1759 3636 1819 est,
3668 1769 3844 1824 quare

468 1856 579 1921 tur,
609 1855 665 1905 et
684 1867 800 1905 non
825 1850 996 1905 vestri
1026 1850 1218 1921 potius
1245 1850 1592 1905 intimatur?
1624 1850 1684 1905 Si
1722 1849 1949 1904 trinitas
1981 1866 2096 1904 non

469 1950 574 2014 est,
609 1962 709 2000 cur
738 1945 797 1999 in
820 1945 1044 2016 psalmo
1073 1943 1552 2015 quinquagesimo
1574 1946 1770 1998 octavo
1797 1946 2094 1998 cantatur:

469 2060 494 2091 «
525 2039 759 2094 Domine
781 2038 1077 2104 virtutum,
1116 2039 1258 2092 Deus
1285 2038 1478 2105 Israel,
1507 2037 1742 2092 intende
1760 2037 1833 2092 ad
1859 2036 2094 2092 visitan-

472 2134 573 2189 das
601 2149 799 2188 omnes
837 2136 1038 2204 gentes
1058 2132 1085 2184 ?
1115 2150 1140 2182 »
1174 2131 1227 2187 Si
1257 2132 1444 2186 unitas
1470 2148 1585 2186 non
1613 2136 1717 2199 est,
1751 2148 1928 2202 quare
1957 2152 1985 2179 ‹‹
2018 2131 2100 2185 in-

471 2229 643 2284 tende
672 2249 698 2276 »
730 2226 916 2297 posuit
943 2232 998 2281 et
1029 2242 1142 2281 non
1181 2225 1486 2295 intendite,
1526 2229 1588 2280 ut
1626 2225 1968 2296 prmdicatus
1994 2231 2096 2294 est,

472 2321 797 2376 intimavit?
837 2320 895 2376 Si
926 2319 1147 2375 trinitas
1179 2337 1291 2374 non
1319 2323 1422 2388 est,
1456 2336 1634 2392 quare
1674 2320 1734 2374 in
1761 2319 2099 2391 Apocalypsi

473 2415 638 2470 tertio
684 2413 827 2468 dixit
870 2432 883 2468 :
932 2436 958 2463 ‹‹
987 2416 1243 2480 Sanctus,
1275 2418 1518 2482 sanctus,
1549 2417 1777 2468 sanctus
1803 2412 2096 2479 Dominus,

472 2511 618 2564 Deus
638 2508 1014 2580 omnipotens,
1041 2508 1135 2579 qui
1155 2512 1240 2562 est
1259 2512 1314 2562 et
1337 2507 1434 2579 qui
1458 2511 1582 2562 erat
1597 2509 1624 2560 ?
1657 2530 1683 2556 ››
1721 2507 1904 2577 (Apoc.
1926 2523 1998 2573 Iv,
2024 2508 2095 2576 8.)

469 2605 522 2660 Si
581 2604 769 2658 unitas
819 2619 932 2657 non
982 2607 1084 2671 est,
1128 2617 1306 2673 quare
1347 2618 1462 2656 non
1495 2602 1592 2673 qui
1625 2605 1756 2656 sunt
1781 2600 2096 2671 pluraliter,

470 2699 566 2753 sed
612 2698 710 2769 qui
766 2719 792 2747 «
837 2700 1019 2752 erat»
1069 2695 1427 2766 designavit?
1467 2695 1525 2751 Si
1565 2695 1784 2750 trinitas
1832 2710 1947 2748 non
1994 2697 2098 2764 est,

472 2809 651 2863 quare
671 2790 730 2844 in
755 2789 1194 2844 Deuteronomio
1215 2790 1431 2844 dictum
1455 2795 1574 2844 est:
1608 2811 1634 2837 ‹‹
1658 2788 1934 2842 Dominus
1955 2789 2102 2842 Dens

473 2890 624 2951 tuus,
683 2885 826 2938 Deus
861 2884 1182 2938 misericors
1234 2887 1338 2949 est,
1387 2889 1444 2937 et
1486 2882 1679 2936 audiet
1711 2898 1907 2935 vocem
1944 2886 2100 2935 tuam

473 2980 648 3048 (Deut.
683 2994 758 3045 Iv,
787 2979 892 3046 31).
931 2999 956 3024 ››
1003 2977 1059 3031 Si
1082 2975 1274 3030 unitas
1309 2992 1419 3029 non
1449 2979 1552 3044 est,
1583 2991 1758 3046 quare
1792 2997 1819 3023 ‹‹
1854 2975 2042 3029 audiet
2072 2997 2095 3021 η

474 3073 684 3145 posuit,
704 3076 762 3126 et
785 3087 902 3125 non
926 3070 1166 3124 audient
1185 3069 1503 3124 intimavit?
1535 3068 1589 3123 Si
1608 3068 1836 3123 trinitas
1858 3085 1970 3122 non
1994 3073 2077 3123 est

474 3182 649 3238 quare
695 3165 752 3220 in
789 3167 920 3220 Jesu
957 3166 1105 3219 Nave
1138 3164 1345 3219 dicitur
1373 3163 1514 3218 libro
1547 3181 1559 3217 :
1591 3185 1621 3212 α
1649 3164 1926 3218 Dominus
1955 3165 2101 3218 Deus

474 3264 714 3316 deorum
745 3264 830 3314 est
862 3260 1032 3327 (Deut.
1065 3275 1099 3313 x
1138 3260 1243 3326 17).
1274 3280 1300 3305 η
1342 3257 1395 3312 Si
1422 3257 1612 3312 unitas
1642 3273 1757 3312 non
1798 3263 1901 3325 est,
1929 3273 2102 3328 quare

478 3381 501 3404 ιι
536 3359 621 3411 est
647 3378 674 3404 »
705 3354 866 3423 dixit,
899 3359 955 3408 et
972 3369 1085 3407 non
1116 3356 1267 3420 sunt,
1303 3369 1460 3406 more
1491 3351 1811 3419 locutionis,
1844 3351 2101 3406 induxit?

474 3452 530 3506 Si
584 3449 805 3506 trinitas
849 3465 964 3502 non
1009 3450 1114 3514 est,
1170 3463 1347 3518 quare
1386 3447 1529 3500 Elias
1571 3446 1890 3500 hortando:
1931 3468 1956 3493 ‹‹
1990 3446 2099 3499 Do-

475 3546 650 3611 mine,
684 3542 944 3610 Domine,
979 3541 1236 3608 Domine,
1274 3542 1424 3595 Deus
1475 3540 1670 3609 Israel,
1701 3540 1936 3594 ostende
1968 3539 2101 3610 quia

471 3645 534 3695 tu
578 3655 637 3693 es
684 3639 827 3692 Deus
870 3653 1032 3691 meus
1078 3635 1178 3702 (III
1222 3638 1348 3701 Reg.
1401 3650 1551 3702 xvm,
1598 3635 1707 3702 36),
1743 3655 1771 3682 »
1811 3633 1997 3687 dixit?
2042 3633 2100 3687 Si

472 3734 662 3788 unitas
690 3748 803 3786 non
845 3734 949 3798 est,
1001 3745 1177 3800 quare
1209 3750 1235 3777 ‹‹
1267 3729 1500 3783 ostende
1528 3750 1554 3777 »
1590 3733 1647 3782 et
1677 3744 1787 3782 non
1818 3727 2102 3782 ostendite

473 3827 703 3899 posuit?
729 3825 785 3880 Si
811 3824 1035 3879 trinitas
1054 3840 1170 3878 non
1201 3827 1304 3889 est,
1330 3839 1430 3877 cur
1443 3822 1830 3877 Mardochaaus
1853 3822 2096 3875 orando:

477 3942 505 3971 α
535 3906 792 3988 Domine,
823 3919 972 3972 Deus
1003 3918 1388 3988 omnipotens,
1414 3915 1608 3970 omnia
1626 3915 1683 3969 in
1705 3918 1986 3986 potestate
2006 3918 2102 3968 tua

474 4018 607 4069 sunt
660 4013 828 4083 (Esth.
880 4029 1004 4079 XIV,
1058 4015 1142 4081 l2)
1189 4032 1214 4059 »
1266 4009 1454 4064 dixit?
1501 4009 1556 4065 Si
1593 4009 1783 4063 unitas
1823 4026 1938 4063 non
1995 4010 2100 4078 est,

474 4126 648 4182 quare
675 4109 734 4162 in
771 4130 796 4155 ‹‹
827 4113 923 4162 tua
951 4127 976 4153 ››
1019 4105 1227 4177 posuit,
1279 4107 1335 4159 et
1361 4121 1477 4159 non
1503 4104 1562 4158 in
1590 4108 1776 4158 vestra
1807 4103 2102 4174 signavit?

480 4205 536 4259 Si
570 4203 794 4256 trinitas
824 4217 938 4255 non
965 4203 1068 4267 est,
1105 4216 1205 4252 cur
1235 4199 1410 4252 etiam
1435 4198 1630 4252 Judith
1665 4197 1883 4251 orando
1913 4197 2057 4250 dixit
2086 4213 2098 4249 :

479 4322 505 4348 u
534 4295 794 4364 Domine,
823 4293 1084 4357 Domine,
1111 4295 1255 4347 Deus
1285 4290 1544 4346 omnium
1571 4290 1864 4357 virtutum,
1889 4289 2104 4361 respice

475 4395 532 4447 in
561 4389 880 4446 orationem
911 4402 1101 4441 meam
1120 4387 1147 4440 ?
1175 4408 1202 4432 ι)
1235 4385 1463 4454 (Iudith.
1497 4400 1570 4451 Ix,
1601 4384 1675 4455 3.)
1707 4383 1762 4438 Si
1781 4383 1970 4438 unitas
1989 4400 2102 4438 non

2085 3111 2176 3186 fC

2201 1863 2315 1901 «ex
2344 1847 2514 1917 ipso»
2548 1848 2758 1918 posuit,
2790 1853 2847 1903 et
2871 1865 2985 1902 non
3010 1865 3079 1903 ex
3105 1847 3241 1918 ipsis
3271 1847 3519 1900 astruxit
3539 1845 3570 1899 ?
3603 1846 3663 1900 Si
3694 1847 3847 1900 enim

2198 1946 2353 1995 certo
2381 1942 2589 1995 certius
2617 1942 2860 1996 volueris
2887 1942 3169 1996 unitatem
3207 1939 3497 1994 Trinitatis
3532 1956 3847 2010 agnoscere

2200 2050 2233 2088 a
2263 2035 2566 2106 saepedicto
2595 2034 2827 2090 doctore
2857 2035 3121 2106 gentium
3147 2035 3424 2105 apostolo,
3451 2035 3678 2105 poteris
3725 2035 3844 2088 uni-

2200 2142 2357 2182 versa
2384 2128 2734 2193 condiscere,
2762 2132 2819 2183 et
2845 2128 3007 2200 sequi
3033 2128 3376 2183 catholicam
3404 2127 3584 2182 ﬁdem
3611 2132 3674 2182 et
3698 2131 3848 2182 Aria-

2199 2237 2402 2275 norum
2450 2221 2786 2293 pravitatem
2828 2238 3131 2293 respuere;
3181 2223 3366 2294 gratia
3396 2222 3634 2276 Domini
3671 2223 3845 2276 nostri

2197 2317 2329 2369 Iesu
2348 2316 2573 2383 Christi,
2603 2317 2806 2388 inquit,
2831 2320 2887 2372 et
2911 2317 3156 2371 charitas
3183 2317 3281 2372 Dei
3307 2320 3362 2372 et
3387 2316 3843 2371 communicatio

2200 2409 2379 2463 sancti
2409 2409 2652 2481 Spiritus
2683 2411 2781 2479 (ΙΙΙ
2807 2413 2926 2469 Cor.
2961 2428 3076 2478 XIII,
3127 2413 3232 2481 13),
3277 2411 3394 2482 ipsa
3425 2416 3512 2465 est
3555 2410 3764 2478 Patris,
3794 2414 3844 2464 et

2206 2502 2348 2569 Filii,
2380 2507 2438 2557 et
2463 2503 2702 2574 Spiritus
2727 2505 2922 2559 sancti.
2945 2504 3246 2568 Quomodo
3269 2504 3327 2559 in
3351 2504 3639 2559 Trinitate
3668 2520 3842 2558 unum

2201 2600 2352 2664 sunt,
2401 2597 2534 2666 quia
2579 2603 2780 2651 natura
2825 2602 2996 2669 atque
3044 2598 3115 2652 ab
3158 2597 3400 2653 invicem
3442 2599 3708 2668 separari
3736 2615 3842 2651 non

2202 2697 2436 2760 possunt
2452 2691 2478 2744 ?

2278 2784 2580 2853 Caeterum,
2614 2785 2792 2840 frater
2816 2784 3165 2852 charissime,
3193 2801 3320 2857 quae
3345 2791 3445 2839 tua
3465 2785 3846 2839 continebant

2204 2877 2416 2949 scripta
2445 2896 2515 2933 ex
2529 2878 2803 2949 subjectis
2824 2878 3120 2933 sententiis
3137 2881 3386 2934 maxime
3410 2879 3612 2934 omnia
3634 2881 3846 2950 poteris

2201 2972 2487 3042 colligere.
2518 2974 2748 3028 Necesse
2778 2978 2878 3040 est,
2924 2973 3103 3027 frater
3143 2973 3494 3041 charissime,
3537 2974 3745 3028 adesse
3774 2975 3847 3026 di-

2202 3067 2419 3132 vinum,
2467 3067 2562 3120 ubi
2603 3067 2918 3122 humanum
2957 3073 3145 3122 cessat
3169 3067 3462 3122 auxilium.
3496 3069 3562 3122 Et
3593 3076 3662 3122 ut
3682 3069 3846 3137 juxta

2203 3161 2532 3231 Apostolum
2559 3161 2836 3229 dicamus,
2858 3161 2991 3216 licet
3012 3161 3178 3216 verba
3207 3161 3546 3232 replicemus
3571 3179 3706 3232 quae
3730 3163 3846 3232 ipse

2204 3254 2501 3310 Timotheo
2546 3255 2757 3323 scribit,
2810 3254 3003 3309 dicens
3050 3273 3061 3308 :
3115 3256 3415 3310 «Ecclesia
3456 3256 3553 3310 Dei
3596 3256 3708 3309 vivi
3762 3273 3848 3310 co-

2199 3349 2401 3403 lumna
2432 3353 2488 3403 et
2529 3348 2959 3403 ﬁrmamentum
3001 3345 3392 3404 est'veritatis.
3431 3351 3500 3403 Et
3542 3350 3847 3404 manifeste

2200 3459 2482 3513 magnum
2501 3448 2584 3498 est
2609 3443 2838 3513 pietatis
2867 3447 3306 3510 sacramentum,
3326 3443 3478 3516 quod
3505 3444 3845 3498 manifesta-

2201 3543 2322 3592 tum
2349 3541 2433 3592 est
2457 3538 2516 3592 in
2537 3553 2728 3605 carne,
2747 3537 3119 3608 justificatum
3142 3541 3226 3592 est
3245 3539 3304 3592 in
3324 3537 3546 3609 spiritu,
3570 3541 3850 3610 apparuit

2203 3632 2437 3702 angelis,
2484 3631 2859 3702 praedicatum
2905 3636 2991 3686 est
3028 3631 3316 3703 gentibus,
3347 3632 3641 3686 creditum
3668 3639 3757 3687 est
3790 3635 3852 3687 in

2202 3725 2436 3794 mundo,
2469 3729 2822 3796 assumptum
2850 3730 2933 3779 est
2955 3725 3010 3778 in
3037 3725 3223 3796 gloria
3249 3727 3295 3795 (Ι
3319 3728 3450 3780 Tim.
3475 3743 3554 3794 III,
3577 3726 3792 3794 l5,lti}.
3823 3753 3844 3773 ττ

2207 3841 2232 3867 ‹‹
2263 3819 2502 3890 Spiritus
2531 3821 2723 3873 autem
2751 3819 3046 3874 manifeste
3078 3819 3235 3887 dicit,
3268 3819 3400 3890 quia
3426 3821 3484 3873 in
3522 3820 3853 3873 novissimis

2207 3912 2557 3983 temporibus
2587 3912 2882 3967 discedent
2905 3913 3137 3984 quidam
3159 3931 3193 3967 a
3219 3913 3333 3967 fide
3358 3914 3711 3968 attendentes
3733 3915 3852 3985 spi-

2203 4006 2402 4061 ritibus
2422 4007 2624 4062 erroris
2645 4011 2701 4060 et
2721 4005 2996 4061 doctrinis
3028 4007 3443 4062 daemoniorum
3465 4008 3522 4061 in
3548 4007 3849 4078 hypocrisi

2201 4101 2559 4172 loquentium
2586 4100 2973 4169 mendacium,
3019 4107 3076 4156 et
3100 4101 3462 4156 cauteriatam
3504 4101 3848 4155 habentium

2203 4211 2365 4250 suam
2386 4194 2808 4262 conscientiam,
2834 4195 3263 4266 prohibentium
3286 4196 3521 4262 nubere,
3545 4195 3846 4250 abstinere

2203 4306 2236 4343 a
2286 4289 2444 4356 cibis,
2496 4306 2636 4361 quos
2688 4292 2835 4345 Deus
2874 4290 3085 4346 creavit
3127 4290 3199 4344 ad
3241 4289 3680 4362 percipiendum
3705 4308 3850 4346 cum

2206 4383 2518 4454 gratiarum
2546 4383 2792 4450 actione,
2826 4384 3084 4438 ﬁdelibus
3128 4390 3183 4439 et
3209 4385 3296 4438 his
3327 4385 3424 4455 qui
3450 4393 3853 4454 cognoverunt

475 4493 578 4559 est,
603 4500 778 4558 quare
813 4503 836 4532 α
872 4481 1141 4553 respice»
1181 4479 1392 4552 posuit,
1434 4481 1491 4534 et
1520 4494 1636 4533 non
1672 4477 1932 4550 respicite
1965 4477 2182 4560 desi-D
2203 4477 2521 4544 veritatem,
2569 4477 2702 4548 quia
2747 4477 2930 4531 omnis
2972 4482 3234 4532 creatura
3274 4479 3369 4533 Dei
3410 4478 3577 4547 bona,
3610 4485 3667 4533 et
3693 4480 3849 4534 nihil

477 4580 709 4655 gnavit?
737 4578 793 4634 Si
819 4577 1043 4632 trinitas
1064 4592 1180 4630 non
1202 4577 1306 4643 est,
1325 4589 1500 4644 quare
1524 4572 1580 4627 in
1597 4572 1844 4628 Ieremia
1864 4571 2100 4628 dicitur:

478 4697 504 4729 «
536 4674 814 4732 Dominus
842 4674 990 4728 Deus
1020 4675 1204 4726 vester
1233 4671 1380 4724 Deus
1399 4684 1569 4722 verax
1595 4667 1726 4724 est?
1753 4686 1780 4718 »
1818 4667 2026 4736 (Jerem.
2048 4683 2101 4735 x,

481 4769 588 4841 IO.)
620 4770 679 4823 Si
706 4768 894 4823 unitas
925 4770 1170 4832 nonest,
1201 4780 1378 4836 quare
1401 4764 1458 4817 in
1481 4761 1812 4833 Apocalypsi
1833 4760 2104 4832 scriptum

477 4868 563 4918 est
591 4881 604 4917 :
643 4883 667 4912 «
694 4862 984 4927 Dominus,
1019 4861 1186 4928 Deus,
1221 4861 1278 4912 et
1301 4856 1540 4928 Spiritus
1567 4855 1976 4926 prophetatum
2002 4854 2104 4908 mi-

475 4960 547 5014 sit
568 4955 840 5027 angelum
869 4970 1035 5008 suum
1065 4951 1362 5008 ostendere
1387 4949 1558 5005 servis
1577 4948 1693 5003 suis
1724 4965 1853 5020 quae
1880 4951 2107 5020 oportet

473 5053 596 5109 fieri
621 5048 774 5106 cito?
797 5070 824 5096 ››
858 5047 1048 5117 (Apoc.
1077 5063 1211 5113 xxn,
1243 5047 1316 5116 6.)
1346 5045 1403 5100 Si
1436 5044 1621 5100 unitas
1647 5060 1765 5099 non
1793 5046 1896 5110 est,
1930 5059 2104 5115 quare

475 5165 608 5205 cum
637 5148 861 5202 Patrem
901 5146 958 5196 et
990 5140 1194 5194 Filium
1233 5145 1290 5194 et
1321 5139 1594 5210 Spiritum
1623 5144 1882 5194 sanctum
1908 5137 2101 5193 nomi-

473 5245 682 5309 nasset,
713 5261 741 5288 ‹‹
765 5236 962 5292 misit»
986 5233 1261 5289 Dominus
1283 5233 1440 5301 dixit,
1464 5238 1652 5287 etnon
1675 5232 1975 5299 miserunt,
1998 5231 2102 5286 sub

475 5338 751 5410 prmtextu
785 5331 960 5388 trium
1001 5342 1378 5401 personarum
1409 5331 1465 5381 et
1494 5341 1704 5380 nomen
1736 5325 2102 5380 introduxit?

472 5433 526 5488 Si
552 5429 773 5486 trinitas
800 5443 912 5482 non
943 5429 1048 5494 est,
1077 5437 1252 5495 quare
1285 5421 1346 5474 in
1373 5419 1814 5474 Deuteronomio
1846 5418 2051 5473 dicitur
2085 5435 2096 5471 :

477 5548 505 5576 ‹‹
532 5525 804 5582 Dominus
829 5524 972 5576 Deus
993 5521 1196 5582 vester,
1225 5515 1318 5570 hic
1333 5518 1416 5569 est
1439 5515 1585 5568 Deus
1602 5514 1629 5566 ?
1665 5533 1690 5560 ››
1725 5513 1896 5583 (Deut.
1922 5527 1959 5578 ι,
1991 5512 2099 5583 30).

473 5622 531 5675 Si
557 5620 746 5674 unitas
772 5633 888 5670 non
915 5617 1016 5683 est,
1048 5627 1228 5682 quare
1267 5631 1294 5659 ‹‹
1322 5609 1413 5664 hic
1445 5609 1530 5663 est
1556 5629 1583 5657 »
1619 5606 1781 5674 dixit,
1811 5612 1867 5661 et
1901 5622 2012 5660 non
2041 5606 2122 5661 hi'

474 5717 609 5766 sunt
635 5709 840 5782 plurali
869 5722 1113 5763 numero
1141 5702 1510 5776 designavit?
1533 5700 1588 5757 Si
1609 5700 1834 5756 trinitas
1853 5717 1971 5755 non
1991 5706 2100 5770 est,

477 5821 652 5877 quare
681 5805 736 5858 in
765 5803 964 5861 eodem
991 5799 1197 5856 dicitur
1219 5799 1365 5854 libro
1391 5815 1403 5854 :
1432 5819 1460 5848 «
1485 5794 1752 5851 Dominus
1773 5795 1915 5849 Deus
1946 5799 2096 5864 tuus,

2205 4571 2580 4642 rejiciendum
2623 4572 2774 4644 quod
2819 4589 2952 4628 cum
2995 4572 3314 4644 gratiarum
3345 4572 3564 4627 actione
3596 4574 3851 4644 percipi-

2206 4666 2726 4736 tur,fsanctiticatur
2743 4667 2898 4722 enim
2919 4683 3024 4738 per
3042 4667 3275 4722 verbum
3297 4667 3391 4722 Dei
3410 4672 3466 4722 et
3487 4668 3845 4722 orationem.

2206 4761 2333 4814 Haec
2354 4777 2676 4832 proponens
2690 4761 2979 4828 fratribus,
3008 4762 3190 4816 bonus
3214 4761 3324 4816 eris
3344 4761 3605 4816 minister
3628 4761 3847 4817 Christi

2203 4854 2354 4920 Jesu,
2385 4854 2666 4909 enutritus
2691 4855 2866 4909 verbo
2896 4855 3026 4909 ﬁdei
3057 4859 3112 4910 et
3138 4855 3302 4910 bona:
3330 4855 3625 4923 doctrinm,
3658 4872 3844 4927 quam

2203 4953 2489 5003 assecutus
2509 4965 2587 5003 es.
2617 4950 2846 5020 lneptas
2869 4955 3061 5004 autem
3089 4953 3144 5004 et
3163 4951 3358 5005 inanes
3383 4950 3601 5004 fabulas
3629 4951 3840 5020 devita,

2204 5045 2260 5097 et
2286 5059 2480 5098 exerce
2503 5043 2748 5114 teipsum
2770 5045 2841 5099 ad
2858 5044 3148 5116 pietatem.
3179 5046 3321 5099 Nam
3338 5045 3654 5115 corporalis
3673 5062 3838 5100 exer-

2203 5136 2394 5191 citatio
2426 5137 2495 5192 ad
2523 5138 2811 5193 modicum
2835 5138 2984 5193 utilis
3008 5142 3112 5193 est.
3137 5138 3315 5193 Pietas
3334 5141 3529 5193 autem
3548 5139 3620 5194 ad
3644 5141 3842 5194 omnia

2203 5231 2356 5286 utilis
2387 5237 2491 5299 est,
2519 5232 2956 5303 promissionem
2989 5233 3209 5288 habens
3234 5233 3382 5302 vitae,
3414 5249 3544 5304 quae.
3576 5251 3731 5288 nunc
3755 5241 3842 5289 est

2204 5329 2262 5378 et
2284 5326 2511 5381 futurae.
2545 5326 2748 5381 Fidelis
2772 5343 2960 5382 sermo
2989 5329 3048 5381 et
3074 5329 3231 5382 omni
3253 5327 3582 5399 acceptione
3604 5328 3838 5400 dignus.

2201 5419 2260 5472 In
2291 5419 2400 5474 hoc
2427 5421 2581 5474 enim
2600 5419 2924 5477 laboramus
2950 5425 3007 5478 et
3031 5421 3448 5490 maledicimur,
3473 5423 3611 5492 quia
3637 5439 3836 5494 spera-

2202 5529 2328 5567 mus
2353 5513 2411 5568 in
2441 5515 2619 5568 Deum
2643 5514 2852 5585 vivum,
2882 5516 2979 5587 qui
3011 5521 3095 5570 est
3133 5516 3388 5571 Salvator
3434 5515 3704 5570 omnium
3745 5517 3840 5570 ho-

2201 5607 2449 5674 minum,
2471 5608 2837 5681 maximeque
2858 5609 3132 5665 ﬁdelium.
3160 5610 3407 5681 Prascipe
3440 5609 3566 5664 haec
3593 5613 3652 5665 et
3674 5611 3836 5668 doce.

2200 5702 2376 5757 Nemo
2391 5701 2828 5759 adolescentiam
2839 5709 2996 5759 tuam
3013 5707 3343 5760 contemnat
3361 5703 3487 5770 ;sed
3501 5706 3833 5777 exemplum

2201 5797 2322 5850 esto
2350 5795 2625 5864 ﬁdelium,
2664 5797 2719 5851 in
2750 5797 2941 5868 verbo,
2977 5798 3034 5852 in
3062 5797 3519 5868 conversatione,
3556 5799 3612 5853 in
3647 5799 3830 5854 chari-
