4092 6192
167 341 308 393 1089

1405 335 1874 392 DECRETALIUM
1913 333 2299 390 COLLECTIO.

3402 335 3535 387 lt)th

159 451 295 514 tate,
317 445 377 498 in
397 444 527 511 fide,
553 442 609 498 in
627 441 897 498 castitate.
925 444 1068 497 Dum
1091 443 1274 512 venio,
1298 444 1526 500 attende
1546 443 1800 510 lectioni,
1825 456 1884 529 Α
1903 445 2073 514 atque
2097 441 2221 496 aliis
2248 439 2625 496 anxietatibus
2661 445 2910 509 vexatus,
2954 440 3192 514 longam
3237 439 3537 512 epistolam

168 538 585 607 exhortationi,
611 537 904 592 doctrinas.
936 537 1063 592 Noli
1087 537 1379 610 negligere
1407 538 1650 609 gratiam
1676 554 1804 609 quae

158 633 293 687 data
317 635 403 687 est
429 631 531 685 tibi
569 647 670 702 per
708 631 1071 702 prophetiam
1118 648 1247 686 cum
1275 631 1641 704 impositione
1675 648 1802 688 ma-

163 742 352 780 nuum
397 725 733 796 presbyteri.
788 725 917 779 Haec
968 724 1268 795 meditare,
1324 726 1383 782 in
1421 725 1510 780 his
1552 729 1695 792 esto,
1741 729 1806 780 ut

166 820 458 891 profectus
484 824 615 874 tuus
641 818 974 874 manifestus
1017 819 1090 873 sit
1113 819 1396 875 omnibus.
1426 819 1673 875 Attende
1703 818 1804 874 tibi

166 920 228 969 et
258 914 554 982 doctrinae,
585 913 734 967 insta
757 912 820 967 in
846 912 957 968 illis
985 929 998 979 ;
1044 913 1150 968 hoc
1194 913 1346 969 enim
1391 914 1608 968 faciens
1637 917 1695 968 et
1717 916 1803 966 te-

162 1009 359 1079 ipsum
404 1007 623 1061 salvum
663 1007 854 1072 facies,
900 1012 956 1061 et
997 1024 1092 1062 eos
1119 1007 1218 1078 qui
1242 1013 1296 1062 te
1325 1007 1567 1062 audiunt
1595 1008 1638 1078 (1
1669 1009 1804 1061 Tim.

169 1118 245 1170 ιν,
281 1104 450 1170 1-16).
487 1123 512 1148 ››
547 1101 714 1155 Fame
745 1101 900 1154 enim
931 1101 1104 1155 nimis
1137 1101 1416 1172 afﬂigitur
1445 1117 1619 1172 quam
1646 1100 1809 1154 clade

1905 535 2146 591 minime
2173 535 2416 591 scribere
2443 536 2612 590 valui.
2648 537 2926 607 Tempore
2955 551 3207 607 congruo
3236 533 3452 604 denuo,
3493 533 3541 588 si

1906 646 2135 685 necesse
2159 630 2351 696 fuerit,
2380 628 2562 696 mitte,
2593 635 2649 684 et
2676 647 2744 685 ea
2765 647 2893 702 qua:
2914 628 3332 685 desideraveris
3351 643 3536 683 sume.

1905 725 2050 780 Deus
2100 730 2153 780 te
2196 724 2547 780 incolumem
2608 723 2911 790 custodiat,
2970 724 3143 780 frater
3186 721 3536 778 charissime.

1905 822 2107 875 Amen.

1978 915 2115 968 Data
2142 928 2195 967 IV
2221 912 2410 967 Nonas
2430 910 2656 982 Aprilis,
2685 912 3002 968 Justiniano
3029 916 3086 968 et
3111 911 3269 967 Libio
3310 911 3373 964 IV
3403 927 3540 966 con-

1911 1007 2147 1061 sulibus.

478 1455 1054 1549 INCIPIUNT
1147 1457 1668 1550 DECRETA
1760 1456 2240 1550 SECUNDI
2347 1454 2796 1548 PELAGII
2890 1452 3254 1546 PAPIE.

251 1765 637 1821 Dilectissimis
677 1766 970 1833 fratribus,
1028 1768 1303 1822 universis
1341 1769 1641 1840 episcopis,
1693 1770 1810 1841 qui,

173 1861 374 1914 illicita
421 1860 712 1914 vocatione
757 1861 988 1915 Joannis
1032 1861 1645 1934 Constantinopolitani
1691 1863 1811 1934 epi-

176 1954 360 2024 scopi,
390 1954 460 2007 ad
487 1954 772 2023 synodum
800 1955 1351 2026 Constantinopolim
1404 1962 1810 2026 convenerunt,

177 2049 472 2102 PELAGIUS.

251 2141 566 2207 Manifesto,
616 2141 762 2196 sicut
797 2142 1136 2212 optavimus,
1175 2159 1277 2214 per
1311 2144 1554 2214 gratiam
1593 2144 1688 2198 Dei
1727 2144 1892 2248 lu-B

179 2235 340 2288 mine
389 2235 732 2306 evangelicae
793 2235 1042 2290 veritatis
1089 2236 1161 2290 ab
1213 2237 1518 2291 universali
1573 2237 1817 2293 Ecclesia

179 2329 648 2399 perniciosissimi
687 2328 896 2384 erroris
948 2333 1114 2384 nocte
1157 2329 1413 2401 depulsa,
1455 2330 1818 2385 ineffabiliter

182 2422 502 2492 gaudemus
527 2422 586 2476 in
613 2421 872 2491 Domino,
907 2423 1006 2477 sed
1030 2440 1141 2476 non
1171 2424 1393 2478 modico
1415 2424 1819 2479 contristamur

181 2532 450 2584 mcerore,
485 2517 619 2586 quia
648 2533 713 2569 ea
745 2532 875 2587 qum
904 2517 1038 2570 olim
1061 2518 1270 2571 calcata
1297 2518 1525 2572 fuerant
1551 2523 1608 2574 et
1635 2518 1820 2573 fundi-

181 2615 276 2662 tus
308 2609 600 2676 damnata,
639 2626 743 2663 nec
779 2625 1042 2680 unquam
1080 2610 1203 2665 ﬁeri
1238 2611 1569 2680 debuerant,
1609 2611 1815 2667 redivi-

182 2704 267 2757 vis
317 2702 597 2756 radicibus
639 2703 967 2773 germinant
1011 2707 1182 2775 atque
1228 2705 1531 2775 pullulant.
1569 2705 1637 2758 Et
1675 2721 1816 2776 quo-

185 2796 348 2850 niam
397 2795 602 2861 multa,
644 2813 769 2866 qua}
812 2797 1229 2867 paenitudinem
1273 2804 1515 2868 possunt
1544 2814 1820 2868 generare

186 2889 551 2960 proveniunt,
597 2905 825 2944 necesse
854 2895 938 2944 est
973 2907 1236 2944 accusare
1278 2908 1406 2962 qua}
1438 2897 1632 2946 contra
1667 2891 1820 2946 ordi-

185 3000 327 3038 nem
359 2989 414 3037 et
440 2999 666 3038 omnem
702 2964 1100 3039 auctoritatem
1145 2985 1292 3039 facta
1326 3002 1445 3040 esse
1494 2989 1820 3040 noscuntur.

189 3077 378 3143 Unde,
415 3077 639 3144 fratres,
677 3078 873 3133 relicta
915 3078 1140 3149 penitus
1181 3079 1437 3146 audacia,
1467 3096 1594 3151 quae
1625 3083 1824 3134 contra

183 3171 558 3242 apostolicam
587 3171 806 3241 sedem,
836 3177 1029 3227 contra
1058 3173 1242 3244 ipsam
1271 3173 1496 3227 Domini
1516 3173 1825 3228 Salvatoris

187 3281 413 3330 vocem,
456 3281 567 3336 qua
608 3265 823 3320 dictum
862 3269 989 3320 est:
1029 3289 1055 3316 «
1087 3268 1166 3321 Tu
1204 3283 1262 3321 es
1305 3269 1525 3335 Petrus,
1567 3271 1624 3321 et
1654 3283 1827 3339 super

187 3361 345 3414 hanc
372 3364 595 3430 petram
619 3359 912 3414 aediﬁcabo
929 3360 1237 3415 Ecclesiam
1266 3377 1450 3416 meam
1476 3361 1688 3432 (Matth.
1715 3378 1824 3430 XVI,

191 3456 316 3520 18);
353 3475 380 3502 ››
416 3458 642 3525 sumpta
672 3457 757 3508 est
796 3453 1127 3525 disputandi
1173 3459 1372 3510 contra
1418 3454 1642 3510 Domini
1678 3472 1824 3527 pra:-

1918 1774 2000 1828 vel
2027 1771 2466 1828 conciliabulum
2496 1773 2764 1839 cassatur,
2796 1775 2850 1824 et
2870 1768 3145 1841 quidquid
3172 1769 3228 1823 in
3259 1785 3326 1823 eo
3351 1773 3544 1824 actum

1916 1871 1999 1922 est
2023 1865 2250 1921 irritum
2272 1865 2513 1920 habetur
2533 1869 2589 1920 et
2609 1881 2871 1919 vacuum.
2895 1865 3004 1918 Vos
3024 1879 3252 1934 quoque
3279 1863 3546 1933 deinceps

1914 1961 2122 2028 videte,
2147 1962 2207 2014 ut
2229 1959 2438 2013 nullius
2459 1959 2686 2013 hortatu
2709 1958 2840 2012 talia
2862 1955 3238 2028 prmsumatis,
3261 1956 3304 2009 si
3328 1959 3548 2027 aposto-

1915 2055 2036 2108 licae
2064 2053 2213 2108 sedis
2233 2053 2639 2107 communione
2666 2066 2861 2106 carere
2883 2067 3002 2105 non
3022 2049 3208 2104 vultis.
3229 2049 3390 2104 Modo
3414 2065 3546 2104 vero

1916 2147 2044 2202 ideo
2061 2146 2432 2217 suspenditur
2451 2145 2614 2212 ultio,
2635 2148 2700 2200 ul
2719 2145 2909 2199 locum
2932 2143 3105 2215 possit
3125 2143 3341 2198 habere
3363 2159 3548 2198 corre-

1917 2241 2044 2295 ctio.
2069 2239 2191 2313 2'7
2206 2239 2254 2312 1
2279 2240 2729 2294 Praedecessores
2749 2255 2884 2293 vero
2905 2237 3158 2306 Joannis,
3176 2240 3236 2291 et
3253 2237 3546 2309 ipseJoan-

1917 2352 2039 2401 nes,
2082 2351 2195 2389 non
2237 2334 2433 2402 semel,
2478 2334 2574 2389 sed
2608 2333 2943 2404 saepissime,
2978 2331 3243 2402 epistolas
3275 2335 3446 2402 atque
3479 2330 3547 2384 li-

1916 2429 2089 2484 bellos
2116 2428 2352 2499 prOpria
2374 2444 2551 2482 manu
2581 2427 2926 2497 subscriptos
2956 2425 3165 2480 sanctis
3187 2424 3555 2480 antecessori-

1918 2523 2022 2578 bus
2052 2522 2259 2576 nostris
2285 2523 2582 2589 miserunt,
2611 2521 2817 2593 quibus
2855 2537 3048 2576 coram
3088 2520 3326 2575 Domino
3358 2523 3549 2590 prote-

1920 2616 2050 2671 stati
2064 2619 2196 2669 sunt
2210 2615 2353 2668 nihil
2369 2631 2666 2686 nunquam
2689 2618 2948 2686 proterve
2961 2617 3159 2668 contra
3183 2612 3552 2685 apostolicam

1921 2710 2112 2764 sedem
2143 2725 2337 2780 agere,
2392 2725 2494 2762 nec
2541 2709 2612 2762 de
2646 2708 2796 2762 illius
2833 2712 2929 2762 aut
2969 2707 3211 2762 aliorum
3239 2705 3553 2778 privilegiis

1921 2803 2233 2876 quidquam
2261 2819 2560 2874 usurpare,
2583 2801 2681 2874 qui
2705 2803 2980 2856 hactenus
3002 2801 3061 2855 in
3091 2800 3318 2855 archivo
3342 2803 3552 2854 sanctze

1921 2899 2191 2952 Romamn
2216 2896 2476 2952 Ecclesim
2523 2895 2626 2950 sub
2672 2895 2871 2966 sigillis
2909 2893 3310 2966 chirographis
3348 2909 3552 2948 eorum

1923 2991 2178 3046 roborati
2216 2991 2502 3045 habentur
2536 2989 2766 3061 integri.
2828 2990 2891 3043 ln
2939 2988 3075 3060 ipsis
3114 2987 3272 3043 enim
3302 2987 3558 3059 epistolis

1924 3087 2008 3139 vel
2050 3085 2274 3152 libellis,
2323 3084 2706 3139 anathematis
2754 3083 2982 3138 vinculo
3033 3101 3090 3137 se
3121 3087 3177 3138 et
3206 3097 3560 3138 successores

1926 3195 2126 3234 eorum
2151 3178 2629 3244 constrinxerunt,
2653 3178 2697 3231 si
2720 3193 2974 3248 unquam
2989 3176 3224 3248 aliquod
3241 3181 3440 3232 contra
3460 3192 3557 3232 eos

1927 3289 2171 3345 prensum
2181 3271 2441 3343 psissent,
2466 3276 2564 3325 aut
2583 3275 2781 3326 contra
2799 3271 3173 3341 apostolicam
3189 3271 3274 3325 vel
3291 3269 3464 3324 ullius
3481 3269 3562 3325 al-

1926 3367 2100 3422 terius
2119 3366 2370 3437 episcopi
2399 3365 2590 3419 sedem
2613 3365 2925 3436 quidquam
2945 3364 3162 3420 adversi
3185 3379 3416 3436 quoquo
3440 3379 3560 3418 mo-

1929 3460 2003 3514 do
2027 3462 2217 3514 essent
2245 3458 2446 3513 moliti.
2477 3457 2687 3512 Idcirco
2710 3474 2805 3512 eos
2834 3474 2948 3512 non
2973 3461 3057 3512 est
3081 3473 3310 3512 necesse
3331 3473 3562 3511 excom-

189 3554 380 3619 cepta,
404 3563 547 3602 vana
567 3548 877 3603 errantium
894 3549 1064 3604 corda
1085 3550 1510 3620 conquiescant,
1541 3565 1641 3604 nec
1663 3550 1830 3604 liceat
1849 3549 1904 3624 ρ
1930 3554 2223 3609 municare
2251 3558 2350 3608 aut
2368 3551 2875 3618 anathematizare,
2903 3551 3032 3623 quia
3053 3550 3158 3622 ipsi
3179 3551 3562 3605 anathematis

191 3641 427 3696 defendi
453 3642 607 3713 quod
637 3659 748 3697 non
790 3642 958 3698 liceat
981 3660 1168 3715 agere.
1209 3645 1471 3698 Relatum
1493 3647 1579 3698 est
1599 3661 1735 3715 ergo
1758 3644 1831 3698 ad

189 3735 566 3806 apostolicam
609 3736 803 3790 sedem
833 3737 1115 3792 Joannem
1143 3738 1832 3808 Constantinopolitanum

189 3830 552 3902 episcopum,
596 3830 977 3885 universalem
1023 3847 1079 3886 se
1109 3831 1482 3901 subscribere,
1516 3849 1722 3904 vosque
1762 3848 1831 3887 ex

193 3925 304 3978 hac
331 3940 434 3978 sua
460 3925 909 3996 praesumptione
929 3925 1003 3980 ad
1026 3925 1311 3996 synodum
1333 3942 1643 3982 convocare
1667 3943 1834 3997 gene-

193 4019 402 4087 ralem,
426 4034 558 4072 cum
585 4019 938 4090 generalium
961 4019 1313 4090 synodorum
1338 4021 1680 4076 convocandi
1700 4037 1831 4075 auc-

193 4111 399 4167 toritas
424 4112 745 4183 apostolica:
768 4113 887 4167 sedi
905 4113 1063 4168 beati
1079 4114 1227 4169 Petri
1243 4115 1520 4186 singulari
1536 4115 1831 4187 privilegio

197 4206 274 4260 sit
317 4206 546 4274 tradita,
593 4211 648 4261 et
689 4207 844 4261 nulla
892 4224 1146 4279 unquam
1188 4209 1436 4280 synodus
1462 4213 1586 4263 rata
1611 4209 1835 4280 legatur

195 4315 331 4372 quas
357 4300 662 4370 apostolica
689 4301 1023 4356 auctoritate
1047 4318 1165 4356 non
1181 4303 1355 4356 fuerit
1380 4302 1541 4356 fulta.
1574 4303 1830 4373 Quapro-

197 4399 334 4465 pter
362 4393 644 4465 quidquid
674 4395 732 4449 in
757 4395 1029 4466 praedicto
1051 4401 1238 4452 vestro
1267 4397 1675 4466 conventiculo,
1700 4397 1835 4469 quia

193 4488 452 4558 synodus
469 4489 659 4543 taliter
676 4495 1026 4561 praesumpta
1047 4507 1165 4546 esse
1185 4507 1303 4546 non
1327 4492 1534 4562 potuit,
1560 4492 1835 4547 statuistis

197 4599 274 4637 ex
304 4583 638 4638 auctoritate
667 4584 847 4638 sancti
875 4585 1027 4639 Petri
1055 4586 1443 4657 apostolorum
1465 4586 1756 4657 principis,
1780 4593 1836 4640 et

195 4676 428 4733 Domini
453 4677 755 4732 Salvatoris
782 4694 936 4745 voce,
965 4696 1076 4750 qua
1101 4679 1267 4734 beato
1295 4681 1461 4734 Petro
1492 4683 1833 4752 potestatem

195 4770 424 4841 ligandi
461 4774 630 4842 atque
676 4771 1000 4827 absolvendi
1045 4773 1166 4844 ipse
1208 4773 1460 4828 Salvator
1496 4775 1668 4844 dedit,
1707 4791 1835 4846 qua:

199 4866 384 4920 etiam
430 4869 680 4936 potestas
721 4865 781 4919 in
830 4867 1247 4922 successoribus
1295 4868 1417 4938 ejus
1448 4868 1838 4923 indubitanter

199 4959 489 5026 transivit,
521 4959 790 5030 przecipio
823 4960 1019 5015 omnia
1049 4977 1177 5032 qua:
1204 4961 1282 5016 ibi
1311 4961 1580 5017 statuistis
1608 4966 1665 5016 et
1694 4979 1835 5017 vana
1855 4931 1915 5004 D

202 5057 268 5107 et
291 5055 508 5107 cassata
536 5069 675 5120 esse,
707 5053 782 5108 ita
815 5059 876 5109 ut
901 5053 1170 5126 deinceps
1197 5071 1490 5126 nunquam
1533 5062 1841 5127 appareant

201 5164 313 5203 nec
344 5147 708 5202 ventilentur.
739 5147 829 5202 Ait
855 5148 1008 5202 enim
1034 5148 1154 5220 ipse
1179 5149 1434 5205 Salvator
1459 5151 1624 5205 beato
1651 5152 1836 5220 Petro,

201 5243 356 5297 sicut
386 5242 505 5312 ipse
532 5259 638 5313 per
678 5257 737 5296 se
776 5242 997 5298 Veritas
1036 5243 1306 5314 loquitur,
1341 5245 1534 5299 dicens
1572 5262 1584 5298 :
1625 5265 1650 5293 ‹‹
1684 5247 1842 5309 Quae-

201 5351 440 5406 cunque
490 5334 758 5405 ligaveris
795 5352 966 5406 super
1014 5339 1246 5407 terram,
1287 5342 1458 5392 erunt
1496 5339 1671 5409 ligata
1701 5343 1756 5393 et
1785 5337 1841 5392 in

201 5431 376 5495 ccelo,
423 5435 480 5483 et
521 5446 875 5502 quascunque
917 5430 1150 5485 solveris
1191 5448 1362 5502 super
1409 5436 1641 5500 terram,
1676 5435 1846 5487 erunt

205 5523 400 5578 soluta
427 5528 484 5577 et
511 5523 568 5576 in
597 5523 734 5578 ccelo
763 5525 944 5592 (Ibid.,
975 5527 1078 5593 t9).
1104 5546 1130 5573 »
1153 5525 1336 5579 Multis
1360 5525 1550 5580 denuo
1570 5526 1842 5597 apostoli-

203 5618 292 5672 cis
321 5621 380 5670 et
403 5617 690 5671 canonicis
717 5621 888 5688 atque
915 5618 1657 5673 ecclesiasticisinstruimur
1678 5636 1844 5690 regu-

201 5712 280 5766 lis
304 5727 422 5765 non
456 5710 666 5765 debere
697 5711 910 5782 absque
941 5711 1225 5768 sententia
1252 5713 1642 5768 Romanorum
1663 5713 1848 5785 ponti-

209 5807 390 5861 ﬁcum
421 5806 658 5860 concilia
683 5805 977 5874 celebrari,
1006 5810 1376 5878 quapropter,
1405 5810 1469 5860 ut
1487 5806 1607 5877 jam
1631 5806 1848 5863 dictum

209 5905 300 5956 est
326 5904 499 5968 recte,
523 5916 637 5954 non
659 5899 984 5967 concilium,
1007 5901 1107 5955 sed
1129 5906 1371 5956 vestrum
1392 5903 1847 5958 conventiculum

629 5998 897 6061 PATROL.
949 5998 1174 6064 CXXX.

1931 3649 2174 3714 vinculo,
2205 3646 2451 3719 propriis
2479 3646 2744 3701 manibus
2768 3644 3148 3717 professiones
3171 3662 3319 3713 suas,
3343 3661 3561 3716 suaque

1932 3743 2134 3813 scripta
2160 3740 2485 3796 roboranda
2511 3739 3010 3807 constrinxerunt;
3039 3740 3179 3795 sciat
3207 3755 3266 3793 se
3293 3743 3484 3794 tamen
3507 3742 3563 3794 et

1930 3837 2050 3908 ipse
2063 3837 2327 3902 Joannes,
2349 3834 2458 3889 nisi
2476 3850 2734 3889 errorem
2759 3849 2926 3888 suum
2945 3833 3054 3888 cito
3065 3832 3393 3902 correxerit,
3410 3850 3443 3887 a
3465 3849 3560 3888 no-

1930 3931 2016 3985 bis
2035 3928 2646 3991 excommunicandum
2673 3928 2816 3995 fore,
2851 3933 2908 3984 et
2932 3927 3256 4000 apostolicae
3283 3927 3435 3981 sedis
3473 3933 3556 3983 at-

1931 4042 2040 4097 que
2065 4023 2324 4080 omnium
2355 4028 2678 4078 sanctorum
2713 4023 3109 4094 episcoporum
3155 4021 3560 4076 communione

1933 4130 2150 4184 carere;
2177 4111 2562 4168 universitatis
2578 4127 2805 4183 quoque
2829 4128 3061 4175 nomen,
3083 4111 3232 4184 quod
3248 4111 3354 4166 sibi
3374 4109 3562 4165 illicite

1934 4205 2421 4279 usurpavit,nolite
2437 4205 2858 4273 attendere,nec
2873 4205 3170 4260 vocatione
3185 4204 3305 4276 ejus
3318 4205 3389 4259 ad
3403 4219 3563 4275 syno-

1933 4303 2070 4358 dum
2101 4302 2311 4373 absque
2337 4300 2674 4354 auctoritate
2695 4299 2841 4354 sedis
2863 4299 3183 4372 apostolicze
3203 4315 3459 4371 unquam
3475 4315 3564 4354 ve-

1933 4397 2080 4466 nire,
2115 4395 2160 4450 si
2191 4395 2512 4467 apostolicm
2544 4393 2695 4449 sedis
2723 4401 2780 4449 et
2807 4399 3143 4449 caeterorum
3171 4393 3567 4464 episcoporum

1934 4489 2342 4547 communione
2360 4489 2530 4542 vultis
2549 4489 2690 4558 frui;
2719 4488 2907 4543 nullus
2932 4487 3083 4542 enim
3106 4486 3564 4558 patriarcharum

1936 4586 2042 4639 hoc
2056 4589 2175 4639 tam
2187 4581 2426 4654 profano
2439 4582 2707 4637 vocabulo
2721 4597 2975 4654 unquam
2987 4583 3197 4647 utatur,
3213 4579 3346 4651 quia
3357 4579 3403 4633 si
3417 4595 3564 4633 unus

1936 4674 2608 4750 patriarcha'universalis
2629 4675 2853 4743 dicitur,
2877 4673 3329 4745 patriarcharum
3351 4689 3567 4728 nomen

1936 4771 2154 4827 caeteris
2175 4771 2499 4841 derogatur.
2533 4769 2640 4825 Sed
2669 4769 2816 4823 absit
2836 4768 2945 4822 hoc
2967 4783 3000 4822 a
3021 4766 3208 4821 fidelis
3227 4767 3566 4840 cujusquam

1938 4870 2148 4933 mente,
2177 4866 2286 4920 hoc
2308 4864 2412 4918 sibi
2432 4865 2517 4918 vel
2538 4863 2679 4918 velle
2697 4861 3028 4934 quempiam
3045 4861 3294 4933 arripere
3313 4868 3375 4917 ut
3394 4863 3570 4919 hono-

1937 4977 2060 5016 rem
2088 4961 2328 5014 fratrum
2358 4974 2594 5013 suorum
2617 4956 2954 5012 imminuere
2975 4972 3041 5012 ex
3061 4957 3568 5030 quantulacunque

1939 5057 2101 5128 parte
2131 5054 2409 5108 videatur.
2431 5054 2790 5123 Quapropter
2809 5050 3052 5106 charitas
3072 5054 3256 5105 vestra
3280 5052 3570 5108 neminem

1939 5164 2192 5220 unquam
2219 5147 2333 5201 suis
2359 5145 2613 5218 epistolis
2643 5145 3022 5200 universalem
3053 5147 3333 5215 nominet,
3366 5163 3436 5201 ne
3464 5146 3572 5200 sibi

1941 5243 2196 5299 debitum
2227 5241 2547 5308 subtrahat,
2579 5257 2710 5295 cum
2731 5238 2898 5295 alteri
2926 5241 3201 5296 honorem
3223 5239 3388 5294 oﬂ‘ert
3407 5240 3568 5296 inde-

1942 5339 2148 5394 bitum.
2180 5335 2599 5392 «Adversarius
2619 5351 2871 5408 namque
2894 5335 3173 5400 diabolus,
3203 5354 3228 5384 »
3261 5333 3359 5404 qui
3375 5339 3572 5389 contra

1945 5432 2189 5486 humiles
2218 5431 2453 5485 saeviens
2481 5452 2507 5479 «
2539 5431 2682 5484 sicut
2707 5430 2799 5484 leo
2817 5429 3049 5499 rugiens
3069 5425 3286 5496 circuit,
3310 5443 3573 5498 quaerens

1945 5542 2116 5598 quem
2145 5525 2378 5580 devoret
2398 5525 2446 5595 (Ι
2464 5527 2606 5580 Petr.
2628 5540 2681 5592 v,
2707 5526 2781 5593 8),
2809 5542 2835 5573 »
2868 5538 2986 5576 non
3007 5521 3146 5592 jam,
3177 5525 3241 5574 ut
3261 5520 3570 5592 cernimus,

1947 5621 2135 5675 caulas
2165 5619 2386 5689 circuit,
2419 5619 2515 5674 sed
2546 5619 2626 5672 ita
2658 5616 2840 5670 valide
2865 5615 2923 5668 in
2953 5612 3286 5685 quibusdam
3317 5615 3574 5670 Ecclesiae

1947 5713 2280 5769 necessariis
2300 5711 2573 5766 membris
2587 5711 2816 5765 dentem
2836 5707 2978 5779 ﬁgit,
3000 5709 3063 5760 ut
3075 5705 3216 5761 nulli
3233 5707 3574 5779 sitdubium,

1948 5809 2081 5881 quia
2128 5808 2236 5862 nisi
2285 5805 2638 5861 unanimiter
2686 5804 2904 5857 favente
2955 5801 3193 5856 Domino
3241 5809 3577 5861 cunctorum

1950 5902 2192 5976 provida
2207 5907 2498 5974 pastorum
2515 5895 2683 5953 turba
2703 5898 3018 5964 concurrat,
3037 5910 3207 5951 omne
3228 5897 3240 5954 t
3247 5899 3395 5968 quod
3415 5899 3580 5974 absit)

3188 6001 3266 6058 35
