4092 6192
614 301 737 355 1Ο91

1493 298 1774 355 APPEND.
1815 299 1903 355 AD
1943 301 2102 355 SIEC.
2146 300 2233 354 ΙΧ.
2265 327 2333 340 --
2373 297 2622 354 lSlDORl
2659 293 3085 352 MERCATORIS

3762 299 3854 350 l09'2

606 407 769 463 citius
790 407 932 460 ovile
962 406 1219 462 dilaniet.
1243 407 1621 478 Perpenditis,
1649 407 1853 462 fratres
1883 407 2229 475 charismmi,
2254 419 2315 492 Α
2333 410 2563 460 reataut
2575 403 2940 476 exspolietur.
2960 401 3531 459 «Conﬁdimusautem
3543 399 3856 468 devobis,cha-

609 501 746 572 quid
772 503 828 555 et
855 498 1059 554 vicinio
1087 499 1468 572 subsequitur,
1505 517 1636 555 cum
1667 507 1724 556 et
1761 501 1822 555 in
1855 501 2236 556 sacerdotibus

610 597 920 664 erumpunt
948 596 1064 647 tam
1090 610 1353 665 perversa
1380 595 1710 665 primordia,
1742 594 1873 665 quia
1898 595 2053 650 enim
2073 595 2237 666 juxta

610 691 690 740 est
736 687 831 740 ille
877 687 946 740 de
983 703 1096 757 quo
1140 686 1414 758 scriptum
1455 693 1539 743 est
1569 707 1580 742 :
1615 710 1640 736 «
1673 689 1796 759 Ipse
1828 693 1913 742 est
1937 704 2034 743 rex
2064 705 2236 760 super

609 780 902 834 universos
915 779 1059 834 filios
1072 780 1479 851 superbianob
1508 781 1781 853 xu,25),»
1802 782 1951 852 quod
1980 799 2097 837 non
2116 782 2236 837 sine

589 874 767 945 gravi
786 874 986 928 dolore
1017 873 1205 929 dicere
1231 874 1560 945 compellor,
1591 875 1728 929 dum
1753 875 1931 930 frater
1961 879 2020 930 et
2044 876 2234 947 coepi-

608 985 806 1039 scopus
834 970 1026 1022 noster
1051 969 1296 1023 Joannes
1316 967 1588 1022 mandata
1616 969 1903 1023 Dominica
1929 973 1985 1023 et
2006 974 2233 1041 aposto-

607 1062 713 1116 lica
741 1064 1044 1132 praecepta,
1075 1061 1420 1132 regulasque
1450 1063 1684 1116 Patrum
1729 1063 2064 1135 despiciens,
2102 1081 2235 1118 eum

608 1173 710 1226 per
730 1155 1040 1210 elationem
1055 1171 1387 1225 percurrere
1413 1158 1650 1210 conatur
1675 1155 1735 1210 in
1754 1157 2005 1213 nomine.
2022 1160 2236 1213 Vestra

611 1253 804 1304 autem
833 1247 1168 1303 beatitudini
1211 1248 1424 1302 indicet
1466 1248 1832 1320 omnipotens
1873 1252 2021 1306 Deus
2063 1269 2237 1323 quam

611 1342 769 1412 gravi
785 1341 1254 1396 considerationis
1266 1342 1435 1412 hujus
1443 1343 1658 1413 gemitu
1674 1347 1963 1415 torqueor,
1977 1346 2129 1416 quod
2143 1345 2237 1400 ille

611 1435 902 1507 quondam
919 1435 1060 1489 mihi
1075 1435 1420 1504 notissimus,
1439 1436 1534 1492 ille
1552 1437 1817 1492 omnibus
1837 1437 2092 1510 dilectus,
2111 1456 2236 1494 ora-

612 1529 858 1583 tionibus
882 1533 1050 1601 atque
1070 1529 1305 1600 jejuniis
1332 1530 1627 1585 videbatur
1655 1535 1976 1603 occupatus,
2006 1537 2062 1588 et
2085 1550 2152 1587 ex
2173 1551 2239 1588 eo

611 1639 723 1693 quo
750 1622 981 1676 fastebat
1007 1622 1219 1692 cinere,
1254 1640 1324 1677 ex
1346 1639 1410 1678 ea
1436 1640 1611 1695 quam
1640 1625 2030 1694 praztendebat
2050 1626 2239 1680 humi-

610 1716 765 1770 litate
805 1715 1134 1786 jactantiam
1185 1718 1448 1787 sumpsit,
1499 1716 1579 1772 ita
1627 1718 1889 1772 universa
1928 1718 2032 1773 sibi
2061 1720 2244 1775 tentet

2334 499 2564 568 rissimi,
2594 498 2830 553 meliora
2849 498 3019 568 atque
3051 494 3320 550 viciniora
3335 493 3490 548 saluti
3511 494 3666 562 (Hebr.
3688 511 3748 562 vr,
3765 497 3816 565 9},
3835 518 3851 541 n

2335 594 2470 666 quia
2499 615 2528 644 «
2558 609 2744 664 neque
2771 607 2946 658 mors,
2965 605 3153 660 neque
3181 588 3310 655 vita,
3333 603 3508 658 neque
3526 588 3702 658 angeli,
3725 605 3854 659 neque

2335 664 2702 760 principatus,
2745 701 2933 756 neque
2971 682 3256 749 instantia,
3291 697 3468 752 neque
3506 681 3686 750 futura,
3725 698 3854 752 neque

2336 781 2635 849 fortitudo,
2663 796 2847 852 neque
2879 777 3142 846 altitudo,
3174 791 3356 847 neque
3377 774 3701 845 profundum,
3725 791 3853 845 neque

2336 878 2596 930 creatura
2623 875 2751 942 alia,
2798 896 2826 924 «
2849 873 3126 944 magistro
3162 870 3417 941 gentium
3449 867 3674 929 docente.
3711 869 3855 938 potcn't

2338 987 2442 1024 nos
2471 985 2735 1040 separare
2763 985 2797 1022 a
2826 966 3095 1022 charitate
3128 962 3356 1018 Domini
3383 961 3550 1016 nostri
3567 963 3675 1016 Jesu
3695 961 3854 1024 Christi,

2339 1067 2396 1116 et
2440 1079 2567 1134 quas
2599 1062 2658 1116 in
2703 1061 2826 1134 ipso
2864 1063 2952 1115 est
2989 1063 3140 1114 recta
3167 1056 3277 1111 fide
3313 1056 3472 1122 (Rom.
3503 1070 3607 1120 V'Ill,
3632 1056 3702 1119 38,
3729 1055 3804 1122 39}.
3836 1076 3851 1097 ιι

2340 1177 2367 1209 ‹‹
2395 1157 2574 1212 Nolite
2600 1156 2790 1226 itaque
2816 1155 3076 1209 amittere
3101 1149 3501 1206 confidentiam
3537 1151 3736 1201 vestram
3768 1163 3853 1217 qua

2338 1267 2609 1322 magnam
2626 1246 3353 1304 habetremunerationem.
3372 1264 3399 1290 )›
3416 1240 3659 1296 Patientia
3669 1240 3782 1293 enim
3793 1256 3854 1291 uo

2337 1345 2424 1399 bis
2451 1344 2769 1399 necessaria
2797 1346 2884 1396 est
2916 1341 2989 1396 ad
3033 1338 3455 1394 colluctationes
3489 1334 3852 1396 adversariorum,

2339 1443 2621 1511 quatenus
2650 1437 2825 1492 fidem
2851 1437 3250 1491 intemeratam
3269 1446 3447 1502 usque
3471 1429 3527 1482 in
3545 1428 3689 1482 ﬁnem
3706 1442 3855 1480 conser-

2341 1529 3060 1603 vantes,repromissionem
3075 1526 3452 1599 percipiamus
3467 1538 3618 1594 quam
3631 1519 3856 1591 repromisit

2341 1627 2428 1680 his
2455 1626 2554 1697 qui
2581 1624 2842 1696 legitime
2867 1627 3084 1678 certare
3113 1620 3508 1691 deproperant.
3540 1637 3566 1664 «
3585 1614 3740 1669 Adhuc
3754 1613 3854 1666 enim

2341 1720 2635 1774 modicum
2657 1717 2996 1790 quantulum
3021 1715 3118 1787 qui
3142 1716 3419 1768 venturus
3441 1716 3520 1767 est
3543 1710 3715 1774 veniet,
3729 1710 3768 1760 et
3782 1721 3855 1759 non

611 1808 1188 1878 ascribere,etomnia
1203 1826 1329 1881 qua:
1349 1810 1453 1864 soli
1467 1811 1567 1866 uni
1585 1811 1756 1882 capiti
1777 1812 2067 1868 cohterent
2085 1813 2240 1869 vide-
2263 1793 2319 1865 Β
2345 1813 2589 1868 tardabit
2613 1813 2800 1883 (Hebr.
2831 1827 2883 1879 x,
2916 1811 3024 1881 37).
3061 1831 3087 1858 ››
3123 1830 3149 1857 ‹‹
3183 1809 3323 1862 Ecce
3355 1805 3504 1860 enim
3519 1803 3670 1875 judex
3691 1804 3784 1853 ante
3799 1799 3855 1867 ja-

611 1904 742 1958 licet
792 1903 1032 1969 Christo,
1079 1919 1184 1973 per
1227 1903 1567 1959 electionem
1612 1905 1926 1977 pompatici
1968 1908 2243 1962 sermonis

611 1997 872 2069 ejusdem
918 1995 1126 2051 Christi
1162 1995 1266 2050 sibi
1307 1997 1574 2052 studeant
1617 1999 1878 2054 membra
1908 2000 2238 2071 subjugare.

613 2093 722 2145 Nec
750 2091 958 2145 mirum
1000 2089 1150 2160 quod
1179 2090 1273 2144 ille
1304 2093 1572 2161 tentator,
1613 2092 1710 2162 qui
1747 2113 1773 2142 «
1801 2092 2029 2148 initium
2059 2095 2243 2149 omnis

610 2185 824 2256 peccati
856 2184 958 2238 scit
987 2200 1109 2237 esse
1149 2183 1476 2254 superbiam
1513 2185 1694 2253 (Eccli.
1735 2202 1788 2253 x,
1823 2189 1927 2257 15),
1959 2209 1985 2236 ››
2025 2191 2082 2242 et
2109 2193 2242 2244 tunc

611 2296 679 2334 ea
709 2279 768 2332 in
813 2277 996 2348 primo
1040 2276 1275 2331 homine
1305 2281 1436 2332 ante
1477 2278 1674 2332 omnia
1710 2295 1848 2333 usus
1877 2283 1981 2349 est,
2013 2284 2069 2334 et
2093 2298 2242 2336 nunc

615 2389 742 2427 eam
763 2371 822 2426 in
842 2370 1183 2443 quibusdam
1202 2371 1531 2426 hominibus
1548 2371 1708 2443 ponit
1725 2372 1785 2427 in
1804 2373 1917 2428 ﬁne
1934 2374 2239 2445 virtutum;

615 2473 690 2535 et,
723 2466 822 2538 qui
851 2465 1209 2536 aliquatenus
1235 2464 1397 2520 bonis
1428 2465 1560 2520 vitae
1581 2466 1780 2522 studiis
1805 2467 2102 2523 videbatur
2121 2486 2244 2524 cru-

617 2559 934 2615 delissimas
966 2575 1174 2613 manus
1202 2558 1324 2630 ejus
1364 2558 1638 2631 effugere,
1671 2560 1751 2616 eis
1783 2561 1841 2615 in
1870 2561 2005 2633 ipsis
2035 2563 2244 2619 mentis

612 2653 748 2709 boni
773 2652 979 2725 operis,
1008 2656 1065 2706 et
1091 2653 1149 2706 in
1170 2653 1295 2724 ipsa
1316 2653 1748 2723 quodammodo
1774 2660 2025 2727 apponat
2054 2657 2238 2728 perfe-

613 2748 812 2804 ctionis
858 2746 1221 2801 conclusione
1279 2746 1651 2802 tendiculum.
1689 2749 1848 2804 Unde
1889 2766 2243 2822 magnopere

616 2839 898 2896 orandum
925 2844 1011 2894 est
1047 2843 1105 2893 et
1139 2839 1502 2909 omnipotens
1540 2841 1688 2894 Deus
1715 2841 1957 2918 assiduis
1981 2844 2244 2913 precibus

613 2932 1026 3005 implorandus,
1048 2936 1110 2986 ut
1127 2932 1281 2986 hunc
1301 2949 1333 2986 a
1354 2938 1545 2987 mente
1561 2933 1712 2988 illius
1731 2938 1946 2990 avertat
1966 2952 2240 3007 errorem,

617 3029 726 3084 hoc
751 3027 822 3082 ab
853 3025 1072 3082 unitate
1091 3028 1261 3097 atque
1291 3026 1614 3083 humilitate
1634 3029 1892 3084 Ecclesiae
1917 3031 2127 3086 malum
2150 3049 2239 3086 su-

615 3121 826 3194 perbia:
846 3125 902 3176 et
920 3118 1266 3175 confusionis
1287 3124 1570 3190 amoveat,
1591 3124 1646 3176 et
1674 3123 1900 3179 favente
1924 3125 2034 3179 Deo
2065 3125 2245 3180 omni-

617 3217 722 3272 bus
760 3215 972 3270 viribus
1009 3215 1468 3270 concurrendum
1496 3221 1666 3288 atque
1703 3217 2136 3289 providendum,
2173 3236 2245 3274 ne

617 3313 672 3366 in
701 3309 871 3365 unius
891 3325 1111 3364 veneno
1133 3309 1413 3363 sermonis
1436 3309 1682 3365 viventia
1701 3309 1758 3365 in
1780 3311 1983 3367 Christi
2010 3330 2244 3384 corpore

615 3405 876 3461 membra
911 3402 1248 3459 moriantur.
1294 3403 1354 3458 Si
1401 3403 1556 3457 enim
1586 3403 1698 3458 dici
1725 3405 1833 3460 hoc
1854 3406 2088 3462 licenter
2114 3423 2242 3477 per-

615 3499 880 3564 mittitur,
912 3499 1096 3552 honor
1120 3496 1574 3568 patriarcharum
1603 3498 1864 3552 omnium
1895 3506 2160 3572 negatur,
2191 3504 2249 3555 et

617 3594 853 3648 fortasse
880 3591 926 3646 is
958 3591 1017 3646 in
1045 3607 1237 3646 errore
1268 3590 1418 3662 perit
1437 3590 1537 3662 qui
1573 3592 1907 3648 universalis
1937 3594 2161 3664 dicitur,
2192 3601 2249 3650 et

618 3687 808 3743 nullus
838 3686 964 3757 jam
1007 3686 1307 3756 episcopus
1347 3684 1688 3740 remansisse
1733 3686 1793 3740 in
1824 3690 1969 3742 statu
2000 3689 2248 3744 veritatis

618 3780 924 3837 invenitur.
974 3779 1211 3851 Oportet
1251 3795 1388 3850 ergo
1417 3783 1483 3834 ut
1507 3783 1831 3836 constanter
1857 3797 1922 3836 ac
1949 3782 2068 3838 sine
2095 3799 2245 3854 prte-

613 3875 830 3947 judicio
869 3872 1124 3943 servetis,
1169 3873 1314 3928 sicut
1355 3873 1648 3945 accepistis
1692 3875 1983 3944 Ecclesias,
2022 3879 2080 3931 et
2106 3878 2250 3932 nihil

619 3970 727 4025 sibi
769 3969 826 4024 in
875 3968 1033 4024 vobis
1081 3968 1204 4023 haec
1241 3967 1477 4022 tentatio
1521 3967 1815 4024 diabolica:
1865 3971 2250 4042 usurpationis

613 4042 876 4120 ascribat.
899 4062 1050 4118 State
1072 4061 1268 4131 fortes,
1288 4065 1430 4116 state
1449 4062 1651 4132 securi,
1675 4062 1996 4135 scriptaque
2016 4065 2247 4120 univer-

617 4159 750 4213 salis
781 4155 1028 4211 nominis
1055 4156 1199 4211 falsa
1229 4172 1336 4209 nec
1362 4155 1496 4210 dare
1525 4172 1798 4227 unquam,
1845 4174 1949 4212 nec
1991 4159 2249 4230 accipere

617 4249 992 4323 praesumatis.
1023 4248 1230 4304 Omnes
1246 4248 1541 4319 episcopos
1567 4265 1718 4304 curm
1739 4254 1940 4306 vestrm
1967 4252 2252 4323 subjectos

620 4345 692 4399 ab
715 4345 883 4416 hujus
911 4341 1253 4398 adulationis
1276 4341 1671 4413 inquinatione
1694 4343 2011 4416 prohibete,
2033 4351 2098 4401 ut
2121 4348 2248 4402 uni-

624 4457 786 4496 versa
808 4454 908 4493 vos
931 4436 1170 4492 Ecclesia
1201 4435 1574 4507 patriarchas,
1623 4453 1740 4491 non
1779 4438 1964 4493 solum
1999 4439 2058 4494 in
2084 4440 2252 4496 bonis

2265 3164 2320 3239 C

2343 1924 2522 1962 nuam
2548 1905 2756 1961 assistit
2786 1906 2917 1974 (Jac.
2945 1920 2998 1972 v,
3025 1903 3099 1973 9),
3127 1923 3153 1951 »
3204 1916 3441 1955 coronas
3465 1897 3685 1953 hilariter
3699 1892 3855 1964 promit-

2342 2005 2467 2056 tens
2479 2001 2568 2054 his
2588 2000 2686 2072 qui
2706 2015 2810 2070 pro
2833 2015 2900 2053 eo
2919 1995 3279 2069 passionibus
3303 1992 3704 2053 submittuntur;
3719 1982 3856 2057 quodsi

2343 2095 2469 2167 quis
2482 2111 2539 2151 se
2560 2093 2907 2151 subtraxerit
2928 2107 3044 2146 non
3066 2087 3317 2161 placebit
3343 2086 3539 2142 animae
3560 2099 3699 2149 mea,
3716 2079 3788 2134 sed
3800 2095 3855 2130 ca.

2343 2190 2439 2244 det
2456 2189 2528 2244 de
2549 2187 2925 2260 promissione
2943 2190 3174 2257 propter
3194 2181 3577 2254 negationem.
3599 2201 3622 2226 ‹‹
3637 2176 3856 2230 Nosautem

2343 2299 2457 2338 non
2477 2298 2674 2336 sumus
2700 2278 3103 2335 subtractionis
3131 2276 3233 2332 ﬁlii
3256 2275 3317 2330 in
3351 2273 3708 2346 perditionem,
3731 2264 3802 2319 sed
3818 2262 3857 2316 ti-

2344 2379 2434 2434 dei
2454 2377 2512 2432 in
2537 2375 2969 2448 acquisitionem
2990 2371 3195 2426 animae
3219 2370 3403 2439 (Hebr.
3427 2385 3479 2436 x,
3496 2365 3595 2435 39).
3616 2387 3638 2413 ››
3663 2361 3859 2428 «Propter

2345 2472 2500 2543 quod
2529 2469 2797 2526 assumite
2827 2483 2988 2522 arma
3014 2464 3134 2534 Dei,
3162 2466 3227 2518 ut
3252 2462 3478 2534 possitis
3507 2458 3730 2514 resistere
3745 2453 3786 2507 in
3804 2449 3859 2503 die

2344 2566 2494 2621 malo
2510 2566 2724 2636 (Ephes.
2747 2579 2822 2631 vI,
2844 2561 2969 2631 l3)»
2993 2561 3263 2614 adversus
3286 2572 3485 2612 omnes
3500 2547 3860 2608 inimicossancta

2346 2660 2445 2715 Dei
2466 2658 2722 2714 Ecclesiae
2743 2659 2800 2712 et
2817 2658 3055 2720 vestros,
3085 2671 3112 2705 «
3134 2659 3193 2706 et.
3215 2650 3442 2705 induite
3464 2647 3670 2703 loricam
3685 2638 3862 2714 justitie,

2343 2753 2575 2810 calceati
2589 2751 2766 2824 pedes
2776 2751 2836 2805 in
2849 2747 3263 2822 praaparatione
3279 2741 3560 2814 Evangelii
3572 2738 3714 2812 pacis,
3732 2736 3775 2788 in
3788 2745 3865 2785 om-

2346 2849 2512 2902 nibus
2535 2848 2890 2902 assumentes
2915 2846 3139 2898 scutum
3165 2839 3301 2894 fidei
3323 2838 3383 2893 in
3400 2853 3509 2910 quo
3535 2831 3720 2907 possitis
3735 2839 3866 2882 omnia

2337 2942 2532 3013 jacula
2549 2937 2887 3010 nequissimi
2908 2937 3084 3008 ignea
3101 2919 3486 3004 exstinguere,
3513 2934 3565 2983 et
3582 2926 3762 2997 galeam
3776 2918 3868 2971 salu-

2343 3035 2415 3090 tis
2441 3033 2698 3104 accipite,
2734 3035 2791 3085 et
2811 3029 3063 3102 gladium
3090 3027 3336 3099 Spiritus
3361 3025 3552 3086 sancti,
3571 3018 3695 3092 quod
3712 3019 3773 3070 est
3787 3027 3867 3064 vor-

2345 3129 2482 3183 bum
2527 3127 2646 3193 Dei,
2687 3141 2790 3196 per
2827 3139 3058 3178 omnem
3085 3119 3412 3176 orationem
3449 3121 3504 3172 et
3528 3109 3865 3170 obsecrationem

2347 3222 2528 3291 (Ibid.,
2563 3221 2747 3289 14-18)
2770 3241 2796 3268 ››
2832 3240 2858 3268 ‹‹
2887 3215 3141 3284 radicati,
3165 3219 3220 3270 et
3245 3212 3471 3268 fundati
3497 3207 3681 3279 (Ephes.
3702 3219 3761 3267 Ill,
3781 3200 3865 3260 17)

2349 3316 2406 3370 111
2433 3313 2628 3369 solatio
2653 3313 2894 3367 fratrum
2922 3327 3027 3382 pro
3059 3309 3281 3364 Christo
3327 3309 3457 3362 Jesu
3487 3301 3700 3358 Domino
3724 3298 3866 3349 nostra.

2417 3407 2525 3463 Sed
2552 3409 2611 3462 et
2637 3423 2809 3472 nunc,
2841 3405 3064 3472 fratres,
3081 3401 3544 3457 commendamus
3559 3412 3644 3450 vos
3671 3403 3818 3446 omnes
3835 3398 3870 3438 ω

2347 3502 2608 3570 Domino,
2639 3504 2696 3556 et
2715 3499 2886 3554 verbo
2915 3497 3109 3569 gratias
3133 3497 3255 3566 ejus
3276 3496 3378 3567 qui
3407 3495 3584 3566 potest
3601 3485 3822 3560 perﬁcere,
3838 3479 3872 3529 εί

2350 3599 2484 3652 dare
2510 3594 2902 3650 hereditatem
2923 3591 3078 3646 vobis
3097 3607 3229 3645 cum
3255 3589 3520 3643 omnibus
3541 3580 3734 3639 sanctis.
3759 3597 3778 3622 α
3796 3575 3873 3641 [pse

2348 3697 2541 3747 autem
2571 3691 2716 3744 Deus
2739 3688 2890 3760 pacis
2920 3692 2977 3741 et
3003 3683 3408 3740 consolationis
3436 3683 3528 3736 det
3550 3677 3686 3732 vobis
3707 3670 3875 3764 idipsulll

2351 3801 2549 3857 sapere
2595 3785 2655 3838 in
2697 3782 3037 3837 alterutrum
3077 3780 3245 3849 (Rom.
3274 3794 3367 3845 xv,
3400 3779 3472 3847 ὅ),
3508 3796 3533 3824 ››
3559 3777 3615 3827 ut
3639 3767 3758 3822 vobis
3784 3763 3874 3816 inu-

2350 3896 2476 3936 cem
2490 3876 2850 3946 succurratis,
2871 3879 2928 3930 et
2951 3891 3070 3929 non
3096 3873 3216 3929 sitis
3237 3872 3427 3940 divisi,
3451 3875 3510 3924 ut
3529 3864 3873 3957 unanimes,.tln0

2353 3991 2470 4041 ore,
2504 3977 2562 4028 et
2587 3989 2698 4027 uno
2723 3969 2894 4026 corde
2919 3967 3372 4024 honoriﬁcemus
3392 3981 3521 4020 eum
3540 3963 3594 4016 in
3613 3949 3874 4014 concordiam

2351 4073 2411 4123 et
2434 4065 2874 4123 consolationem
2899 4064 3162 4132 fratrum,
3189 4061 3290 4133 qui
3314 4065 3515 4132 potens
3538 4058 3618 4141 est.
3632 4047 3875 4142 conﬁrma-1'8

2349 4179 2446 4217 vos
2471 4162 2783 4217 secundum
2823 4158 3204 4230 Evangelium
3236 4155 3382 4226 ejus,
3422 4159 3477 4208 et
3497 4140 3644 4223 juxta
3663 4140 3874 4232 revelatio-

2355 4274 2487 4312 nem
2527 4254 2785 4326 mysterii
2819 4253 3045 4308 aeternis
3079 4249 3435 4320 temporibus
3463 4244 3652 4300 scilicet
3673 4232 3876 4326 perpetuis

2359 4350 2566 4420 quibus
2587 4321 2753 4403 vobis
2797 4347 3125 4402 futurorum
3163 4343 3503 4414 gaudiorum
3530 4321 3878 4420 largiendaslml

2353 4459 2617 4499 munera.
2642 4442 3022 4512 SummOpere
3039 4438 3215 4492 etiam
3234 4435 3583 4491 considerare
3599 4407 3878 4486 debetisqﬂOd

624 4533 914 4607 operibus,
956 4530 1052 4586 sed
1103 4529 1279 4585 etiam
1309 4530 1368 4584 in
1398 4530 1650 4584 veritatis
1679 4532 2012 4589 auctoritate
2045 4550 2255 4606 cogno-
2274 4542 2332 4614 Ι)
2355 4537 2414 4592 hi
2445 4537 2544 4609 qui
2569 4535 2837 4590 fratribus
2862 4533 3139 4601 invident,
3171 4546 3383 4602 eosque
3415 4529 3670 4583 damnare
3701 4519 3878 4614 aut

622 4632 759 4685 scat.
810 4627 868 4682 Si
909 4642 1026 4698 qua
1066 4629 1260 4679 autem
1292 4623 1532 4678 forsitan
1559 4624 1792 4681 adversa
1819 4627 2252 4700 subsequantur,

625 4721 972 4777 unanimiter
985 4719 1358 4791 persistentes
1376 4717 1552 4773 etiam
1571 4719 1868 4775 moriendo
1882 4721 2156 4777 debemus
2172 4740 2258 4778 os-

623 4815 879 4884 tendere,
891 4813 1023 4885 quia
1034 4813 1090 4866 in
1106 4812 1318 4868 damno
1333 4812 1724 4884 generalitatis
1736 4819 1996 4869 nostrum
2009 4816 2258 4888 speciali-

624 4907 961 4979 teraliquod
981 4923 1091 4960 non
1115 4923 1404 4976 amamus;
1426 4906 1677 4962 dicamus
1697 4924 1828 4962 curn
1847 4910 2014 4964 Paulo
2039 4927 2051 4965 :
2080 4911 2258 4966 «Mihi

625 5005 811 5059 vivere
837 5000 1093 5059 Christus
1124 5003 1228 5068 est,
1257 5004 1314 5056 et
1339 5000 1485 5056 mori
1515 5002 1737 5057 lucrum
1765 5002 1987 5074 (Philip.
2017 5021 2053 5072 1,
2081 5005 2192 5073 21).
2227 5027 2253 5052 η

625 5097 939 5154 Audiamus
969 5094 1122 5167 quod
1151 5095 1368 5166 primus
1385 5095 1642 5150 omnium
1667 5098 2061 5168 apostolorum
2083 5098 2255 5154 dicit:

629 5217 656 5246 ‹‹
690 5193 741 5249 Si
787 5191 922 5264 quid
961 5189 1223 5262 patimini
1273 5192 1505 5260 propter
1543 5189 1851 5261 justitiam,
1899 5191 2051 5246 beati
2107 5192 2260 5248 eritis

625 5293 664 5352 (l
687 5292 830 5344 Petr.
860 5303 940 5354 111,
974 5285 1079 5354 14).
1111 5304 1139 5333 ››
1181 5281 1313 5337 Mihi
1350 5283 1505 5337 enim
1545 5284 1776 5352 credite,
1819 5285 1952 5356 quia
1977 5286 2259 5342 honorem

626 5399 798 5456 quem
827 5396 930 5452 pro
947 5376 1314 5450 prmdicanda
1335 5377 1687 5448 suscepimus
1704 5378 1956 5448 veritate,
1987 5380 2032 5434 si
2059 5397 2255 5436 neces-

626 5477 803 5532 sitatis
827 5489 991 5529 causa
1017 5471 1231 5542 exigat,
1261 5470 1516 5525 securius
1545 5489 1651 5543 pro
1674 5473 1875 5528 eadem
1897 5474 2137 5530 veritate
2164 5492 2256 5530 re-

627 5570 939 5641 linquimus
983 5581 1154 5636 quam
1187 5567 1468 5620 tenemus.
1501 5566 1690 5636 Orate,
1723 5567 1944 5637 fratres,
1981 5574 2041 5623 ut
2073 5569 2262 5626 honor

625 5660 1032 5718 ecclesiasticus
1058 5659 1264 5714 nostris
1297 5658 1497 5714 diebus
1526 5677 1642 5714 non
1671 5667 1992 5730 evacuetur,
2021 5680 2125 5718 nec
2151 5681 2257 5720 un-

628 5771 803 5827 quam
843 5739 1101 5808 Romana
1133 5753 1294 5808 sedes
1336 5754 1434 5824 qui
1460 5753 1797 5809 instituente
1826 5756 2065 5812 Domino
2092 5762 2264 5830 caput

631 5853 714 5905 est
737 5847 994 5904 omnium
1019 5845 1414 5916 Ecclesiarum,
1437 5847 1748 5920 privilegiis
1767 5849 1881 5904 suis
1907 5868 2149 5923 usquam
2174 5870 2262 5909 ca-

2356 4604 2488 4686 dere
2533 4629 2774 4702 cupiunt
2814 4644 2917 4699 per
2966 4644 3046 4694 se,
3075 4631 3130 4681 et
3158 4642 3260 4680 sua
3295 4624 3562 4694 dogmata
3587 4604 3875 4706 destruantur:

2357 4724 2503 4780 Dicit
2522 4700 2676 4778 enim
2705 4721 2983 4777 Dominus
3009 4737 3022 4775 ε
3050 4742 3076 4769 ‹‹
3099 4719 3283 4774 Omne
3311 4730 3555 4788 regnum
3575 4712 3628 4765 in
3649 4722 3697 4761 se
3714 4700 3877 4756 divisum

2357 4835 2471 4873 non
2498 4817 2669 4872 stabit
2696 4817 2911 4887 (Matth.
2940 4831 3036 4882 xu,
3060 4816 3170 4885 25),
3205 4833 3232 4864 1)
3266 4817 3322 4867 et
3349 4809 3531 4865 omnis
3556 4797 3752 4860 scientia
3767 4794 3808 4846 et
3823 4788 3877 4887 lex

2357 4913 2660 4968 adversum
2692 4927 2750 4965 se
2775 4909 2954 4964 divisa
2993 4925 3112 4963 non
3136 4906 3324 4962 stabit.
3355 4904 3593 4974 Ideoque
3621 4882 3876 4983 necesse

2360 5012 2421 5061 ut
2448 5005 2805 5061 concorditer
2833 5002 3084 5058 salubres
3112 4998 3425 5071 suscipiatis
3452 4969 3702 5055 hortatus,
3728 4985 3771 5038 el
3789 4969 3877 5079 ltili“

2359 5117 2462 5172 per
2505 5098 2930 5155 contentionem
2976 5099 3228 5167 agentes,
3272 5092 3372 5148 sed
3417 5091 3488 5146 ad
3523 5100 3677 5143 omne
3711 5073 3878 5172 studit!”

2360 5165 2680 5250 devotionis
2721 5192 3017 5246 unanimes
3043 5188 3247 5244 divinis
3285 5191 3344 5241 et
3372 5179 3670 5257 apostolicis
3693 5165 3876 5263 consult

2358 5289 2610 5345 tionibus
2640 5286 2910 5359 parcatis,
2943 5285 3074 5341 etin
3101 5283 3258 5338 nulla
3286 5276 3574 5352 patiamini
3600 5263 3874 5365 provident“:

2360 5384 2502 5439 sima
2533 5398 2817 5438 canonum
2845 5381 3066 5436 decreta
3098 5377 3310 5444 violari,
3343 5376 3614 5447 quatenus
3643 5367 3689 5419 et
3713 5360 3876 5447 ⁸81111110-

2361 5494 2490 5533 rum
2517 5491 2800 5532 canonum
2827 5474 3150 5540 constituta,
3177 5487 3304 5542 quae
3329 5485 3364 5523 a
3387 5466 3563 5531 nobis,
3591 5459 3714 5516 vela
3733 5442 3877 5542 prati?

2362 5570 2673 5626 cessoribus
2701 5568 2911 5624 nostris
2931 5570 3064 5622 sunt
3084 5565 3313 5637 provide
3333 5566 3395 5618 et
3414 5554 3691 5616 salubriter
3705 5539 3875 5637 dcerem:

2363 5667 2705 5720 intemerata
2742 5635 3118 5734 permaneant
3142 5660 3202 5714 in
3230 5659 3445 5714 futuro.
3475 5655 3537 5708 Et
3561 5652 3612 5705 in
3635 5635 3878 5740 Apbfﬁli'lf'

2366 5759 2635 5815 Dominus
2646 5759 3030 5830 perJoannem
3045 5754 3312 5827 loquitur,
3327 5751 3522 5806 dicens
3543 5763 3554 5802 :
3573 5736 3712 5797 «N01i
3729 5733 3877 5830 υφθξθζ

2365 5870 2472 5925 ego
2505 5871 2628 5908 sum
2662 5851 2898 5924 primus,
2945 5853 3002 5906 et
3045 5848 3401 5913 novissimus,
3460 5849 3514 5898 et
3564 5838 3713 5898 vivus,
3754 5826 3794 5877 θί
3826 5815 3878 5870 tm
