4092 6192
209 394 345 448 i093

1439 395 1914 455 DECRETALIUM
1952 394 2339 454 COLLECTlO.

3432 398 3570 456 N94

202 504 486 570 mortuus,
509 507 567 558 et
593 518 721 559 ecce
761 521 888 560 sum
925 507 1122 563 vivens
1150 507 1210 564 in
1236 508 1443 565 saecula
1477 507 1835 577 saeculorum,
1857 518 1917 595 Α
1937 505 2102 561 candi
2121 509 2255 562 sunt
2273 507 2645 579 appellatum,
2668 505 2819 564 unde
2836 521 2954 563 non
2971 508 3195 579 oportet
3209 508 3277 561 ut
3294 504 3569 578 degrada-

199 600 261 650 et
287 595 474 651 habeo
501 596 683 653 claves
709 599 930 671 mortis,
962 603 1018 657 et
1041 600 1256 659 inferni
1286 602 1473 675 (Apoc.
1497 620 1538 673 1,
1565 606 1648 673 l7,
1676 603 1779 669 l8).
1804 621 1832 651 η

198 690 270 743 Et
297 691 467 761 paulo
495 696 625 763 post
657 709 671 747 :
707 714 736 743 ‹‹
764 692 1022 750 Vincenti
1048 696 1192 752 dabo
1222 696 1395 754 edere
1423 697 1493 754 de
1516 696 1675 769 ligno
1707 695 1837 752 vitm

198 783 357 854 quod
372 784 528 839 estin
546 787 805 856 paradiso
825 787 922 844 Dei
937 789 1056 844 mei
1074 789 1263 861 (Apoc.
1278 808 1335 859 ιι,
1348 792 1424 864 7).
1442 811 1470 841 »
1490 792 1631 847 Item
1648 790 1833 846 idem:

203 898 233 924 «ι
260 877 395 932 Esto
419 876 605 934 ﬁdelis
624 897 803 952 usque
821 882 895 937 ad
914 886 1182 940 mortem.
1205 886 1272 941 Et
1284 885 1418 941 dato
1439 884 1541 940 tibi
1562 898 1836 939 coronam

197 968 334 1025 vita:
352 969 536 1043 (Ibid.,
558 973 666 1044 10).
683 995 712 1023 ››
729 975 800 1029 Et
813 975 1026 1031 iterum
1044 994 1058 1031 :
1082 999 1110 1027 «
1135 977 1244 1042 Qui
1259 978 1474 1045 vicerit,
1491 980 1547 1034 et
1562 976 1839 1034 custodie-

198 1062 276 1117 rit
296 1080 478 1137 usque
494 1065 555 1121 in
570 1067 747 1122 finem
768 1085 942 1140 opera
957 1086 1110 1140 mea,
1128 1071 1277 1128 dabo
1291 1072 1375 1128 illi
1389 1074 1731 1145 potestatem
1747 1088 1837 1126 su-

196 1173 305 1229 per
323 1164 546 1231 gentes,
568 1166 625 1216 et
656 1167 821 1234 reget
839 1163 967 1219 illas
994 1164 1056 1220 in
1081 1166 1240 1238 virga
1259 1166 1467 1235 ferrea,
1488 1169 1546 1223 et
1562 1170 1833 1238 tanquam

195 1267 294 1306 vas
318 1251 481 1324 ﬁguli
508 1255 940 1328 confringentur
960 1258 1139 1328 (lbid.,
1168 1263 1257 1328 26,
1286 1261 1396 1330 27).
1421 1254 1457 1310 ››’
1473 1261 1615 1316 Item
1636 1259 1790 1315 idem
1814 1275 1829 1315 :

198 1365 228 1395 «
258 1346 398 1401 Ecce
426 1351 512 1403 sto
530 1348 600 1403 ad
627 1349 835 1405 ostium
853 1356 909 1407 et
930 1351 1115 1423 pulso.
1144 1352 1201 1409 Si
1222 1354 1350 1426 quis
1369 1354 1617 1410 audierit
1632 1369 1834 1409 vocem

194 1455 413 1511 meam,
446 1445 503 1497 et
531 1444 822 1514 aperuerit
856 1445 1116 1516 januam,
1154 1446 1402 1504 introibo
1445 1448 1519 1503 ad
1554 1447 1738 1515 illum,
1776 1449 1836 1502 et

194 1533 436 1589 cenabo
480 1551 610 1590 cum
640 1536 755 1608 illo,
784 1543 840 1593 et
865 1538 985 1610 ipse
1011 1556 1260 1596 mecum.
1299 1540 1407 1606 Qui
1435 1540 1655 1607 vicerit,
1684 1540 1832 1597 dabo

196 1627 253 1681 ei
281 1627 485 1683 sedere
528 1645 755 1686 mecum
782 1631 843 1686 in
869 1632 1082 1690 throno
1110 1650 1261 1705 meo,
1290 1634 1434 1690 sicut
1478 1638 1536 1691 et
1567 1650 1674 1707 ego
1701 1633 1831 1703 vici,

193 1726 254 1777 et
286 1722 459 1778 sedeo
486 1738 618 1779 cum
660 1725 823 1780 Patre
864 1742 994 1783 meo
1032 1728 1093 1783 in
1123 1728 1336 1785 throno
1375 1727 1500 1800 ejus
1529 1727 1716 1799 (Apoc.
1748 1744 1830 1797 ιιι,

194 1818 283 1887 20,
303 1817 413 1888 21).
439 1838 468 1867 ››
494 1839 523 1866 ι(
544 1819 670 1887 Vos,
692 1819 916 1887 fratres,
935 1820 981 1875 si
998 1837 1115 1877 non
1135 1822 1300 1878 vultis
1316 1839 1446 1878 cum
1460 1839 1527 1879 eo
1545 1822 1829 1891 damnari,

1935 605 2052 669 tur,
2098 600 2188 656 vel
2246 600 2639 657 dehonoretur
2691 616 3051 674 unaquaeque
3102 598 3411 673 provincia,
3469 599 3569 657 sed

1935 693 2092 767 apud
2133 693 2502 767 semetipsam
2552 694 2766 751 habeat
2809 694 3053 768 judices,
3107 693 3455 762 sacerdotes,
3510 697 3570 750 et

1936 788 2231 861 episcopos
2258 788 2535 861 singulos,
2561 788 2829 846 videlicet
2863 788 3032 861 juxta
3054 788 3283 844 ordines
3318 803 3476 859 suos;
3509 789 3569 844 et

1933 883 2263 955 quicunque
2291 898 2520 939 causam
2554 882 2823 939 habuerit
2849 899 2883 939 a
2911 882 3026 939 suis
3036 880 3325 954 judicibus
3342 879 3569 953 judice-‘

1932 978 2047 1046 tur,
2083 980 2139 1033 et
2165 993 2279 1033 non
2304 976 2376 1032 ab
2402 976 2624 1045 alienis,
2653 976 2709 1033 id
2739 982 2844 1045 est,
2884 993 2917 1032 a
2948 993 3063 1032 sua:
3081 976 3253 1048 justis
3276 974 3567 1047 judicibus

1932 1070 2262 1143 provincia,
2288 1073 2346 1127 et
2368 1086 2485 1126 non
2514 1069 2585 1126 ab
2612 1069 2882 1141 externis,
2918 1069 3029 1125 nisi
3066 1075 3128 1126 ut
3154 1069 3274 1141 jam
3298 1067 3565 1141 praeliba-

1932 1168 2055 1220 tum
2083 1169 2189 1234 est,
2232 1180 2265 1219 a
2301 1163 2571 1237 judicatis
2611 1164 2788 1220 fuerit
2830 1163 3202 1237 appellatum.
3244 1162 3301 1219 Si
3340 1179 3478 1219 vero
3503 1163 3565 1219 in

1934 1257 2189 1330 qualibet
2214 1257 2507 1331 provincia
2531 1260 2671 1314 orte:
2697 1257 2917 1313 fuerint
2942 1256 3302 1330 quaestiones,
3335 1261 3392 1312 et
3417 1255 3567 1313 inter

1931 1351 2107 1425 ipsius
2133 1351 2446 1425 provinciae
2471 1351 2770 1424 episcopos
2796 1350 3113 1423 discrepare
3142 1349 3376 1423 coeperit
3399 1349 3564 1417 ratio,

1931 1446 2104 1518 atque
2128 1446 2281 1502 inter
2309 1445 2603 1519 episcopos
2629 1444 2973 1501 dissidentes
3001 1460 3117 1501 non
3143 1443 3462 1512 conveniat,
3492 1441 3567 1499 ad

1930 1539 2206 1611 majorem
2239 1542 2376 1596 tunc
2404 1538 2599 1595 sedem
2626 1539 2969 1595 referantur.
3002 1538 3072 1594 Et
3097 1539 3145 1593 si
3173 1537 3290 1594 illic
3316 1536 3484 1593 facile
3508 1537 3568 1594 et

1922 1632 2077 1704 juste
2105 1650 2223 1689 non
2248 1633 2666 1701 discernuntur,
2689 1632 2788 1688 ubi
2806 1630 2983 1688 fuerit
3005 1631 3259 1704 synodus
3283 1629 3564 1703 regulari-

1929 1731 2017 1783 ter
2041 1732 2406 1800 congregata,
2429 1726 2701 1782 canonice
2717 1731 2774 1782 et
2790 1726 2943 1799 juste
2956 1725 3307 1797 judicentur.
3324 1725 3566 1796 Majores

1929 1836 2062 1876 vero
2105 1824 2163 1876 et
2206 1820 2461 1878 difficiles
2486 1820 2832 1894 quaestiones
2868 1823 2931 1875 ut
2952 1823 3147 1875 sancta
3174 1818 3426 1891 synodus
3449 1820 3562 1874 sta-

191 1909 329 1980 quia
366 1926 481 1965 non
511 1912 696 1967 solum
722 1913 822 1985 qui
847 1914 1082 1986 faciunt,
1112 1916 1209 1971 sed
1235 1916 1334 1988 qui
1353 1915 1719 1972 consentiunt
1742 1916 1827 1972 fa-
1848 1900 1906 1975 Β
1928 1913 2038 1970 tuit
2067 1916 2126 1969 et
2152 1913 2316 1970 beata
2342 1914 2690 1970 consuetudo
2735 1913 2928 1985 exigit,
2972 1912 3042 1969 ad
3090 1911 3285 1968 sedem
3330 1917 3560 1984 aposto-

190 2003 473 2059 cientibus
508 2006 679 2077 (Rom.
709 2023 746 2077 ι,
777 2009 914 2078 32)»
944 2008 1027 2063 rei
1057 2014 1208 2079 sunt,
1249 2010 1561 2066 hortamini
1585 2027 1739 2078 eum,
1774 2015 1832 2067 et

191 2103 423 2153 monete
461 2100 731 2156 recedere
770 2118 804 2156 a
844 2102 1096 2172 praefatis
1134 2103 1361 2172 illicitis,
1404 2108 1462 2160 et
1496 2119 1722 2160 memor
1757 2105 1831 2161 sit

190 2190 346 2246 unde
372 2192 649 2248 exciderit
674 2198 731 2249 et
758 2199 897 2267 agat
919 2196 1333 2268 paenitentiam,
1360 2204 1417 2255 et
1436 2200 1628 2273 prima
1652 2216 1831 2275 opera

188 2283 363 2339 faciat
385 2285 571 2356 (Apoc.
608 2304 666 2354 ιι,
695 2289 769 2359 5).
797 2289 854 2345 Si
880 2290 1071 2346 minus
1100 2308 1218 2347 non
1248 2309 1381 2348 mea
1403 2294 1610 2367 loquor
1637 2296 1828 2366 verba,

189 2378 291 2433 sed
316 2378 443 2450 ipsa
467 2380 693 2436 Domini
712 2382 1005 2439 salvatoris
1031 2401 1159 2457 quae
1185 2402 1289 2458 per
1306 2387 1645 2459 praedictum
1669 2390 1830 2447 Joan-

187 2488 325 2526 nem
354 2472 412 2527 in
450 2474 573 2544 jam
619 2474 771 2531 dicto
797 2476 942 2533 libro
981 2478 1201 2535 locutus
1238 2484 1340 2550 est,
1367 2482 1645 2554 replicans
1688 2484 1778 2540 aio
1809 2501 1825 2541 :

191 2586 219 2613 «ι
254 2566 495 2622 Veniam
512 2572 569 2624 et
592 2570 829 2626 movebo
850 2572 1252 2629 candelabrum
1273 2578 1437 2631 tuum
1464 2576 1534 2631 de
1558 2576 1684 2633 loco
1701 2594 1827 2648 suo,

187 2659 297 2715 nisi
343 2661 741 2732 paenitentiam
784 2666 970 2737 egeris
1000 2668 1201 2737 (Ibid).
1231 2689 1259 2717 »
1297 2669 1420 2740 Ipse
1448 2670 1604 2725 enim
1647 2672 1828 2744 magis

183 2759 347 2809 tenet
374 2754 697 2812 doctrinam
726 2758 971 2829 Balaam,
1014 2761 1113 2833 qui
1139 2761 1378 2818 docebat
1402 2763 1569 2819 Balac
1597 2765 1827 2822 mittere

184 2847 522 2904 scandalum
568 2866 758 2907 coram
803 2853 932 2908 filiis
979 2855 1149 2910 Israel
1188 2854 1370 2928 (Num.
1408 2873 1541 2926 xm,
1574 2858 1648 2931 7),
1684 2859 1830 2915 sicut

182 2943 291 2997 iste
325 2942 498 2998 docet
520 2960 615 3000 vos
644 2947 1021 3005 scandalizare
1066 2954 1318 3005 sanctam
1361 2955 1603 3008 matrem
1635 2954 1824 3010 Eccle-

182 3037 352 3107 siam,
382 3043 440 3092 et
474 3037 802 3095 universum
841 3046 1051 3097 coetum
1088 3044 1464 3114 sacerdotum,
1497 3045 1654 3102 unde
1681 3050 1740 3103 et
1765 3048 1827 3104 in

182 3130 512 3201 supradicto
543 3131 688 3187 libro
715 3134 1043 3190 continetur
1061 3136 1137 3191 ita
1162 3152 1175 3192 :
1197 3139 1436 3210 Semper
1451 3140 1607 3195 enim
1632 3140 1827 3213 potius

182 3240 279 3279 vos
309 3224 501 3280 verbis
528 3225 753 3281 Domini
778 3228 1071 3285 salvatoris
1108 3229 1301 3299 ferire,
1340 3236 1398 3288 et
1425 3233 1631 3289 instrui
1658 3235 1824 3307 cupio

184 3334 367 3389 quam
397 3317 560 3387 meis,
588 3319 718 3376 licet
761 3323 818 3376 et
847 3321 969 3394 ipsa
1012 3325 1320 3396 apostolica
1351 3327 1684 3383 auctoritate
1713 3328 1828 3385 sint

179 3411 538 3484 ponderibus
557 3414 728 3485 plena
750 3431 766 3470 :
789 3436 817 3465 ι(
840 3415 978 3471 Novi
1002 3433 1174 3490 opera
1192 3421 1291 3474 tua
1308 3419 1613 3476 novissima
1629 3422 1827 3495 pejora

178 3505 495 3578 prioribus,
534 3507 633 3562 sed
674 3506 862 3564 habeo
900 3509 1168 3567 adversus
1214 3521 1291 3581 te,
1337 3513 1471 3586 quia
1521 3515 1827 3587 praemittis

179 3600 491 3655 mulierem
529 3601 748 3658 Iezabel
774 3619 902 3675 quae
926 3620 988 3660 se
1013 3604 1150 3660 dicit
1173 3607 1511 3678 prophetam
1537 3608 1741 3666 docere
1770 3614 1827 3666 et

177 3692 463 3750 seducere
491 3710 681 3750 servos
700 3712 882 3766 meos,
897 3698 1165 3755 fornicari
1186 3703 1245 3755 et
1269 3701 1614 3759 manducare
1634 3708 1691 3760 et
1707 3703 1825 3760 ido-

179 3787 439 3860 lothytis,
463 3792 524 3844 et
549 3789 682 3845 dedi
696 3790 779 3846 illi
796 3794 1023 3865 tempus
1037 3797 1102 3849 ut
1114 3794 1512 3866 paenitentiam
1531 3801 1747 3868 ageret,
1767 3800 1827 3854 et

178 3899 298 3937 non
351 3883 475 3937 vult
528 3884 805 3955 paenitere
853 3902 887 3941 a
933 3886 1307 3946 fornicatione
1351 3906 1475 3946 sua.
1528 3892 1667 3948 Ecce
1714 3907 1823 3964 ego

177 3976 353 4031 mitto
380 3992 507 4031 eam
538 3976 597 4032 in
632 3978 868 4048 lectum,
898 3985 956 4036 et
983 3981 1081 4054 qui
1108 3982 1467 4039 mcechantur
1503 4000 1634 4040 cum
1667 4001 1736 4042 ea
1760 3984 1821 4042 in

177 4069 620 4127 tribulationem
635 4072 967 4145 maximam,
981 4075 1090 4131 nisi
1106 4077 1499 4148 pmnitentiam
1514 4079 1737 4152 egerint
1748 4080 1820 4137 ab

176 4163 452 4236 operibus
476 4164 614 4235 suis,
643 4170 702 4222 et
718 4166 863 4223 ﬁlios
879 4168 929 4241 ej
940 4185 1002 4224 us
1022 4168 1359 4227 interﬁciam
1378 4172 1437 4228 in
1458 4177 1722 4231 mortem.
1754 4176 1823 4231 Et

174 4258 364 4313 scient
390 4274 588 4314 omnes
616 4260 898 4331 Ecclesiae,
921 4263 1057 4335 quia
1081 4279 1191 4337 ego
1211 4281 1340 4320 sum
1368 4269 1623 4323 scrutans
1644 4267 1822 4324 corda

175 4354 237 4407 et
291 4368 483 4421 renes,
538 4356 596 4409 et
642 4354 788 4411 dabo
839 4356 1153 4431 unicuique
1201 4363 1458 4415 vestrum
1505 4362 1820 4417 secundum

172 4462 362 4517 opera
386 4449 573 4503 vestra
597 4448 786 4520 (Apoc.
818 4466 880 4518 ιι,
916 4452 1127 4523 19-23).
1161 4473 1190 4504 n
1220 4454 1371 4525 Haec,
1402 4455 1626 4527 fratres,
1655 4455 1819 4512 valde

173 4539 435 4596 cavenda
476 4548 630 4611 sunt,
671 4548 727 4599 et
770 4550 1053 4618 praecepta
1095 4546 1345 4616 Domini,
1384 4552 1556 4621 atque
1607 4554 1819 4607 sanctae

1845 3274 1902 3350 C

1928 2007 2095 2063 licam
2139 2024 2368 2081 semper
2407 2008 2747 2064 referantur.
2774 2008 3057 2063 Caeterum
3084 2009 3416 2062 sanctorum
3454 2008 3559 2063 Pa-

1928 2106 2083 2158 trum
2109 2104 2320 2158 statuta
2350 2104 2654 2175 sequentes
2695 2100 2954 2173 synodali
2990 2100 3329 2157 auctoritate
3360 2116 3561 2157 omnes

1928 2197 2028 2270 qui
2056 2197 2323 2253 adversus
2361 2197 2554 2252 Patres
2598 2198 2918 2263 armantur,
2949 2198 3017 2251 ut
3057 2195 3291 2251 Patrum
3331 2195 3560 2251 invaso-

1928 2308 2020 2347 res
2050 2296 2108 2348 et
2129 2294 2469 2347 mactatores
2502 2289 2744 2346 infames
2785 2305 2905 2346 esse
2933 2304 3255 2360 censemus,
3287 2289 3561 2361 quoniam

1928 2402 1997 2442 ea
2013 2384 2248 2441 vulnera
2264 2400 2391 2457 quin
2409 2384 2675 2440 fomentis
2692 2400 2811 2440 non
2828 2387 3120 2451 sanantur,
3136 2382 3290 2438 ferro
3304 2382 3561 2439 abscindi

1926 2480 2015 2536 vel
2035 2478 2219 2535 curari
2237 2493 2467 2534 necesse
2486 2480 2590 2533 est.
2619 2476 2799 2546 Unde,
2831 2477 3055 2544 fratres,
3082 2479 3308 2533 cessent
3332 2476 3559 2549 injust?

1928 2573 2344 2639 temulationes,
2374 2574 2600 2628 cessent
2619 2570 2860 2639 insidiae,
2880 2574 3099 2627 cessent
3114 2569 3271 2626 false
3293 2570 3530 2627 crimina

1926 2669 2133 2734 tiones,
2156 2682 2228 2723 ne
2247 2666 2509 2721 inﬁrmus
2527 2664 2830 2737 quisquam
2859 2667 3089 2736 propter
3107 2679 3280 2736 quem
3304 2663 3560 2722 Christus

1928 2766 2191 2818 mortuus
2216 2763 2321 2830 est,
2342 2758 2553 2815 talibus
2570 2759 2855 2815 laceretur
2878 2756 3121 2825 insidiis,
3141 2773 3212 2813 ne
3232 2757 3351 2813 ovis
3374 2757 3561 2830 pretio

1926 2855 2130 2913 Christi
2149 2854 2447 2926 redempta
2463 2852 2675 2925 lupinis
2695 2868 2729 2907 a
2749 2852 2925 2908 fratre
2941 2852 3231 2907 saucietur
3252 2852 3562 2912 morsibus.

1926 2950 2122 3007 Merito
2141 2965 2278 3020 ergo
2298 2963 2469 3003 causa
2490 2963 2596 3002 nos
2615 2946 2867 3019 respicit,
2889 2946 2936 3001 si
2954 2945 3158 3001 talibus
3176 2945 3364 3002 favere
3383 2962 3563 3019 caepe.

1925 3043 2123 3099 rimus.
2140 3040 2531 3115 Corripiantur
2540 3056 2770 3112 semper
2779 3038 2912 3096 talia
2922 3054 3029 3095 nec
3043 3038 3155 3095 illis
3165 3039 3264 3112 qui
3277 3039 3396 3096 haec
3407 3056 3563 3097 exers

1926 3153 2056 3194 cere
2084 3140 2383 3205 conantur,
2411 3140 2512 3189 aut
2526 3130 2721 3207 272
2737 3132 3001 3188 Patribus
3018 3131 3109 3189 vel
3132 3131 3402 3189 fratribus
3428 3133 3562 3190 insi-

1927 3230 2161 3287 diantur
2197 3228 2374 3284 libere
2415 3227 2571 3300 loqui
2605 3225 2965 3293 concedatur,
2998 3228 3098 3281 aut
3134 3241 3238 3297 pro
3270 3226 3562 3285 voluntate

1926 3340 2115 3381 sermo
2128 3340 2233 3396 pro
2240 3321 2371 3378 ferri
2388 3320 2780 3394 permittatur.
2796 3318 3004 3391 Liquet
3017 3318 3250 3376 omnino
3261 3320 3412 3392 quod
3428 3336 3563 3378 con-

1926 3418 2158 3474 niveant
2188 3416 2297 3473 illis
2317 3415 2417 3489 qui
2434 3414 2571 3470 talia
2592 3430 2685 3470 eos
2705 3412 2863 3486 loqui
2891 3412 3252 3485 permittunt,
3283 3412 3557 3485 quoniam

1924 3514 2247 3568 occurreret
2270 3509 2496 3578 veritas,
2518 3507 2565 3564 si
2591 3507 2811 3563 falsitas
2830 3511 2890 3563 et
2908 3506 3195 3562 calumnia
3213 3506 3558 3580 displiceret,

1922 3605 2010 3662 vel
2030 3605 2247 3662 odium.
2260 3603 2493 3661 Desinat
2509 3602 2687 3675 igitur
2698 3600 2911 3658 falsitas
2928 3600 3214 3657 incessere
3228 3601 3557 3672 veritatem;

1924 3700 2147 3756 desinat
2164 3698 2407 3772 suspicio
2422 3696 2709 3770 quasjuste
2725 3694 3024 3768 repellitur
3039 3693 3317 3767 insidiari,
3334 3695 3560 3753 desinat

1922 3796 2118 3854 odium
2131 3801 2190 3852 et
2199 3793 2497 3852 inimicitia
2508 3792 2773 3867 persequi
2785 3793 2974 3849 Patres
2982 3790 3071 3846 vel
3083 3791 3287 3849 fratres
3300 3810 3317 3863 ;
3337 3791 3559 3849 desinat

1921 3889 2289 3964 conspiratio,
2316 3904 2447 3962 quas
2477 3887 2549 3943 ab
2576 3885 2842 3943 omnibus
2883 3889 2972 3941 est
2997 3885 3373 3959 repudianda,
3405 3885 3554 3943 infe-

1921 3990 2070 4043 stare
2097 3982 2423 4057 magistros.
2454 3983 2669 4039 Horum
2695 3980 2874 4054 igitur
2894 3979 3165 4036 vitiorum
3189 3984 3452 4038 auctores
3462 3980 3555 4037 vel

1921 4081 2238 4154 patratores
2278 4092 2395 4134 non
2439 4081 2571 4133 sunt
2606 4076 2667 4132 in
2710 4073 3068 4132 accusatione
3092 4074 3428 4148 pontificum
3458 4090 3553 4134 re-

1920 4172 2189 4248 cipiendi,
2238 4171 2336 4229 sed
2375 4170 2604 4244 penitus
2640 4169 2981 4243 repellendi;
3026 4167 3304 4242 quoniam
3348 4168 3558 4242 jubent

1919 4267 2194 4324 canonica
2228 4265 2457 4323 decreta
2500 4266 2736 4320 Patrum
2779 4264 2843 4319 ut
2877 4262 3159 4319 accusatio
3181 4262 3269 4319 vel
3294 4264 3551 4321 testimo-

1918 4361 2083 4417 nium
2103 4377 2305 4417 eorum
2322 4358 2420 4433 qui
2447 4357 2578 4415 odio
2593 4356 2885 4431 quoslibet
2909 4357 3308 4430 insequuntur,
3335 4359 3424 4415 vel
3450 4358 3553 4433 qui

1918 4454 2136 4511 inimici
2150 4459 2249 4510 aut
2261 4452 2505 4526 suspecti
2516 4450 2984 4519 habentur,nullo
2998 4449 3169 4507 modo
3178 4451 3550 4523 recipiantur.

1919 4548 2179 4614 Quorum
2205 4548 2418 4603 statuta
2432 4547 2491 4601 et
2508 4561 2613 4601 nos
2640 4544 2931 4600 ﬁrmantes
2955 4543 3154 4600 eadem
3180 4545 3448 4600 omnibus
3466 4544 3555 4602 in-

170 4634 328 4691 sedis
355 4636 679 4706 apostolica;
709 4653 837 4709 quae
867 4639 985 4694 vice
1013 4640 1241 4696 Domini
1263 4642 1552 4698 salvatoris
1574 4643 1816 4716 legatio.
1835 4648 1897 4723 Ι)
1918 4642 2254 4699 violabiliter
2303 4638 2510 4696 futuris
2568 4636 2924 4711 temporibus
2979 4640 3171 4693 tenere
3226 4654 3547 4697 censemus.

170 4745 249 4783 ne
280 4726 561 4800 fungitur,
588 4729 830 4787 fideliter
853 4734 1251 4805 amplectenda
1275 4738 1332 4791 et
1356 4737 1709 4810 peragenda.
1735 4739 1815 4795 De

168 4824 410 4889 caetero,
442 4822 663 4895 fratres,
697 4842 870 4897 super
898 4826 1207 4899 provincias
1236 4845 1407 4885 causa
1443 4830 1597 4886 unde
1621 4832 1815 4889 sedem

169 4915 549 4987 apostolicam
566 4917 783 4974 dudum
803 4922 1100 4978 consulere
1118 4920 1395 4992 voluistis,
1410 4923 1635 4981 videtur
1654 4925 1817 4982 nobis

169 5008 526 5066 sufﬁcienter
585 5014 896 5069 tractatum
950 5031 983 5069 a
1036 5016 1247 5073 sanctis
1307 5016 1816 5089 praedecessoribus

169 5103 404 5158 nostris.
432 5103 539 5160 Sed
577 5105 714 5177 quia
751 5106 941 5163 denuo
976 5114 1235 5166 nostram
1262 5111 1713 5169 mediocritatem
1742 5113 1813 5169 de

167 5195 382 5253 eadem
409 5213 472 5251 re
512 5197 868 5273 interrogare
895 5201 1139 5274 dignum
1166 5204 1425 5274 duxistis,
1465 5205 1662 5263 scitote
1686 5221 1812 5261 cer-

167 5295 298 5346 tam
327 5290 675 5361 provinciam
694 5310 836 5364 esse,
867 5310 995 5367 quae
1022 5297 1193 5355 habet
1218 5298 1418 5355 decem
1437 5301 1524 5356 vel
1545 5298 1814 5356 undecim

166 5384 452 5453 civitates,
496 5389 555 5441 et
599 5404 777 5445 unum
806 5406 1023 5462 regem,
1068 5396 1126 5447 et
1164 5392 1404 5449 totidem
1441 5394 1692 5449 minores
1716 5411 1815 5467 po-

164 5482 408 5534 testatas
434 5479 536 5535 sub
565 5497 645 5551 se,
672 5486 731 5539 et
759 5497 938 5540 unum
965 5486 1302 5558 episcopum
1329 5487 1583 5560 aliosque
1610 5486 1810 5543 suffra-

166 5575 402 5645 gatores
442 5572 639 5631 decem
684 5576 772 5633 vel
812 5579 1084 5635 undecim
1129 5581 1426 5652 episcopos
1465 5580 1709 5653 judices,
1740 5581 1813 5638 ad

164 5682 424 5739 quorum
448 5667 729 5738 judicium
753 5687 953 5728 omnes
982 5690 1167 5729 causae
1187 5674 1611 5747 episcoporum,
1635 5679 1694 5731 et
1730 5692 1813 5733 reo

163 5760 467 5832 liquorum
494 5764 851 5821 sacerdotum
871 5782 935 5822 ac
955 5767 1245 5824 civitatum
1264 5784 1451 5824 causa:
1470 5768 1811 5840 referantur,

163 5860 236 5910 ut
266 5854 342 5909 ab
375 5854 465 5910 his
489 5857 753 5914 omnibus
772 5859 927 5930 juste
967 5877 1212 5918 consona
1236 5879 1369 5919 voce
1397 5863 1811 5933 discernantur,

166 5947 282 6004 nisi
314 5948 387 6002 ad
418 5950 687 6021 majorem
714 5954 1104 6010 auctoritatem
1127 5955 1300 6012 fuerit
1329 5955 1398 6011 ab
1428 5958 1514 6012 his
1539 5958 1638 6030 qui
1654 5956 1811 6029 judi-

1916 4734 2206 4809 Quidquid
2232 4738 2424 4790 autem
2454 4748 2626 4805 super
2666 4730 2777 4787 hac
2805 4745 2979 4786 causa
3002 4731 3199 4786 Patres
3238 4732 3414 4788 nostri
3445 4732 3545 4790 de-

1916 4828 2267 4887 cernendum
2294 4827 2505 4884 duxere
2523 4825 2767 4897 dignum
2786 4826 2852 4878 ut
2870 4823 3158 4893 condecet,
3187 4840 3418 4883 necesse
3440 4830 3551 4901 est,

1915 4940 2045 4980 cum
2091 4920 2450 4989 labefactari,
2495 4920 2585 4975 vel
2630 4917 2907 4973 inﬁrmari
2951 4917 3187 4989 coeperit
3234 4919 3549 4992 apostolica

1916 5017 2102 5073 denuo
2139 5014 2478 5071 auctoritate
2511 5012 2733 5068 ﬁrmari
2760 5026 2824 5066 ac
2858 5010 3124 5067 renovari
3162 5011 3549 5088 fratribusque

1915 5110 2054 5166 dari.
2081 5111 2219 5165 Data
2244 5106 2480 5164 Kalend.
2508 5104 2716 5174 Martii,
2754 5104 3063 5161 indictione
3093 5109 3177 5162 15.

1912 5228 2066 5290 Item,
2105 5225 2332 5307 epistola
2374 5222 2597 5307 secundi
2634 5222 2848 5307 Pelagii
2881 5236 3045 5307 papa
3086 5223 3324 5291 Benigno
3366 5222 3548 5277 arcta.

2186 5297 2450 5367 episcopo,
2480 5293 2548 5350 de
2577 5295 2874 5349 mutatione
2891 5293 3275 5365 episcoporum.

1984 5390 2359 5449 Dilectissimo
2373 5386 2535 5444 fratri
2554 5387 2804 5443 Bsmcxvo
2822 5385 3252 5459 archiepiscopo
3276 5385 3545 5443 Pmcws

1913 5484 2230 5558 episcopus.

1983 5576 2165 5635 Lectis
2218 5574 2596 5633 fraternitatis
2644 5580 2757 5631 tua:
2811 5571 3012 5629 litteris
3033 5612 3049 5640 ,
3108 5571 3361 5644 vigorem
3416 5573 3551 5630 fidei

1915 5675 2051 5741 tute,
2077 5688 2251 5745 quem
2278 5670 2498 5727 dudum
2528 5682 2893 5737 noveramus,
2923 5664 3278 5737 agnovimus,
3307 5681 3546 5741 congra-

1914 5766 2159 5823 tulantes
2189 5764 2479 5821 dilectioni
2504 5766 2619 5817 tua;
2647 5760 2823 5834 quod,
2854 5758 2925 5814 ad
2951 5757 3390 5816 custodiendum
3418 5776 3547 5835 gre-

1918 5877 2048 5934 gem
2087 5859 2319 5928 Christi,
2349 5855 2694 5931 pastoralem
2740 5868 2935 5909 curam
2979 5852 3278 5926 vigilanter
3321 5856 3547 5929 impen-

1917 5954 2023 6023 dis,
2053 5958 2109 6009 et
2128 5970 2232 6025 pro
2256 5951 2355 6007 tibi
2382 5947 2619 6005 subditis
2646 5945 2919 6003 sollicitus
2943 5946 3157 6003 existis.
3182 5948 3264 6004 Ad
3296 5953 3551 6010 nostram
