4092 6192
496 380 639 444 1.095.-

1389 373 1670 428 APPEND.
1714 367 1801 432 AD
1825 371 2002 428 ‘SIEC.
2046 373 2133 427 1X.
2160 386 2229 412 '—'-
2267 371 2510 427 lSlDORl
2549 369 2971 428 MERCATORIS

3731 371 3860 422 l09ti

491 483 643 539 enim
688 479 941 535 laetitiam
976 486 1033 536 et
1066 481 1363 536 benefacta
1390 481 1748 552 perveniunt,
1777 487 1834 536 et
1858 481 1903 536 si
1931 481 2124 551 aliqua
2146 492 2203 565 Α
2222 480 2473 553 Autquis
2494 497 2750 552 unquam
2777 482 2962 550 potest
2977 477 3300 549 approbare
3318 481 3579 531 sanctum
3601 492 3720 530 non
3742 493 3862 529 esse

491 591 651 643 secus
681 590 856 645 quam
905 578 1131 646 oportet
1170 575 1556 646 provenerint,
1585 593 1703 630 non
1747 575 1973 630 modico
2020 591 2124 628 nos

492 686 734 735 maerore
785 669 1144 722 conturbant.
1194 669 1452 738 Magnam
1493 670 1643 724 enim
1673 669 2122 740 gratulationem

491 763 679 828 divi-na
704 762 962 816 concedit
1007 763 1206 833 gratia,
1234 763 1462 833 quando
1506 763 1702 826 tribuit
1727 763 1879 817 inter
1912 779 2012 816 nos
2038 779 2120 816 sa-

492 857 690 914 lutaris
750 856 1060 926 disciplina:
1113 873 1376 911 normam
1444 856 1646 910 litteris
1707 857 2006 924 conferre,
2072 862 2128 910 et

491 950 788 1021 provenire
837 950 907 1004 ad
956 950 1321 1020 paciﬁcorum
1369 949 1556 1004 studia
1604 950 1737 1005 facit
1793 953 2122 1021 praeoptata.

495 1045 677 1116 Exigit
713 1061 850 1115 ergo
875 1043 1099 1098 dilectio
1131 1049 1228 1098 tua
1254 1044 1510 1098 consulta
1536 1044 1682 1098 sedis
1709 1044 2050 1115 apostolicae,
2082 1043 2126 1097 si

495 1139 709 1206 licitum
736 1138 883 1192 foret
909 1137 1235 1208 episcopum
1265 1138 1505 1193 transire
1525 1141 1626 1193 aut
1650 1138 1858 1192 mutari
1889 1139 1958 1192 de
1991 1137 2122 1191 civi-

493 1236 608 1288 tate
636 1231 703 1285 ad
732 1231 1034 1300 civitatem,
1059 1231 1197 1284 dum
1220 1231 1452 1302 quidam
1476 1248 1740 1298 canones,
1771 1235 1832 1286 ut
1859 1231 1959 1285 tibi
1980 1230 2128 1285 vide-

493 1331 607 1392 tur,
644 1323 750 1377 hoc
785 1322 907 1377 fieri
933 1323 1296 1392 prohibeant.
1333 1323 1672 1394 Significasti
1714 1323 1885 1379 etiam
1928 1323 2128 1378 litteris

494 1403 604 1486 tuis
632 1417 940 1488 quemdam
965 1411 1231 1484 fratrum,
1260 1417 1495 1472 nomine
1527 1423 1582 1472 et
1607 1423 1734 1472 actu
1771 1418 1866 1473 Dei
1895 1418 2128 1472 Servum

495 1528 660 1566 causa
684 1510 943 1565 utilitatis
971 1516 1025 1564 te
1052 1511 1190 1564 velle
1210 1514 1432 1565 mutare
1458 1511 1516 1566 in
1549 1513 1734 1566 locum
1764 1516 1820 1566 et
1845 1511 2128 1565 civitatem

502 1604 773 1674 defuncti,
791 1604 917 1658 licet
943 1603 1175 1674 quidam
1193 1603 1382 1658 dicant
1404 1604 1514 1658 hoc
1538 1605 1661 1660 ﬁeri
1686 1622 1800 1659 non
1825 1604 1994 1659 licere
2019 1604 2131 1659 nisi

496 1715 838 1753 consensum
866 1697 1190 1768 apostolicae
1233 1698 1380 1752 sedis
1417 1698 1728 1754 habuisses.
1777 1699 2132 1770 Quapropter

497 1792 656 1861 scias,
687 1793 860 1846 frater
886 1791 1272 1858 dilectissime,
1318 1791 1472 1846 aliud
1503 1809 1622 1846 esse
1659 1808 1886 1848 causam
1930 1809 2127 1846 neces-

496 1886 672 1943 sitatis
711 1891 767 1940 et
805 1885 1082 1952 utilitatis,
1115 1890 1171 1940 et
1211 1886 1359 1940 aliud
1399 1902 1623 1940 causam
1669 1870 2207 1957 praesumptionisB

499 1985 557 2040 et
593 1979 836 2051 propria:
869 1979 1190 2034 voluntatis.
1238 1980 1361 2034 Non
1400 1996 1538 2050 ergo
1582 1982 1766 2034 mutat
1804 1979 2001 2034 sedem
2031 1978 2128 2050 qui

497 2090 616 2129 non
642 2077 825 2128 mutat
855 2077 1128 2142 mentem,
1152 2073 1210 2127 id
1247 2076 1352 2140 est,
1393 2074 1491 2144 qui
1516 2089 1629 2127 non
1658 2090 1826 2128 causa
1856 2073 2126 2140 avaritiae,

499 2173 598 2228 aut
639 2165 1058 2232 dominationis,
1107 2171 1204 2221 aut
1251 2167 1497 2238 propriae
1548 2167 1870 2236 voluntatis,
1900 2167 1988 2222 vel
2013 2183 2130 2220 sua:

498 2260 787 2317 electionis
815 2260 1024 2330 migrat
1048 2260 1116 2314 de
1144 2260 1369 2315 civitate
1396 2260 1467 2314 ad
1495 2259 1802 2330 civitatem,
1835 2260 1934 2315 sed
1965 2277 2133 2316 causa

502 2355 848 2410 necessitatis
873 2357 972 2408 aut
997 2353 1256 2408 utilitatis
1283 2356 1560 2408 mutatur.
1591 2355 1728 2408 Nam
1748 2354 2131 2424 plurimorum

504 2448 714 2504 utilitas
751 2447 921 2502 unius
963 2447 1191 2502 utilitati
1217 2453 1316 2502 aut
1343 2448 1623 2514 voluntati
1650 2447 2002 2519 prmferenda
2026 2450 2128 2502 est.

499 2542 662 2596 Aliud
690 2546 773 2596 est
799 2542 956 2595 enim
982 2547 1224 2609 mutare,
1257 2540 1410 2596 aliud
1437 2541 1669 2611 mutari,
1693 2542 1839 2596 sicut
1873 2541 2029 2595 aliud
2051 2544 2134 2596 est

502 2635 848 2705 ministrare,
887 2640 946 2690 et
989 2635 1143 2690 aliud
1185 2636 1514 2690 ministrari.
1564 2636 1720 2691 Unde
1765 2634 2031 2690 Dominus
2073 2634 2132 2688 in

499 2729 802 2800 Evangelio
820 2729 1093 2800 loquitur,
1123 2729 1344 2784 dicens:
1374 2753 1398 2778 ‹‹
1424 2731 1544 2784 Non
1562 2729 1694 2783 veni
1714 2728 2020 2783 ministrari
2037 2726 2135 2782 sed

502 2824 828 2903 ministrare
852 2824 1068 2893 (Matth.
1089 2840 1179 2890 xx,
1207 2827 1318 2892 28).
1341 2845 1367 2872 ››
1391 2823 1553 2887 Quod
1573 2823 1805 2878 enim’in
1823 2821 2135 2876 canonibus

502 2917 709 2988 legitur
737 2933 848 2970 non
869 2916 1075 2971 debere
1093 2916 1418 2987 episcopum
1437 2917 1504 2970 de
1524 2916 1747 2970 civitate
1761 2916 1830 2970 ad
1850 2915 2134 2971 civitatem

501 3009 739 3070 transire
769 3009 852 3063 vel
881 3009 1196 3076 transferri,
1230 3026 1342 3064 non
1371 3010 1440 3064 de
1467 3009 1816 3076 hisdicitur,
1849 3008 1946 3080 qui
1968 3014 2065 3063 aut
2083 3009 2137 3063 vi

502 3103 734 3176 expulsi,
767 3108 864 3158 aut
887 3103 1218 3158 necessitate
1246 3103 1442 3170 coacti,
1471 3107 1570 3157 aut
1593 3093 1926 3158 auctoritate
1954 3103 2132 3173 majo-

504 3214 634 3273 rum
647 3198 751 3252 hoc
763 3200 960 3268 agunt,
979 3197 1074 3252 sed
1095 3197 1163 3252 de
1180 3197 1290 3264 his,
1311 3197 1408 3269 qui
1425 3197 1675 3252 avaritiae
1695 3197 1897 3251 ardore
1919 3196 2137 3251 inﬂam-

504 3292 641 3357 mati
668 3297 867 3362 sponte
886 3308 983 3346 sua
1000 3291 1323 3362 prosiliunt,
1345 3295 1400 3346 et
1426 3291 1616 3363 potius
1640 3290 1941 3346 ambitioni
1965 3306 2137 3362 quam

503 3385 733 3445 utilitati
755 3385 1016 3454 Ecclesiae
1034 3385 1264 3452 servire,
1293 3389 1350 3440 et
1375 3388 1438 3439 ut
1466 3385 1915 3440 dominationem
1939 3387 2134 3456 agant,

504 3480 759 3556 insistere
808 3478 1062 3550 cupiunt.
1117 3478 1272 3533 Unde
1321 3484 1376 3533 et
1417 3478 1477 3532 in
1524 3478 1790 3550 subjectis
1827 3478 2138 3534 canonibus

504 3573 830 3646 continetur
864 3590 878 3626 :
911 3573 966 3627 Si
997 3573 1205 3644 aliquis
1233 3572 1516 3627 exstiterit
1536 3573 1893 3640 temerarius,
1915 3572 2012 3644 qui
2031 3572 2139 3626 for-

505 3667 654 3722 sitan
680 3666 1102 3722 excusationem
1131 3666 1332 3722 alferat
1349 3667 1498 3738 quod
1520 3665 1722 3738 populi
1744 3666 1959 3720 litteras
1987 3682 2140 3720 acce-

506 3761 674 3837 perit,
703 3765 759 3816 et
785 3759 913 3816 ideo
936 3760 1290 3832 migraverit,
1323 3760 1462 3815 dum
1490 3759 1862 3840 manifestum
1890 3759 1961 3814 sit
1990 3777 2137 3831 pras-

505 3856 620 3925 mio
647 3854 998 3928 etmercede
1025 3871 1228 3926 paucos
1255 3854 1353 3926 qui
1381 3854 1663 3909 sinceram
1695 3853 1867 3909 ﬁdem
1894 3870 2009 3909 non
2036 3854 2159 3916 ha-q

507 3951 661 4017 bent,
691 3949 940 4020 potuisse
968 3947 1276 4019 corrumpi,
1328 3953 1388 4003 ut
1430 3949 1744 4002 clamarent
1778 3948 1837 4002 in
1875 3948 2139 4014 Ecclesia,

508 4047 563 4114 et
595 4044 783 4116 ipsum
813 4047 1006 4114 petere
1036 4041 1386 4110 viderentur,
1421 4042 1652 4096 omnino
1682 4041 2042 4120 haspfraudes
2060 4057 2144 4095 re-

509 4138 816 4193 movendas
859 4153 979 4190 esse
1026 4152 1340 4190 censemus.
1371 4135 1464 4190 His
1492 4135 1675 4191 verbis
1699 4138 1757 4190 et
1785 4135 1908 4189 aliis
1950 4135 2144 4190 multis

512 4229 793 4304 exemplis
818 4230 999 4302 liquet
1025 4245 1140 4283 non
1164 4229 1235 4282 de
1258 4229 1345 4282 his
1366 4229 1575 4296 dicere,
1605 4234 1666 4282 ut
1684 4229 1855 4300 paulo
1885 4229 2162 4300 superius.

511 4323 872 4398 prmlibatum
900 4325 1006 4391 est,
1034 4321 1132 4393 qui
1158 4321 1308 4394 pulsi
1333 4326 1430 4376 aut
1461 4339 1578 4376 non
1607 4321 1819 4394 recepti
1845 4339 1879 4376 a
1909 4322 2142 4391 civibus,

514 4418 600 4475 vel
643 4435 677 4472 a
723 4416 1178 4489 quibuscunque,
1222 4419 1321 4470 aut
1370 4415 1706 4471 necessitate
1747 4422 2010 4488 cogente,
2058 4418 2144 4471 vel

515 4491 852 4588 aLuctoritate
879 4510 1168 4584 majorum
1192 4513 1488 4564 transeunt
1513 4509 1582 4564 de
1606 4508 1829 4566 civitate
1847 4509 1920 4564 ad
1950 4510 2156 4564 civita-

513 4612 651 4686 tem,
683 4605 782 4660 sed
802 4605 872 4660 de
890 4605 978 4660 his
999 4604 1098 4678 qui
1115 4609 1313 4676 sponte
1341 4603 1664 4675 prosiliunt,
1691 4608 1790 4659 aut
1813 4605 2147 4661 temeritatis
2167 4617 2226 4690 D
2248 4610 2358 4681 29);
2395 4631 2422 4659 »

514 4704 612 4766 aut
639 4699 963 4754 ambitionis
1007 4716 1175 4754 causa
1219 4699 1328 4754 hoc
1373 4697 1610 4753 faciunt.
1644 4699 1784 4752 Nam
1812 4703 1867 4754 et
1886 4699 2037 4753 aliud
2066 4704 2152 4754 est

517 4797 703 4874 coacte
735 4797 834 4848 aut
860 4793 1184 4848 necessitate
1212 4793 1435 4858 venire;
1472 4792 1623 4846 unde
1656 4810 1770 4846 non
1808 4793 1901 4848 isti
1928 4795 2153 4848 mutant

518 4881 792 4955 civitates,
819 4887 919 4941 sed
945 4892 1261 4953 mutantur,
1290 4887 1427 4958 quia
1459 4903 1574 4941 non
1606 4890 1804 4957 sponte
1835 4887 1932 4941 sed
1960 4891 2152 4942 coacte

519 4981 627 5036 hoc
655 4985 851 5049 agunt.
873 4981 1005 5044 Quis
1035 4981 1187 5035 enim
1206 4997 1464 5052 unquam
1488 4980 1659 5035 audet
1683 4980 1870 5037 dicere
1896 4985 2152 5037 sanctum

517 5074 747 5130 Petrum
793 5073 1181 5145 apostolorum
1225 5074 1546 5146 principem
1595 5092 1713 5130 non
1754 5075 1900 5131 bene
1949 5077 2149 5149 egisse,

519 5167 750 5241 quando
774 5168 1014 5223 mutavit
1040 5169 1234 5223 sedem
1258 5169 1328 5224 de
1349 5169 1645 5224 Antiochia
1660 5169 1718 5224 in
1737 5171 1980 5226 Romam
1995 5171 2022 5224 ?
2042 5174 2155 5224 Aut

517 5249 644 5336 q'uis
666 5279 798 5318 eum
823 5267 994 5334 negat
1014 5261 1084 5317 ob
1103 5262 1162 5317 id
1188 5266 1447 5318 sanctum
1473 5281 1591 5319 non
1619 5281 1759 5333 esse,
1787 5268 1886 5320 aut
1911 5266 2155 5338 dignita-

518 5365 655 5426 tem,
679 5361 778 5414 aut
803 5356 1075 5412 meritum
1103 5373 1356 5428 unquam
1385 5360 1731 5431 apostolatus
1757 5365 1876 5414 tam
1901 5360 1958 5414 in
1999 5360 2154 5416 caelis

519 5469 690 5524 quam
722 5453 781 5505 in
825 5451 990 5505 terris
1020 5451 1371 5522 perdidisse?
1401 5456 1512 5508 Aut
1549 5453 1675 5524 quis
1720 5457 1891 5523 negat
1933 5460 2155 5510 sanctos

521 5564 639 5602 non
665 5562 788 5602 esse
816 5546 1024 5600 multos
1043 5545 1180 5600 alios
1199 5547 1512 5618 episcopos,
1535 5546 1632 5618 qui
1650 5547 1720 5601 de
1743 5547 2063 5602 civitatibus
2081 5548 2154 5603 ad

521 5639 774 5701 civitates
793 5638 1052 5694 translati
1069 5643 1220 5705 sunt,
1235 5645 1338 5694 aut
1359 5640 1630 5694 meritum
1649 5641 2011 5711 pontificatus
2029 5659 2156 5713 per-

521 5731 765 5786 didisse?
809 5731 1067 5796 Quorum
1115 5732 1349 5787 nomina
1393 5733 1442 5788 si
1485 5732 1755 5804 coeperim
1795 5749 2152 5806 enumerare,

524 5827 660 5888 ante
690 5824 808 5878 dies
847 5825 1186 5895 pertransiet
1222 5841 1394 5896 quam
1427 5827 1551 5881 hzec
1578 5826 1775 5882 omnia
1803 5830 2156 5886 conscribere

521 5932 772 5988 possem,
805 5920 859 5970 et
896 5917 1168 5988 prolixior
1192 5919 1296 5971 erit
1339 5919 1569 5990 epistola
1597 5937 1771 5993 quam
1802 5939 2029 5979 necesse
2062 5925 2150 5980 sit.

2157 3242 2212 3318 C

2223 576 2630 643 Alexandrum,
2678 574 2776 645 qui
2822 572 3274 642 Hierosolymam
3317 571 3388 625 de
3419 571 3598 625 altera
3639 569 3863 624 civitate

2227 670 2532 724 translatus
2579 673 2692 734 est;
2742 673 2841 721 aut
2876 671 3133 721 sanctum
3170 665 3509 736 Gregorium
3554 664 3860 719 Nazianze-

2228 780 2386 829 num,
2415 763 2512 834 qui
2563 762 2622 816 in
2664 761 2932 816 Nazianzo
2971 759 3306 814 constitutus
3330 762 3434 828 est,
3464 762 3566 813 aut
3597 763 3862 812 sanctum

2227 858 2482 912 Proclum
2500 857 2598 928 qui
2615 856 2684 911 de
2702 857 2897 926 Cyzico
2912 854 3212 909 translatus
3229 859 3286 908 et
3301 852 3864 923 ConstantinOpolim

2228 952 2598 1006 intronizatus
2624 950 2752 1004 est?
2780 951 2900 1004 Non
2924 949 3060 1020 ergo
3079 948 3225 1002 bene
3245 947 3579 1018 intelligunt
3607 945 3868 1001 ecclesii-

2227 1046 2390 1101 sticas
2417 1045 2640 1115 regulas
2667 1044 2763 1115 qui
2790 1044 2897 1098 hoc
2921 1046 3136 1113 negant
3166 1058 3334 1095 causa
3359 1041 3624 1095 utilitatis
3651 1044 3754 1094 aut
3779 1057 3872 1093 nc-

2228 1139 2500 1195 ccssitatis
2543 1139 2667 1193 fieri
2706 1155 2894 1209 posse,
2925 1138 3145 1208 quoties
3174 1135 3499 1190 communis
3526 1134 3750 1189 utilitas
3778 1148 3872 1187 aut.

2229 1233 2530 1290 necessitas
2577 1231 2940 1303 persuaserit.
2992 1231 3223 1285 Nullum
3250 1229 3404 1285 enim
3429 1246 3498 1283 ex
3532 1228 3652 1296 his,
3679 1233 3782 1281 aut
3808 1245 3872 1280 ex

2230 1327 2373 1394 aliis,
2401 1327 2499 1398 qui
2516 1325 2737 1380 meliori
2760 1325 2992 1380 consilio
3018 1328 3378 1380 mutaverunt
3395 1323 3661 1377 civitates
3685 1338 3874 1375 neces-

2229 1423 2392 1476 sitate
2437 1420 2689 1492 quadam
2733 1421 2821 1474 vel
2866 1419 3103 1474 utilitate
3147 1417 3545 1483 ecclesiastica,
3580 1420 3688 1470 aut
3734 1416 3873 1469 laica

2230 1516 2657 1581 communione,
2697 1530 2889 1568 carere
2919 1512 3264 1584 reperimus;
3301 1528 3406 1566 nec
3441 1510 3744 1564 ullatenus
3774 1526 3870 1563 un-

2231 1626 2401 1682 quam
2426 1608 2549 1663 lieri
2590 1607 2780 1663 debet.
2809 1606 3098 1663 Sententia
3125 1623 3280 1672 vero,
3311 1622 3438 1676 qua:
3466 1603 3874 1682 in‘Antioche-

2229 1679 2304 1766 no
2337 1703 2572 1758 concilio
2613 1702 2879 1769 habetur,
2917 1706 2982 1756 ut
3024 1701 3323 1771 episcopus
3346 1699 3417 1754 ab
3445 1679 3560 1752 alia
3601 1697 3878 1769 parochia

2232 1813 2602 1868 nequaquam
2631 1795 2840 1865 migret
2857 1795 2928 1849 ad
2949 1795 3144 1860 aliam,
3173 1798 3291 1848 tota
3315 1798 3491 1864 atque
3511 1808 3724 1846 omnes
3744 1808 3873 1845 sen-

2233 1891 2421 1946 tentias
2456 1892 2524 1945 de
2565 1907 2632 1944 ea
2676 1906 2735 1944 re
2772 1890 2888 1944 vim
2927 1889 3188 1961 superius
3217 1887 3706 1958 comprehensam
3740 1886 3874 1940 reti-

2233 1990 2392 2051 nent,
2427 1988 2484 2038 et
2526 1983 2671 2038 nihil
2708 1988 3016 2054 praetaxato
3045 1981 3215 2036 modo
3247 1979 3731 2035 translationibus
3758 1980 3874 2050 epi-

2230 2094 2535 2148 scoporum
2555 2077 2714 2144 actis,
2739 2080 2838 2130 aut
2855 2074 3096 2146 agendis
3123 2077 3350 2141 nocent,
3374 2073 3474 2128 sed
3494 2073 3690 2144 magis
3709 2071 3877 2126 robur

2232 2172 2312 2227 eis
2327 2188 2392 2226 ac
2415 2171 2631 2225 donum
2647 2169 2947 2225 Salvatoris
2969 2185 3096 2240 quae
3120 2185 3321 2223 omnes
3343 2167 3663 2221 canonicos
3690 2183 3877 2237 super-

2233 2267 2437 2322 exaltat
2465 2264 2657 2332 libros,
2690 2264 3087 2319 auctoritatem
3130 2266 3420 2333 praestant.
3467 2261 3637 2316 Tales
3682 2264 3874 2313 autem

2232 2359 2572 2432 quaestiones
2599 2358 2783 2428 magis
2809 2375 2879 2411 ex
2907 2357 3119 2411 invidia
3145 2371 3319 2427 quam
3351 2372 3422 2409 ex
3451 2355 3740 2409 charitate
3786 2359 3876 2406 aut

2232 2454 2472 2509 utilitate
2491 2453 2645 2506 nasci
2661 2452 2945 2519 videntur,
2961 2468 3091 2506 cum
3113 2451 3232 2521 ipsa
3251 2466 3358 2521 per
3375 2466 3432 2503 se
3448 2449 3673 2502 Veritas
3696 2449 3838 2501 dicat
3860 2465 3872 2499 ι

2239 2548 2350 2614 «(Si
2378 2564 2472 2602 vos
2497 2546 2780 2617 persecuti
2809 2545 3020 2600 fuerint
3044 2545 3102 2598 in
3136 2560 3312 2598 unam
3343 2543 3664 2608 civitatem,
3700 2543 3896 2612 fugite'

2234 2643 2294 2697 in
2349 2642 2525 2696 aliam
2581 2639 2797 2711 (Matth.
2842 2656 2896 2707 x,
2946 2641 3056 2709 23),
3100 2660 3126 2687 »
3169 2643 3224 2693 et
3269 2636 3505 2708 reliqua.
3549 2636 3698 2690 Huic
3740 2653 3876 2704 ergo

2235 2735 2533 2792 sententia:
2563 2733 2752 2788 nullus
2777 2733 3184 2788 catholicorum
3209 2746 3454 2802 usquam
3478 2729 3876 2784 contradicere

2236 2834 2442 2902 potest,
2475 2845 2603 2900 quae
2629 2845 2743 2882 non
2772 2827 3003 2882 alterius
3032 2825 3129 2880 sed
3157 2825 3332 2896 ipsius
3373 2823 3615 2894 proprio
3644 2823 3880 2878 Domini

2237 2941 2333 2979 ore
2384 2923 2632 2995 prolata,
2689 2925 2747 2975 et
2794 2920 3019 2975 firmata
3071 2936 3193 2974 esse
3246 2917 3624 2988 dignoscitur.
3677 2918 3782 2972 Cui
3834 2917 3879 2968 si

2238 3018 2440 3090 aliquis
2463 3014 2884 3082 contradixerit,
2919 3030 3033 3068 non
3060 3013 3242 3068 solum
3275 3011 3540 3076 extorris,
3574 3011 3670 3065 sed
3703 3012 3878 3064 etiam

2236 3111 2744 3166 anathematizatus
2787 3108 2856 3162 ab
2902 3107 3147 3162 Ecclesia
3198 3107 3461 3177 pellatur.
3492 3106 3557 3158 Et
3605 3105 3881 3158 Dominus

2241 3207 2297 3260 in
2326 3204 2625 3275 Evangelio
2653 3203 2792 3257 alias
2829 3201 2965 3256 dicit
2993 3219 3005 3255 :
3042 3223 3069 3250 ‹‹
3099 3199 3254 3254 Beati
3280 3199 3376 3270 qui
3413 3198 3884 3270 persecutionem

2237 3300 2534 3372 patiuntur
2563 3301 2794 3368 propter
2831 3294 3110 3366 justitiam
3146 3293 3362 3364 (Matth.
3399 3309 3452 3360 γ,
3499 3292 3607 3362 l0).
3639 3313 3667 3342 ››
3704 3293 3766 3347 Si
3790 3308 3882 3346 eos

2238 3393 2517 3448 Dominus
2540 3392 2736 3445 beatos
2765 3389 2921 3458 dicit,
2953 3389 3052 3460 qui
3077 3385 3532 3458 persecutionem
3581 3387 3886 3456 patiuntur

2238 3491 2471 3558 propter
2505 3485 2808 3557 justitiam,
2858 3482 2985 3554 quis
3029 3498 3123 3536 eos
3167 3481 3437 3536 damnare
3473 3481 3704 3551 potest?
3747 3482 3814 3535 Et
3839 3482 3882 3533 si

2239 3583 2358 3652 ipse
2383 3581 2452 3635 de
2479 3580 2702 3634 civitate
2729 3577 2802 3632 ad
2827 3577 3132 3645 civitatem,
3154 3579 3393 3648 propter
3419 3574 3886 3645 persecutionem

2239 3676 2438 3745 fugere
2472 3673 2759 3745 praecepit,
2804 3671 2932 3742 quis
2979 3687 3074 3726 eos
3117 3669 3420 3726 detrahere
3457 3674 3556 3722 aut
3601 3668 3884 3722 damnare

2240 3773 2545 3840 propterea
2572 3767 2741 3821 audet
2782 3767 2865 3820 vel
2909 3769 3115 3836 potest,
3149 3764 3298 3834 quod
3342 3761 3527 3817 verbis
3573 3763 3886 3817 Dominicis

2241 3860 2676 3934 obtemperant?
2719 3859 2975 3914 Profecto
3010 3858 3098 3912 his
3122 3857 3220 3929 qui
3263 3855 3610 3912 contradicit
3653 3861 3758 3910 aut
3797 3873 3883 3911 re-

2243 3957 2406 4023 sistit,
2434 3955 2683 4026 seipsum
2724 3953 2973 4019 damnat,
3005 3953 3134 4023 quia
3171 3951 3255 4006 ori
3303 3951 3526 4006 Domini
3553 3954 3886 4012 contumax,

2243 4056 2300 4107 et
2337 4049 2672 4105 inobediens
2715 4047 2950 4102 exsistit.
2981 4045 3143 4101 Unde
3187 4049 3244 4100 et
3282 4045 3405 4118 ipsa
3438 4061 3541 4116 per
3576 4062 3640 4098 se
3671 4046 3888 4099 Veritas

2244 4144 2382 4200 dicit
2409 4161 2421 4199 :
2457 4166 2485 4194 ‹‹
2510 4143 2645 4207 Quis
2667 4158 2734 4198 ex
2753 4141 2912 4196 vobis
2941 4143 3147 4211 arguet
3171 4156 3266 4194 me
3295 4140 3365 4194 de
3391 4140 3672 4210 peccato?
3698 4139 3755 4194 Si
3786 4155 3887 4190 ve-

2244 4239 2482 4293 ritatem
2503 4237 2648 4304 dico,
2680 4251 2859 4306 quare
2887 4250 2986 4289 vos
3024 4250 3139 4288 non
3181 4232 3409 4287 creditis
3433 4232 3580 4286 mihi
3600 4233 3629 4286 ?
3677 4231 3788 4294 Qui
3818 4247 3888 4284 ex

2247 4334 2360 4388 Deo
2391 4336 2494 4398 est,
2523 4330 2693 4384 verba
2718 4329 2819 4385 Dei
2847 4327 3030 4384 audit.
3061 4329 3368 4398 Propterea
3388 4343 3486 4381 vos
3506 4342 3630 4380 non
3656 4325 3886 4390 auditis,

2247 4427 2383 4498 quia
2402 4443 2469 4482 ex
2496 4426 2610 4480 Deo
2636 4441 2750 4478 non
2781 4423 2913 4478 estis
2934 4423 3146 4492 (Joann.
3179 4437 3292 4488 vin,
3315 4422 3404 4490 46,
3433 4421 3542 4488 47).
3579 4439 3608 4470 n
3641 4420 3892 4475 Omnino

2249 4541 2276 4572 «
2304 4523 2531 4592 oportet
2553 4521 2666 4574 Deo
2693 4516 2930 4572 obedire
2951 4515 3080 4588 plus
3098 4531 3272 4586 quam
3301 4513 3633 4569 hominibus
3662 4515 3810 4580 (Act.
3834 4529 3888 4578 ς’,

2466 4611 2524 4663 et
2561 4607 2769 4663 idcirco
2795 4605 2947 4678 quod
2979 4606 3092 4659 Deo
3120 4603 3438 4670 obedimus,
3467 4603 3537 4656 de
3568 4603 3800 4657 civitate
3825 4603 3896 4655 ad

2251 4703 2560 4770 civitatem,
2598 4703 2721 4774 ipso
2754 4699 3143 4773 praecipiente,
3176 4696 3591 4770 persecutionis
3615 4713 3811 4764 causa,
3839 4695 3891 4749 id

2251 4801 2355 4866 est,
2383 4795 2753 4866 necessitatis,
2783 4799 2885 4849 aut
2929 4792 3190 4848 utilitatis
3220 4791 3543 4858 transimus,
3573 4790 3892 4845 damnandi

2251 4893 2492 4948 sumus?
2533 4892 2673 4946 Non-
2699 4889 2957 4957 omnino,
2985 4887 3084 4942 sed
3131 4886 3320 4957 potius
3367 4885 3683 4940 venerandi
3724 4889 3898 4955 atque

2254 4985 2536 5058 portandi,
2567 4983 2839 5056 quoniam
2875 4999 2978 5037 nec
3022 4981 3155 5052 ipsis
3183 4979 3460 5052 episcopis
3487 4979 3596 5033 hoc
3625 4977 3899 5049 imputari

2253 5082 2455 5152 potest.
2490 5079 2648 5144 «Qui
2695 5078 2784 5132 his
2826 5076 3056 5146 resistit,
3103 5074 3352 5146 profecto
3396 5073 3498 5128 Dei
3542 5070 3896 5127 ordinationi

2252 5173 2464 5230 resistit
2513 5174 2679 5243 (Rom.
2725 5188 2844 5241 xm,
2897 5171 2972 5242 2),
3002 5189 3028 5221 ι)
3078 5172 3135 5222 et
3186 5192 3212 5217 ‹‹
3243 5172 3328 5222 est
3374 5166 3592 5222 infideli
3645 5167 3898 5220 deterior

2255 5273 2297 5339 (1
2350 5271 2482 5323 Tim.
2532 5284 2584 5337 v,
2636 5268 2710 5339 8),
2755 5287 2781 5315 ››
2832 5264 2966 5336 quia
3007 5263 3212 5318 melius
3256 5265 3342 5316 est
3378 5277 3497 5316 non
3548 5274 3894 5331 cognoscere

2254 5364 2403 5418 viam
2459 5361 2727 5430 veritatis,
2775 5375 2947 5430 quam
2995 5362 3119 5429 post
3163 5355 3522 5428 agnitionem
3575 5361 3892 5409 retrorsum

2253 5458 2429 5512 abire.
2460 5457 2597 5511 Nam
2632 5461 2688 5510 et
2728 5454 2850 5526 ipse
2880 5451 3151 5507 Dominus
3196 5450 3266 5504 de
3307 5450 3432 5504 loco
3475 5448 3548 5503 ad
3580 5449 3773 5503 locum
3805 5463 3895 5501 re-

2254 5552 2438 5621 cessit,
2469 5550 2525 5605 id
2567 5554 2673 5616 est,
2704 5547 2977 5616 transivit,
3020 5545 3230 5600 Judteis
3277 5544 3437 5598 illum
3481 5542 3900 5613 quaerentibus.

2257 5668 2283 5693 ‹‹
2314 5645 2561 5716 Fugiens
2599 5644 2692 5699 ille
2722 5644 3041 5714 querentes
3085 5644 3142 5696 et
3187 5643 3600 5710 persequentes
3630 5654 3692 5691 se
3718 5637 3903 5704 (10ers.

2254 5755 2374 5808 vni,
2397 5742 2505 5808 59),
2533 5759 2561 5788 ι)
2597 5740 2653 5793 et
2692 5736 2762 5792 de
2803 5736 3028 5791 civitate
3057 5734 3130 5790 ad
3155 5733 3440 5788 civitatem
3470 5731 3716 5785 transire
3750 5744 3903 5800 pra:-

2254 5833 2424 5904 cepit,
2455 5833 2645 5888 dicens
2676 5849 2688 5886 :
2723 5852 2750 5884 «
2777 5831 2837 5886 Si
2861 5846 2961 5886 vos
2982 5827 3260 5902 persecuti
3277 5825 3492 5881 fuerint
3520 5824 3578 5878 in
3606 5824 3906 5878 civitatem

2258 5925 2444 5983 istam.
2468 5926 2646 5997 fugite
2669 5926 2725 5980 in
2746 5925 2912 5978 aliam
2937 5923 3152 5994 (Matth.
3184 5939 3234 5986 x,
3260 5923 3369 5988 '23),
3396 5943 3420 5966 υ
3445 5925 3504 5974 et
3529 5923 3738 5972 cetera
3765 5914 3910 5976 talia
