4092 6192
258 263 389 313 1097

1486 263 1953 318 DECRETALIUM
1993 263 2378 320 COLLECTIO.

3469 252 3608 321 7109s

243 369 334 422 his
361 368 587 422 similia.
618 369 757 421 Nam
779 369 825 421 si
846 370 1047 438 fugere
1077 369 1290 424 malum
1310 375 1412 439 est,
1438 373 1703 444 persequi
1727 374 1876 426 mul-
1901 385 1958 456 Α
1981 353 2095 445 qua
2137 374 2397 428 collectas
2439 374 2708 442 celebrat,
2755 374 2855 430 sed
2880 376 3160 432 sustinere
3192 375 3344 449 quod
3376 378 3605 449 provin-

241 469 304 517 to
332 462 604 517 deterius.
655 462 748 516 Hic
777 461 1008 534 quidem
1041 479 1112 518 ne
1145 465 1444 532 moriatur,
1473 465 1878 533 absconditur;

240 557 340 611 Hic
358 561 551 612 tamen
570 557 930 628 persequitur
949 561 1013 612 ut
1032 557 1268 625 occidat,
1293 561 1351 613 et
1370 563 1433 613 ut
1466 560 1524 613 fu
1533 560 1720 631 giatur
1739 576 1881 632 prte-

243 651 474 722 cipitur,
499 654 554 704 et
585 650 717 722 quia
741 650 840 721 qui
862 651 1069 722 querit
1097 651 1353 706 occidere
1376 653 1782 724 praevaricatur
1809 655 1880 709 le-

244 760 401 816 gem,
429 747 486 798 et
504 745 686 816 magis
705 745 960 815 fugiendi
977 745 1195 816 praebet
1213 746 1584 801 occasionem.
1605 748 1661 803 Si
1681 748 1878 819 fugam

241 839 643 909 improperant
663 843 1092 910 persequentes,
1110 839 1448 895 erubescant
1464 841 1656 912 potius
1679 846 1881 896 semet-

245 935 420 1003 ipsos,
469 938 525 986 et
561 933 855 1002 quiescant
885 932 1159 1002 insidiari,
1201 938 1255 988 et
1291 934 1582 1005 quiescent
1611 936 1880 990 continuo

244 1027 550 1096 fugientes.
590 1027 770 1080 Nemo
808 1026 961 1080 enim
1001 1026 1206 1081 mitem
1237 1027 1386 1098 fugit
1422 1028 1750 1099 aliquando,
1784 1030 1879 1084 sed

248 1120 433 1190 magis
457 1121 708 1174 ferocem
735 1120 904 1174 simul
945 1124 1003 1174 et
1043 1120 1334 1175 callidum.
1367 1121 1562 1176 Omnis
1589 1122 1740 1177 enim
1782 1123 1878 1195 qui

245 1214 520 1281 gemebat
546 1217 604 1268 et
628 1214 942 1269 vexabatur
959 1231 992 1268 a
1017 1214 1151 1269 Saul
1174 1215 1428 1286 fugiebat
1447 1218 1502 1270 et
1527 1215 1789 1271 veniebat
1810 1217 1879 1271 ad

249 1308 423 1362 David
449 1309 595 1377 (Reg.
628 1325 778 1374 xxxi,
814 1311 884 1374 7).
921 1308 978 1363 Si
1009 1324 1145 1379 ergo
1177 1308 1466 1380 piissimus
1492 1315 1662 1381 atque
1681 1311 1877 1381 justis-

247 1403 425 1456 simus
453 1401 624 1455 David
651 1402 820 1456 sciret
842 1407 1138 1473 peccatum
1165 1419 1283 1458 esse
1310 1404 1766 1474 persecutionem
1786 1405 1875 1459 fu-

248 1496 491 1566 gientes,
523 1501 580 1551 et
605 1499 966 1550 transeuntes
991 1496 1062 1550 de
1089 1497 1213 1551 loco
1239 1497 1308 1552 ad
1329 1498 1534 1565 locum,
1565 1501 1623 1552 et
1649 1497 1718 1552 de
1744 1498 1874 1553 civi-

245 1595 362 1644 tate
391 1590 462 1644 ad
511 1589 817 1658 civitatem,
855 1591 995 1645 tales
1032 1607 1394 1663 nequaquam
1433 1591 1728 1662 reciperet,
1774 1609 1878 1647 nec

246 1701 442 1738 secum
471 1688 711 1754 teneret,
736 1701 843 1739 nec
865 1683 921 1738 in
943 1684 1068 1739 aliis
1094 1685 1416 1740 civitatibus
1443 1703 1538 1740 eos
1560 1687 1874 1742 collocaret.

247 1777 355 1842 Qui
382 1778 535 1833 enim
557 1783 984 1849 persequuntur
1002 1779 1227 1834 Domini
1248 1779 1556 1852 episcopos,
1579 1797 1789 1852 eosque
1810 1780 1878 1836 de
1895 1751 1954 1823 B

245 1871 566 1926 civitatibus
594 1872 664 1925 ad
692 1872 941 1928 civitates
968 1873 1207 1928 transire
1234 1874 1606 1944 compellunt,
1638 1891 1752 1929 non
1785 1890 1879 1930 eos

251 1971 476 2020 tantum
509 1971 951 2037 persequuntur,
975 1973 1258 2038 quantum
1287 1968 1592 2023 Dominum
1619 1971 1878 2023 nostrum

247 2061 441 2113 Jesum
461 2059 766 2127 Christum,
793 2079 819 2111 «
841 2060 1002 2130 cujus
1018 2061 1304 2132 legatione
1324 2061 1645 2133 funguntur
1665 2061 1736 2131 (11
1757 2063 1876 2120 Cor.

248 2171 302 2220 γ,
331 2155 444 2221 20),
485 2169 588 2208 nec
637 2153 742 2224 ipsi
789 2154 845 2208 in
891 2154 1000 2209 hoc
1039 2158 1276 2225 peccant
1304 2155 1573 2228 episcopi,
1602 2157 1879 2228 quoniam

247 2263 366 2300 non
400 2253 599 2318 sponte
627 2248 724 2302 sed
759 2251 951 2302 coacte
984 2249 1089 2302 hoc
1119 2254 1318 2319 agunt,
1359 2249 1460 2304 sed
1499 2249 1580 2304 illi
1611 2267 1643 2304 a
1672 2250 1878 2321 quibus

244 2345 698 2412 persequuntur,
754 2353 859 2396 nec
923 2341 1056 2412 ipsis
1118 2342 1395 2414 episcopis
1451 2343 1555 2397 hoc
1610 2343 1880 2416 imputari

243 2438 456 2505 potest,
507 2436 602 2490 sed
647 2436 756 2490 illis
799 2436 896 2506 qui
929 2452 1024 2490 eos
1053 2436 1160 2490 hoc
1189 2452 1359 2507 agere
1389 2441 1619 2507 cogunt.
1649 2438 1880 2493 Sanctus

245 2530 407 2583 enim
435 2533 818 2601 protomartyr
847 2530 1167 2601 Stephanus
1193 2530 1572 2600 lapidabatur,
1600 2531 1694 2585 sed
1721 2533 1880 2586 Jesus

243 2623 591 2694 suscipiebat
612 2623 806 2695 plagas
843 2623 982 2694 (Act.
1023 2641 1115 2692 vn,
1150 2626 1255 2692 58),
1299 2623 1542 2696 ideoque
1570 2625 1879 2697 unicuique

239 2716 677 2786 praevidendum
709 2719 812 2782 est,
844 2733 914 2770 ne
940 2717 1188 2788 aliquem
1236 2717 1444 2788 injuste
1481 2723 1876 2789 persequatur,

237 2809 464 2879 judicet
498 2810 586 2864 vel
612 2810 827 2881 puniat,
859 2826 927 2864 ne
952 2812 1138 2865 Iesum
1167 2816 1569 2882 persequatur,
1587 2811 1804 2882 judicet
1823 2816 1881 2867 et

243 2903 466 2974 puniat.
493 2903 594 2968 Qui
619 2909 807 2959 autem
837 2909 1046 2975 negant
1071 2905 1523 2960 misericordiam
1554 2906 1878 2960 faciendam

249 2997 601 3067 fugientibus
623 3015 686 3052 ac
713 2998 1103 3053 necessitatem
1132 2999 1496 3070 patientibus,
1512 3000 1697 3071 ipsum
1717 3000 1877 3055 Chri-

245 3095 400 3145 stum
428 3096 661 3161 negant,
695 3092 792 3162 qui
822 3096 906 3146 est
933 3093 1323 3147 misericordia
1343 3097 1396 3146 et
1417 3093 1638 3160 veritas,
1675 3096 1731 3148 et
1759 3110 1954 3196 om-C

243 3185 416 3238 nibus
435 3185 822 3240 necessitatem
843 3185 1188 3256 patientibus
1211 3186 1511 3241 subvenire
1523 3187 1706 3257 jubet.
1732 3190 1876 3242 Pau-

244 3295 311 3332 ca
340 3281 493 3343 sunt,
522 3278 717 3347 frater,
743 3295 869 3350 quae
891 3279 1131 3342 asserui,
1164 3280 1256 3334 sed
1292 3283 1505 3352 quanta
1528 3297 1595 3334 ex
1621 3281 1706 3334 his
1733 3297 1875 3351 pen-

242 3373 418 3426 deant
443 3376 538 3426 tua
563 3373 919 3444 providentia
949 3373 1160 3444 poteris
1189 3374 1494 3428 aestimare.
1524 3375 1706 3438 Quare
1732 3375 1880 3428 hanc

241 3465 590 3520 annituntur
621 3467 879 3520 malevoli
925 3467 1350 3538 interrumpere
1395 3467 1880 3522 misericordiam?

240 3558 574 3613 Curlsedere
587 3560 747 3614 vanis
764 3559 818 3613 in
829 3559 1178 3614 tentionibus
1192 3560 1550 3615 felicitatem?
1562 3561 1881 3615 Excusatio-

247 3668 384 3708 nem
399 3653 524 3722 jam
545 3669 658 3706 non
682 3653 856 3707 habet
876 3653 1034 3707 furor
1055 3653 1159 3708 iste
1181 3653 1564 3722 credentibus,
1584 3671 1690 3709 nec
1711 3654 1881 3708 inter-

245 3751 335 3799 est
355 3745 562 3816 quibus
578 3745 876 3800 itineribus
901 3767 929 3796 «
947 3746 1016 3799 ad
1038 3746 1241 3800 mundi
1261 3745 1580 3818 principem
1593 3748 1765 3816 (Joan.
1783 3763 1877 3817 xu,

245 3841 332 3904 3t)
368 3857 395 3887 »
439 3841 645 3905 currat,
679 3839 777 3910 qui
811 3856 842 3892 a
880 3839 1281 3894 benevolentia
1309 3839 1553 3894 fratrum
1580 3839 1878 3908 delitescit,

243 3936 348 3987 aut
389 3933 784 3988 necessitatem
828 3933 1168 4004 patientibus
1199 3933 1654 3988 misericordiam
1685 3938 1877 4005 negat.

247 4027 325 4080 Ne
332 4032 426 4096 gat
439 4025 887 4081 misericordiam
902 4027 1248 4097 patientibus
1261 4028 1358 4098 qui
1375 4027 1601 4099 populis
1622 4028 1882 4098 indigen-

242 4120 401 4172 tibus
427 4119 630 4174 divinis
651 4120 954 4192 mysteriis,
985 4123 1042 4174 et
1069 4137 1182 4175 non
1209 4120 1552 4176 habentibus
1578 4123 1880 4194 proprium

245 4213 599 4284 episcopum,
623 4214 720 4285 qui
740 4229 836 4268 eos
857 4213 1103 4268 instruat
1124 4231 1293 4268 causa
1315 4214 1572 4270 utilitatis
1594 4218 1764 4287 atque
1789 4232 1884 4269 ne-

245 4307 548 4375 cessitatis,
571 4310 669 4361 aut
689 4323 756 4361 ex
775 4307 887 4361 alia
907 4307 1151 4375 civitate,
1181 4307 1316 4362 licet
1341 4309 1531 4363 minor
1556 4309 1644 4375 sit,
1675 4308 1732 4362 in
1755 4325 1882 4363 eam

244 4417 379 4474 qum
405 4416 519 4454 non
550 4401 720 4454 habet
739 4400 1093 4472 episcopum,
1121 4400 1441 4456 doctiorem
1459 4403 1544 4455 vel
1569 4402 1879 4469 utiliorem,

1980 467 2082 521 cia:
2111 467 2360 538 synodus
2391 484 2492 524 suo
2526 468 2745 540 judicio
2784 470 3197 525 terminaverit.
3228 471 3365 526 Huic
3395 473 3613 543 regulm

1973 547 2370 616 contradicere
2384 563 2572 616 nullus
2585 565 2788 634 potest,
2815 579 2943 633 quae
2973 563 3143 648 etiam
3162 580 3330 619 causa
3353 563 3612 621 utilitatis

1979 659 2076 709 aut
2125 655 2475 710 necessitatis
2528 657 2875 712 intronizare
2931 657 3262 735 episcopum
3305 656 3527 730 jubet,-
3555 666 3612 715 et

1979 755 2204 804 mutare
2230 766 2296 804 ac
2325 743 2566 805 transire
2597 767 2729 805 eum
2757 751 2826 806 de
2871 748 3194 807 civitate'ad:
3223 752 3390 806 aliam
3416 753 3610 808 civita-

1980 846 2098 896 tem
2131 859 2247 896 non
2275 843 2566 913 proprium
2597 844 2898 898 habentem
2927 845 3276 922 episcopum,
3303 845 3453 901 sinit.
3479 847 3608 902 Pin-

1983 952 2120 1007 gues
2156 937 2371 991 hostias
2403 937 2526 991 litat
2554 937 2801 1004 diabolo,
2836 939 2933 1010 qui
2968 939 3056 992 his
3089 939 3349 994 resistere
3390 939 3610 1007 nititur,

1981 1034 2079 1085 aut
2105 1029 2554 1085 misericordiam
2586 1034 2644 1084 et
2667 1031 3261 1087 utilitatem'Ecclesiae
3296 1033 3415 1104 jam
3449 1032 3614 1089 dictis

1971 1129 2172 1195 negat,
2201 1123 2258 1178 id
2281 1129 2383 1191 est,
2415 1127 2471 1179 et
2493 1123 2791 1196 episcopis,
2816 1129 2873 1179 et
2888 1124 3131 1196 p0pulis.
3155 1125 3218 1180 In
3237 1143 3446 1210 vanum
3470 1127 3610 1210 ergo

1979 1222 2176 1272 contra
2202 1217 2507 1289 simplices,
2531 1219 2630 1289 qui
2652 1219 2772 1273 hzec
2795 1219 2929 1273 olim
2953 1218 3203 1274 dicentes
3225 1205 3396 1290 agere
3416 1207 3609 1292 prohi-

1977 1311 2244 1376 buerunt,
2287 1311 2574 1366 tendicula
2622 1311 2889 1383 deinceps
2934 1312 3234 1383 parabunt,
3285 1330 3416 1367 cum
3443 1314 3530 1369 his
3557 1321 3616 1370 et

1980 1404 2105 1459 aliis
2119 1405 2324 1459 armati
2354 1405 2734 1474 adminiculis,
2778 1407 3042 1461 noverint
3069 1407 3204 1478 quid
3231 1424 3404 1480 super
3428 1408 3516 1462 his
3542 1408 3616 1463 sit

1971 1498 2290 1570 agendum,
2318 1502 2374 1553 et
2388 1499 2527 1570 quid
2542 1499 2861 1554 vitandum.
2881 1499 3060 1554 Nimis
3075 1500 3227 1555 enim
3243 1504 3494 1555 armatus
3507 1507 3612 1566 est,

1977 1592 2076 1663 qui
2089 1591 2189 1646 illa
2203 1609 2330 1664 qua:
2353 1592 2708 1647 adversarius
2724 1593 3143 1663 misericordiae,
3166 1595 3426 1649 utilitatis
3444 1598 3614 1666 atque

1978 1686 2288 1741 concordiae
2327 1685 2633 1754 ministrat,
2680 1688 2793 1741 tela
2839 1687 3176 1742 contemnit.
3221 1688 3443 1764 Sufﬁcit
3473 1689 3614 1760 ergo

1979 1783 2180 1834 contra
2207 1779 2403 1834 omnia
2421 1780 2612 1851 jacula
2625 1780 2954 1851 jurgiorum
2974 1780 3109 1834 fidei
3128 1781 3279 1835 nuda
3305 1783 3611 1854 oppositio.

1981 1873 2106 1928 Scio
2135 1877 2188 1928 te
2216 1890 2332 1928 non
2371 1873 2658 1945 ignorare,
2699 1873 2891 1940 frater,
2936 1877 3284 1929 memoratas
3325 1873 3613 1930 canonum

1969 1968 2286 2022 sententias
2320 1969 2472 2039 apud
2512 1967 2863 2039 ‘evangelicas
2910 1968 3248 2036 sanctiones,
3281 1984 3454 2024 novas
3493 1987 3608 2024 non

1980 2077 2120 2140 esse,
2150 2061 2250 2115 sed
2282 2065 2472 2117 nostro
2495 2062 2746 2117 assensui
2775 2063 3116 2133 mancipari.
3139 2058 3258 2118 Cur
3277 2063 3363 2118 his
3384 2061 3608 2118 contra-

1971 2154 2230 2210 dicentes
2257 2155 2662 2228 emigrationes
2689 2156 3088 2230 episcoporum
3131 2156 3386 2211 utilitatis
3418 2163 3475 2212 et
3509 2153 3612 2213 ne-

1981 2249 2251 2304 cessitatis
2276 2266 2448 2304 causa
2468 2250 2591 2304 ﬁeri
2617 2250 3006 2321 prohibentes,
3029 2253 3094 2304 ut
3109 2267 3258 2321 sazpe
3274 2251 3485 2307 dictum
3509 2255 3613 2317 est,

1981 2346 2037 2396 et
2062 2357 2177 2397 non
2217 2341 2466 2397 avaritiae
2509 2348 2607 2397 aut
2632 2343 2970 2398 temeritatis
2999 2342 3058 2397 in
3089 2343 3401 2414 perniciem
3430 2361 3612 2400 sacer-

1981 2433 2181 2490 dotum
2212 2452 2274 2490 ac
2293 2436 2638 2506 populorum
2659 2437 2879 2492 laedunt
2899 2437 3242 2492 sacerdotale
3271 2437 3572 2492 concilium
3589 2440 3619 2494 Ἰ

1979 2531 2090 2585 Cur
2105 2530 2352 2584 lacerant
2367 2530 2707 2585 sententiam
2726 2530 2785 2584 in
2804 2547 2918 2602 qua
2935 2530 3244 2601 inspirante
3261 2531 3484 2587 Christo
3497 2548 3617 2586 ora-

1981 2623 2106 2678 cula
2148 2640 2392 2694 superna
2438 2626 2766 2695 patuerunt,
2800 2630 2855 2679 et
2883 2623 3033 2678 inter
3057 2625 3238 2679 Deum
3269 2627 3325 2680 et
3351 2624 3614 2680 homines

1979 2717 2261 2787 interpres
2289 2717 2506 2772 exstitit
2531 2717 2727 2788 lingua
2753 2717 3094 2789 pontificum
3113 2718 3141 2772 ?
3175 2718 3273 2772 Illa
3312 2718 3464 2773 enim
3491 2719 3618 2774 cceli

1980 2811 2136 2865 curia
2181 2810 2467 2864 variarum
2516 2811 2741 2865 dotibus
2787 2813 2953 2865 aucta
2996 2811 3302 2879 curulium,
3348 2815 3405 2868 et
3434 2812 3617 2867 multo

1981 2904 2380 2975 Redemptoris
2409 2905 2588 2959 nostri
2616 2921 2758 2959 auro
2785 2909 3050 2982 ostroque
3078 2905 3365 2974 decorata,
3391 2905 3531 2960 nihil
3556 2905 3612 2960 in

1979 2997 2079 3052 illa
2105 2997 2388 3053 decisione
2417 3001 2650 3052 auctore
2690 3015 2749 3052 se
2792 2999 3047 3069 protulit,
3092 2999 3186 3054 sed
3218 3016 3321 3070 per
3351 3001 3617 3055 humanae

1979 3091 2190 3163 lingua:
2229 3091 2610 3146 ministerium
2640 3091 2830 3147 divino
2859 3092 3119 3148 militavit
3144 3093 3411 3164 imperio.
3445 3095 3617 3150 Intel-

1978 3187 2115 3240 lexit
2141 3201 2256 3240 non
2297 3201 2415 3240 esse
2457 3202 2625 3240 suum
2666 3186 2947 3258 quidquid
2981 3185 3255 3258 impulsas
3297 3189 3616 3255 constituit,

1980 3280 2118 3333 nihil
2159 3294 2387 3350 quoque
2426 3279 2599 3333 habet
2642 3280 2700 3332 in
2746 3279 2841 3333 illa
2879 3281 3184 3347 sententia,
3224 3279 3331 3334 nisi
3363 3282 3515 3335 unde
3542 3281 3619 3336 de

1978 3375 2098 3427 sola
2120 3372 2416 3427 devotione
2439 3372 2778 3442 gratuletur.
2800 3374 2938 3427 Nam
2961 3373 3103 3427 dum
3120 3373 3370 3443 profanis
3393 3374 3612 3429 memo-

1979 3471 2228 3521 ratorum
2280 3465 2464 3520 verbis
2513 3465 2754 3534 ceditur,
2798 3470 2856 3520 et
2899 3483 3015 3520 sua:
3051 3466 3296 3520 vesaniae
3328 3466 3613 3521 inscitiam

1981 3560 2229 3630 produnt
2265 3563 2320 3614 et
2359 3557 2612 3626 livorem,
2641 3560 2766 3631 quis
2793 3559 2884 3614 hic
2913 3561 3068 3614 locus
3097 3560 3324 3626 erroris,
3356 3559 3451 3614 ubi
3477 3576 3613 3615 con-

1981 3653 2245 3725 gruentia
2270 3653 2392 3724 pari
2422 3653 2597 3708 ductu
2623 3653 2893 3724 exempli,
2925 3657 2981 3709 et
3005 3653 3259 3708 historiae
3287 3654 3460 3708 verba
3486 3670 3616 3708 con-

1979 3748 2258 3802 currunt?
2289 3749 2396 3803 Nec
2427 3747 2714 3803 diversum
2738 3751 2821 3802 est
2841 3747 2910 3801 ab
2932 3746 3223 3802 intellectu
3252 3747 3527 3802 catholico
3557 3751 3614 3802 et

1979 3840 2315 3895 lectionibus
2342 3842 2492 3913 quod
2524 3840 2831 3913 profertur.
2860 3841 3004 3894 Nam
3032 3857 3148 3895 non
3174 3840 3318 3896 bene
3346 3841 3531 3895 nodus
3554 3841 3614 3896 in

1980 3934 2161 4005 scirpo
2190 3935 2483 4006 quaeritur,
2515 3935 2650 3990 dum
2678 3934 2910 3989 involvit
2935 3933 3143 3988 nebula
3178 3934 3495 4005 praadicatae
3525 3934 3612 3989 lu-

1982 4028 2058 4081 cis
2080 4027 2274 4101 273
2305 4034 2567 4084 auctores
2585 4045 2598 4094 ;
2618 4028 2763 4082 foeda
2777 4045 3024 4099 namque
3045 4045 3075 4082 a
3093 4027 3273 4082 nitore
3291 4028 3617 4083 Dominisui

1981 4121 2328 4192 obligatione
2346 4123 2690 4188 dissolvitur,
2718 4121 2815 4192 qui
2838 4121 3060 4176 statutis
3083 4120 3401 4176 coelestibus
3424 4122 3616 4176 minus

1983 4232 2144 4270 mera
2184 4216 2292 4271 fide
2336 4216 2606 4288 dependit
2653 4215 2860 4270 officia.
2895 4215 3116 4269 Talium
3153 4231 3290 4285 ergo
3337 4215 3616 4269 dictiones

1983 4309 2067 4362 vel
2112 4309 2522 4380 prohibitiones
2565 4309 2819 4380 indigum.
2867 4309 3034 4363 etiam
3076 4307 3222 4362 fiunt
3269 4313 3614 4364 memoratu.

1981 4402 2269 4458 Profunda
2309 4410 2393 4458 est
2423 4420 2560 4473 ergo
2587 4403 2758 4457 nimis
2787 4402 3080 4474 imperitia
3111 4419 3333 4470 eorum,
3382 4423 3410 4450 ‹‹
3441 4407 3496 4457 et
3528 4419 3617 4457 se-

244 4495 470 4549 meliori
499 4494 732 4548 consilio
760 4511 877 4548 non
903 4500 1104 4565 sponte
1126 4498 1545 4562 transeuntem,
1575 4495 1672 4550 sed
1696 4497 1880 4567 majo-
1901 4493 1961 4564 D
1984 4497 2244 4567 pulcrum
2276 4502 2476 4567 patens
2503 4501 2702 4567 guttur
2728 4512 2945 4562 eorum,
2977 4495 3109 4566 quia
3139 4496 3352 4566 linguis
3381 4495 3496 4549 suis
3523 4495 3619 4549 do-

243 4605 378 4643 rum
411 4587 799 4642 exhortatione
825 4591 1069 4656 mutare,
1114 4593 1214 4642 aut
1250 4589 1583 4661 episcopum
1615 4589 1877 4660 ejectum,

244 4690 303 4737 et
333 4682 798 4753 persecutionem
828 4682 1139 4753 patientem
1168 4699 1337 4737 causa
1367 4683 1629 4738 utilitatis
1656 4689 1753 4738 aut
1779 4700 1878 4738 ne-

243 4776 521 4832 cessitatis
567 4776 912 4831 intronizare
949 4792 1063 4830 non
1109 4776 1407 4846 permittit.
1458 4778 1621 4848 Apud
1661 4779 1884 4832 veteres

243 4871 406 4926 enim
437 4869 556 4924 sine
586 4871 697 4924 ulla
725 4869 1041 4924 differentia
1069 4871 1136 4924 de
1164 4886 1279 4924 una
1305 4870 1529 4925 civitate
1550 4871 1619 4925 ad
1645 4871 1883 4925 alteram

247 4963 536 5034 migrabat
555 4964 871 5034 episcopus,
902 4963 1037 5016 dum
1067 4963 1277 5017 utilitas
1302 4967 1397 5017 aut
1425 4965 1723 5019 necessitas
1751 4981 1881 5019 evo-

245 5062 424 5112 caret.
455 5059 810 5128 Quapropter
831 5059 1009 5127 ipsam
1041 5056 1211 5112 etiam
1234 5058 1495 5129 regulam
1517 5059 1648 5112 huic
1676 5059 1881 5130 episto-

245 5153 322 5206 lae
373 5151 585 5221 placuit
623 5151 816 5220 inseri,
855 5155 918 5204 ut
957 5154 1313 5206 monstretur
1343 5167 1437 5206 eos
1463 5153 1738 5207 mentitos
1767 5169 1884 5207 esse

247 5245 351 5317 qui
372 5245 703 5316 episcopum
730 5261 842 5299 non
864 5261 1029 5315 posse
1053 5245 1393 5301 intronizare
1419 5246 1707 5312 dixerunt;
1733 5247 1886 5302 unde

247 5345 309 5393 et
340 5339 398 5392 in
429 5339 745 5393 canonibus
765 5338 974 5410 legitur
1004 5339 1082 5393 ita
1113 5355 1126 5392 :
1161 5339 1213 5393 Si
1245 5339 1372 5410 quis
1403 5338 1702 5411 episcopus
1731 5340 1885 5394 ordi-

247 5436 421 5488 natus
460 5433 528 5486 ad
566 5432 912 5503 parochiam,
947 5432 1006 5486 in
1051 5449 1162 5504 qua
1197 5433 1490 5487 ordinatus
1520 5438 1622 5501 est,
1653 5433 1890 5489 minime

247 5526 652 5598 proﬁciscitur,
706 5543 817 5580 non
865 5543 967 5580 sua
1023 5527 1208 5598 culpa,
1258 5526 1354 5580 sed
1398 5530 1496 5580 aut
1542 5527 1753 5598 populo
1807 5543 1891 5582 re-

249 5627 516 5692 spuente,
559 5624 656 5674 aut
684 5622 922 5692 propter
947 5619 1115 5674 aliam
1151 5618 1468 5691 quamlibet
1497 5635 1742 5689 causam,
1774 5637 1890 5675 non

247 5713 592 5769 necessitate
619 5713 853 5779 factam,
883 5714 1034 5768 hunc
1059 5715 1274 5769 honore
1299 5711 1732 5785 ministerioque
1756 5731 1889 5786 par-

253 5807 498 5881 ticipare
529 5811 727 5863 tamen
758 5825 770 5873 ;
799 5823 904 5862 nec
933 5825 1062 5863 eum
1095 5805 1317 5864 misceri
1349 5807 1518 5862 rebus
1543 5806 1805 5863 Ecclesim
1835 5808 1892 5863 in

1982 4591 2095 4643 lose
2137 4589 2384 4659 agebant
2429 4591 2595 4659 (Psal.
2645 4605 2699 4656 v,
2745 4589 2854 4658 Η).
2889 4609 2916 4636 »
2965 4590 3082 4642 Non
3130 4591 3215 4641 est
3239 4589 3393 4642 enim
3427 4587 3484 4642 in
3521 4604 3619 4643 ore

1983 4699 2181 4737 eorum
2226 4687 2465 4750 rectum,
2497 4683 2770 4736 interiora
2800 4697 3000 4737 eorum
3033 4680 3272 4748 insidiaz,
3309 4681 3495 4736 densis
3523 4698 3619 4736 cor

1983 4792 2181 4831 eorum
2211 4776 2475 4848 vepribus
2504 4775 2834 4842 suffocatur,
2863 4777 2921 4829 et
2947 4773 3171 4828 interna
3197 4774 3330 4829 vitia
3358 4775 3480 4830 aliis
3501 4793 3620 4831 cer-

1981 4874 2103 4924 tant
2131 4869 2429 4924 ascribere.
2452 4868 2816 4923 Nobilitatem
2843 4883 2982 4938 ergo
3009 4867 3104 4922 dat
3124 4867 3494 4938 facinoribus,
3519 4870 3616 4941 qui

1987 4963 2042 5017 in
2062 4963 2266 5017 talibus
2281 4963 2705 5017 ventilationem
2721 4962 2978 5033 ipsorum
2997 4962 3056 5015 in
3077 4963 3405 5033 exemplum
3427 4963 3616 5029 sumit,

1988 5061 2086 5110 aut
2125 5056 2196 5109 ad
2241 5071 2407 5109 aures
2448 5059 2704 5126 posteras
2745 5055 2919 5126 digna
2970 5055 3242 5110 relatione
3271 5055 3620 5111 transmittit.

1985 5149 2107 5203 Tibi
2133 5151 2324 5202 autem
2354 5166 2470 5203 non
2499 5149 2571 5203 sit
2597 5165 2734 5204 cura
2758 5149 2959 5203 talium
2985 5149 3389 5220 quaestionum,
3421 5149 3514 5204 sed
3539 5165 3622 5201 se-

1989 5259 2164 5314 quere
2186 5243 2523 5298 sententiam
2544 5243 2694 5298 beati
2726 5243 2880 5298 Pauli
2895 5243 3154 5315 apostoli,
3180 5242 3278 5314 qui
3305 5246 3500 5295 monet
3519 5247 3623 5311 per

1989 5336 2329 5407 discipulum
2359 5343 2612 5403 cunctos,
2635 5341 2691 5392 et
2716 5338 2941 5405 clamat,
2971 5337 3166 5392 dicens
3191 5352 3204 5389 :
3232 5337 3434 5390 lnanes
3465 5349 3622 5403 quae-

1989 5431 2199 5485 stiones
2241 5429 2462 5496 devita;
2516 5431 2715 5485 inanes
2763 5446 3028 5501 namque,
3062 5430 3230 5500 juxta
3269 5426 3620 5498 Apostolum,

1989 5523 2332 5596 quaestiones
2359 5539 2586 5595 semper
2612 5525 2817 5593 devita,
2849 5528 2905 5578 et
2927 5539 3033 5593 age
3060 5521 3213 5593 quod
3234 5519 3456 5575 meliori
3482 5536 3622 5575 con-

1993 5617 2116 5671 silio
2161 5632 2274 5671 non
2317 5617 2587 5684 avaritiae,
2633 5618 2719 5672 vel
2754 5615 3112 5681 temeritatis,
3151 5615 3238 5669 vel
3263 5613 3545 5683 utilitatis,
3569 5617 3628 5668 et

1996 5709 2362 5778 necessitatis,
2389 5715 2454 5765 ut
2491 5727 2636 5782 saepe
2664 5710 2876 5765 dictum
2926 5712 3028 5772 est,
3086 5724 3256 5762 causa
3298 5707 3623 5764 faciendum

1997 5808 2211 5865 utiliter
2241 5806 2619 5880 perspexeris.
