4092 6192
586 218 600 271 1
615 214 721 271 099

1469 215 1748 270 APPEND.
1789 215 1876 271 AD
1914 214 2076 270 S.EC.
2117 214 2204 270 1X.
2228 241 2295 253 —-
2334 212 2576 269 lSlDOBl
2615 211 3039 269 MERCATORIS

3735 225 3831 278 1100

652 324 1011 395 Quapropter
1034 362 1048 388 ,
1106 321 1468 391 charissima,
1528 320 1618 377 his
1660 320 1985 393 apostolicis
2030 320 2207 377 fultus
2229 318 2499 407 Avitatis
2529 323 2615 375 est
2652 318 2714 375 in
2741 321 3053 391 conspectu
3090 318 3379 375 Altissimi.
3419 320 3722 380 Sacriﬁcium
3738 328 3833 397 justi

580 415 1028 483 auctoritatibus,
1069 419 1229 470 muta
1268 414 1598 487 episcopum
1647 430 1822 470 causa
1852 413 2211 470 necessitatis

576 514 674 566 aut
700 508 977 576 utilitatis,
1019 523 1192 581 super
1229 523 1343 581 quo
1382 507 1681 563 consulere
1728 524 1833 563 nos
1860 507 2110 576 voluisti,
2154 509 2213 563 et

580 603 722 659 alios
761 602 966 660 fratres
1010 605 1233 658 nostros
1281 600 1488 674 quibus
1524 600 1633 657 hoc
1664 600 1986 658 faciendum
2010 616 2209 657 neces-

579 697 715 753 sitas
737 700 836 752 aut
865 694 1075 752 utilitas
1101 692 1465 767 compulerit,
1504 710 1678 766 agere
1722 694 1882 763 doce,
1926 693 2062 767 quia
2102 693 2211 749 hoc

579 790 731 863 quod
757 790 861 846 tibi
885 789 993 846 soli
1019 788 1318 845 scribimus
1342 788 1698 861 generaliter
1723 787 1989 844 omnibus
2013 792 2210 844 tenere

581 883 964 954 mandamus;
995 882 1129 957 quia
1154 882 1299 939 sicut
1323 887 1663 955 potestatem
1690 881 1971 938 habemus
1994 881 2214 954 episco-

580 995 683 1052 pos
711 983 769 1034 et
806 977 1125 1033 sacerdotes
1162 974 1503 1050 regulariter
1538 976 1791 1047 titulare,
1839 980 1897 1032 et
1925 976 2208 1046 ordinare,

578 1073 681 1141 ita,
712 1075 775 1128 ut
797 1071 1137 1145 praedictum
1155 1074 1260 1140 est,
1290 1086 1460 1127 causa
1482 1069 1848 1138 necessitatis,
1874 1074 1974 1125 aut
1998 1068 2210 1125 utilita-

582 1167 655 1224 tis
682 1166 859 1222 habes
884 1170 943 1222 et
964 1166 1209 1233 mutare,
1247 1180 1312 1220 ac
1337 1163 1410 1220 de
1429 1162 1594 1220 titulo
1618 1163 1693 1219 ad
1720 1163 1953 1219 titulum
1982 1164 2215 1218 transla-

581 1266 725 1329 tare,
742 1259 875 1316 licet
886 1258 956 1315 de
971 1257 1177 1314 minori
1194 1257 1265 1314 ad
1279 1257 1557 1330 majorem
1569 1257 1772 1313 urbem
1788 1256 2096 1313 mutandus
2111 1257 2209 1325 sit;

580 1355 690 1410 hoc
722 1357 916 1409 tamen
943 1367 1312 1424 summopere
1338 1350 1768 1423 praevidendum
1798 1356 1902 1419 est,
1943 1366 2016 1407 ne
2043 1366 2214 1407 causa

582 1446 925 1520 arrogantia:
949 1450 1047 1502 aut
1071 1445 1321 1501 avaritiae
1341 1460 1598 1519 unquam
1618 1444 1739 1513 flat,
1762 1444 1896 1517 quia
1922 1444 2039 1499 hia
2062 1461 2210 1517 prse-

581 1540 743 1597 dictis
769 1538 1083 1596 canonibus
1101 1538 1467 1607 damnantur,
1493 1556 1609 1595 non
1630 1538 1715 1594 illi
1736 1537 1835 1611 qui
1853 1537 2210 1606 necessitate,

580 1639 680 1692 aut
703 1634 948 1690 utilitate
960 1632 1249 1705 majorum
1271 1631 1509 1688 consilio
1530 1634 1588 1688 et
1603 1647 1743 1687 sana
1754 1647 1819 1686 ac
1838 1647 2005 1703 pura,
2023 1634 2082 1687 et
2095 1631 2213 1688 Deo

2308 416 2606 485 acceptum
2652 417 2755 482 est,
2798 417 2856 467 et
2898 412 3239 468 memoriam
3277 413 3395 485 ejus
3426 430 3535 469 non
3564 416 3835 476 obliviscetur

2312 506 2604 563 Dominus.
2624 507 2781 562 Bono
2796 505 2988 561 animo
3017 505 3259 578 gloriam
3277 506 3444 562 redde
3459 509 3577 575 Deo,
3599 514 3751 567 etnon
3764 515 3833 569 mi-

2308 616 2454 657 nuas
2481 599 2761 673 primitias
2780 600 3017 672 frugum
3040 604 3292 655 tuarum.
3322 603 3383 655 In
3408 602 3551 657 omni
3571 603 3683 659 dato
3697 606 3761 661 fac
3777 607 3831 661 hi-

2308 695 2491 750 larem
2515 693 2735 749 vultum
2761 697 2946 764 tuum,
2974 698 3032 749 et
3059 693 3121 750 in
3142 694 3499 751 exsultatione
3517 697 3750 754 sanctiﬁca
3768 699 3832 754 de-

2309 789 2487 844 cimas
2505 792 2649 843 tuas.
2673 788 2756 843 Da
2775 786 3086 843 Altisssimo
3098 787 3406 843 secundum
3420 788 3598 844 datum
3613 790 3724 861 ejus,
3741 798 3781 848 et
3794 794 3830 849 in

2311 881 2475 937 oculo
2522 881 2671 937 bono
2714 880 3184 937 adinventionem
3232 881 3317 937 fac
3366 898 3617 937 manuum
3649 887 3829 951 tuarum,

2310 974 2580 1048 quoniam
2610 975 2883 1031 Dominus
2911 974 3233 1031 retribuens
3258 979 3360 1044 est,
3391 981 3447 1031 et
3469 977 3652 1048 septies
3674 982 3830 1033 tantum

2310 1068 2519 1126 reddet
2561 1068 2687 1124 tibi.
2735 1068 2861 1124 Noli
2900 1067 3103 1124 offerre
3136 1085 3379 1124 munera
3409 1085 3584 1140 prava,
3612 1086 3705 1126 non
3725 1072 3831 1127 enim

2312 1162 2583 1234 suscipiet
2607 1162 2725 1233 illa,
2749 1166 2806 1217 et
2830 1161 2949 1218 noli
2973 1161 3254 1235 inspicere
3277 1162 3596 1217 sacriﬁcium
3616 1164 3831 1234 injustam,

2312 1256 2585 1328 quoniam
2622 1255 2898 1311 Dominus
2915 1256 3098 1327 judex
3127 1259 3232 1323 est,
3260 1258 3320 1310 et
3344 1272 3455 1310 non
3480 1259 3559 1312 est
3580 1256 3704 1328 apud
3723 1256 3831 1312 illum

2312 1349 2495 1422 gloria
2523 1365 2802 1421 personae.
2832 1350 2957 1405 Non
2984 1349 3222 1422 accipiet
3250 1349 3518 1405 Dominus
3541 1351 3833 1421 personamin

2313 1458 2583 1516 paupere,
2614 1448 2671 1500 at
2698 1444 3092 1516 precationem
3122 1442 3243 1499 laesi
3273 1443 3549 1499 exaudiet.
3584 1444 3684 1499 Non
3704 1444 3832 1516 despi-

2313 1536 2425 1592 ciet
2461 1552 2661 1609 preces
2696 1536 2896 1609 pupilli
2936 1552 3042 1592 nec
3085 1536 3340 1604 viduam,
3382 1536 3429 1591 si
3456 1536 3833 1608 etfundatloque-

2313 1631 2430 1685 lam
2466 1630 2735 1702 gemitus.
2778 1630 2979 1686 Nonne
3016 1630 3288 1702 lacrymas
3328 1630 3505 1685 viduae
3531 1629 3593 1685 ad
3621 1630 3834 1685 maxillam

582 1726 795 1799 placita
817 1701 1136 1783 intentione
1155 1724 1267 1782 hoc
1285 1725 1522 1782 faciunt.
1549 1725 1652 1794 Tu,
1673 1701 1858 1781 frater
1866 1740 2093 1797 semper
2120 1741 2209 1780 se-
2233 1701 2290 1776 Β
2314 1701 2688 1791 descendunt,
2734 1728 2792 1779 et
2824 1701 3159 1780 exclamatio
3194 1723 3322 1795 ejus
3368 1739 3530 1796 super
3550 1723 3835 1778 deducentem

581 1824 736 1877 ctare
767 1820 1073 1893 justitiam,
1114 1819 1403 1893 pietatem,
1459 1816 1657 1887 fidem,
1710 1817 2068 1887 charitatem,
2110 1833 2212 1890 pa-

581 1912 839 1973 tientiam
892 1918 951 1970 et
999 1912 1524 1971 mansuetudinem.
1573 1912 1740 1969 Certa
1783 1911 1958 1968 etiam
1994 1911 2215 1968 bonum

579 2013 870 2066 certamen
912 2006 1068 2079 fidei,
1121 2010 1181 2062 et
1219 2005 1586 2079 apprehende
1613 2006 1791 2062 vitam
1820 2010 2122 2075 aeternam,
2152 2006 2214 2062 in

580 2119 693 2176 qua
716 2106 949 2158 vocatus
977 2118 1057 2171 es,
1098 2099 1377 2175 quoniam
1402 2099 1635 2172 spiritus
1661 2098 1989 2155 timentium
2016 2098 2211 2155 Domi-

584 2210 725 2252 num
766 2195 1045 2269 queritur
1072 2194 1144 2251 ab
1174 2193 1296 2262 illo,
1332 2198 1390 2250 et
1430 2192 1489 2248 in
1520 2196 1779 2265 respectu
1805 2192 1958 2248 illius
1989 2192 2216 2249 benedi-

580 2289 747 2346 citur.
778 2290 917 2362 Spes
946 2290 1100 2345 enim
1126 2287 1357 2343 illorum
1380 2287 1441 2343 in
1469 2286 1778 2342 salvantem
1803 2285 1947 2356 illos,
1989 2288 2047 2341 at
2066 2285 2215 2343 oculi

581 2382 810 2440 Domini
845 2383 905 2440 in
946 2381 1246 2455 diligentes
1275 2396 1355 2437 se.
1383 2379 1493 2446 Qui
1522 2379 1692 2436 timet
1716 2379 2042 2448 Dominum,
2068 2378 2212 2436 nihil

581 2476 911 2549 trepidabit,
957 2480 1015 2533 et
1054 2492 1174 2533 non
1212 2474 1458 2548 pavebit,
1500 2472 1774 2548 quoniam
1810 2473 1933 2547 ipse
1973 2476 2059 2530 est
2086 2489 2215 2546 spes

584 2570 728 2644 ejus.
754 2569 1025 2627 Timentis
1049 2568 1356 2627 Dominum
1379 2567 1547 2625 beata
1573 2570 1661 2624 est
1687 2567 1895 2623 anima.
1925 2566 2009 2623 Ad
2039 2583 2215 2639 quem

582 2664 830 2738 respicit,
866 2668 925 2721 et
964 2663 1092 2737 quis
1130 2666 1217 2721 est
1255 2661 1534 2719 fortitudo
1573 2661 1742 2733 ejus?
1792 2660 1954 2717 Oculi
1987 2660 2217 2717 Domini

582 2774 757 2832 super
772 2758 1043 2815 timentes
1070 2772 1226 2825 eum,
1252 2759 1541 2828 protector
1564 2754 1854 2827 potentiae,
1881 2753 2213 2810 ﬁrmamen-

582 2858 708 2909 tum
732 2850 978 2921 virtutis,
1007 2855 1243 2923 tegmen
1271 2848 1512 2917 ardoris,
1540 2852 1598 2903 et
1626 2847 2020 2903 umbraculum
2048 2847 2218 2903 meri-

582 2944 842 3015 dianum,
896 2949 954 3002 et
993 2940 1318 3017 praedicatio
1369 2939 1720 3008 offensionis,
1765 2946 1823 2997 et
1863 2940 2213 3012 adjutorium

2313 1818 2453 1874 eas?
2494 1819 2541 1872 Α
2584 1816 2816 1873 maxilla
2852 1818 3007 1874 enim
3043 1817 3363 1874 ascendunt
3386 1833 3554 1889 usque
3586 1816 3648 1870 ad
3676 1816 3833 1881 caelum,

2314 1915 2372 1967 et
2398 1910 2671 1968 Dominus
2698 1911 3002 1967 exauditor
3042 1927 3158 1967 non
3185 1910 3551 1967 delectabitur
3570 1910 3621 1965 in
3766 1908 3834 1972 Qui

2314 2004 2519 2061 adorat
2545 2004 2872 2072 Dominum,
2899 2004 2958 2061 in
2985 2004 3271 2061 oblatione
3292 2003 3625 2076 suscipiatur,
3645 2006 3691 2056 et
3707 2017 3837 2074 preca-

2311 2098 2394 2155 tio
2425 2098 2572 2154 illius
2597 2115 2776 2171 usque
2800 2099 2871 2154 ad
2891 2098 3074 2154 nubes
3091 2098 3525 2172 propinquabit.
3544 2096 3700 2153 Oratio
3716 2095 3837 2149 humi-

2310 2191 2503 2248 liantis
2539 2208 2597 2248 se
2637 2192 2818 2249 nubes
2843 2192 3184 2264 penetrabit,
3218 2192 3405 2249 donec
3434 2190 3836 2263 propinquat,non

2312 2285 2719 2353 consolabitur,
2748 2289 2804 2341 et
2831 2302 2949 2342 non
2978 2285 3253 2353 discedet,
3286 2286 3461 2342 donec
3478 2284 3681 2356 aspiciat
3698 2281 3838 2338 Altissi-

2312 2395 2461 2447 mus,
2489 2385 2547 2435 et
2572 2380 2849 2436 Dominus
2876 2396 2990 2435 non
3018 2378 3350 2452 elongabit;
3382 2378 3483 2434 sed
3492 2375 3835 2450 judicabitinju-

2312 2477 2450 2542 stos,
2483 2476 2541 2530 et
2564 2473 2733 2529 faciet
2754 2472 3059 2545 judicium,
3093 2478 3151 2529 et
3186 2474 3528 2530 fortissimus
3555 2487 3655 2527 non
3679 2468 3840 2525 habebit

2313 2567 2373 2623 in
2398 2567 2507 2623 illis
2535 2567 2897 2639 patientiam,
2931 2570 2995 2622 ut
3018 2567 3373 2623 contribulet
3403 2566 3619 2622 dorsum
3648 2564 3841 2636 ipsorum.

2313 2664 2372 2716 et
2397 2660 2660 2733 gentibus
2679 2660 2879 2717 reddet
2899 2660 3229 2729 vindictam,
3260 2661 3443 2717 donec
3466 2659 3609 2715 tollat
3623 2654 3843 2730 plenitudi-

2313 2770 2449 2811 nem
2469 2754 2870 2827 superborum,
2898 2759 2955 2810 et
2969 2758 3191 2827 sceptra
3207 2754 3533 2828 iniquorum
3555 2748 3845 2813 contribulet'.

2313 2848 2495 2904 donec
2524 2848 2729 2904 reddat
2756 2848 3021 2904 omnibus
3050 2847 3374 2904 secundum
3403 2852 3553 2903 actus
3575 2861 3699 2911 suos,
3728 2846 3768 2897 et
3788 2856 3845 2894 se-

2312 2941 2562 2997 cundum
2594 2958 2772 3014 opera
2799 2942 2955 3012 Adae,
2990 2944 3048 2997 et
3082 2941 3403 2997 secundum
3445 2936 3849 3013 praesumptionem

584 3054 765 3109 casus,
797 3037 1047 3095 exaltans
1073 3035 1352 3105 animam,
1383 3037 1444 3091 et
1468 3034 1801 3091 illuminans
1828 3033 2044 3103 oculos,
2071 3034 2214 3090 dans
2233 3074 2289 3151 Ο
2314 3035 2491 3103 illius;
2521 3034 2706 3092 donec
2726 3034 3242 3108 judicetjudicium
3262 3035 3451 3107 plebis
3471 3050 3595 3100 suae,
3614 3029 3850 3088 atoblecta-

622 3133 881 3151 ,,,,-._i-_-
946 3136 988 3151 ,ι
1030 3130 1203 3151 ᾼι-..
1274 3133 1322 3151 xx
1351 3128 1807 3151 ι--...ιε-ιε-..-...
1862 3128 2213 3151 ῐ-...Αμ-ιι-
2314 3128 2395 3151 Lu
2436 3129 2614 3151 :-_-x-_
2658 3128 2712 3151 ε..
2749 3128 3133 3151 ...ε--..ε-,..,ιε-
3177 3145 3272 3151 η--
3314 3130 3480 3151 ιπηιι
3525 3141 3651 3151 ..-κ
3690 3121 3797 3151 omn
3831 3142 3847 3151 ,ι

584 3133 909 3201 sanitatem,
936 3136 996 3188 et
1030 3130 1230 3199 vitam,
1267 3133 1327 3186 at
1351 3128 1832 3186 benedictionem.
1862 3128 2216 3185 lmmolantis

583 3244 646 3284 ex
676 3226 875 3299 iniquo
900 3224 1112 3282 oblatio
1139 3226 1227 3280 est
1250 3224 1554 3293 maculata,
1596 3225 1655 3280 et
1695 3238 1815 3279 non
1861 3227 1996 3278 sunt
2032 3222 2215 3278 bene-

583 3320 807 3393 placitaz
844 3317 1315 3376 subsannationes
1347 3317 1717 3389 injustorum,
1766 3315 2036 3371 Dominus
2060 3315 2217 3371 solus

584 3413 994 3472 sustinentibus
1030 3428 1091 3469 se
1139 3411 1199 3468 in
1225 3412 1319 3467 via
1345 3410 1616 3479 veritatis,
1663 3414 1721 3466 et
1754 3409 2012 3481 justitias.
2058 3411 2219 3466 Dona

582 3508 765 3581 iniqui
794 3524 912 3564 non
934 3506 1143 3580 probat
1164 3505 1502 3573 Altissimus,
1543 3520 1649 3560 nec
1685 3504 1919 3575 respicit
1958 3503 2018 3559 in
2058 3502 2217 3559 obla-

586 3602 835 3659 tionibus
868 3601 1240 3673 injustorum,
1288 3614 1396 3655 nec
1423 3598 1483 3654 in
1508 3596 1879 3653 multitudine
1904 3597 2215 3653 sacriﬁcio-

585 3712 715 3753 rum
745 3710 946 3751 eorum
974 3692 1381 3767 propitiabitur
1405 3692 1671 3766 peccatis.
1703 3689 1813 3757 Qui
1839 3690 2007 3747 offert
2051 3691 2217 3747 sacri-

584 3789 781 3847 ﬁcium
819 3805 889 3846 ex
920 3788 1233 3845 substantia
1260 3802 1602 3859 pauperum,
1637 3784 1799 3858 quasi
1838 3783 1939 3857 qui
1960 3783 2219 3841 victimat

584 3884 771 3941 filium
795 3882 857 3940 in
884 3885 1191 3955 conspectu
1221 3880 1399 3954 patris
1425 3878 1532 3935 sui.
1576 3877 1740 3934 Panis
1779 3878 2071 3950 egentium
2103 3878 2217 3934 vita

586 3976 853 4051 pauperis
888 3980 992 4046 est,
1033 3976 1132 4050 qui
1168 3974 1470 4031 defraudat
1503 3972 1667 4028 illum
1706 3972 1880 4028 homo
1922 3971 2218 4044 sanguinis

586 4076 691 4129 est.
717 4070 823 4138 Qui
855 4070 1042 4127 aufert
1067 4070 1128 4126 in
1162 4068 1370 4125 sudore
1416 4082 1649 4140 panem,
1693 4070 1751 4123 et
1777 4065 2036 4121 sudantis
2066 4064 2219 4121 cibos

583 4166 745 4237 quasi
791 4163 887 4238 qui
933 4162 1143 4220 occidit
1192 4160 1516 4235 proximum
1572 4174 1762 4215 suum.
1824 4157 1930 4224 Qui
1981 4158 2221 4215 effundit

586 4257 925 4331 sanguinem
951 4263 1009 4314 et
1033 4257 1133 4330 qui
1161 4255 1297 4313 facit
1321 4253 1582 4311 fraudem
1615 4251 1988 4321 mercenario,
2016 4253 2220 4308 fratres

582 4356 716 4409 sunt
736 4369 750 4408 :
772 4368 923 4408 unus
933 4349 1237 4418 aediﬁcans,
1254 4351 1313 4405 et
1328 4364 1475 4405 unus
1486 4348 1787 4403 destruens
1806 4363 1819 4402 :
1840 4346 1976 4419 quid
1988 4346 2220 4418 prodest

2313 3128 2399 3185 bit
2430 3129 2616 3200 justos
2658 3128 2719 3185 in
2747 3128 3141 3185 misericordia
3174 3145 3283 3185 sua
3312 3130 3499 3201 (Ecclz'.
3525 3141 3667 3195 xxxv,
3690 3121 3812 3189 8-25).
3831 3142 3847 3165 ⁵³

2316 3224 2463 3278 Deus
2487 3227 2702 3291 autem,
2730 3224 2909 3278 frater
2927 3222 3285 3291 charissima,
3317 3224 3548 3296 impleat
3574 3216 3849 3279 desiderium,

2315 3321 2373 3371 et
2397 3316 2776 3372 ministerium
2800 3316 2905 3372 tibi
2930 3317 3201 3373 divinitus
3225 3319 3503 3373 collatum
3521 3311 3777 3371 secundum
3794 3306 3848 3360 di-

2312 3410 2476 3465 vitias
2502 3427 2631 3466 suas
2654 3409 2715 3466 in
2743 3410 2924 3483 gloria
2949 3410 3010 3467 in
3033 3411 3256 3468 Christo
3290 3412 3421 3467 Jesu
3452 3409 3668 3466 Domino
3691 3408 3847 3465 nostro,

2318 3504 2430 3559 Deo
2451 3505 2643 3560 autem
2668 3504 2823 3560 Patri
2849 3508 3044 3560 nostro
3064 3505 3250 3577 gloria
3282 3505 3343 3560 in
3366 3504 3564 3560 saecula
3581 3498 3851 3556 saeculorum.

2316 3600 2516 3654 Amen.
2535 3598 2674 3653 Data
2684 3597 3495 3670 xm,dieAugusti,indictione
3508 3589 3852 3668 quartadecima.

2313 3715 2445 3770 Item
2488 3714 2716 3785 epistola
2758 3714 2972 3785 Pelagii
3010 3716 3296 3842 ad
3351 3716 3614 3770 universos
3659 3708 3855 3779 ερίεοοροί

3146 3802 3231 3841 18.

2388 3876 2770 3934 Dilectissimis
2795 3882 2967 3949 atque
2997 3878 3346 3934 charissimis
3374 3877 3632 3935 fratribus
3656 3867 3857 3929 universis

2316 3970 2613 4044 episcopis,
2666 3974 2725 4027 et
2764 3971 2982 4027 cunctis
3024 3971 3353 4044 specialiter
3402 3989 3505 4045 per
3552 3963 3854 4040 Campaniam.

2316 4069 2374 4122 et
2418 4065 2589 4121 ltalize
2617 4064 2935 4139 provincias
2974 4065 3353 4122 militantibus
3395 4065 3626 4123 Domino
3662 4064 3857 4118 Peucini

2317 4159 2553 4215 salutem
2564 4201 2577 4214 .

2386 4251 2839 4308 Sollicitudinem
2877 4253 3136 4308 omnium
3182 4253 3559 4309 Ecclesiarum
3590 4251 3728 4322 juxta
3756 4246 3859 4314 Δρο-

2315 4346 2522 4401 stolum
2580 4346 3047 4402 circumferentes
3107 4346 3315 4404 divinae
3381 4348 3526 4404 circa
3584 4360 3673 4400 nos
3720 4335 3861 4411 gratia!

580 4446 663 4503 illi
703 4445 809 4502 nisi
846 4444 1052 4501 labor?
1091 4444 1197 4510 Qui
1234 4442 1551 4515 baptizatur
1602 4457 1638 4496 a
1664 4443 1889 4496 mortuo
1919 4442 1979 4495 et
2001 4439 2601 4520 iterumDmemoras
2625 4455 2745 4495 esse
2779 4438 3075 4507 debemus,
3118 4440 3274 4512 quod
3309 4458 3417 4496 nos
3456 4456 3555 4513 per
3596 4426 3862 4508 dignationi!

583 4539 770 4613 tangit
796 4556 952 4606 eum,
981 4538 1120 4612 quid
1144 4536 1369 4610 proiicit
1410 4534 1615 4591 lavatio
1639 4533 1863 4607 ipsius?
1903 4532 1995 4590 Sic
2037 4534 2215 4590 homo

585 4634 681 4707 qui
700 4634 925 4706 jejunat
958 4632 1017 4689 in
1058 4630 1302 4704 peccatis
1348 4628 1487 4698 suis,
1532 4633 1590 4687 et
1624 4628 1838 4684 iterum
1885 4627 2090 4683 eadem
2131 4627 2212 4682 fa-

585 4726 760 4797 ciens,
787 4727 926 4800 quid
953 4725 1181 4799 proficit
1202 4721 1564 4781 humiliaudo
1586 4737 1646 4778 se
1663 4721 1692 4777 τ
1720 4720 2044 4777 Orationem
2064 4720 2215 4777 illius

584 4821 712 4892 quis
757 4820 1020 4877 exaudiet
1044 4819 1073 4875 ?
1115 4817 1224 4885 Qui
1269 4821 1565 4874 conservat
1614 4816 1825 4888 legem,
1872 4814 2217 4886 multiplicat

583 4912 921 4971 orationem.
996 4912 1349 4973 Sacrificium
1425 4909 1677 4966 salutare
1754 4912 1841 4964 est
1915 4908 2212 4965 attendere

581 5006 882 5077 mandatis,
910 5008 969 5064 et
992 5005 1279 5064 discedere
1298 5004 1370 5062 ab
1397 5004 1553 5061 omni
1580 5002 1900 5076 iniquitate,
1928 5005 1989 5058 et
2012 5001 2211 5075 propi-

578 5102 739 5159 tiatio
766 5101 928 5159 litare
954 5100 1290 5157 sacrificium
1325 5116 1498 5173 super
1537 5097 1898 5171 injustitiam,
1926 5100 1984 5153 et
2006 5097 2211 5169 depre-

575 5196 725 5252 catio
763 5212 868 5269 pro
903 5194 1149 5269 peccatis
1175 5193 1450 5251 recedere
1484 5191 1555 5249 ab
1606 5190 1900 5264 injustitia.
1934 5189 2215 5247 Retribuit

579 5289 823 5363 gratiam
847 5288 946 5363 qui
976 5287 1142 5345 offert
1174 5286 1581 5360 similaginem,
1608 5290 1667 5342 et
1692 5284 1791 5358 qui
1825 5283 1961 5340 facit
1984 5282 2209 5339 miseri-

575 5382 833 5439 cordiam
874 5382 1041 5440 offert
1082 5381 1442 5439 sacrificium.
1489 5378 1920 5452 Beneplacitum
1963 5381 2048 5433 est
2094 5377 2210 5432 Deo

575 5476 842 5534 recedere
878 5476 952 5533 ab
991 5476 1318 5550 iniquitate,
1366 5476 1426 5531 et
1464 5471 1785 5546 deprecatio
1833 5470 2095 5527 recedere
2135 5469 2207 5525 ab

574 5569 872 5641 injustitia.
904 5572 1029 5629 Non
1058 5568 1358 5644 apparebis
1402 5572 1536 5624 ante
1570 5567 1936 5638 conspectum
1984 5563 2081 5621 Dei
2107 5579 2204 5620 va-

569 5678 712 5717 cuus
738 5679 752 5719 :
783 5664 908 5720 haec
937 5664 1094 5721 enim
1124 5663 1319 5721 omnia
1355 5664 1594 5736 propter
1616 5658 1954 5716 mandatum
1981 5656 2205 5714 Domini

569 5753 734 5811 ﬁunt.
770 5778 798 5808 ‹‹
827 5756 1050 5815 Oblatio
1069 5756 1209 5830 justi
1248 5754 1539 5829 impiguat
1566 5752 1763 5821 altare,
1807 5753 1864 5809 et
1902 5752 2045 5810 odor
2078 5768 2201 5809 sua-

2315 4550 2433 4589 sum
2462 4533 2737 4589 Dominus
2774 4532 3231 4589 misericordiam
3268 4534 3342 4589 ad
3382 4536 3493 4590 hoc
3534 4529 3781 4601 fastigium
3809 4536 3863 4574 sa-

2311 4627 2593 4683 cerdotale
2623 4627 2898 4698 provexit,
2931 4630 2993 4682 ut
3011 4626 3297 4683 mandatis
3318 4628 3499 4701 ipsius
3518 4622 3807 4682 inhaerentes
3822 4613 3859 4667 in

2313 4719 2569 4793 quodam
2604 4720 2969 4777 sacerdotum
3008 4721 3128 4792 ejus
3164 4721 3401 4792 speculo
3433 4716 3700 4777 constituti
3722 4707 3859 4784 prohi-

2313 4815 2549 4871 beamus
2593 4813 2812 4884 illicita,
2841 4818 2897 4870 et
2914 4813 3206 4887 sequenda
3228 4814 3559 4871 doceamus.
3576 4812 3754 4868 Omnes
3767 4801 3860 4859 cha-

2315 4907 2548 4975 rissimi,
2575 4908 2675 4980 qui
2701 4908 2906 4963 volunt
2931 4908 2989 4963 in
3017 4908 3239 4963 Christo
3259 4908 3357 4980 pie
3378 4908 3582 4974 vivere,
3609 4913 3793 4961 necesse
3806 4898 3861 4948 θεῖ

2315 5005 2376 5057 ut
2402 5001 2473 5058 ab
2502 5000 2693 5074 impiis
2720 5005 2779 5057 et
2807 5000 3176 5056 dissimilibus
3204 5002 3497 5074 patiantur
3520 4994 3794 5072 opprobria,
3824 4992 3859 5041 el

2312 5094 2700 5167 despiciantur
2748 5100 3028 5167 tanquam
3082 5095 3258 5165 stulti,
3314 5099 3374 5151 et
3430 5092 3604 5150 insani
3648 5088 3727 5160 qui
3769 5080 3858 5137 ideo

2311 5188 2614 5261 praesentia
2640 5188 2785 5245 bona
2811 5188 3085 5260 perdunt,
3115 5193 3177 5244 ut
3204 5188 3537 5257 invisibilia,
3573 5202 3631 5241 ac
3653 5178 3739 5237 sibi
3766 5188 3856 5248 Ρτθ·

2308 5282 2501 5339 futura
2529 5283 2851 5355 acquirant.
2890 5281 3003 5337 Sed
3032 5281 3155 5338 haec
3193 5282 3502 5354 despectio,
3552 5282 3604 5335 et
3642 5271 3790 5330 irrisio
3819 5265 3856 5317 in

2307 5376 2463 5449 ipsos
2505 5375 2929 5449 retorquebitur
2968 5375 3108 5431 dum
3154 5380 3213 5431 et
3255 5372 3593 5431 abundantia
3628 5378 3785 5425 eorum
3817 5357 3855 5411 in

2308 5473 2638 5542 egestatem,
2679 5474 2738 5524 et
2783 5468 3050 5542 superbia
3097 5486 3293 5525 eorum
3337 5466 3669 5525 transierunt
3692 5461 3739 5514 in
3758 5467 3852 5509 con-

2307 5564 2611 5620 fusionem.
2640 5565 2797 5619 Justo
2827 5563 2984 5618 enim
3016 5563 3235 5635 judicio
3268 5563 3437 5619 datur
3465 5562 3762 5635 plerumque
3782 5560 3852 5619 1³0⁸

2307 5662 2477 5714 testas
2502 5657 2909 5729 peccatoribus,
2953 5674 3065 5730 qua
3093 5662 3314 5713 sanctos
3341 5658 3466 5728 ejus
3490 5646 3850 5727 persequantur»

2305 5757 2369 5808 ut
2409 5752 2507 5825 qui
2553 5750 2765 5826 Spiritu
2818 5749 2919 5807 Dei
2959 5751 3235 5825 juvantur
3275 5755 3333 5807 et
3369 5752 3626 5825 aguntur,
3651 5742 3851 5807 ﬁant?"
