4092 6192
219 307 345 358 1101

1454 299 1924 355 DECRETALIL'M
1967 302 2350 355 Ct)l.l.l£(l'l'|0.

3445 309 3578 360 1102

210 412 474 466 laborum
522 411 792 464 exercitia
844 410 1126 464 clariores.
1159 411 1224 464 Et
1251 424 1599 481 quanquam,
1626 409 1845 475 fratres,
1870 409 2162 492 Ajuvare,
2191 409 2659 481 peregrinantem
2685 411 2958 466 reducere
2988 415 3116 483 post
3148 412 3461 482 intervalla,
3495 418 3583 470 est

213 509 295 558 ita
324 506 447 561 hinc
483 521 542 558 se
574 497 842 572 habe-ant,
883 519 999 558 non
1040 508 1230 558 tamen
1270 507 1405 557 sunt
1433 503 1848 572 consentiendi,
1943 502 2184 574 justitia.
2211 502 2372 557 Libat
2403 503 2557 558 enim
2584 504 2822 559 Domino
2847 521 3120 576 prospera
3137 507 3235 577 qui
3261 506 3330 561 ab
3355 507 3578 564 afﬂictis

211 599 316 655 sed
343 597 712 670 reprobandi,
735 597 832 669 qui
855 598 1115 668 prmlatos
1135 613 1266 652 suos
1290 598 1376 651 vel
1399 597 1846 669 reprehendunt,

212 695 302 749 vel
357 695 668 760 accusant;
719 691 871 746 unde
921 691 1196 746 canonica
1244 696 1568 746 sanctorum
1621 693 1849 746 Patrum

210 790 446 855 statuta,
476 802 550 842 ne
587 785 870 841 columnae
907 790 1115 841 sanctas
1147 785 1405 840 Ecclesiae
1449 784 1728 855 vacillent,
1769 800 1852 840 se-

211 884 475 952 quentes,
527 895 590 933 ac
634 879 970 934 roborantes
999 895 1196 934 omnes
1234 878 1478 933 infames
1504 882 1850 948 cunctosque

212 978 506 1045 suspectos
531 973 618 1028 vel
646 972 922 1040 inimicos,
971 977 1029 1028 et
1058 988 1153 1027 eos
1198 973 1297 1044 qui
1336 990 1449 1027 non
1487 977 1619 1027 sunt
1647 986 1850 1026 eorum

212 1068 424 1139 gentis,
455 1068 543 1122 vel
582 1083 830 1139 quorum
859 1066 1022 1136 fides,
1054 1067 1184 1134 vita,
1212 1071 1267 1120 et
1310 1065 1542 1121 libertas
1580 1065 1847 1133 nescitur,

209 1168 268 1217 et
296 1162 396 1233 qui
421 1178 538 1216 non
577 1165 710 1216 sunt
748 1160 915 1215 bona:
966 1159 1428 1226 conversationis,
1471 1161 1558 1214 vel
1603 1175 1847 1231 quorum

208 1256 326 1310 vita
355 1257 442 1310 est
466 1254 790 1310 accusabilis
828 1255 898 1309 ab
941 1254 1098 1308 omni
1143 1254 1504 1310 accusatione
1547 1253 1846 1325 episcopo-

211 1366 344 1404 rum
370 1348 627 1403 funditus
647 1348 1070 1403 submovemus.
1096 1348 1373 1403 Similiter
1392 1351 1449 1402 et
1477 1364 1678 1402 omnes
1705 1363 1849 1419 quos

210 1443 422 1498 divinae
449 1443 602 1513 leges
644 1447 898 1497 mortuos
942 1441 1249 1513 appellant,
1279 1441 1702 1496 submovendas
1728 1455 1848 1496 esse

209 1537 283 1590 ab
311 1537 515 1591 eadem
544 1535 921 1601 accusatione,
964 1538 1022 1588 et
1062 1534 1303 1605 publica:
1331 1534 1683 1605 paenitentiae
1711 1533 1849 1587 sub-

210 1630 521 1685 mittendos
554 1629 914 1699 judicamus;
946 1644 1130 1699 neque
1160 1627 1296 1681 dum
1326 1627 1585 1682 Ecclesia!
1612 1627 1849 1698 alicujus

208 1724 486 1796 episcopi,
533 1727 632 1777 aut
679 1722 1078 1792 possessiones,
1108 1723 1194 1775 vel
1221 1737 1312 1775 res
1343 1721 1414 1775 ab
1454 1721 1675 1775 aemulis
1701 1720 1845 1791 ejus,

1949 596 2111 668 pellit
2133 596 2384 651 adversa.
2415 596 2686 667 Statutus,
2721 599 3028 654 venerandi
3050 599 3336 670 praesules,
3359 602 3578 657 sudoris

1949 691 2166 745 fructus
2181 693 2265 745 est
2272 690 2488 762 judicio
2506 691 2831 746 reddendus
2845 692 3162 763 purissime,
3184 694 3314 748 utin
3335 699 3579 768 utroque

1950 800 2238 856 congruus
2264 785 2419 839 nitor
2441 801 2547 839 nec
2575 785 2981 856 suscipientem
3004 787 3354 856 devenustet,
3375 788 3420 842 si
3435 789 3578 844 indi-

1953 895 2068 950 gna
2102 877 2437 934 auctoritate
2484 879 2828 950 pervenerit,
2857 896 2960 935 nec
2995 880 3040 934 si
3083 881 3430 949 conferatur,
3476 883 3580 937 im-

1952 978 2158 1032 merito
2201 977 2448 1032 maculet
2495 976 2860 1048 largientem.
2909 978 2993 1034 Sit
3037 996 3265 1050 semper
3309 980 3579 1036 adversus

1949 1088 2156 1144 pravos
2188 1075 2245 1126 et
2277 1071 2484 1144 impios
2529 1075 2700 1143 atque
2741 1087 3030 1126 servorum
3061 1073 3159 1128 Dei
3195 1080 3580 1144 persecutores

1949 1165 2125 1221 libera
2150 1181 2275 1233 vox,
2309 1168 2366 1220 et
2394 1164 2508 1219 oris
2535 1165 2726 1236 gladio
2751 1165 3030 1220 feriantur
3057 1171 3113 1220 et
3141 1167 3578 1238 redarguantur,

1948 1263 2367 1332 persequantur
2385 1262 2442 1313 et
2467 1259 2842 1330 repellantur,
2871 1259 3297 1314 confundantur
3323 1265 3380 1316 et
3415 1279 3577 1318 aver-

1948 1357 2166 1419 tantur,
2213 1369 2316 1408 nec
2372 1352 2614 1407 ltedendi
2667 1353 2760 1423 pie
2813 1352 3062 1408 viventes
3107 1354 3286 1409 ullam
3339 1355 3584 1411 habeant

1948 1447 2293 1502 facultatem.
2342 1447 2689 1517 Plerumque
2737 1446 3000 1518 periculis
3053 1448 3222 1517 plena
3269 1453 3402 1504 sunt
3453 1466 3582 1521 quae

1948 1541 2113 1595 viden
2123 1543 2214 1595 tur
2233 1557 2354 1595 esse
2374 1539 2684 1608 tutissima;
2708 1539 2894 1595 videte
2909 1540 3137 1611 quantis
3161 1541 3425 1598 laborent
3443 1545 3583 1598 tales

1947 1633 2194 1702 insidiis;
2242 1633 2368 1688 ideo
2399 1632 2795 1687 absconditum
2838 1650 2958 1688 esse
2986 1650 3104 1688 non
3129 1636 3282 1706 licet,
3311 1638 3464 1708 quod
3492 1639 3584 1693 ad-

1953 1727 2161 1781 dimus.
2200 1729 2327 1782 Jam
2372 1726 2582 1781 latebat
2625 1731 2816 1780 nostra
2861 1729 3180 1798 persecutio
3229 1730 3580 1801 manifesta;

206 1819 297 1872 vel
325 1834 359 1871 a
385 1815 814 1887 quibuscunque
842 1814 966 1868 aliis
990 1831 1106 1868 non
1135 1831 1234 1868 sua
1265 1817 1464 1885 sponte
1493 1814 1846 1881 detinentur,
1875 1789 1927 1860 Β
1950 1820 2344 1876 misericordia
2384 1824 2469 1874 est
2509 1819 2655 1874 circa
2697 1823 3087 1890 persecutores
3135 1827 3192 1878 et
3237 1823 3582 1880 facinorosos

205 1911 422 1982 aliquid
449 1910 530 1964 illi
560 1909 747 1976 debet,
776 1911 874 1962 aut
920 1913 1107 1980 potest
1131 1925 1162 1961 a
1195 1924 1487 1980 quoquam
1529 1911 1663 1962 ante
1693 1909 1845 1962 rein-

205 2005 591 2076 tcgrationem
629 2003 889 2058 omnium
940 2018 1132 2057 rerum
1175 2018 1409 2056 suarum
1449 2001 1714 2072 objicere,
1749 2001 1849 2056 sed

203 2099 369 2170 prius
395 2097 475 2152 illi
504 2097 725 2168 legibus
752 2096 1158 2167 reintegranda
1185 2099 1312 2149 sunt
1343 2096 1552 2162 omnia,
1583 2098 1638 2150 et
1653 2099 1849 2167 postea

203 2198 467 2262 tempore
498 2208 531 2244 a
574 2189 830 2244 Patribus
873 2188 1156 2260 praefinito
1201 2194 1335 2244 sunt
1376 2189 1608 2261 negotia
1661 2188 1846 2244 venti-

204 2285 376 2340 landa
406 2302 419 2339 :
451 2284 736 2339 refutandi
765 2290 895 2338 sunt
923 2284 1097 2338 etiam
1142 2286 1416 2354 raptores,
1459 2283 1632 2349 fures,
1673 2282 1844 2336 sacri-

201 2381 346 2452 legi,
386 2379 652 2447 adulteri,
701 2384 757 2433 et
798 2379 999 2432 horum
1043 2377 1291 2446 similes;
1340 2377 1714 2432 manifestum
1762 2379 1849 2431 est

200 2475 360 2530 enim
407 2474 559 2545 quod
602 2489 832 2544 semper
874 2473 1013 2527 tales
1058 2471 1240 2541 magis
1285 2471 1631 2526 discordiam
1672 2487 1844 2542 quam

199 2585 407 2640 pacem
461 2571 766 2622 sectantur.
817 2566 1012 2620 Nullus
1063 2582 1288 2637 quoque
1345 2565 1660 2619 monachus
1710 2563 1847 2619 talia

201 2678 464 2734 unquam
515 2660 770 2731 arripiat,
812 2675 917 2715 nec
963 2659 1270 2725 saecularia,
1326 2662 1425 2712 aut
1473 2657 1845 2712 ecclesiastica

202 2757 439 2826 negotia
482 2754 813 2826 perturbare
855 2757 1180 2824 praesumat,
1227 2753 1361 2824 quia
1406 2755 1637 2806 mortua
1667 2752 1724 2805 in
1756 2754 1842 2804 ta-

201 2850 355 2905 libus
381 2866 485 2903 vox
512 2853 597 2903 est
621 2864 821 2902 eorum
846 2865 861 2916 ;
888 2847 1216 2902 immobiles
1246 2847 1398 2901 enim
1425 2846 1695 2901 Dominus
1714 2861 1846 2900 suos

202 2959 465 2998 summos
493 2959 722 3012 semper
752 2942 870 2996 vult
905 2958 1138 2996 manere
1185 2941 1610 3012 praedicatores,
1638 2943 1697 2994 et
1725 2955 1844 2996 non

201 3057 236 3092 a
274 3037 614 3109 quihusdam
640 3036 931 3102 temerari,
961 3035 1055 3090 sed
1084 3035 1187 3089 sibi
1228 3034 1403 3090 libere
1443 3039 1500 3089 et
1536 3034 1726 3106 quiete
1767 3034 1844 3088 fa-

201 3131 433 3198 mulari,
466 3130 617 3184 unde
663 3132 718 3183 et
753 3129 872 3200 ipse
917 3129 1038 3182 ait:
1079 3128 1236 3192 «Qui
1278 3145 1375 3182 vos
1414 3128 1622 3198 tangit,
1661 3127 1917 3232 tangitC

202 3225 483 3296 pupillam
525 3223 672 3278 oculi
717 3223 829 3277 mei
869 3222 1046 3293 (Zach.
1089 3239 1147 3290 ιι,
1177 3223 1249 3292 8).
1280 3243 1308 3271 ››
1355 3223 1422 3275 Et
1452 3221 1548 3292 qui
1584 3237 1679 3276 vos
1708 3224 1840 3275 con-

201 3319 418 3383 tristat,
451 3333 541 3372 me
567 3316 878 3372 contristat.
913 3319 978 3372 Et
1020 3316 1116 3387 qui
1159 3315 1357 3370 fecerit
1385 3315 1677 3386 injuriam,
1705 3315 1844 3369 reci-

201 3413 324 3484 piet
361 3411 516 3482 quod
553 3411 746 3482 inique
774 3411 965 3481 gessit.
997 3413 1064 3466 Et
1087 3410 1222 3464 alibi
1253 3427 1266 3464 :
1303 3432 1331 3459 «
1363 3409 1467 3474 Qui
1494 3426 1591 3462 vos
1619 3409 1839 3480 recipit,

203 3524 301 3561 me
330 3505 561 3576 recipit;
609 3510 664 3559 et
705 3504 799 3576 qui
839 3521 937 3558 vos
964 3505 1198 3576 spernit,
1234 3520 1325 3558 me
1361 3503 1578 3574 spernit
1625 3503 1837 3572 (Matth.

203 3617 258 3665 x,
286 3601 397 3667 40);
430 3621 457 3647 »
496 3599 573 3653 ita
602 3615 828 3669 quoque
874 3603 930 3652 et
975 3615 1007 3650 a
1051 3597 1330 3669 plebibus,
1363 3598 1452 3652 vel
1489 3597 1708 3652 caeteris
1752 3613 1842 3667 ge-

200 3693 476 3748 neraliter
505 3692 770 3746 omnibus
813 3697 946 3746 sunt
989 3692 1246 3757 timendi,
1285 3696 1341 3746 et
1364 3691 1627 3759 feriendi,
1673 3697 1841 3763 atque

198 3787 512 3841 venerandi
561 3789 830 3856 pastores,
897 3789 954 3840 et
1004 3785 1400 3855 praedicatores
1450 3785 1730 3852 Ecclesize,
1780 3787 1844 3840 ut

199 3882 310 3936 sub
383 3880 786 3935 exercitatione
852 3881 1015 3934 bonae
1085 3879 1393 3933 voluntatis
1458 3879 1844 3934 sustineantur

203 3974 558 4045 temporalia,
605 3979 908 4045 sperentur
945 3978 1177 4028 aztcrna.
1226 3975 1410 4044 Auget
1448 3973 1599 4028 enim
1640 3973 1844 4028 merita

199 4069 431 4122 virtutis
473 4069 571 4138 qui
615 4067 974 4140 prapositum
1021 4084 1131 4121 non
1176 4067 1366 4135 violat,
1392 4067 1485 4121 sed
1513 4071 1685 4138 auget
1709 4066 1839 4122 reli-

203 4162 413 4233 gionis.
441 4161 708 4217 Charitas-
738 4176 869 4215 vero
913 4176 1140 4231 semper
1169 4159 1457 4214 hominem
1504 4160 1744 4214 invocat.
1775 4161 1845 4214 Et

201 4257 353 4310 sicut
404 4255 729 4327 malignitas
788 4259 1006 4308 veteres
1059 4253 1135 4308 ita
1185 4253 1410 4308 dilectio
1466 4269 1640 4308 novos
1686 4253 1840 4320 facit,

201 4349 352 4403 fides
378 4365 572 4402 eorum
609 4349 705 4420 qui
748 4351 921 4403 Deum
966 4347 1140 4402 visuri
1170 4351 1320 4414 sunt,
1349 4346 1502 4418 quod
1530 4362 1642 4400 non
1672 4346 1840 4416 videt,

200 4443 404 4496 credit.
439 4444 577 4498 Nam
623 4443 668 4496 si
712 4443 880 4510 videt,
915 4459 1026 4496 non
1074 4446 1157 4496 est
1205 4441 1364 4495 fides.
1395 4439 1656 4496 Credenti
1685 4439 1843 4494 colli-

1948 1920 2168 1970 servata
2215 1913 2512 1969 districtio.
2570 1916 2719 1984 Ergo
2769 1915 2956 1984 sopori
3009 1915 3260 1986 quietem
3310 1917 3541 1972 tribuite
3567 1961 3580 1982 ,

1947 2008 2261 2063 ccelestium
2286 2007 2690 2063 mandatorum
2708 2008 2930 2064 hostem
2953 2025 3177 2082 quoque
3204 2011 3491 2082 depellite,
3510 2029 3584 2066 ne

1947 2101 2189 2156 candida
2235 2102 2590 2156 conversatio
2639 2101 2934 2156 vobiscum
2987 2101 3370 2158 habitantium
3427 2105 3582 2159 fusca

1948 2195 2404 2266 supervenientis
2432 2195 2768 2267 contagione
2795 2195 3059 2250 violetur.
3084 2199 3228 2252 Ante
3253 2197 3427 2265 enim,
3458 2215 3584 2269 pro-

1947 2289 2188 2344 videnda
2249 2292 2384 2343 sunt
2448 2288 2703 2344 remedia
2764 2305 2934 2361 quam
2999 2290 3231 2346 morbus
3283 2293 3583 2361 increscat,

1948 2387 2275 2438 sanctorum
2332 2399 2563 2454 quoque
2625 2384 3036 2455 apostolorum,
3107 2389 3164 2440 et
3226 2385 3584 2457 reliquorum

1945 2475 2303 2532 sacerdotum
2358 2480 2626 2548 petamus
2680 2477 3019 2546 exercitum,
3073 2481 3132 2534 et
3181 2479 3583 2551 prmdictorum

1947 2572 2372 2640 persecutorum
2416 2585 2517 2624 ora
2561 2569 2914 2626 claudamus.
2973 2570 3175 2626 Saeculi
3234 2577 3585 2632 conversatio

1945 2663 2140 2734 legum
2189 2666 2350 2717 metu
2404 2662 2707 2733 retinetur,
2762 2664 3142 2720 ecclesiastica
3197 2683 3425 2740 quoque
3479 2687 3580 2726 cu-

1943 2756 2124 2810 stodia
2168 2757 2500 2828 regularum
2547 2757 2723 2812 frenis
2755 2763 3013 2813 servatur
3053 2763 3109 2814 et
3147 2761 3383 2831 regitur.
3415 2763 3581 2832 Deus,

1943 2849 2284 2918 charissimi,
2340 2865 2568 2921 semper
2624 2851 2818 2922 procul
2873 2855 3094 2908 avertat
3148 2853 3438 2912 invidiam.
3479 2858 3582 2912 Vos

1944 2959 2082 3014 ergo
2108 2943 2439 3012 armamini,
2477 2943 2638 3015 juxta
2683 2945 3041 3016 Apostolum,
3093 2946 3282 3016 gladio
3328 2949 3579 3020 spiritus,

1944 3037 2100 3109 quod
2125 3042 2209 3092 est
2233 3037 2469 3092 verbum
2510 3037 2628 3104 Dei,
2656 3042 2713 3093 et
2738 3039 3058 3110 apostolica:
3084 3041 3433 3097 auctoritatis
3464 3044 3580 3115 cly-

1941 3147 2074 3202 peo,
2105 3135 2171 3186 ut
2196 3130 2581 3186 ecclesiasticae
2607 3131 2972 3187 fecunditatis
2991 3133 3124 3204 jura
3149 3135 3303 3189 nulla
3340 3136 3580 3192 saevien-

1943 3226 2014 3279 tis
2040 3225 2305 3296 procellte
2334 3224 2552 3295 possint
2576 3223 2920 3296 impulsione
2945 3226 3228 3296 subverti;
3261 3229 3435 3284 nolite
3461 3230 3581 3285 ullo

1945 3334 2201 3389 unquam
2244 3317 2576 3388 przejudicio
2607 3334 2844 3388 gravare
2875 3334 3250 3392 quemquam,
3279 3322 3374 3377 sed
3400 3323 3579 3394 inspi-

1943 3412 2050 3467 cite
2099 3427 2329 3482 semper
2369 3427 2496 3482 quae
2539 3412 2866 3482 regularum
2913 3412 3237 3468 testimonio
3290 3415 3578 3470 declaran-

1942 3511 2054 3561 tur.
2081 3505 2351 3576 Superest
2394 3505 2572 3559 salute
2619 3505 2874 3575 praelata,
2905 3509 2969 3560 ut
2991 3506 3061 3561 ad
3093 3507 3302 3578 gaudia
3328 3525 3579 3580 semper,

1941 3600 2138 3668 frater,
2167 3598 2369 3653 devote
2398 3599 2738 3669 properetis,
2768 3599 2904 3670 quia
2929 3599 3115 3655 divina
3146 3601 3423 3657 beneﬁcia
3449 3619 3578 3674 gra-

1943 3693 2108 3748 dibus
2135 3708 2282 3762 szepe
2307 3692 2606 3760 accedunt,
2639 3697 2695 3748 et
2727 3693 2934 3764 quibus
2959 3693 3110 3749 bona
3135 3696 3438 3751 conferunt
3465 3712 3581 3753 me-

1941 3787 2082 3841 liora
2112 3785 2486 3856 pollicentur;
2515 3801 2745 3858 semper
2775 3787 2932 3842 enim
2960 3787 3334 3844 incrementis
3359 3790 3430 3846 ad
3458 3791 3578 3846 cul-

1940 3896 2076 3934 men
2115 3878 2464 3948 ascenditur,
2507 3878 2603 3934 ubi
2650 3895 2932 3951 supernus
2974 3882 3134 3936 favor
3163 3886 3392 3953 praestat
3424 3901 3582 3939 exor-

1942 3972 2121 4028 dium.
2141 3972 2288 4028 Deus
2305 3972 2668 4044 omnipotens
2681 3971 2906 4027 indulta
2927 3990 3152 4047 semper
3171 3976 3465 4043 custodiat,
3486 3993 3584 4034 au-

1945 4069 2189 4137 geatque
2203 4065 2556 4121 successibus
2567 4066 3100 4138 profutura.0mnia
3113 4068 3270 4124 vobis
3283 4085 3510 4142 semper
3523 4071 3580 4127 in

1943 4159 2216 4215 charitate
2237 4159 2398 4228 ﬁant,
2414 4164 2472 4214 et
2497 4159 2863 4215 detrahentes
2890 4161 3064 4217 nolite
3091 4162 3405 4228 detrahere,
3435 4181 3580 4236 quo-

1943 4253 2098 4307 niam
2119 4252 2549 4309 detrahentibus
2565 4253 2863 4310 detrahere
2876 4271 2990 4310 non
3005 4258 3090 4310 est
3101 4255 3416 4323 bonum,ne
3428 4257 3496 4312 ad
3519 4276 3585 4314 ca

1943 4363 2072 4418 qua:
2089 4347 2296 4419 scripta
2317 4353 2449 4403 sunt
2469 4348 2742 4403 commoti
2762 4349 2996 4404 minime
3033 4353 3323 4405 certamen
3349 4352 3582 4408 faciant.

1944 4439 2158 4512 274.
2189 4441 2312 4495 Non
2337 4441 2614 4496 debemus
2632 4442 2839 4497 timere
2860 4443 3237 4514 opprobrium
3254 4445 3582 4511 hominum,

200 4537 364 4607 gitur
406 4536 700 4604 meritum,
746 4537 956 4590 videnti
1007 4535 1262 4591 redditur
1311 4533 1633 4604 praemium.
1691 4527 2131 4604 Tuncheque
2177 4550 2380 4589 eorum
2417 4535 2955 4606 exprobrationibus
2982 4537 3148 4602 vinci,
3179 4537 3444 4607 quoniam
3475 4539 3584 4592 hoc

199 4629 522 4701 pretiosum
569 4630 814 4700 pastoris
862 4629 1127 4683 diadema
1169 4631 1274 4692 est,
1321 4627 1549 4698 quando
1601 4627 1845 4681 suasioni

200 4725 336 4794 ejus
363 4739 495 4792 grex
511 4723 921 4778 ecclesiasticus
941 4724 1077 4777 dum
1099 4723 1167 4777 ad
1192 4721 1535 4793 probitatem
1565 4721 1844 4790 graditur,

201 4834 324 4872 non
358 4823 656 4887 repugnat,
702 4817 795 4871 ille
839 4817 956 4872 sine
999 4817 1128 4871 fuco
1162 4817 1527 4881 monitorem,
1557 4819 1614 4869 et
1648 4815 1848 4869 feriato

203 4928 309 4967 ore
371 4911 586 4980 diligit,
646 4913 744 4982 qui
797 4912 916 4982 ejus
968 4911 1224 4965 instituta
1277 4912 1540 4963 sectatur.
1591 4909 1853 4964 Praebent

203 5005 538 5060 hominibus
577 5011 798 5060 natura?
847 5004 1288 5071 institutionem,
1319 5009 1377 5056 et
1418 5006 1576 5057 muta
1610 5018 1848 5073 respon-

207 5114 375 5163 sum;
411 5098 556 5153 redit
583 5100 651 5153 ad
699 5098 966 5152 mortales
1011 5096 1332 5151 vicissitudo
1359 5097 1616 5149 clamosze
1651 5093 1852 5149 sollici-

207 5191 448 5260 tudinis,
495 5193 628 5264 quia
670 5192 1063 5263 unusquisque
1104 5194 1276 5262 prout
1305 5189 1566 5260 gesserit,
1597 5188 1852 5258 recipiet.

210 5287 354 5339 Nam
404 5287 552 5356 perit
594 5287 747 5358 quod
795 5286 1006 5358 linguas
1051 5288 1411 5356 acceperunt,
1441 5283 1652 5337 frustra
1682 5281 1856 5336 bene-

207 5379 406 5433 ﬁcium
450 5380 559 5433 nisi
600 5381 861 5450 legitime
906 5382 1152 5450 coeptum
1208 5377 1380 5432 fuerit
1428 5376 1746 5447 negotium,
1800 5377 1857 5429 et

209 5473 488 5527 canonice
519 5478 839 5544 peractum.
886 5475 963 5528 De
1005 5472 1214 5527 fiducia
1261 5472 1414 5526 enim
1459 5469 1710 5541 partium
1749 5485 1855 5524 no-

211 5573 466 5622 strarum
498 5568 765 5633 mittitur,
803 5569 950 5639 quod
991 5566 1302 5638 apostolica
1343 5564 1581 5619 mandat
1609 5562 1856 5618 auctori-

213 5666 324 5727 tas,
354 5675 452 5714 vos
479 5661 875 5715 tantummodo
917 5659 1187 5732 praesules
1237 5657 1445 5714 Christi
1493 5656 1726 5727 benigni
1773 5671 1860 5711 ve-

213 5761 332 5807 stra
371 5755 527 5808 salva
563 5754 787 5809 aurium
814 5755 1259 5824 animorumque
1303 5751 1591 5822 aequitate,
1625 5756 1682 5804 et
1710 5750 1858 5804 bona

1946 4627 2107 4681 nobis
2126 4627 2400 4681 Dominus
2413 4627 2579 4698 jubet
2597 4644 2700 4698 per
2719 4629 2915 4683 Isaiam
2938 4629 3276 4700 prophetam
3298 4647 3310 4684 :
3331 4648 3359 4682 α
3381 4631 3587 4686 Audite

1947 4737 2059 4790 me,
2083 4721 2180 4792 qui
2200 4720 2352 4775 scitis
2367 4721 2672 4792 judicium;
2691 4722 2935 4793 populus
2952 4737 3115 4776 meus
3130 4722 3188 4776 in
3209 4739 3453 4794 quorum
3468 4742 3590 4780 cor-

1948 4815 2110 4869 dibus
2123 4815 2214 4868 lex
2226 4831 2350 4870 mea
2365 4813 2647 4882 est,nolite
2661 4814 2865 4870 timere
2879 4815 3254 4886 opprobrium
3269 4817 3587 4887 hominum,

1949 4912 2006 4962 et
2024 4908 2407 4980 blasphemias
2427 4924 2624 4964 eorum
2644 4924 2717 4964 ne
2743 4907 2994 4964 timeatis
3016 4909 3140 4978 (Isa.
3160 4926 3230 4977 ιι,
3247 4911 3324 4982 7),
3353 4932 3382 4963 ι
3403 4914 3586 4968 consi-

1950 5002 2216 5057 derantes
2241 5002 2397 5073 quod
2417 5001 2474 5055 in
2498 5001 2716 5073 psalmo
2749 5001 3022 5073 scriptum
3042 5008 3157 5058 est:
3181 5005 3425 5062 «Nonne
3444 5009 3592 5061 Deus

1951 5095 2206 5167 requiret
2226 5095 2354 5150 ista.
2379 5096 2501 5166 Ipse
2521 5095 2675 5150 enim
2699 5096 2855 5151 novit
2881 5097 3098 5153 occulta
3125 5099 3334 5170 cordis,
3357 5106 3413 5155 et
3434 5102 3588 5172 cogi-

1953 5189 2194 5244 tationes
2213 5187 2417 5243 talium
2441 5189 2764 5258 hominum,
2785 5190 3058 5262 quoniam
3078 5209 3240 5247 vanas
3272 5199 3421 5260 sunt,
3443 5210 3590 5248 vana

1957 5287 2147 5337 autem
2170 5282 2392 5336 locutus
2416 5285 2501 5337 est
2529 5283 2916 5356 unusquisque
2951 5284 3025 5340 ad
3051 5284 3376 5357 proximum
3399 5303 3588 5353 suum,

1956 5375 2106 5431 labia
2127 5375 2320 5430 dolosa
2345 5376 2404 5431 in
2431 5376 2618 5446 corde,
2639 5382 2695 5433 et
2718 5379 2884 5434 corde
2914 5378 3088 5433 locuti
3119 5383 3251 5433 sunt
3284 5379 3449 5433 mala.
3479 5379 3591 5436 Sed

1958 5469 2250 5541 disperdat
2265 5470 2537 5525 Dominus
2560 5472 2822 5528 universa
2845 5471 2993 5526 labia
3015 5471 3228 5540 dolosa,
3258 5475 3316 5527 et
3335 5471 3593 5544 linguam

1958 5563 2510 5635 magniloquam.Qui
2526 5564 3095 5635 dixeruntzhinguam
3113 5568 3364 5620 nostram
3378 5567 3595 5637 magni-

1959 5656 2275 5724 ﬁcabimus,
2298 5657 2448 5712 labia
2472 5663 2711 5714 nostraa
2731 5657 2892 5712 nobis
2918 5661 3070 5727 sunt,
3107 5657 3234 5729 quis
3259 5664 3455 5715 noster
3486 5661 3591 5715 Do-

1961 5749 2151 5804 minus
2197 5751 2324 5806 est?
2369 5752 2529 5819 (Psal.
2576 5768 2724 5818 ani,
2760 5753 2858 5819 22;
2913 5766 3063 5817 xcm,
3114 5754 3208 5820 ll;
3253 5768 3326 5821 ιι,
3375 5755 3516 5823 3-5).
3567 5781 3590 5800 ιι

217 5848 513 5904 voluntate
546 5865 772 5922 semper
803 5853 1088 5922 praestare.
1129 5849 1268 5903 Nam
1315 5845 1586 5900 adversus
1617 5844 1862 5918 impetus
1965 5845 2101 5899 Nam
2125 5845 2171 5900 si
2189 5845 2307 5900 hinc
2329 5845 2384 5899 in
2407 5845 2679 5900 memoria
2703 5844 3013 5901 retinerent
3032 5845 3271 5903 minime
3289 5847 3360 5904 ad
3381 5850 3594 5905 tantam
