4092 6192
493 268 622 320 11Ο3

1363 268 1648 322 ΑΡΡΕΝΙ).
1693 268 1779 322 AD
1818 269 1981 322 SrEC.
2025 270 2110 322 1x.
2142 298 2208 307 --
2238 269 2476 324 lSlDOBl
2515 268 2942 324 MERCATORIS

3716 278 3854 331 HO-i

481 373 801 444 prosilireut
827 373 1208 444 iniquitatem,
1240 391 1353 428 non
1385 375 1538 429 enim
1564 392 1669 446 per
1685 376 2036 447 probabilem
2059 382 2115 432 et
2136 390 2194 463 Α
2215 378 2386 431 etiam
2421 394 2528 449 per
2572 377 2863 432 ministros
2909 395 3038 433 suos
3084 379 3352 450 intonuit,
3392 381 3587 436 dicens
3620 400 3634 436 :
3673 406 3700 431 α
3734 385 3865 439 Mihi

479 465 776 537 pristinam
803 465 1126 521 doctrinam
1158 467 1268 521 hoc
1292 468 1528 535 faciunt,
1558 469 1658 523 sed
1683 473 1749 524 ut
1773 486 1932 524 suam
1961 487 2114 526 exer-

482 563 648 616 ceant
676 558 734 612 in
765 575 956 614 servos
990 560 1090 615 Dei
1127 559 1450 617 vindictam.
1487 562 1770 633 Scriptum
1801 567 1886 617 est
1911 564 2063 618 enim
2095 581 2108 617 :

485 675 510 699 ‹‹
552 651 651 706 Via
683 651 840 706 stulti
870 657 1024 707 recta
1055 653 1112 708 in
1147 654 1323 708 oculis
1355 655 1475 724 ejus
1517 655 1694 725 (Prov.
1738 673 1834 722 xu,
1875 659 1978 726 15);
2009 662 2066 711 et
2098 673 2110 710 :

486 769 508 793 υ
529 746 670 800 Sunt
691 745 792 800 νίεΕ
808 763 937 817 quae
957 747 1225 802 videntur
1244 747 1468 804 homini
1479 748 1671 819 justas,
1686 749 1990 803 novissima
2013 766 2113 804 au-

481 844 598 894 tem
621 856 819 894 earum
843 840 1133 895 deducunt
1151 840 1224 895 ad
1241 845 1481 896 mortem
1501 842 1677 912 (Prov.
1708 859 1818 911 xxv,
1843 846 1947 912 12);
1964 861 1990 894 »
2011 860 2116 898 nos

483 932 634 987 enim
665 935 760 1005 qui
788 933 909 988 haac
936 934 1189 1005 patimur
1205 934 1420 1005 judicio
1444 935 1542 989 Dei
1570 936 1689 990 haec
1711 952 1998 992 reservare
2018 937 2113 991 de-

479 1026 698 1093 bemus,
743 1027 840 1099 qui
870 1027 1074 1083 reddet
1099 1027 1407 1100 unicuique
1429 1029 1597 1099 juxta
1637 1046 1811 1101 opera
1844 1047 1965 1084 sua.
2011 1030 2118 1095 Qui

2212 470 2524 525 vindictam
2553 487 2662 542 ego
2689 471 3002 526 retribuam
3029 472 3197 544 (Rom.
3228 490 3326 540 xu,
3359 475 3440 544 19)
3459 493 3474 544 ;
3509 497 3537 524 ››
3570 493 3672 530 vos
3704 479 3861 532 enim

2214 564 2273 618 in
2308 568 2463 618 recta
2490 565 2600 618 [ide
2627 581 2690 618 ac
2715 581 2856 635 pura
2876 569 2932 620 et
2951 565 3106 621 bona
3130 567 3417 622 voluntate
3446 570 3766 626 succurrite
3785 574 3862 626 vi-

2216 657 2423 722 cissim,
2456 673 2563 711 nec
2607 658 2810 730 aliquis
2839 675 2873 713 a
2899 661 3292 731 supplemento
3324 662 3513 716 fratris
3563 665 3868 720 subtrahat

2217 767 2474 816 manum,
2506 751 2773 822 quoniam
2815 751 2873 806 in
2911 753 3040 822 hoc,
3080 755 3160 808 ait
3189 755 3480 826 Dominus,
3513 764 3869 828 cognoscent

2217 860 2437 912 omnes,
2466 845 2601 916 quia
2639 847 2754 900 mei
2786 845 2918 900 estis
2947 846 3225 919 discipuli,
3267 849 3312 903 si
3347 849 3722 906 dilectionem
3766 853 3865 907 ha-

2216 937 2452 992 bueritis
2481 939 2551 993 ad
2596 939 2858 995 invicem.
2891 942 3028 996 Data
3066 941 3302 998 Kalend.
3345 944 3647 1014 Novemb.,
3681 945 3867 1001 indic-

2219 1031 2370 1087 tione
2396 1036 2480 1086 15.

1031 1426 1600 1521 INCIPIUNT
1692 1430 2847 1546 DECRETAGREGORII
2936 1435 3294 1526 PAPfE.

838 1772 910 1824 De
942 1772 1087 1824 trina
1122 1771 1385 1824 mersione
1414 1770 1771 1840 baptismatis.

560 1882 1049 1938 Reverendissimo
1082 1887 1140 1938 et
1167 1884 1522 1939 sanctissimo
1562 1884 1723 1940 fratri
1753 1885 2005 1940 Lemano
2033 1900 2122 1938 co-

488 1977 750 2048 episcopo
775 1977 1083 2033 Gaaoomus
1111 1994 1306 2032 servus
1332 1994 1622 2033 servorum
1655 1978 1776 2032 Dei.

557 2071 914 2141 Respondere
943 2071 1195 2142 epistolis
1214 2071 1411 2127 vestris
1431 2075 1550 2126 tota
1574 2071 1888 2126 intentione
1917 2071 2122 2125 voluis-

488 2181 607 2217 sem
621 2163 730 2218 nisi
749 2165 1046 2234 pastoralis
1059 2181 1210 2220 curaz
1224 2165 1303 2220 ita
1315 2181 1407 2219 me
1422 2166 1582 2220 labor
1594 2168 1886 2231 attereret,
1901 2167 1967 2219 ut
1982 2164 2125 2218 mihi

487 2258 669 2327 magis
694 2257 832 2312 ﬂere
859 2258 1038 2312 libeat
1067 2275 1238 2330 quam
1279 2259 1492 2330 aliquid
1519 2259 1726 2314 dicere.
1755 2258 1915 2322 Quod
1942 2262 2128 2312 vestra

487 2367 715 2423 quoque
748 2351 1068 2406 reverentia
1098 2351 1156 2406 in
1179 2352 1300 2423 ipso
1331 2352 1655 2408 litterarum
1680 2368 1939 2407 mearum
1970 2357 2128 2407 textu

486 2445 791 2516 vigilanter
828 2445 1126 2516 intelliget,
1159 2446 1389 2518 quando
1436 2447 1489 2500 ei
1531 2447 1891 2518 negligenter
1928 2447 2128 2518 loquor

487 2556 657 2610 quem
683 2539 1052 2595 vehementer
1082 2539 1276 2611 diligo.
1310 2540 1502 2595 Tantis
1552 2540 1762 2612 quippe
1789 2540 1847 2594 in
1873 2541 1984 2615 hoc
2007 2541 2128 2594 loco

488 2633 658 2704 hujus
684 2632 882 2687 mundi
921 2633 1187 2688 ﬂuctibus
1216 2633 1462 2704 quatior,
1497 2638 1558 2688 ut
1587 2637 1866 2690 vetustam
1906 2651 1970 2688 ac
1996 2634 2123 2688 fati-

489 2731 739 2781 scentem
768 2743 970 2782 navem
999 2743 1176 2798 quam
1205 2728 1519 2797 regendam
1540 2729 1760 2782 occulta
1786 2727 1887 2782 Dei
1909 2727 2129 2798 dispen-

491 2820 706 2874 satione
756 2821 1016 2892 suscepi,
1085 2820 1158 2875 ad
1206 2825 1438 2891 portum
1492 2821 1740 2892 dirigere
1799 2820 2128 2876 nullatenus

489 2913 720 2982 possim.
749 2915 908 2968 Nunc
957 2930 1024 2967 ex
1079 2913 1300 2968 diverso
1348 2913 1550 2968 fluctus
1591 2914 1837 2968 irruunt.
1877 2915 2034 2968 Nunc
2061 2930 2127 2968 ex

488 3007 666 3060 latere
697 3005 911 3060 cumuli
952 3006 1210 3076 spumosi
1253 3006 1426 3060 maris
1466 3006 1874 3061 intumescunt.
1905 3007 2061 3061 Nunc
2098 3025 2130 3062 a

490 3105 654 3170 tergo
673 3102 982 3170 tempestas
1002 3099 1342 3171 insequitur,
1360 3099 1622 3171 interque
1651 3099 1849 3155 omnia
1868 3101 2131 3156 turbatus

500 3151 646 3170 φο-
1362 3151 1499 3155 ψη-
1520 3151 1619 3171 ιη
1657 3151 1848 3155 ______
1877 3151 2127 3156 ________

491 3210 668 3264 cogor
695 3193 868 3247 modo
895 3193 1045 3248 inter
1072 3193 1220 3265 ipsas
1246 3194 1528 3249 undarum
1560 3195 1737 3249 moles
1762 3211 1966 3249 navem
1989 3194 2128 3249 diri-
2151 3151 2207 3226 ϐ

491 3303 645 3357 gere,
685 3287 856 3341 modo
883 3291 1112 3342 curvato
1145 3287 1304 3342 navis
1331 3288 1504 3343 latere
1533 3287 1721 3343 minas
1751 3288 2031 3344 ﬂuctuum
2061 3305 2130 3343 ex

492 3381 720 3452 obliquo
765 3381 1067 3436 declinare.
1101 3381 1209 3436 Sed
1241 3381 1572 3452 ingemisco,
1602 3382 1736 3453 quia
1759 3381 1941 3437 sentio
1975 3381 2132 3452 quod

491 3474 824 3546 negligente
855 3491 946 3529 me
986 3475 1187 3530 crescit
1223 3475 1445 3530 sentina
1473 3475 1762 3544 vitiorum,
1795 3478 2131 3546 tempestate

492 3568 716 3623 fortiter
741 3569 1018 3634 obviante,
1039 3569 1160 3640 jam
1186 3585 1305 3639 prae
1337 3569 1640 3640 putredine
1670 3568 2035 3640 naufragium
2056 3573 2132 3623 ta-

494 3663 644 3716 bula:
678 3664 908 3728 sonant;
959 3662 1103 3718 ﬂens
1149 3662 1485 3718 reminiscor
1537 3663 1688 3734 quod
1730 3662 1949 3734 perdidi
1988 3679 2132 3718 mea:

497 3755 779 3827 placidum
810 3754 966 3810 littus
994 3755 1220 3827 quietis,
1240 3759 1296 3811 et
1316 3756 1650 3828 suspirando
1671 3759 1885 3810 terram
1905 3757 2129 3828 conspi-

493 3849 602 3916 cio,
627 3865 799 3920 quam
820 3853 1016 3904 tamen
1038 3864 1232 3903 rerum
1253 3849 1470 3904 eventis
1492 3849 1922 3904 adversantibus
1940 3854 2134 3904 tenere

494 3959 612 3998 non
640 3959 890 4014 possum.
924 3941 981 3998 Si
1028 3959 1164 4015 ergo
1193 3959 1304 4008 me,
1335 3943 1509 3998 frater
1541 3941 1888 4010 charissime,
1925 3943 2132 4014 diligis,

496 4036 584 4090 his
613 4039 726 4091 tua;
758 4037 901 4091 mihi
943 4037 1218 4092 orationis
1245 4036 1304 4090 in
1340 4036 1603 4091 ﬂuctibus
1644 4053 1882 4091 manum
1914 4037 2131 4105 tendas,

494 4147 608 4201 quo
639 4131 997 4185 laborantem
1024 4147 1116 4184 me
1143 4130 1397 4200 adjuves,
1427 4130 1564 4201 quia
1590 4146 1654 4184 ex
1681 4130 1804 4201 ipsa
1833 4130 1952 4184 vice
1978 4147 2132 4185 mer-

497 4223 652 4277 cedis
696 4223 755 4277 in
799 4223 911 4277 tuis
953 4239 1180 4294 quoque
1231 4223 1520 4277 laboribus
1580 4223 1854 4278 valentior
1909 4223 2132 4279 existas.

499 4316 737 4386 Explere
767 4320 959 4370 autem
993 4315 1281 4386 loquendo
1311 4316 1635 4372 nullatenus
1663 4316 1822 4371 valeo
1863 4316 2135 4387 gaudium

498 4426 695 4465 meum
733 4409 883 4482 quod
923 4425 1288 4464 communem
1316 4409 1498 4463 filium
1526 4409 1840 4481 gloriosum
1868 4411 2133 4465 Reccare-

2143 1781 2199 1854 B
2224 1773 2574 1824 sacramenta
2603 1769 2920 1841 signamus,
2946 1775 3006 1824 ut
3031 1770 3167 1824 dum
3189 1768 3354 1824 tertio
3386 1769 3458 1824 ab
3487 1769 3660 1840 aquis
3690 1769 3877 1824 infans

2227 1861 2508 1930 educitur,
2542 1863 2879 1918 resurrectio
2903 1862 3150 1918 triduani
3177 1862 3450 1934 temporis
3483 1863 3874 1934 exprimatur.

2416 1978 2547 2030 Item
2577 1976 2654 2030 ad
2677 1975 2984 2030 Leandrum
3011 1975 3322 2046 Spalensem
3345 1977 3686 2046 episcOpum.

2297 2067 2623 2124 Sanctitatis
2649 2073 2851 2123 vestrae
2891 2068 3109 2140 suscepi
3139 2069 3441 2140 epistolam
3469 2069 3657 2123 solius
3688 2069 3874 2123 chari-

2227 2161 2358 2216 tatis
2383 2163 2608 2216 calamo
2636 2163 2932 2234 scriptam;
2957 2180 3027 2217 ex
3043 2163 3212 2218 corde
3235 2162 3391 2217 enim
3406 2162 3615 2234 lingua
3629 2163 3878 2218 tinxerat

2226 2256 2377 2326 quod
2415 2256 2472 2310 in
2504 2256 2714 2310 chartas
2754 2256 2964 2327 pagina
2991 2256 3348 2312 refundebat.
3386 2257 3524 2310 Boni
3562 2260 3769 2312 autem
3796 2274 3876 2311 sa-

2229 2349 2561 2420 pientesque
2603 2349 2706 2404 viri
2749 2366 2879 2404 cum
2926 2349 3215 2420 legeretur
3250 2350 3584 2418 adfuerunt,
3627 2368 3876 2422 quorum

2229 2443 2414 2497 statim
2444 2443 2503 2497 in
2533 2443 2969 2515 compunctione
2995 2443 3211 2499 viscera
3241 2448 3530 2499 commota
3562 2451 3729 2500 sunt.
3761 2447 3876 2501 Ca:-

2230 2537 2312 2607 pit
2353 2535 2592 2607 quisque
2634 2537 2844 2591 amoris
2887 2554 3060 2591 manu
3103 2537 3161 2592 in
3209 2555 3310 2592 suo
3355 2538 3524 2593 corde
3561 2541 3625 2592 te
3656 2555 3875 2610 rapere,

2229 2629 2366 2701 quia
2390 2629 2449 2684 in
2469 2630 2564 2684 illa
2595 2631 2830 2701 epistola
2851 2636 2964 2686 tuae
2992 2631 3199 2686 mentis
3226 2631 3596 2686 dulcedinem
3622 2649 3748 2688 non
3765 2638 3883 2687 erat

2229 2723 2447 2790 audire,
2482 2723 2579 2778 sed
2609 2739 2857 2778 cernere.
2892 2725 3370 2780 Accendebantur
3409 2728 3464 2779 et
3512 2725 3882 2780 mirabantur

2229 2816 2458 2887 singuli,
2498 2821 2667 2889 atque
2709 2817 2830 2888 ipse
2879 2817 3029 2889 ignis
3054 2818 3406 2873 audientium
3437 2819 3882 2874 demonstrabat

2229 2911 2328 2982 qui
2355 2911 2526 2965 fuerit
2551 2911 2724 2965 ardor
2750 2911 3021 2979 dicentis;
3047 2911 3152 2966 nisi
3172 2912 3326 2966 enim
3349 2912 3509 2983 prius
3533 2912 3601 2966 in
3636 2929 3698 2968 se
3733 2914 3879 2967 faces

2232 3004 2489 3070 ardeant,
2525 3004 2699 3058 alium
2739 3022 2855 3059 non
2895 3005 3267 3060 succendunt.
3307 3005 3390 3060 lbi
3413 3006 3600 3076 igitur
3629 3007 3879 3061 vidimus

2231 3101 2444 3170 quanta
2475 3098 2749 3153 charitate
2797 3103 2890 3153 tua
2939 3115 3101 3154 mens
3141 3098 3343 3155 arserit
3374 3116 3502 3170 qua:
3535 3100 3620 3155 sic
3652 3106 3711 3156 et
3741 3101 3881 3156 alios

2231 3192 2506 3252 accendit.
2556 3191 2732 3246 Vitam
2781 3208 2911 3248 vero
2959 3198 3224 3262 vestram,
3274 3193 3434 3264 cujus
3485 3210 3597 3264 ego
3651 3211 3882 3266 semper

2232 3302 2361 3339 cum
2391 3301 2600 3357 magna
2618 3286 2982 3341 veneratione
3009 3286 3364 3354 reminiscor,
3380 3286 3627 3343 minime
3647 3295 3876 3352 norant,

2233 3379 2330 3433 sed
2377 3379 2458 3433 eis
2497 3379 2736 3434 altitudo
2782 3380 2958 3434 vestri
3003 3381 3190 3436 cordis
3237 3381 3418 3452 patuit
3454 3397 3520 3436 ex
3551 3381 3880 3437 humilitate

2233 3473 2533 3528 sermonis.
2576 3473 2755 3528 Vitam
2781 3478 2976 3528 autem
3003 3491 3194 3528 meam
3226 3475 3444 3529 cunctis
3471 3491 3594 3530 esse
3623 3475 3878 3530 imitabi-

2233 3565 2346 3621 lem
2375 3567 2471 3621 illa
2497 3570 2680 3622 vestra
2706 3568 2941 3638 epistola
2970 3567 3241 3639 loquitur.
3282 3569 3389 3623 Sed
3429 3569 3589 3640 quod
3639 3586 3756 3624 non
3799 3577 3885 3624 est

2233 3659 2314 3714 ita
2346 3665 2408 3714 ut
2432 3660 2657 3728 dicitur,
2702 3660 2774 3716 sit
2808 3661 2886 3715 ita
2929 3661 3063 3733 quia
3101 3661 3330 3731 dicitur,
3361 3677 3432 3716 ne
3464 3663 3565 3733 qui
3593 3679 3718 3717 non
3745 3664 3887 3719 solet

2234 3754 2564 3809 mentiatur.
2594 3753 2675 3810 Ad
2702 3755 2821 3810 haec
2853 3758 3044 3810 autem
3071 3755 3319 3810 breviter
3343 3755 3648 3826 cujusdam
3677 3758 3888 3812 veteris

2237 3847 2493 3902 mulieris
2519 3848 2687 3902 verba
2708 3848 2914 3920 loquor
2943 3868 2956 3904 :
2984 3872 3010 3898 «
3041 3849 3220 3904 Nolite
3241 3865 3334 3904 me
3356 3865 3557 3904 vocare
3578 3851 3811 3919 Noemi,
3829 3852 3884 3906 id

2235 3947 2337 4009 est,
2360 3942 2682 4012 pulchram,
2715 3942 2815 3996 sed
2843 3946 3036 3997 vocate
3060 3959 3150 3997 me
3179 3944 3414 4011 Maram,
3437 3945 3572 4015 quia
3600 3946 3886 3999 amaritu-

2236 4034 2368 4089 dine
2398 4035 2565 4105 plena
2591 4051 2718 4088 sum
2753 4035 2932 4102 (Ruth.
2959 4052 2995 4101 1,
3014 4035 3136 4104 20);
3170 4057 3197 4084 ››
3227 4051 3434 4106 neque,
3464 4036 3617 4091 bone
3646 4037 3756 4103 vir,
3791 4037 3888 4092 ho-

2237 4127 2328 4182 die
2350 4144 2455 4198 ego
2476 4144 2605 4182 sum
2624 4128 2717 4182 ille
2739 4145 2910 4199 quem
2930 4129 3099 4183 nosti.
3123 4129 3385 4195 Omnino,
3405 4129 3606 4194 fateor,
3631 4132 3888 4185 exterius

2236 4221 2586 4292 proﬁciendo
2609 4221 2850 4276 interius
2870 4221 3066 4290 cecidi,
3086 4238 3300 4294 meque
3315 4223 3385 4277 de
3405 4238 3610 4277 eorum
3631 4239 3888 4279 numero

2237 4331 2357 4370 esse
2385 4315 2741 4385 pertimesco,
2779 4315 2849 4370 de
2875 4315 3082 4386 quibus
3112 4316 3385 4387 scriptum
3411 4319 3533 4371 est:
3560 4339 3588 4366 «
3609 4317 3889 4388 Dejecisti

2237 4424 2334 4463 eos
2369 4409 2503 4463 dum
2549 4409 2931 4464 allevarentur
2975 4411 3140 4478 (Psal.
3185 4426 3347 4477 Lxxn,
3383 4411 3487 4480 18).
3523 4432 3551 4458 ››
3605 4411 3757 4466 Cum
3805 4413 3888 4466 al-

500 4505 638 4560 dum
663 4519 862 4576 regem
892 4504 962 4559 ad
985 4503 1322 4558 catholicam
1344 4502 1517 4559 fidem
1535 4503 1908 4574 integerrima
1934 4505 2136 4576 agnovi
2159 4526 2216 4598 D
2241 4503 2457 4557 levatur
2501 4503 2658 4557 enim
2697 4502 2961 4573 dejicitur
3008 4503 3106 4574 qui
3162 4503 3473 4558 honoribus
3525 4503 3779 4574 proficit,
3837 4514 3892 4560 et

498 4599 798 4654 devotione
845 4614 1203 4653 conversum.
1233 4597 1407 4670 Cujus
1446 4598 1585 4654 dum
1632 4597 1773 4652 mihi
1804 4613 1908 4670 per
1931 4599 2140 4670 scripta

499 4698 677 4748 vestra
727 4709 920 4747 mores
961 4691 1298 4764 exprimitis,
1345 4708 1539 4747 amare
1596 4709 1687 4748 me
1737 4692 1911 4747 etiam
1967 4709 2137 4764 quem

502 4785 692 4840 nescio
751 4786 980 4842 fecistis.
1041 4787 1151 4842 Sed
1206 4785 1343 4859 quia
1397 4787 1616 4858 antiqui
1671 4786 1849 4846 hostis
1906 4787 2139 4842 insidias

499 4865 671 4946 scitis,
691 4879 962 4950 quoniam
982 4880 1193 4935 bellum
1219 4880 1416 4934 durius
1437 4885 1639 4935 contra
1660 4879 1900 4935 victores
1928 4897 2132 4952 propo-

498 4973 601 5040 nit,
619 4990 770 5027 nunc
791 4989 927 5043 erga
945 4974 1210 5028 eumdem
1229 4974 1409 5028 tilium
1428 4977 1684 5029 nostrum
1703 4979 1887 5030 vestra
1903 4975 2138 5031 solerter

499 5067 762 5122 sanctitas
801 5066 1012 5137 vigilet,
1047 5073 1108 5122 ut
1147 5069 1294 5123 bene
1323 5071 1504 5139 coepta
1536 5067 1811 5140 perﬁciat,
1839 5085 1946 5124 nec
1975 5086 2034 5122 se
2065 5070 2136 5122 de

499 5160 759 5233 perfectis
783 5160 946 5215 bonis
980 5161 1245 5231 operibus
1272 5163 1522 5230 extollat,
1554 5167 1616 5217 ut
1643 5162 1813 5218 ﬁdem
1846 5163 2134 5235 cognitam

496 5256 626 5310 vita:
647 5271 876 5327 quoque
904 5255 1121 5309 meritis
1145 5258 1348 5326 teneat,
1380 5261 1435 5311 et
1454 5256 1585 5328 quia
1614 5257 1812 5312 aeterni
1844 5259 2006 5330 regni
2035 5275 2132 5311 cu-

491 5351 587 5421 jus
618 5350 709 5417 sit,
738 5349 1008 5421 operibus
1047 5349 1325 5419 ostendat,
1361 5355 1643 5422 quatenus
1672 5355 1799 5424 post
1832 5352 2016 5406 multa
2043 5369 2138 5405 an-

496 5459 700 5497 norum
733 5442 1014 5498 curricula
1061 5443 1130 5498 de
1159 5459 1340 5515 regno
1371 5444 1440 5500 ad
1472 5461 1714 5515 regnum
1754 5447 2025 5499 transeat.
2060 5445 2135 5499 De

499 5537 643 5590 trina
689 5553 820 5592 vero
871 5538 1160 5592 mersione
1206 5537 1561 5609 baptismatis
1610 5538 1752 5593 nihil
1807 5537 2134 5609 responderi

495 5630 682 5684 verius
711 5634 896 5700 potest
939 5647 1110 5703 quam
1142 5633 1294 5703 quod
1331 5631 1441 5703 ipsi
1465 5631 1742 5698 sensistis,
1771 5632 1906 5704 quia
1937 5631 1993 5686 in
2018 5648 2136 5686 una

494 5722 602 5776 ﬁde
631 5723 773 5776 nihil
797 5723 970 5779 ofﬁcit
997 5729 1204 5779 sanctae
1232 5725 1496 5780 Ecclesiae
1517 5725 1869 5780 consuetudo
1891 5725 2128 5780 diversa.

494 5815 600 5869 Nos
618 5819 807 5870 autem
828 5817 982 5888 quod
1004 5818 1166 5874 tertio
1184 5819 1500 5891 mergimus
1522 5818 1802 5873 triduana:
1823 5820 2130 5890 sepultura:

2240 4595 2492 4651 moribus
2534 4596 2706 4650 cadit.
2750 4599 2867 4667 Ego
2899 4596 3056 4651 enim
3089 4597 3204 4651 vias
3233 4598 3344 4652 mei
3373 4597 3569 4670 capitis
3607 4614 3888 4669 sequens,

2239 4705 2608 4761 summopere
2633 4706 2753 4745 esse
2771 4673 3132 4746 decreveram
3159 4690 3528 4762 opprobrium
3549 4691 3887 4759 hominum,

2240 4789 2294 4838 et
2333 4783 2572 4853 abjectio
2599 4783 2778 4854 plebis
2811 4787 2983 4856 atque
3021 4784 3081 4838 in
3113 4785 3236 4856 ejus
3266 4789 3475 4840 sortem
3521 4801 3785 4853 currere,
3820 4787 3890 4841 de

2238 4893 2352 4948 quo
2385 4893 2612 4931 rursum
2651 4893 2754 4948 per
2780 4877 3140 4932 Psalmistam
3173 4879 3380 4933 dicitur
3413 4896 3426 4932 :
3459 4900 3485 4926 «
3513 4881 3802 4934 Ascensus
3831 4883 3886 4934 in

2240 4971 2411 5026 corde
2424 4971 2548 5042 ejus
2569 4970 2899 5042 disposuisti
2910 4971 2968 5026 in
2981 4972 3234 5028 convalle
3246 4972 3657 5043 lacrymarum,
3674 4992 3701 5024 ι
3717 4981 3790 5029 ut
3801 4976 3884 5028 vi-

2240 5064 2442 5120 delicet
2467 5069 2624 5119 tanto
2654 5065 3048 5120 vehementius
3082 5065 3233 5120 intus
3261 5067 3654 5135 ascenderem,
3697 5084 3882 5138 quan-

2239 5163 2361 5217 tum
2381 5175 2482 5230 per
2511 5159 2716 5213 vallem
2741 5159 3122 5231 lacrymarum
3147 5160 3285 5214 foris
3312 5160 3581 5216 humilius
3599 5161 3880 5231 jacerem.

2239 5256 2307 5306 At
2339 5269 2490 5306 nunc
2514 5251 2760 5306 multum
2787 5253 3058 5324 deprimit
3085 5254 3272 5308 honor
3301 5271 3596 5324 onerosus,
3630 5271 3784 5310 cura:
3805 5256 3882 5310 in-

2242 5362 2496 5402 numerae
2519 5350 2907 5418 perstrepunt,
2943 5352 3000 5402 et
3024 5363 3153 5402 cum
3183 5364 3304 5404 sese
3339 5348 3414 5402 ad
3444 5349 3623 5403 Deum
3655 5350 3881 5404 animus

2237 5440 2469 5511 colligit,
2498 5439 2652 5495 hunc
2678 5440 2795 5494 suis
2820 5439 3158 5512 impulsibus
3184 5443 3339 5514 quasi
3383 5442 3738 5514 quibusdum
3769 5445 3882 5514 gla-

2239 5533 2344 5589 diis
2370 5533 2653 5601 scindunt,
2685 5533 2838 5588 nulla
2864 5535 3050 5590 cordis
3087 5536 3250 5608 quies
3277 5539 3396 5604 est;
3429 5541 3780 5607 prostratum
3820 5537 3877 5590 in

2241 5628 2468 5695 inﬁmis,
2499 5631 2554 5682 et
2593 5644 2707 5682 suat
2737 5627 3094 5699 cogitationis
3133 5631 3382 5701 pondere
3414 5629 3753 5702 depressum
3782 5635 3878 5683 aut

2236 5738 2362 5776 rara
2381 5720 2561 5786 valde,
2588 5723 2686 5776 aut
2713 5720 2869 5776 nulla
2897 5721 3051 5776 hunc
3080 5721 3140 5777 in
3167 5721 3505 5778 sublimibus
3532 5739 3724 5794 penna
3749 5738 3878 5776 con-

2237 5813 2628 5890 templationis
2655 5816 2815 5871 levat.
2847 5816 3055 5888 Torpet
3083 5816 3310 5888 ignavia
3339 5833 3519 5888 mens,
3545 5821 3600 5873 et
3628 5817 3872 5872 circum-
