  <div class='ocr_page' id='page_1' title='image "/cluster/home/n/w/nwhite01/storage/ocr_20150623/130/hvd.32044054759915/582.png"; bbox 0 0 4092 6192; ppageno 0'>
   <div class='ocr_carea' id='block_1_1' title="bbox 285 289 416 341">
    <p class='ocr_par' dir='ltr' id='par_1_1' title="bbox 285 289 416 341">
     <span class='ocr_line' id='line_1_1' title="bbox 285 289 416 341; baseline -0.008 0"><span class='ocrx_word' id='word_1_1' title='bbox 285 289 416 341; x_wconf 74' lang='grc' dir='ltr'>11Οὸ</span> 
     </span>
    </p>
   </div>
   <div class='ocr_carea' id='block_1_2' title="bbox 1493 287 2385 344">
    <p class='ocr_par' dir='ltr' id='par_1_2' title="bbox 1493 287 2385 344">
     <span class='ocr_line' id='line_1_2' title="bbox 1493 287 2385 344; baseline 0 -5"><span class='ocrx_word' id='word_1_2' title='bbox 1493 287 1956 344; x_wconf 73' lang='lat' dir='ltr'>DECRETALIUM</span> <span class='ocrx_word' id='word_1_3' title='bbox 1996 288 2385 342; x_wconf 82' lang='lat' dir='ltr'>COLLECTIO.</span> 
     </span>
    </p>
   </div>
   <div class='ocr_carea' id='block_1_3' title="bbox 3510 291 3639 343">
    <p class='ocr_par' dir='ltr' id='par_1_3' title="bbox 3510 291 3639 343">
     <span class='ocr_line' id='line_1_3' title="bbox 3510 291 3639 343; baseline 0.008 -1"><span class='ocrx_word' id='word_1_4' title='bbox 3510 291 3639 343; x_wconf 77' lang='lat'>“06</span> 
     </span>
    </p>
   </div>
   <div class='ocr_carea' id='block_1_4' title="bbox 274 394 3638 480">
    <p class='ocr_par' dir='ltr' id='par_1_4' title="bbox 274 394 3638 480">
     <span class='ocr_line' id='line_1_4' title="bbox 274 394 3638 480; baseline 0 -29"><span class='ocrx_word' id='word_1_5' title='bbox 274 395 618 451; x_wconf 80' lang='lat' dir='ltr'>latrantibus</span> <span class='ocrx_word' id='word_1_6' title='bbox 637 394 785 449; x_wconf 88' lang='lat' dir='ltr'>curis</span> <span class='ocrx_word' id='word_1_7' title='bbox 812 395 1218 465; x_wconf 79' lang='lat' dir='ltr'>temporalibus</span> <span class='ocrx_word' id='word_1_8' title='bbox 1223 396 1342 465; x_wconf 91' lang='lat' dir='ltr'>jam</span> <span class='ocrx_word' id='word_1_9' title='bbox 1357 412 1506 466; x_wconf 92' lang='lat' dir='ltr'>pene</span> <span class='ocrx_word' id='word_1_10' title='bbox 1522 397 1592 451; x_wconf 92' lang='lat' dir='ltr'>ad</span> <span class='ocrx_word' id='word_1_11' title='bbox 1613 401 1906 468; x_wconf 84' lang='lat' dir='ltr'>stuporem</span> <span class='ocrx_word' id='word_1_12' title='bbox 1928 407 1986 480; x_wconf 80' lang='grc' dir='ltr'><strong>Α</strong></span> <span class='ocrx_word' id='word_1_13' title='bbox 2007 397 2160 452; x_wconf 85' lang='lat' dir='ltr'>valeo</span> <span class='ocrx_word' id='word_1_14' title='bbox 2188 402 2469 468; x_wconf 90' lang='lat' dir='ltr'>quantum</span> <span class='ocrx_word' id='word_1_15' title='bbox 2501 401 2595 450; x_wconf 90' lang='lat' dir='ltr'>tuo</span> <span class='ocrx_word' id='word_1_16' title='bbox 2628 413 2821 468; x_wconf 90' lang='lat' dir='ltr'>opere,</span> <span class='ocrx_word' id='word_1_17' title='bbox 2855 401 2950 452; x_wconf 89' lang='lat' dir='ltr'>tua</span> <span class='ocrx_word' id='word_1_18' title='bbox 2977 398 3089 452; x_wconf 91' lang='lat' dir='ltr'>vita</span> <span class='ocrx_word' id='word_1_19' title='bbox 3119 398 3388 453; x_wconf 89' lang='lat' dir='ltr'>delector.</span> <span class='ocrx_word' id='word_1_20' title='bbox 3433 398 3638 453; x_wconf 83' lang='lat' dir='ltr'>Audita</span> 
     </span>
    </p>
   </div>
   <div class='ocr_carea' id='block_1_5' title="bbox 275 488 1908 559">
    <p class='ocr_par' dir='ltr' id='par_1_5' title="bbox 275 488 1908 559">
     <span class='ocr_line' id='line_1_5' title="bbox 275 488 1908 559; baseline 0.001 -15"><span class='ocrx_word' id='word_1_21' title='bbox 275 489 527 544; x_wconf 89' lang='lat' dir='ltr'>deducta</span> <span class='ocrx_word' id='word_1_22' title='bbox 571 488 813 559; x_wconf 91' lang='lat' dir='ltr'>cogitur,</span> <span class='ocrx_word' id='word_1_23' title='bbox 843 488 1014 543; x_wconf 92' lang='lat' dir='ltr'>modo</span> <span class='ocrx_word' id='word_1_24' title='bbox 1045 492 1271 543; x_wconf 88' lang='lat' dir='ltr'>terrena</span> <span class='ocrx_word' id='word_1_25' title='bbox 1309 505 1498 559; x_wconf 88' lang='lat' dir='ltr'>agere,</span> <span class='ocrx_word' id='word_1_26' title='bbox 1529 491 1700 546; x_wconf 90' lang='lat' dir='ltr'>modo</span> <span class='ocrx_word' id='word_1_27' title='bbox 1736 491 1908 546; x_wconf 91' lang='lat' dir='ltr'>etiam</span> 
     </span>
    </p>
   </div>
   <div class='ocr_carea' id='block_1_6' title="bbox 275 581 1908 655">
    <p class='ocr_par' dir='ltr' id='par_1_6' title="bbox 275 581 1908 655">
     <span class='ocr_line' id='line_1_6' title="bbox 275 581 1908 655; baseline 0.001 -16"><span class='ocrx_word' id='word_1_28' title='bbox 275 583 527 639; x_wconf 86' lang='lat' dir='ltr'>carnalia</span> <span class='ocrx_word' id='word_1_29' title='bbox 543 582 873 653; x_wconf 82' lang='lat' dir='ltr'>dispensare</span> <span class='ocrx_word' id='word_1_30' title='bbox 893 599 906 648; x_wconf 93' lang='lat'><strong>;</strong></span> <span class='ocrx_word' id='word_1_31' title='bbox 927 581 1232 654; x_wconf 80' lang='lat' dir='ltr'>aliquando</span> <span class='ocrx_word' id='word_1_32' title='bbox 1246 599 1381 638; x_wconf 91' lang='lat' dir='ltr'>vero</span> <span class='ocrx_word' id='word_1_33' title='bbox 1397 583 1622 640; x_wconf 83' lang='lat' dir='ltr'>fastidio</span> <span class='ocrx_word' id='word_1_34' title='bbox 1641 585 1908 655; x_wconf 77' lang='lat' dir='ltr'>exigente</span> 
     </span>
    </p>
   </div>
   <div class='ocr_carea' id='block_1_7' title="bbox 276 675 1907 748">
    <p class='ocr_par' dir='ltr' id='par_1_7' title="bbox 276 675 1907 748">
     <span class='ocr_line' id='line_1_7' title="bbox 276 675 1907 748; baseline 0.001 -16"><span class='ocrx_word' id='word_1_35' title='bbox 276 677 641 748; x_wconf 82' lang='lat' dir='ltr'>compellitur</span> <span class='ocrx_word' id='word_1_36' title='bbox 679 675 946 748; x_wconf 68' lang='lat' dir='ltr'>quaedam</span> <span class='ocrx_word' id='word_1_37' title='bbox 992 676 1163 731; x_wconf 92' lang='lat' dir='ltr'>etiam</span> <span class='ocrx_word' id='word_1_38' title='bbox 1205 693 1334 731; x_wconf 90' lang='lat' dir='ltr'>cum</span> <span class='ocrx_word' id='word_1_39' title='bbox 1377 677 1540 748; x_wconf 91' lang='lat' dir='ltr'>culpa</span> <span class='ocrx_word' id='word_1_40' title='bbox 1582 679 1907 748; x_wconf 82' lang='lat' dir='ltr'>disponere.</span> 
     </span>
    </p>
   </div>
   <div class='ocr_carea' id='block_1_8' title="bbox 278 769 1908 843">
    <p class='ocr_par' dir='ltr' id='par_1_8' title="bbox 278 769 1908 843">
     <span class='ocr_line' id='line_1_8' title="bbox 278 769 1908 843; baseline 0.002 -19"><span class='ocrx_word' id='word_1_41' title='bbox 278 771 427 834; x_wconf 91' lang='lat' dir='ltr'>Quid</span> <span class='ocrx_word' id='word_1_42' title='bbox 459 771 641 824; x_wconf 82' lang='lat' dir='ltr'>multa</span> <span class='ocrx_word' id='word_1_43' title='bbox 679 769 924 841; x_wconf 86' lang='lat' dir='ltr'>loquar?</span> <span class='ocrx_word' id='word_1_44' title='bbox 963 769 1115 824; x_wconf 86' lang='lat' dir='ltr'>Victa</span> <span class='ocrx_word' id='word_1_45' title='bbox 1150 786 1253 824; x_wconf 90' lang='lat' dir='ltr'>suo</span> <span class='ocrx_word' id='word_1_46' title='bbox 1285 771 1536 841; x_wconf 89' lang='lat' dir='ltr'>pondere</span> <span class='ocrx_word' id='word_1_47' title='bbox 1571 772 1908 843; x_wconf 91' lang='lat' dir='ltr'>sanguinem</span> 
     </span>
    </p>
   </div>
   <div class='ocr_carea' id='block_1_9' title="bbox 277 863 1908 936">
    <p class='ocr_par' dir='ltr' id='par_1_9' title="bbox 277 863 1908 936">
     <span class='ocr_line' id='line_1_9' title="bbox 277 863 1908 936; baseline 0.002 -18"><span class='ocrx_word' id='word_1_48' title='bbox 277 865 476 930; x_wconf 90' lang='lat' dir='ltr'>sudat;</span> <span class='ocrx_word' id='word_1_49' title='bbox 509 863 616 918; x_wconf 88' lang='lat' dir='ltr'>nisi</span> <span class='ocrx_word' id='word_1_50' title='bbox 633 863 785 918; x_wconf 91' lang='lat' dir='ltr'>enim</span> <span class='ocrx_word' id='word_1_51' title='bbox 804 863 1101 932; x_wconf 81' lang='lat' dir='ltr'>sanguinis</span> <span class='ocrx_word' id='word_1_52' title='bbox 1119 865 1351 920; x_wconf 88' lang='lat' dir='ltr'>nomine</span> <span class='ocrx_word' id='word_1_53' title='bbox 1377 865 1542 936; x_wconf 90' lang='lat' dir='ltr'>culpa</span> <span class='ocrx_word' id='word_1_54' title='bbox 1559 872 1908 935; x_wconf 81' lang='lat' dir='ltr'>censeretur,</span> 
     </span>
    </p>
   </div>
   <div class='ocr_carea' id='block_1_10' title="bbox 277 957 1908 1031">
    <p class='ocr_par' dir='ltr' id='par_1_10' title="bbox 277 957 1908 1031">
     <span class='ocr_line' id='line_1_10' title="bbox 277 957 1908 1031; baseline 0.002 -20"><span class='ocrx_word' id='word_1_55' title='bbox 277 957 572 1012; x_wconf 87' lang='lat' dir='ltr'>Psalmista</span> <span class='ocrx_word' id='word_1_56' title='bbox 606 974 723 1012; x_wconf 90' lang='lat' dir='ltr'>non</span> <span class='ocrx_word' id='word_1_57' title='bbox 762 957 976 1012; x_wconf 86' lang='lat' dir='ltr'>diceret</span> <span class='ocrx_word' id='word_1_58' title='bbox 1008 974 1020 1012; x_wconf 93' lang='lat'>:</span> <span class='ocrx_word' id='word_1_59' title='bbox 1056 980 1082 1007; x_wconf 84' lang='grc'><strong>‹‹</strong></span> <span class='ocrx_word' id='word_1_60' title='bbox 1113 958 1317 1013; x_wconf 88' lang='lat' dir='ltr'>Libera</span> <span class='ocrx_word' id='word_1_61' title='bbox 1361 975 1454 1014; x_wconf 91' lang='lat' dir='ltr'>me</span> <span class='ocrx_word' id='word_1_62' title='bbox 1497 959 1570 1013; x_wconf 92' lang='lat' dir='ltr'>de</span> <span class='ocrx_word' id='word_1_63' title='bbox 1615 960 1908 1031; x_wconf 89' lang='lat' dir='ltr'>sanguini-</span> 
     </span>
    </p>
   </div>
   <div class='ocr_carea' id='block_1_11' title="bbox 276 1051 1908 1125">
    <p class='ocr_par' dir='ltr' id='par_1_11' title="bbox 276 1051 1908 1125">
     <span class='ocr_line' id='line_1_11' title="bbox 276 1051 1908 1125; baseline 0.002 -20"><span class='ocrx_word' id='word_1_64' title='bbox 276 1051 382 1105; x_wconf 88' lang='lat' dir='ltr'>bus</span> <span class='ocrx_word' id='word_1_65' title='bbox 412 1051 580 1106; x_wconf 83' lang='lat' dir='ltr'>(Psal.</span> <span class='ocrx_word' id='word_1_66' title='bbox 610 1068 660 1120; x_wconf 74' lang='grc' dir='ltr'>ι,</span> <span class='ocrx_word' id='word_1_67' title='bbox 698 1052 803 1120; x_wconf 87' lang='lat' dir='ltr'>l6).</span> <span class='ocrx_word' id='word_1_68' title='bbox 833 1070 860 1102; x_wconf 85' lang='lat'><strong>»</strong></span> <span class='ocrx_word' id='word_1_69' title='bbox 897 1052 1040 1106; x_wconf 86' lang='lat' dir='ltr'>Cum</span> <span class='ocrx_word' id='word_1_70' title='bbox 1081 1068 1215 1106; x_wconf 90' lang='lat' dir='ltr'>vero</span> <span class='ocrx_word' id='word_1_71' title='bbox 1259 1052 1451 1124; x_wconf 88' lang='lat' dir='ltr'>culpas</span> <span class='ocrx_word' id='word_1_72' title='bbox 1491 1053 1672 1124; x_wconf 88' lang='lat' dir='ltr'>culpis</span> <span class='ocrx_word' id='word_1_73' title='bbox 1711 1054 1908 1125; x_wconf 91' lang='lat' dir='ltr'>jungi-</span> 
     </span>
    </p>
   </div>
   <div class='ocr_carea' id='block_1_12' title="bbox 278 1145 1910 1218">
    <p class='ocr_par' dir='ltr' id='par_1_12' title="bbox 278 1145 1910 1218">
     <span class='ocr_line' id='line_1_12' title="bbox 278 1145 1910 1218; baseline 0.002 -20"><span class='ocrx_word' id='word_1_74' title='bbox 278 1161 427 1211; x_wconf 88' lang='lat' dir='ltr'>mus,</span> <span class='ocrx_word' id='word_1_75' title='bbox 454 1145 560 1199; x_wconf 90' lang='lat' dir='ltr'>hoc</span> <span class='ocrx_word' id='word_1_76' title='bbox 582 1160 812 1216; x_wconf 89' lang='lat' dir='ltr'>quoque</span> <span class='ocrx_word' id='word_1_77' title='bbox 838 1145 989 1216; x_wconf 90' lang='lat' dir='ltr'>quod</span> <span class='ocrx_word' id='word_1_78' title='bbox 1011 1161 1113 1217; x_wconf 91' lang='lat' dir='ltr'>per</span> <span class='ocrx_word' id='word_1_79' title='bbox 1131 1145 1309 1200; x_wconf 90' lang='lat' dir='ltr'>alium</span> <span class='ocrx_word' id='word_1_80' title='bbox 1337 1147 1675 1218; x_wconf 83' lang='lat' dir='ltr'>prophetam</span> <span class='ocrx_word' id='word_1_81' title='bbox 1695 1148 1910 1202; x_wconf 91' lang='lat' dir='ltr'>dictum</span> 
     </span>
    </p>
   </div>
   <div class='ocr_carea' id='block_1_13' title="bbox 279 1238 1907 1312">
    <p class='ocr_par' dir='ltr' id='par_1_13' title="bbox 279 1238 1907 1312">
     <span class='ocr_line' id='line_1_13' title="bbox 279 1238 1907 1312; baseline 0.002 -21"><span class='ocrx_word' id='word_1_82' title='bbox 279 1241 384 1302; x_wconf 89' lang='lat' dir='ltr'>est,</span> <span class='ocrx_word' id='word_1_83' title='bbox 418 1238 726 1309; x_wconf 92' lang='lat' dir='ltr'>implemus</span> <span class='ocrx_word' id='word_1_84' title='bbox 761 1255 774 1292; x_wconf 87' lang='lat'>:</span> <span class='ocrx_word' id='word_1_85' title='bbox 809 1259 836 1286; x_wconf 85' lang='lat'><strong>«</strong></span> <span class='ocrx_word' id='word_1_86' title='bbox 879 1238 1124 1310; x_wconf 80' lang='lat' dir='ltr'>Sanguis</span> <span class='ocrx_word' id='word_1_87' title='bbox 1169 1239 1510 1311; x_wconf 87' lang='lat' dir='ltr'>sanguinem</span> <span class='ocrx_word' id='word_1_88' title='bbox 1554 1241 1743 1312; x_wconf 80' lang='lat' dir='ltr'>tetigit</span> <span class='ocrx_word' id='word_1_89' title='bbox 1773 1241 1907 1310; x_wconf 89' lang='lat' dir='ltr'>(Ose.</span> 
     </span>
    </p>
   </div>
   <div class='ocr_carea' id='block_1_14' title="bbox 276 1331 1908 1405">
    <p class='ocr_par' dir='ltr' id='par_1_14' title="bbox 276 1331 1908 1405">
     <span class='ocr_line' id='line_1_14' title="bbox 276 1331 1908 1405; baseline 0.001 -19"><span class='ocrx_word' id='word_1_90' title='bbox 276 1347 351 1398; x_wconf 71' lang='grc' dir='ltr'>ιν,</span> <span class='ocrx_word' id='word_1_91' title='bbox 382 1332 456 1400; x_wconf 79' lang='lat'>2).</span> <span class='ocrx_word' id='word_1_92' title='bbox 497 1353 524 1380; x_wconf 89' lang='grc'><strong>››</strong></span> <span class='ocrx_word' id='word_1_93' title='bbox 556 1331 793 1401; x_wconf 85' lang='lat' dir='ltr'>Sanguis</span> <span class='ocrx_word' id='word_1_94' title='bbox 836 1332 989 1386; x_wconf 90' lang='lat' dir='ltr'>enim</span> <span class='ocrx_word' id='word_1_95' title='bbox 1033 1333 1371 1404; x_wconf 90' lang='lat' dir='ltr'>sanguinem</span> <span class='ocrx_word' id='word_1_96' title='bbox 1409 1337 1643 1405; x_wconf 89' lang='lat' dir='ltr'>tangere</span> <span class='ocrx_word' id='word_1_97' title='bbox 1682 1335 1908 1403; x_wconf 90' lang='lat' dir='ltr'>dicitur,</span> 
     </span>
    </p>
   </div>
   <div class='ocr_carea' id='block_1_15' title="bbox 277 1425 1912 1499">
    <p class='ocr_par' dir='ltr' id='par_1_15' title="bbox 277 1425 1912 1499">
     <span class='ocr_line' id='line_1_15' title="bbox 277 1425 1912 1499; baseline 0.002 -20"><span class='ocrx_word' id='word_1_98' title='bbox 277 1442 410 1479; x_wconf 91' lang='lat' dir='ltr'>cum</span> <span class='ocrx_word' id='word_1_99' title='bbox 441 1425 610 1496; x_wconf 90' lang='lat' dir='ltr'>culpa</span> <span class='ocrx_word' id='word_1_100' title='bbox 635 1426 815 1496; x_wconf 60' lang='lat' dir='ltr'>culpae</span> <span class='ocrx_word' id='word_1_101' title='bbox 838 1425 1191 1497; x_wconf 89' lang='lat' dir='ltr'>adjungitur,</span> <span class='ocrx_word' id='word_1_102' title='bbox 1222 1430 1282 1480; x_wconf 93' lang='lat' dir='ltr'>ut</span> <span class='ocrx_word' id='word_1_103' title='bbox 1308 1427 1623 1499; x_wconf 85' lang='lat' dir='ltr'>iniquitatis</span> <span class='ocrx_word' id='word_1_104' title='bbox 1653 1429 1912 1483; x_wconf 88' lang='lat' dir='ltr'>cumulus</span> 
     </span>
    </p>
   </div>
   <div class='ocr_carea' id='block_1_16' title="bbox 278 1519 1910 1593">
    <p class='ocr_par' dir='ltr' id='par_1_16' title="bbox 278 1519 1910 1593">
     <span class='ocr_line' id='line_1_16' title="bbox 278 1519 1910 1593; baseline 0.002 -20"><span class='ocrx_word' id='word_1_105' title='bbox 278 1519 711 1590; x_wconf 85' lang='lat' dir='ltr'>multiplicetur.</span> <span class='ocrx_word' id='word_1_106' title='bbox 769 1520 876 1576; x_wconf 88' lang='lat' dir='ltr'>Sed</span> <span class='ocrx_word' id='word_1_107' title='bbox 929 1519 1080 1575; x_wconf 87' lang='lat' dir='ltr'>inter</span> <span class='ocrx_word' id='word_1_108' title='bbox 1132 1521 1254 1576; x_wconf 71' lang='lat' dir='ltr'>haec</span> <span class='ocrx_word' id='word_1_109' title='bbox 1297 1537 1401 1591; x_wconf 90' lang='lat' dir='ltr'>per</span> <span class='ocrx_word' id='word_1_110' title='bbox 1451 1521 1910 1593; x_wconf 88' lang='lat' dir='ltr'>omnipotentem</span> 
     </span>
    </p>
   </div>
   <div class='ocr_carea' id='block_1_17' title="bbox 277 1613 1910 1688">
    <p class='ocr_par' dir='ltr' id='par_1_17' title="bbox 277 1613 1910 1688">
     <span class='ocr_line' id='line_1_17' title="bbox 277 1613 1910 1688; baseline 0.004 -22"><span class='ocrx_word' id='word_1_111' title='bbox 277 1613 458 1667; x_wconf 91' lang='lat' dir='ltr'>Deum</span> <span class='ocrx_word' id='word_1_112' title='bbox 489 1613 762 1684; x_wconf 90' lang='lat' dir='ltr'>deprecor</span> <span class='ocrx_word' id='word_1_113' title='bbox 786 1613 846 1668; x_wconf 91' lang='lat' dir='ltr'>in</span> <span class='ocrx_word' id='word_1_114' title='bbox 883 1613 1328 1684; x_wconf 84' lang='lat' dir='ltr'>perturbationis</span> <span class='ocrx_word' id='word_1_115' title='bbox 1363 1615 1627 1670; x_wconf 89' lang='lat' dir='ltr'>ﬂuctibus</span> <span class='ocrx_word' id='word_1_116' title='bbox 1666 1617 1910 1688; x_wconf 87' lang='lat' dir='ltr'>elapsus,</span> 
     </span>
    </p>
   </div>
   <div class='ocr_carea' id='block_1_18' title="bbox 277 1707 1910 1781">
    <p class='ocr_par' dir='ltr' id='par_1_18' title="bbox 277 1707 1910 1781">
     <span class='ocr_line' id='line_1_18' title="bbox 277 1707 1910 1781; baseline 0.004 -22"><span class='ocrx_word' id='word_1_117' title='bbox 277 1711 392 1760; x_wconf 62' lang='lat' dir='ltr'>tua;</span> <span class='ocrx_word' id='word_1_118' title='bbox 423 1707 701 1762; x_wconf 90' lang='lat' dir='ltr'>orationis</span> <span class='ocrx_word' id='word_1_119' title='bbox 737 1723 975 1762; x_wconf 90' lang='lat' dir='ltr'>manum</span> <span class='ocrx_word' id='word_1_120' title='bbox 1016 1708 1279 1762; x_wconf 88' lang='lat' dir='ltr'>sentiam.</span> <span class='ocrx_word' id='word_1_121' title='bbox 1320 1709 1546 1763; x_wconf 88' lang='lat' dir='ltr'>Etenim</span> <span class='ocrx_word' id='word_1_122' title='bbox 1589 1711 1749 1781; x_wconf 90' lang='lat' dir='ltr'>quasi</span> <span class='ocrx_word' id='word_1_123' title='bbox 1774 1727 1910 1781; x_wconf 84' lang='lat' dir='ltr'>pro-</span> 
     </span>
    </p>
   </div>
   <div class='ocr_carea' id='block_1_19' title="bbox 279 1774 1989 1873">
    <p class='ocr_par' dir='ltr' id='par_1_19' title="bbox 279 1774 1989 1873">
     <span class='ocr_line' id='line_1_19' title="bbox 279 1774 1989 1873; baseline 0.004 -21"><span class='ocrx_word' id='word_1_124' title='bbox 279 1815 445 1871; x_wconf 86' lang='lat' dir='ltr'>spero</span> <span class='ocrx_word' id='word_1_125' title='bbox 487 1801 624 1854; x_wconf 88' lang='lat' dir='ltr'>ﬂatu</span> <span class='ocrx_word' id='word_1_126' title='bbox 670 1800 1010 1872; x_wconf 90' lang='lat' dir='ltr'>navigabam</span> <span class='ocrx_word' id='word_1_127' title='bbox 1052 1817 1185 1855; x_wconf 90' lang='lat' dir='ltr'>cum</span> <span class='ocrx_word' id='word_1_128' title='bbox 1228 1774 1809 1873; x_wconf 45' lang='lat' dir='ltr'>tranquillam-vitam</span> <span class='ocrx_word' id='word_1_129' title='bbox 1854 1774 1989 1858; x_wconf 87' lang='lat' dir='ltr'>inB</span> 
     </span>
    </p>
   </div>
   <div class='ocr_carea' id='block_1_20' title="bbox 278 1894 1914 1965">
    <p class='ocr_par' dir='ltr' id='par_1_20' title="bbox 278 1894 1914 1965">
     <span class='ocr_line' id='line_1_20' title="bbox 278 1894 1914 1965; baseline 0.003 -19"><span class='ocrx_word' id='word_1_130' title='bbox 278 1894 629 1948; x_wconf 84' lang='lat' dir='ltr'>monasterio</span> <span class='ocrx_word' id='word_1_131' title='bbox 671 1910 924 1964; x_wconf 84' lang='lat' dir='ltr'>agerem,</span> <span class='ocrx_word' id='word_1_132' title='bbox 955 1895 1052 1950; x_wconf 91' lang='lat' dir='ltr'>sed</span> <span class='ocrx_word' id='word_1_133' title='bbox 1087 1895 1412 1965; x_wconf 89' lang='lat' dir='ltr'>procellosis</span> <span class='ocrx_word' id='word_1_134' title='bbox 1451 1896 1636 1951; x_wconf 89' lang='lat' dir='ltr'>subito</span> <span class='ocrx_word' id='word_1_135' title='bbox 1664 1897 1914 1952; x_wconf 90' lang='lat' dir='ltr'>motibus</span> 
     </span>
    </p>
   </div>
   <div class='ocr_carea' id='block_1_21' title="bbox 277 1987 1910 2062">
    <p class='ocr_par' dir='ltr' id='par_1_21' title="bbox 277 1987 1910 2062">
     <span class='ocr_line' id='line_1_21' title="bbox 277 1987 1910 2062; baseline 0.004 -23"><span class='ocrx_word' id='word_1_136' title='bbox 277 1989 588 2058; x_wconf 88' lang='lat' dir='ltr'>tempestas</span> <span class='ocrx_word' id='word_1_137' title='bbox 623 1988 681 2040; x_wconf 91' lang='lat' dir='ltr'>in</span> <span class='ocrx_word' id='word_1_138' title='bbox 715 2005 816 2042; x_wconf 90' lang='lat' dir='ltr'>sua</span> <span class='ocrx_word' id='word_1_139' title='bbox 860 1987 1290 2059; x_wconf 87' lang='lat' dir='ltr'>perturbatione</span> <span class='ocrx_word' id='word_1_140' title='bbox 1331 2005 1422 2042; x_wconf 90' lang='lat' dir='ltr'>me</span> <span class='ocrx_word' id='word_1_141' title='bbox 1454 1991 1663 2060; x_wconf 90' lang='lat' dir='ltr'>rapuit,</span> <span class='ocrx_word' id='word_1_142' title='bbox 1695 1995 1750 2044; x_wconf 91' lang='lat' dir='ltr'>et</span> <span class='ocrx_word' id='word_1_143' title='bbox 1779 2008 1910 2062; x_wconf 87' lang='lat' dir='ltr'>pro-</span> 
     </span>
    </p>
   </div>
   <div class='ocr_carea' id='block_1_22' title="bbox 276 2079 1914 2154">
    <p class='ocr_par' dir='ltr' id='par_1_22' title="bbox 276 2079 1914 2154">
     <span class='ocr_line' id='line_1_22' title="bbox 276 2079 1914 2154; baseline 0.003 -21"><span class='ocrx_word' id='word_1_144' title='bbox 276 2079 609 2150; x_wconf 88' lang='lat' dir='ltr'>speritatem</span> <span class='ocrx_word' id='word_1_145' title='bbox 630 2080 848 2135; x_wconf 87' lang='lat' dir='ltr'>itineris</span> <span class='ocrx_word' id='word_1_146' title='bbox 873 2082 1056 2151; x_wconf 89' lang='lat' dir='ltr'>amisi,</span> <span class='ocrx_word' id='word_1_147' title='bbox 1078 2081 1214 2154; x_wconf 87' lang='lat' dir='ltr'>quia</span> <span class='ocrx_word' id='word_1_148' title='bbox 1235 2081 1424 2154; x_wconf 89' lang='lat' dir='ltr'>quiete</span> <span class='ocrx_word' id='word_1_149' title='bbox 1441 2083 1688 2154; x_wconf 90' lang='lat' dir='ltr'>perdita,</span> <span class='ocrx_word' id='word_1_150' title='bbox 1706 2085 1914 2138; x_wconf 90' lang='lat' dir='ltr'>mentis</span> 
     </span>
    </p>
   </div>
   <div class='ocr_carea' id='block_1_23' title="bbox 278 2173 1914 2245">
    <p class='ocr_par' dir='ltr' id='par_1_23' title="bbox 278 2173 1914 2245">
     <span class='ocr_line' id='line_1_23' title="bbox 278 2173 1914 2245; baseline 0.004 -19"><span class='ocrx_word' id='word_1_151' title='bbox 278 2173 648 2243; x_wconf 86' lang='lat' dir='ltr'>naufragium</span> <span class='ocrx_word' id='word_1_152' title='bbox 675 2175 902 2245; x_wconf 88' lang='lat' dir='ltr'>pertuli.</span> <span class='ocrx_word' id='word_1_153' title='bbox 937 2177 1007 2229; x_wconf 82' lang='lat' dir='ltr'>At</span> <span class='ocrx_word' id='word_1_154' title='bbox 1033 2192 1184 2230; x_wconf 90' lang='lat' dir='ltr'>nunc</span> <span class='ocrx_word' id='word_1_155' title='bbox 1209 2176 1267 2229; x_wconf 94' lang='lat' dir='ltr'>in</span> <span class='ocrx_word' id='word_1_156' title='bbox 1298 2176 1460 2231; x_wconf 90' lang='lat' dir='ltr'>undis</span> <span class='ocrx_word' id='word_1_157' title='bbox 1490 2193 1708 2245; x_wconf 88' lang='lat' dir='ltr'>versor,</span> <span class='ocrx_word' id='word_1_158' title='bbox 1724 2183 1780 2232; x_wconf 91' lang='lat' dir='ltr'>et</span> <span class='ocrx_word' id='word_1_159' title='bbox 1801 2183 1914 2232; x_wconf 52' lang='lat' dir='ltr'>tua).</span> 
     </span>
    </p>
   </div>
   <div class='ocr_carea' id='block_1_24' title="bbox 274 2267 1914 2342">
    <p class='ocr_par' dir='ltr' id='par_1_24' title="bbox 274 2267 1914 2342">
     <span class='ocr_line' id='line_1_24' title="bbox 274 2267 1914 2342; baseline 0.004 -23"><span class='ocrx_word' id='word_1_160' title='bbox 274 2267 698 2321; x_wconf 87' lang='lat' dir='ltr'>intercessionis</span> <span class='ocrx_word' id='word_1_161' title='bbox 741 2267 996 2322; x_wconf 88' lang='lat' dir='ltr'>tabulam</span> <span class='ocrx_word' id='word_1_162' title='bbox 1043 2285 1258 2340; x_wconf 71' lang='lat' dir='ltr'>qumro,</span> <span class='ocrx_word' id='word_1_163' title='bbox 1289 2273 1354 2323; x_wconf 91' lang='lat' dir='ltr'>ut</span> <span class='ocrx_word' id='word_1_164' title='bbox 1393 2269 1489 2340; x_wconf 88' lang='lat' dir='ltr'>qui</span> <span class='ocrx_word' id='word_1_165' title='bbox 1522 2270 1653 2324; x_wconf 87' lang='lat' dir='ltr'>navi</span> <span class='ocrx_word' id='word_1_166' title='bbox 1692 2270 1914 2342; x_wconf 87' lang='lat' dir='ltr'>integra</span> 
     </span>
    </p>
   </div>
   <div class='ocr_carea' id='block_1_25' title="bbox 275 2360 1913 2434">
    <p class='ocr_par' dir='ltr' id='par_1_25' title="bbox 275 2360 1913 2434">
     <span class='ocr_line' id='line_1_25' title="bbox 275 2360 1913 2434; baseline 0.004 -22"><span class='ocrx_word' id='word_1_167' title='bbox 275 2360 432 2414; x_wconf 85' lang='lat' dir='ltr'>dives</span> <span class='ocrx_word' id='word_1_168' title='bbox 459 2361 756 2431; x_wconf 89' lang='lat' dir='ltr'>pervenire</span> <span class='ocrx_word' id='word_1_169' title='bbox 795 2378 912 2416; x_wconf 90' lang='lat' dir='ltr'>non</span> <span class='ocrx_word' id='word_1_170' title='bbox 958 2362 1167 2428; x_wconf 90' lang='lat' dir='ltr'>merui,</span> <span class='ocrx_word' id='word_1_171' title='bbox 1200 2363 1398 2417; x_wconf 88' lang='lat' dir='ltr'>saltem</span> <span class='ocrx_word' id='word_1_172' title='bbox 1442 2368 1567 2434; x_wconf 90' lang='lat' dir='ltr'>post</span> <span class='ocrx_word' id='word_1_173' title='bbox 1607 2364 1813 2418; x_wconf 91' lang='lat' dir='ltr'>damna</span> <span class='ocrx_word' id='word_1_174' title='bbox 1843 2366 1913 2420; x_wconf 91' lang='lat' dir='ltr'>ad</span> 
     </span>
    </p>
   </div>
   <div class='ocr_carea' id='block_1_26' title="bbox 279 2453 1912 2527">
    <p class='ocr_par' dir='ltr' id='par_1_26' title="bbox 279 2453 1912 2527">
     <span class='ocr_line' id='line_1_26' title="bbox 279 2453 1912 2527; baseline 0.004 -21"><span class='ocrx_word' id='word_1_175' title='bbox 279 2453 437 2508; x_wconf 86' lang='lat' dir='ltr'>littus</span> <span class='ocrx_word' id='word_1_176' title='bbox 467 2471 568 2524; x_wconf 93' lang='lat' dir='ltr'>per</span> <span class='ocrx_word' id='word_1_177' title='bbox 593 2455 849 2509; x_wconf 89' lang='lat' dir='ltr'>tabulam</span> <span class='ocrx_word' id='word_1_178' title='bbox 883 2455 1137 2510; x_wconf 90' lang='lat' dir='ltr'>reducar.</span> <span class='ocrx_word' id='word_1_179' title='bbox 1171 2457 1248 2510; x_wconf 92' lang='lat' dir='ltr'>De</span> <span class='ocrx_word' id='word_1_180' title='bbox 1276 2457 1539 2527; x_wconf 76' lang='lat' dir='ltr'>podagrae</span> <span class='ocrx_word' id='word_1_181' title='bbox 1571 2473 1703 2512; x_wconf 89' lang='lat' dir='ltr'>vero</span> <span class='ocrx_word' id='word_1_182' title='bbox 1732 2459 1912 2513; x_wconf 88' lang='lat' dir='ltr'>mole-</span> 
     </span>
    </p>
   </div>
   <div class='ocr_carea' id='block_1_27' title="bbox 277 2547 1909 2622">
    <p class='ocr_par' dir='ltr' id='par_1_27' title="bbox 277 2547 1909 2622">
     <span class='ocr_line' id='line_1_27' title="bbox 277 2547 1909 2622; baseline 0.004 -22"><span class='ocrx_word' id='word_1_183' title='bbox 277 2548 391 2601; x_wconf 88' lang='lat' dir='ltr'>stia</span> <span class='ocrx_word' id='word_1_184' title='bbox 415 2547 679 2602; x_wconf 85' lang='lat' dir='ltr'>sanctitas</span> <span class='ocrx_word' id='word_1_185' title='bbox 708 2552 914 2617; x_wconf 90' lang='lat' dir='ltr'>vestra,</span> <span class='ocrx_word' id='word_1_186' title='bbox 947 2553 1012 2602; x_wconf 89' lang='lat' dir='ltr'>ut</span> <span class='ocrx_word' id='word_1_187' title='bbox 1040 2549 1258 2616; x_wconf 90' lang='lat' dir='ltr'>scribit,</span> <span class='ocrx_word' id='word_1_188' title='bbox 1288 2549 1584 2620; x_wconf 86' lang='lat' dir='ltr'>afﬂigitur,</span> <span class='ocrx_word' id='word_1_189' title='bbox 1617 2552 1779 2622; x_wconf 91' lang='lat' dir='ltr'>cujus</span> <span class='ocrx_word' id='word_1_190' title='bbox 1806 2552 1909 2607; x_wconf 88' lang='lat' dir='ltr'>do-</span> 
     </span>
    </p>
   </div>
   <div class='ocr_carea' id='block_1_28' title="bbox 278 2641 1914 2713">
    <p class='ocr_par' dir='ltr' id='par_1_28' title="bbox 278 2641 1914 2713">
     <span class='ocr_line' id='line_1_28' title="bbox 278 2641 1914 2713; baseline 0.004 -20"><span class='ocrx_word' id='word_1_191' title='bbox 278 2641 400 2694; x_wconf 89' lang='lat' dir='ltr'>lore</span> <span class='ocrx_word' id='word_1_192' title='bbox 446 2641 672 2696; x_wconf 90' lang='lat' dir='ltr'>assiduo</span> <span class='ocrx_word' id='word_1_193' title='bbox 715 2647 770 2696; x_wconf 93' lang='lat' dir='ltr'>et</span> <span class='ocrx_word' id='word_1_194' title='bbox 806 2642 927 2713; x_wconf 91' lang='lat' dir='ltr'>ipse</span> <span class='ocrx_word' id='word_1_195' title='bbox 965 2642 1338 2697; x_wconf 90' lang='lat' dir='ltr'>vehementer</span> <span class='ocrx_word' id='word_1_196' title='bbox 1363 2643 1591 2698; x_wconf 89' lang='lat' dir='ltr'>attritus</span> <span class='ocrx_word' id='word_1_197' title='bbox 1620 2661 1774 2711; x_wconf 89' lang='lat' dir='ltr'>sum;</span> <span class='ocrx_word' id='word_1_198' title='bbox 1816 2647 1914 2700; x_wconf 91' lang='lat' dir='ltr'>sed</span> 
     </span>
    </p>
   </div>
   <div class='ocr_carea' id='block_1_29' title="bbox 277 2734 1916 2809">
    <p class='ocr_par' dir='ltr' id='par_1_29' title="bbox 277 2734 1916 2809">
     <span class='ocr_line' id='line_1_29' title="bbox 277 2734 1916 2809; baseline 0.004 -22"><span class='ocrx_word' id='word_1_199' title='bbox 277 2734 460 2788; x_wconf 88' lang='lat' dir='ltr'>facilis</span> <span class='ocrx_word' id='word_1_200' title='bbox 488 2735 596 2789; x_wconf 90' lang='lat' dir='ltr'>erit</span> <span class='ocrx_word' id='word_1_201' title='bbox 624 2735 953 2803; x_wconf 85' lang='lat' dir='ltr'>consolatio,</span> <span class='ocrx_word' id='word_1_202' title='bbox 984 2735 1030 2788; x_wconf 88' lang='lat' dir='ltr'>si</span> <span class='ocrx_word' id='word_1_203' title='bbox 1060 2735 1209 2790; x_wconf 90' lang='lat' dir='ltr'>inter</span> <span class='ocrx_word' id='word_1_204' title='bbox 1244 2735 1470 2806; x_wconf 88' lang='lat' dir='ltr'>ﬂagella</span> <span class='ocrx_word' id='word_1_205' title='bbox 1507 2755 1635 2808; x_wconf 65' lang='lat' dir='ltr'>quae</span> <span class='ocrx_word' id='word_1_206' title='bbox 1663 2739 1916 2809; x_wconf 89' lang='lat' dir='ltr'>patimur</span> 
     </span>
    </p>
   </div>
   <div class='ocr_carea' id='block_1_30' title="bbox 275 2827 1912 2899">
    <p class='ocr_par' dir='ltr' id='par_1_30' title="bbox 275 2827 1912 2899">
     <span class='ocr_line' id='line_1_30' title="bbox 275 2827 1912 2899; baseline 0.004 -19"><span class='ocrx_word' id='word_1_207' title='bbox 275 2843 521 2897; x_wconf 80' lang='lat' dir='ltr'>quaeque</span> <span class='ocrx_word' id='word_1_208' title='bbox 550 2827 788 2882; x_wconf 87' lang='lat' dir='ltr'>fecimus</span> <span class='ocrx_word' id='word_1_209' title='bbox 831 2828 902 2882; x_wconf 90' lang='lat' dir='ltr'>ad</span> <span class='ocrx_word' id='word_1_210' title='bbox 945 2829 1277 2883; x_wconf 87' lang='lat' dir='ltr'>memoriam</span> <span class='ocrx_word' id='word_1_211' title='bbox 1317 2830 1515 2884; x_wconf 87' lang='lat' dir='ltr'>delicta</span> <span class='ocrx_word' id='word_1_212' title='bbox 1557 2848 1912 2899; x_wconf 90' lang='lat' dir='ltr'>revocamus,</span> 
     </span>
    </p>
   </div>
   <div class='ocr_carea' id='block_1_31' title="bbox 276 2921 1911 2997">
    <p class='ocr_par' dir='ltr' id='par_1_31' title="bbox 276 2921 1911 2997">
     <span class='ocr_line' id='line_1_31' title="bbox 276 2921 1911 2997; baseline 0.004 -24"><span class='ocrx_word' id='word_1_213' title='bbox 276 2924 452 2990; x_wconf 90' lang='lat' dir='ltr'>atque</span> <span class='ocrx_word' id='word_1_214' title='bbox 467 2924 524 2974; x_wconf 92' lang='lat' dir='ltr'>et</span> <span class='ocrx_word' id='word_1_215' title='bbox 541 2937 656 2974; x_wconf 91' lang='lat' dir='ltr'>non</span> <span class='ocrx_word' id='word_1_216' title='bbox 670 2921 795 2991; x_wconf 90' lang='lat' dir='ltr'>jam</span> <span class='ocrx_word' id='word_1_217' title='bbox 816 2921 1065 2992; x_wconf 89' lang='lat' dir='ltr'>ﬂagella,</span> <span class='ocrx_word' id='word_1_218' title='bbox 1081 2923 1179 2976; x_wconf 90' lang='lat' dir='ltr'>sed</span> <span class='ocrx_word' id='word_1_219' title='bbox 1205 2923 1353 2978; x_wconf 92' lang='lat' dir='ltr'>dona</span> <span class='ocrx_word' id='word_1_220' title='bbox 1375 2941 1493 2978; x_wconf 91' lang='lat' dir='ltr'>esse</span> <span class='ocrx_word' id='word_1_221' title='bbox 1513 2925 1911 2997; x_wconf 88' lang='lat' dir='ltr'>conspicimus,</span> 
     </span>
    </p>
   </div>
   <div class='ocr_carea' id='block_1_32' title="bbox 275 3013 1916 3087">
    <p class='ocr_par' dir='ltr' id='par_1_32' title="bbox 275 3013 1916 3087">
     <span class='ocr_line' id='line_1_32' title="bbox 275 3013 1916 3087; baseline 0.006 -22"><span class='ocrx_word' id='word_1_222' title='bbox 275 3013 321 3066; x_wconf 85' lang='lat' dir='ltr'>si</span> <span class='ocrx_word' id='word_1_223' title='bbox 352 3029 480 3084; x_wconf 72' lang='lat' dir='ltr'>quae</span> <span class='ocrx_word' id='word_1_224' title='bbox 507 3015 692 3069; x_wconf 91' lang='lat' dir='ltr'>carnis</span> <span class='ocrx_word' id='word_1_225' title='bbox 719 3015 1090 3071; x_wconf 86' lang='lat' dir='ltr'>delectatione</span> <span class='ocrx_word' id='word_1_226' title='bbox 1117 3017 1494 3087; x_wconf 91' lang='lat' dir='ltr'>peccavimus,</span> <span class='ocrx_word' id='word_1_227' title='bbox 1519 3019 1701 3073; x_wconf 88' lang='lat' dir='ltr'>carnis</span> <span class='ocrx_word' id='word_1_228' title='bbox 1722 3019 1916 3075; x_wconf 90' lang='lat' dir='ltr'>dolore</span> 
     </span>
    </p>
   </div>
   <div class='ocr_carea' id='block_1_33' title="bbox 275 3109 1994 3216">
    <p class='ocr_par' dir='ltr' id='par_1_33' title="bbox 275 3109 1994 3216">
     <span class='ocr_line' id='line_1_33' title="bbox 275 3109 1994 3216; baseline 0.005 -56"><span class='ocrx_word' id='word_1_229' title='bbox 275 3110 620 3178; x_wconf 86' lang='lat' dir='ltr'>purgantur.</span> <span class='ocrx_word' id='word_1_230' title='bbox 670 3109 953 3163; x_wconf 68' lang='lat' dir='ltr'>Prazterea</span> <span class='ocrx_word' id='word_1_231' title='bbox 1005 3125 1072 3164; x_wconf 89' lang='lat' dir='ltr'>ex</span> <span class='ocrx_word' id='word_1_232' title='bbox 1123 3109 1522 3166; x_wconf 89' lang='lat' dir='ltr'>benedictione</span> <span class='ocrx_word' id='word_1_233' title='bbox 1570 3113 1724 3168; x_wconf 90' lang='lat' dir='ltr'>beati</span> <span class='ocrx_word' id='word_1_234' title='bbox 1767 3113 1994 3216; x_wconf 82' lang='lat' dir='ltr'>PetriC</span> 
     </span>
    </p>
   </div>
   <div class='ocr_carea' id='block_1_34' title="bbox 272 3201 1918 3274">
    <p class='ocr_par' dir='ltr' id='par_1_34' title="bbox 272 3201 1918 3274">
     <span class='ocr_line' id='line_1_34' title="bbox 272 3201 1918 3274; baseline 0.006 -22"><span class='ocrx_word' id='word_1_235' title='bbox 272 3201 661 3270; x_wconf 85' lang='lat' dir='ltr'>apostolorum</span> <span class='ocrx_word' id='word_1_236' title='bbox 707 3202 980 3274; x_wconf 87' lang='lat' dir='ltr'>principis</span> <span class='ocrx_word' id='word_1_237' title='bbox 1024 3203 1259 3274; x_wconf 89' lang='lat' dir='ltr'>pallium</span> <span class='ocrx_word' id='word_1_238' title='bbox 1306 3204 1464 3259; x_wconf 90' lang='lat' dir='ltr'>vobis</span> <span class='ocrx_word' id='word_1_239' title='bbox 1500 3206 1918 3261; x_wconf 89' lang='lat' dir='ltr'>transmisimus</span> 
     </span>
    </p>
   </div>
   <div class='ocr_carea' id='block_1_35' title="bbox 274 3294 1919 3362">
    <p class='ocr_par' dir='ltr' id='par_1_35' title="bbox 274 3294 1919 3362">
     <span class='ocr_line' id='line_1_35' title="bbox 274 3294 1919 3362; baseline 0.004 -15"><span class='ocrx_word' id='word_1_240' title='bbox 274 3294 352 3348; x_wconf 89' lang='lat' dir='ltr'>ad</span> <span class='ocrx_word' id='word_1_241' title='bbox 374 3294 492 3348; x_wconf 90' lang='lat' dir='ltr'>sola</span> <span class='ocrx_word' id='word_1_242' title='bbox 508 3294 811 3350; x_wconf 89' lang='lat' dir='ltr'>missarum</span> <span class='ocrx_word' id='word_1_243' title='bbox 832 3297 1111 3351; x_wconf 91' lang='lat' dir='ltr'>solemnia</span> <span class='ocrx_word' id='word_1_244' title='bbox 1133 3298 1428 3352; x_wconf 91' lang='lat' dir='ltr'>utendum.</span> <span class='ocrx_word' id='word_1_245' title='bbox 1450 3297 1572 3362; x_wconf 93' lang='lat' dir='ltr'>Quo</span> <span class='ocrx_word' id='word_1_246' title='bbox 1591 3301 1919 3354; x_wconf 89' lang='lat' dir='ltr'>transmisso</span> 
     </span>
    </p>
   </div>
   <div class='ocr_carea' id='block_1_36' title="bbox 274 3387 1917 3463">
    <p class='ocr_par' dir='ltr' id='par_1_36' title="bbox 274 3387 1917 3463">
     <span class='ocr_line' id='line_1_36' title="bbox 274 3387 1917 3463; baseline 0.005 -23"><span class='ocrx_word' id='word_1_247' title='bbox 274 3388 447 3442; x_wconf 85' lang='lat' dir='ltr'>valde</span> <span class='ocrx_word' id='word_1_248' title='bbox 467 3387 637 3443; x_wconf 89' lang='lat' dir='ltr'>debui</span> <span class='ocrx_word' id='word_1_249' title='bbox 657 3389 906 3460; x_wconf 88' lang='lat' dir='ltr'>qualiter</span> <span class='ocrx_word' id='word_1_250' title='bbox 922 3390 1080 3444; x_wconf 85' lang='lat' dir='ltr'>vobis</span> <span class='ocrx_word' id='word_1_251' title='bbox 1096 3390 1397 3447; x_wconf 87' lang='lat' dir='ltr'>vivendum</span> <span class='ocrx_word' id='word_1_252' title='bbox 1425 3395 1570 3446; x_wconf 86' lang='lat' dir='ltr'>esset</span> <span class='ocrx_word' id='word_1_253' title='bbox 1588 3393 1917 3463; x_wconf 88' lang='lat' dir='ltr'>admonere,</span> 
     </span>
    </p>
   </div>
   <div class='ocr_carea' id='block_1_37' title="bbox 279 3481 1921 3556">
    <p class='ocr_par' dir='ltr' id='par_1_37' title="bbox 279 3481 1921 3556">
     <span class='ocr_line' id='line_1_37' title="bbox 279 3481 1921 3556; baseline 0.005 -21"><span class='ocrx_word' id='word_1_254' title='bbox 279 3481 384 3535; x_wconf 91' lang='lat' dir='ltr'>sed</span> <span class='ocrx_word' id='word_1_255' title='bbox 409 3482 758 3538; x_wconf 90' lang='lat' dir='ltr'>locutionem</span> <span class='ocrx_word' id='word_1_256' title='bbox 786 3485 1103 3555; x_wconf 88' lang='lat' dir='ltr'>supprimo,</span> <span class='ocrx_word' id='word_1_257' title='bbox 1127 3485 1264 3556; x_wconf 91' lang='lat' dir='ltr'>quia</span> <span class='ocrx_word' id='word_1_258' title='bbox 1289 3486 1461 3540; x_wconf 91' lang='lat' dir='ltr'>verba</span> <span class='ocrx_word' id='word_1_259' title='bbox 1485 3487 1741 3542; x_wconf 85' lang='lat' dir='ltr'>moribus</span> <span class='ocrx_word' id='word_1_260' title='bbox 1767 3491 1921 3543; x_wconf 82' lang='lat' dir='ltr'>ante-</span> 
     </span>
    </p>
   </div>
   <div class='ocr_carea' id='block_1_38' title="bbox 279 3575 1917 3651">
    <p class='ocr_par' dir='ltr' id='par_1_38' title="bbox 279 3575 1917 3651">
     <span class='ocr_line' id='line_1_38' title="bbox 279 3575 1917 3651; baseline 0.005 -23"><span class='ocrx_word' id='word_1_261' title='bbox 279 3575 393 3628; x_wconf 90' lang='lat' dir='ltr'>itis.</span> <span class='ocrx_word' id='word_1_262' title='bbox 423 3575 794 3648; x_wconf 82' lang='lat' dir='ltr'>Omnipotens</span> <span class='ocrx_word' id='word_1_263' title='bbox 814 3580 961 3633; x_wconf 91' lang='lat' dir='ltr'>Deus</span> <span class='ocrx_word' id='word_1_264' title='bbox 985 3595 1090 3632; x_wconf 91' lang='lat' dir='ltr'>sua</span> <span class='ocrx_word' id='word_1_265' title='bbox 1119 3595 1214 3633; x_wconf 91' lang='lat' dir='ltr'>vos</span> <span class='ocrx_word' id='word_1_266' title='bbox 1245 3580 1600 3651; x_wconf 88' lang='lat' dir='ltr'>protectione</span> <span class='ocrx_word' id='word_1_267' title='bbox 1619 3581 1917 3651; x_wconf 86' lang='lat' dir='ltr'>custodiat,</span> 
     </span>
    </p>
   </div>
   <div class='ocr_carea' id='block_1_39' title="bbox 279 3669 1920 3744">
    <p class='ocr_par' dir='ltr' id='par_1_39' title="bbox 279 3669 1920 3744">
     <span class='ocr_line' id='line_1_39' title="bbox 279 3669 1920 3744; baseline 0.005 -23"><span class='ocrx_word' id='word_1_268' title='bbox 279 3672 457 3739; x_wconf 90' lang='lat' dir='ltr'>atque</span> <span class='ocrx_word' id='word_1_269' title='bbox 514 3669 587 3723; x_wconf 94' lang='lat' dir='ltr'>ad</span> <span class='ocrx_word' id='word_1_270' title='bbox 643 3671 882 3726; x_wconf 63' lang='lat' dir='ltr'>caelestis</span> <span class='ocrx_word' id='word_1_271' title='bbox 944 3673 1467 3728; x_wconf 88' lang='lat' dir='ltr'>remunerationem</span> <span class='ocrx_word' id='word_1_272' title='bbox 1533 3675 1729 3744; x_wconf 61' lang='lat' dir='ltr'>patria!</span> <span class='ocrx_word' id='word_1_273' title='bbox 1789 3692 1920 3730; x_wconf 91' lang='lat' dir='ltr'>cum</span> 
     </span>
    </p>
   </div>
   <div class='ocr_carea' id='block_1_40' title="bbox 279 3761 1918 3838">
    <p class='ocr_par' dir='ltr' id='par_1_40' title="bbox 279 3761 1918 3838">
     <span class='ocr_line' id='line_1_40' title="bbox 279 3761 1918 3838; baseline 0.005 -24"><span class='ocrx_word' id='word_1_274' title='bbox 279 3761 587 3833; x_wconf 91' lang='lat' dir='ltr'>multiplici</span> <span class='ocrx_word' id='word_1_275' title='bbox 632 3764 955 3820; x_wconf 87' lang='lat' dir='ltr'>animarum</span> <span class='ocrx_word' id='word_1_276' title='bbox 996 3766 1184 3821; x_wconf 86' lang='lat' dir='ltr'>fructu</span> <span class='ocrx_word' id='word_1_277' title='bbox 1225 3766 1516 3838; x_wconf 90' lang='lat' dir='ltr'>perducat.</span> <span class='ocrx_word' id='word_1_278' title='bbox 1565 3770 1680 3838; x_wconf 86' lang='lat' dir='ltr'>Ego</span> <span class='ocrx_word' id='word_1_279' title='bbox 1725 3771 1918 3823; x_wconf 91' lang='lat' dir='ltr'>autem</span> 
     </span>
    </p>
   </div>
   <div class='ocr_carea' id='block_1_41' title="bbox 281 3858 1920 3931">
    <p class='ocr_par' dir='ltr' id='par_1_41' title="bbox 281 3858 1920 3931">
     <span class='ocr_line' id='line_1_41' title="bbox 281 3858 1920 3931; baseline 0.005 -23"><span class='ocrx_word' id='word_1_280' title='bbox 281 3859 502 3925; x_wconf 88' lang='lat' dir='ltr'>quanta</span> <span class='ocrx_word' id='word_1_281' title='bbox 545 3858 916 3928; x_wconf 87' lang='lat' dir='ltr'>occupatione</span> <span class='ocrx_word' id='word_1_282' title='bbox 961 3860 1254 3931; x_wconf 89' lang='lat' dir='ltr'>deprimor</span> <span class='ocrx_word' id='word_1_283' title='bbox 1295 3865 1352 3915; x_wconf 93' lang='lat' dir='ltr'>et</span> <span class='ocrx_word' id='word_1_284' title='bbox 1393 3860 1701 3928; x_wconf 89' lang='lat' dir='ltr'>debilitate,</span> <span class='ocrx_word' id='word_1_285' title='bbox 1734 3862 1920 3917; x_wconf 87' lang='lat' dir='ltr'>brevis</span> 
     </span>
    </p>
   </div>
   <div class='ocr_carea' id='block_1_42' title="bbox 280 3951 1920 4026">
    <p class='ocr_par' dir='ltr' id='par_1_42' title="bbox 280 3951 1920 4026">
     <span class='ocr_line' id='line_1_42' title="bbox 280 3951 1920 4026; baseline 0.004 -23"><span class='ocrx_word' id='word_1_286' title='bbox 280 3952 525 4003; x_wconf 89' lang='lat' dir='ltr'>testatur</span> <span class='ocrx_word' id='word_1_287' title='bbox 566 3951 824 4022; x_wconf 90' lang='lat' dir='ltr'>epistola,</span> <span class='ocrx_word' id='word_1_288' title='bbox 853 3953 911 4007; x_wconf 91' lang='lat' dir='ltr'>in</span> <span class='ocrx_word' id='word_1_289' title='bbox 941 3970 1052 4024; x_wconf 91' lang='lat' dir='ltr'>qua</span> <span class='ocrx_word' id='word_1_290' title='bbox 1084 3959 1142 4008; x_wconf 93' lang='lat' dir='ltr'>et</span> <span class='ocrx_word' id='word_1_291' title='bbox 1179 3954 1229 4008; x_wconf 92' lang='lat' dir='ltr'>ei</span> <span class='ocrx_word' id='word_1_292' title='bbox 1258 3971 1428 4025; x_wconf 88' lang='lat' dir='ltr'>quem</span> <span class='ocrx_word' id='word_1_293' title='bbox 1469 3955 1711 4009; x_wconf 91' lang='lat' dir='ltr'>multum</span> <span class='ocrx_word' id='word_1_294' title='bbox 1745 3955 1920 4026; x_wconf 90' lang='lat' dir='ltr'>diligo</span> 
     </span>
    </p>
   </div>
   <div class='ocr_carea' id='block_1_43' title="bbox 281 4043 1918 4116">
    <p class='ocr_par' dir='ltr' id='par_1_43' title="bbox 281 4043 1918 4116">
     <span class='ocr_line' id='line_1_43' title="bbox 281 4043 1918 4116; baseline 0.007 -22"><span class='ocrx_word' id='word_1_295' title='bbox 281 4058 489 4112; x_wconf 89' lang='lat' dir='ltr'>parum</span> <span class='ocrx_word' id='word_1_296' title='bbox 519 4043 739 4115; x_wconf 88' lang='lat' dir='ltr'>loquor.</span> <span class='ocrx_word' id='word_1_297' title='bbox 772 4046 920 4100; x_wconf 89' lang='lat' dir='ltr'>Deus</span> <span class='ocrx_word' id='word_1_298' title='bbox 952 4052 1008 4102; x_wconf 92' lang='lat' dir='ltr'>te</span> <span class='ocrx_word' id='word_1_299' title='bbox 1046 4047 1392 4104; x_wconf 91' lang='lat' dir='ltr'>incolumem</span> <span class='ocrx_word' id='word_1_300' title='bbox 1431 4049 1725 4116; x_wconf 89' lang='lat' dir='ltr'>custodiat,</span> <span class='ocrx_word' id='word_1_301' title='bbox 1759 4065 1918 4105; x_wconf 89' lang='lat' dir='ltr'>reve-</span> 
     </span>
    </p>
   </div>
   <div class='ocr_carea' id='block_1_44' title="bbox 282 4135 862 4194">
    <p class='ocr_par' dir='ltr' id='par_1_44' title="bbox 282 4135 862 4194">
     <span class='ocr_line' id='line_1_44' title="bbox 282 4135 862 4194; baseline 0.009 -5"><span class='ocrx_word' id='word_1_302' title='bbox 282 4135 626 4192; x_wconf 87' lang='lat' dir='ltr'>rendissime</span> <span class='ocrx_word' id='word_1_303' title='bbox 670 4139 862 4194; x_wconf 84' lang='lat' dir='ltr'>frater.</span> 
     </span>
    </p>
   </div>
   <div class='ocr_carea' id='block_1_45' title="bbox 537 4287 1671 4358">
    <p class='ocr_par' dir='ltr' id='par_1_45' title="bbox 537 4287 1671 4358">
     <span class='ocr_line' id='line_1_45' title="bbox 537 4287 1671 4358; baseline 0.002 -16"><span class='ocrx_word' id='word_1_304' title='bbox 537 4287 630 4342; x_wconf 78' lang='lat' dir='ltr'>Ad</span> <span class='ocrx_word' id='word_1_305' title='bbox 652 4289 1014 4344; x_wconf 75' lang='lat' dir='ltr'>Recarredum</span> <span class='ocrx_word' id='word_1_306' title='bbox 1040 4305 1215 4358; x_wconf 80' lang='lat' dir='ltr'>regem</span> <span class='ocrx_word' id='word_1_307' title='bbox 1250 4288 1671 4358; x_wconf 75' lang='lat' dir='ltr'>Visigothorum.</span> 
     </span>
    </p>
   </div>
   <div class='ocr_carea' id='block_1_46' title="bbox 370 4421 1922 4494">
    <p class='ocr_par' dir='ltr' id='par_1_46' title="bbox 370 4421 1922 4494">
     <span class='ocr_line' id='line_1_46' title="bbox 370 4421 1922 4494; baseline 0.005 -22"><span class='ocrx_word' id='word_1_308' title='bbox 370 4423 413 4473; x_wconf 83' lang='grc' dir='ltr'><strong>Ι.</strong></span> <span class='ocrx_word' id='word_1_309' title='bbox 449 4421 523 4474; x_wconf 91' lang='lat' dir='ltr'>De</span> <span class='ocrx_word' id='word_1_310' title='bbox 554 4421 720 4477; x_wconf 88' lang='lat' dir='ltr'>laude</span> <span class='ocrx_word' id='word_1_311' title='bbox 767 4423 1024 4492; x_wconf 86' lang='lat' dir='ltr'>ejusdem</span> <span class='ocrx_word' id='word_1_312' title='bbox 1065 4423 1337 4494; x_wconf 89' lang='lat' dir='ltr'>principis</span> <span class='ocrx_word' id='word_1_313' title='bbox 1369 4423 1518 4494; x_wconf 87' lang='lat' dir='ltr'>quod</span> <span class='ocrx_word' id='word_1_314' title='bbox 1561 4440 1664 4494; x_wconf 92' lang='lat' dir='ltr'>per</span> <span class='ocrx_word' id='word_1_315' title='bbox 1692 4439 1820 4479; x_wconf 89' lang='lat' dir='ltr'>eum</span> <span class='ocrx_word' id='word_1_316' title='bbox 1852 4427 1922 4480; x_wconf 91' lang='lat' dir='ltr'>ad</span> 
     </span>
    </p>
   </div>
   <div class='ocr_carea' id='block_1_47' title="bbox 285 4513 1778 4587">
    <p class='ocr_par' dir='ltr' id='par_1_47' title="bbox 285 4513 1778 4587">
     <span class='ocr_line' id='line_1_47' title="bbox 285 4513 1778 4587; baseline 0.004 -21"><span class='ocrx_word' id='word_1_317' title='bbox 285 4513 629 4569; x_wconf 81' lang='lat' dir='ltr'>catholicam</span> <span class='ocrx_word' id='word_1_318' title='bbox 656 4515 829 4571; x_wconf 85' lang='lat' dir='ltr'>fidem</span> <span class='ocrx_word' id='word_1_319' title='bbox 863 4533 1004 4587; x_wconf 90' lang='lat' dir='ltr'>gens</span> <span class='ocrx_word' id='word_1_320' title='bbox 1031 4517 1345 4571; x_wconf 87' lang='lat' dir='ltr'>Gothorum</span> <span class='ocrx_word' id='word_1_321' title='bbox 1376 4533 1647 4572; x_wconf 87' lang='lat' dir='ltr'>conversa</span> <span class='ocrx_word' id='word_1_322' title='bbox 1675 4523 1778 4572; x_wconf 90' lang='lat' dir='ltr'>est.</span> 
     </span>
    </p>
   </div>
   <div class='ocr_carea' id='block_1_48' title="bbox 363 4608 1924 4682">
    <p class='ocr_par' dir='ltr' id='par_1_48' title="bbox 363 4608 1924 4682">
     <span class='ocr_line' id='line_1_48' title="bbox 363 4608 1924 4682; baseline 0.004 -22"><span class='ocrx_word' id='word_1_323' title='bbox 363 4610 415 4660; x_wconf 80' lang='lat'>2.</span> <span class='ocrx_word' id='word_1_324' title='bbox 443 4608 518 4662; x_wconf 92' lang='lat' dir='ltr'>De</span> <span class='ocrx_word' id='word_1_325' title='bbox 539 4609 875 4664; x_wconf 89' lang='lat' dir='ltr'>muneribus</span> <span class='ocrx_word' id='word_1_326' title='bbox 894 4609 1060 4665; x_wconf 91' lang='lat' dir='ltr'>beato</span> <span class='ocrx_word' id='word_1_327' title='bbox 1084 4612 1248 4665; x_wconf 90' lang='lat' dir='ltr'>Petro</span> <span class='ocrx_word' id='word_1_328' title='bbox 1269 4612 1526 4682; x_wconf 88' lang='lat' dir='ltr'>apostolo</span> <span class='ocrx_word' id='word_1_329' title='bbox 1547 4628 1578 4666; x_wconf 88' lang='lat' dir='ltr'>a</span> <span class='ocrx_word' id='word_1_330' title='bbox 1599 4617 1924 4667; x_wconf 90' lang='lat' dir='ltr'>memorato</span> 
     </span>
    </p>
   </div>
   <div class='ocr_carea' id='block_1_49' title="bbox 284 4700 788 4771">
    <p class='ocr_par' dir='ltr' id='par_1_49' title="bbox 284 4700 788 4771">
     <span class='ocr_line' id='line_1_49' title="bbox 284 4700 788 4771; baseline 0.01 -20"><span class='ocrx_word' id='word_1_331' title='bbox 284 4700 547 4771; x_wconf 79' lang='lat' dir='ltr'>principe</span> <span class='ocrx_word' id='word_1_332' title='bbox 583 4702 788 4756; x_wconf 87' lang='lat' dir='ltr'>missis.</span> 
     </span>
    </p>
   </div>
   <div class='ocr_carea' id='block_1_50' title="bbox 363 4794 1922 4870">
    <p class='ocr_par' dir='ltr' id='par_1_50' title="bbox 363 4794 1922 4870">
     <span class='ocr_line' id='line_1_50' title="bbox 363 4794 1922 4870; baseline 0.004 -24"><span class='ocrx_word' id='word_1_333' title='bbox 363 4796 414 4846; x_wconf 89' lang='lat'>3.</span> <span class='ocrx_word' id='word_1_334' title='bbox 449 4794 527 4848; x_wconf 92' lang='lat' dir='ltr'>De</span> <span class='ocrx_word' id='word_1_335' title='bbox 573 4796 980 4851; x_wconf 86' lang='lat' dir='ltr'>constitutione</span> <span class='ocrx_word' id='word_1_336' title='bbox 1029 4798 1151 4867; x_wconf 87' lang='lat' dir='ltr'>ejus</span> <span class='ocrx_word' id='word_1_337' title='bbox 1193 4797 1459 4852; x_wconf 90' lang='lat' dir='ltr'>adversus</span> <span class='ocrx_word' id='word_1_338' title='bbox 1506 4797 1733 4853; x_wconf 69' lang='lat' dir='ltr'>Judazos</span> <span class='ocrx_word' id='word_1_339' title='bbox 1775 4799 1922 4870; x_wconf 92' lang='lat' dir='ltr'>quod</span> 
     </span>
    </p>
   </div>
   <div class='ocr_carea' id='block_1_51' title="bbox 282 4887 1144 4962">
    <p class='ocr_par' dir='ltr' id='par_1_51' title="bbox 282 4887 1144 4962">
     <span class='ocr_line' id='line_1_51' title="bbox 282 4887 1144 4962; baseline 0.007 -23"><span class='ocrx_word' id='word_1_340' title='bbox 282 4887 415 4940; x_wconf 85' lang='lat' dir='ltr'>auri</span> <span class='ocrx_word' id='word_1_341' title='bbox 443 4888 590 4942; x_wconf 90' lang='lat' dir='ltr'>dono</span> <span class='ocrx_word' id='word_1_342' title='bbox 619 4906 731 4944; x_wconf 90' lang='lat' dir='ltr'>non</span> <span class='ocrx_word' id='word_1_343' title='bbox 758 4890 830 4945; x_wconf 90' lang='lat' dir='ltr'>sit</span> <span class='ocrx_word' id='word_1_344' title='bbox 854 4894 1144 4962; x_wconf 90' lang='lat' dir='ltr'>corrupta.</span> 
     </span>
    </p>
   </div>
   <div class='ocr_carea' id='block_1_52' title="bbox 365 4981 1756 5054">
    <p class='ocr_par' dir='ltr' id='par_1_52' title="bbox 365 4981 1756 5054">
     <span class='ocr_line' id='line_1_52' title="bbox 365 4981 1756 5054; baseline 0.005 -21"><span class='ocrx_word' id='word_1_345' title='bbox 365 4981 416 5034; x_wconf 71' lang='grc'>4.</span> <span class='ocrx_word' id='word_1_346' title='bbox 451 4981 521 5036; x_wconf 89' lang='lat' dir='ltr'>Ut</span> <span class='ocrx_word' id='word_1_347' title='bbox 549 4983 837 5054; x_wconf 90' lang='lat' dir='ltr'>principes</span> <span class='ocrx_word' id='word_1_348' title='bbox 863 4984 1247 5039; x_wconf 90' lang='lat' dir='ltr'>humilitatem</span> <span class='ocrx_word' id='word_1_349' title='bbox 1275 4985 1527 5039; x_wconf 90' lang='lat' dir='ltr'>habeant</span> <span class='ocrx_word' id='word_1_350' title='bbox 1551 4984 1756 5040; x_wconf 92' lang='lat' dir='ltr'>cordis.</span> 
     </span>
    </p>
   </div>
   <div class='ocr_carea' id='block_1_53' title="bbox 367 5076 1670 5150">
    <p class='ocr_par' dir='ltr' id='par_1_53' title="bbox 367 5076 1670 5150">
     <span class='ocr_line' id='line_1_53' title="bbox 367 5076 1670 5150; baseline 0.006 -26"><span class='ocrx_word' id='word_1_351' title='bbox 367 5079 414 5128; x_wconf 75' lang='lat' dir='ltr'>Si.</span> <span class='ocrx_word' id='word_1_352' title='bbox 440 5076 507 5130; x_wconf 90' lang='lat' dir='ltr'>Ut</span> <span class='ocrx_word' id='word_1_353' title='bbox 534 5077 816 5148; x_wconf 89' lang='lat' dir='ltr'>principes</span> <span class='ocrx_word' id='word_1_354' title='bbox 843 5078 1080 5134; x_wconf 88' lang='lat' dir='ltr'>castitati</span> <span class='ocrx_word' id='word_1_355' title='bbox 1110 5078 1363 5150; x_wconf 87' lang='lat' dir='ltr'>corporis</span> <span class='ocrx_word' id='word_1_356' title='bbox 1388 5077 1670 5133; x_wconf 89' lang='lat' dir='ltr'>studeant.</span> 
     </span>
    </p>
   </div>
   <div class='ocr_carea' id='block_1_54' title="bbox 364 5169 1924 5244">
    <p class='ocr_par' dir='ltr' id='par_1_54' title="bbox 364 5169 1924 5244">
     <span class='ocr_line' id='line_1_54' title="bbox 364 5169 1924 5244; baseline 0.004 -23"><span class='ocrx_word' id='word_1_357' title='bbox 364 5173 414 5221; x_wconf 76' lang='grc'>6.</span> <span class='ocrx_word' id='word_1_358' title='bbox 448 5169 515 5223; x_wconf 89' lang='lat' dir='ltr'>Ut</span> <span class='ocrx_word' id='word_1_359' title='bbox 557 5170 840 5242; x_wconf 90' lang='lat' dir='ltr'>principes</span> <span class='ocrx_word' id='word_1_360' title='bbox 883 5172 1158 5228; x_wconf 88' lang='lat' dir='ltr'>moderati</span> <span class='ocrx_word' id='word_1_361' title='bbox 1190 5176 1247 5226; x_wconf 92' lang='lat' dir='ltr'>et</span> <span class='ocrx_word' id='word_1_362' title='bbox 1273 5173 1440 5227; x_wconf 91' lang='lat' dir='ltr'>mites</span> <span class='ocrx_word' id='word_1_363' title='bbox 1467 5188 1604 5243; x_wconf 90' lang='lat' dir='ltr'>erga</span> <span class='ocrx_word' id='word_1_364' title='bbox 1645 5172 1924 5244; x_wconf 90' lang='lat' dir='ltr'>subjectos</span> 
     </span>
    </p>
   </div>
   <div class='ocr_carea' id='block_1_55' title="bbox 282 5261 553 5317">
    <p class='ocr_par' dir='ltr' id='par_1_55' title="bbox 282 5261 553 5317">
     <span class='ocr_line' id='line_1_55' title="bbox 282 5261 553 5317; baseline 0.011 -3"><span class='ocrx_word' id='word_1_365' title='bbox 282 5261 553 5317; x_wconf 82' lang='lat' dir='ltr'>existant.</span> 
     </span>
    </p>
   </div>
   <div class='ocr_carea' id='block_1_56' title="bbox 362 5357 1922 5427">
    <p class='ocr_par' dir='ltr' id='par_1_56' title="bbox 362 5357 1922 5427">
     <span class='ocr_line' id='line_1_56' title="bbox 362 5357 1922 5427; baseline 0.003 -19"><span class='ocrx_word' id='word_1_366' title='bbox 362 5361 414 5409; x_wconf 82' lang='lat'>‘7.</span> <span class='ocrx_word' id='word_1_367' title='bbox 449 5357 524 5412; x_wconf 90' lang='lat' dir='ltr'>De</span> <span class='ocrx_word' id='word_1_368' title='bbox 549 5357 702 5412; x_wconf 90' lang='lat' dir='ltr'>clave</span> <span class='ocrx_word' id='word_1_369' title='bbox 730 5358 915 5413; x_wconf 89' lang='lat' dir='ltr'>ostioli</span> <span class='ocrx_word' id='word_1_370' title='bbox 944 5359 1094 5414; x_wconf 85' lang='lat' dir='ltr'>beati</span> <span class='ocrx_word' id='word_1_371' title='bbox 1125 5360 1292 5427; x_wconf 88' lang='lat' dir='ltr'>Petri,</span> <span class='ocrx_word' id='word_1_372' title='bbox 1315 5365 1372 5414; x_wconf 93' lang='lat' dir='ltr'>et</span> <span class='ocrx_word' id='word_1_373' title='bbox 1401 5360 1470 5414; x_wconf 91' lang='lat' dir='ltr'>de</span> <span class='ocrx_word' id='word_1_374' title='bbox 1501 5375 1666 5414; x_wconf 89' lang='lat' dir='ltr'>cruce</span> <span class='ocrx_word' id='word_1_375' title='bbox 1699 5358 1922 5414; x_wconf 90' lang='lat' dir='ltr'>Domini</span> 
     </span>
    </p>
   </div>
   <div class='ocr_carea' id='block_1_57' title="bbox 281 5448 1920 5524">
    <p class='ocr_par' dir='ltr' id='par_1_57' title="bbox 281 5448 1920 5524">
     <span class='ocr_line' id='line_1_57' title="bbox 281 5448 1920 5524; baseline 0.002 -21"><span class='ocrx_word' id='word_1_376' title='bbox 281 5448 483 5516; x_wconf 87' lang='lat' dir='ltr'>missa,</span> <span class='ocrx_word' id='word_1_377' title='bbox 503 5450 615 5505; x_wconf 90' lang='lat' dir='ltr'>sive</span> <span class='ocrx_word' id='word_1_378' title='bbox 635 5452 705 5506; x_wconf 93' lang='lat' dir='ltr'>de</span> <span class='ocrx_word' id='word_1_379' title='bbox 733 5452 903 5523; x_wconf 89' lang='lat' dir='ltr'>pallio</span> <span class='ocrx_word' id='word_1_380' title='bbox 923 5452 1091 5509; x_wconf 86' lang='lat' dir='ltr'>beato</span> <span class='ocrx_word' id='word_1_381' title='bbox 1117 5453 1370 5508; x_wconf 87' lang='lat' dir='ltr'>Leandro</span> <span class='ocrx_word' id='word_1_382' title='bbox 1393 5452 1664 5524; x_wconf 90' lang='lat' dir='ltr'>episcopo</span> <span class='ocrx_word' id='word_1_383' title='bbox 1687 5453 1920 5507; x_wconf 88' lang='lat' dir='ltr'>directo.</span> 
     </span>
    </p>
   </div>
   <div class='ocr_carea' id='block_1_58' title="bbox 363 5542 1918 5617">
    <p class='ocr_par' dir='ltr' id='par_1_58' title="bbox 363 5542 1918 5617">
     <span class='ocr_line' id='line_1_58' title="bbox 363 5542 1918 5617; baseline 0.002 -21"><span class='ocrx_word' id='word_1_384' title='bbox 363 5542 778 5600; x_wconf 87' lang='lat' dir='ltr'>Gloriosissimo</span> <span class='ocrx_word' id='word_1_385' title='bbox 821 5550 990 5617; x_wconf 89' lang='lat' dir='ltr'>atque</span> <span class='ocrx_word' id='word_1_386' title='bbox 1031 5546 1504 5602; x_wconf 83' lang='lat' dir='ltr'>excellentissimo</span> <span class='ocrx_word' id='word_1_387' title='bbox 1553 5545 1669 5600; x_wconf 90' lang='lat' dir='ltr'>ﬁlio</span> <span class='ocrx_word' id='word_1_388' title='bbox 1716 5546 1918 5600; x_wconf 55' lang='lat' dir='ltr'>Raccx-</span> 
     </span>
    </p>
   </div>
   <div class='ocr_carea' id='block_1_59' title="bbox 283 5639 1922 5712">
    <p class='ocr_par' dir='ltr' id='par_1_59' title="bbox 283 5639 1922 5712">
     <span class='ocr_line' id='line_1_59' title="bbox 283 5639 1922 5712; baseline 0.002 -23"><span class='ocrx_word' id='word_1_389' title='bbox 283 5651 430 5690; x_wconf 71' lang='lat' dir='ltr'>nano</span> <span class='ocrx_word' id='word_1_390' title='bbox 458 5639 576 5709; x_wconf 89' lang='lat' dir='ltr'>regi</span> <span class='ocrx_word' id='word_1_391' title='bbox 595 5640 910 5695; x_wconf 85' lang='lat' dir='ltr'>Gothorum</span> <span class='ocrx_word' id='word_1_392' title='bbox 933 5643 1105 5712; x_wconf 88' lang='lat' dir='ltr'>atque</span> <span class='ocrx_word' id='word_1_393' title='bbox 1133 5641 1447 5696; x_wconf 89' lang='lat' dir='ltr'>Suevorum</span> <span class='ocrx_word' id='word_1_394' title='bbox 1473 5640 1791 5695; x_wconf 74' lang='lat' dir='ltr'>Gaaconws</span> <span class='ocrx_word' id='word_1_395' title='bbox 1812 5655 1922 5695; x_wconf 89' lang='lat' dir='ltr'>ser-</span> 
     </span>
    </p>
   </div>
   <div class='ocr_carea' id='block_1_60' title="bbox 281 5734 860 5788">
    <p class='ocr_par' dir='ltr' id='par_1_60' title="bbox 281 5734 860 5788">
     <span class='ocr_line' id='line_1_60' title="bbox 281 5734 860 5788; baseline 0.016 -8"><span class='ocrx_word' id='word_1_396' title='bbox 281 5744 392 5782; x_wconf 78' lang='lat' dir='ltr'>vus</span> <span class='ocrx_word' id='word_1_397' title='bbox 420 5747 712 5788; x_wconf 88' lang='lat' dir='ltr'>servorum</span> <span class='ocrx_word' id='word_1_398' title='bbox 741 5734 860 5788; x_wconf 91' lang='lat' dir='ltr'>Dei.</span> 
     </span>
    </p>
   </div>
   <div class='ocr_carea' id='block_1_61' title="bbox 372 5826 1922 5898">
    <p class='ocr_par' dir='ltr' id='par_1_61' title="bbox 372 5826 1922 5898">
     <span class='ocr_line' id='line_1_61' title="bbox 372 5826 1922 5898; baseline 0.005 -23"><span class='ocrx_word' id='word_1_399' title='bbox 372 5826 500 5879; x_wconf 67' lang='lat' dir='ltr'>CAP.</span> <span class='ocrx_word' id='word_1_400' title='bbox 547 5829 584 5881; x_wconf 93' lang='lat' dir='ltr'>l.</span> <span class='ocrx_word' id='word_1_401' title='bbox 617 5829 854 5898; x_wconf 76' lang='lat' dir='ltr'>Explere</span> <span class='ocrx_word' id='word_1_402' title='bbox 904 5828 1104 5896; x_wconf 85' lang='lat' dir='ltr'>verbis,</span> <span class='ocrx_word' id='word_1_403' title='bbox 1151 5827 1611 5882; x_wconf 81' lang='lat' dir='ltr'>excellentissime</span> <span class='ocrx_word' id='word_1_404' title='bbox 1658 5828 1758 5894; x_wconf 84' lang='lat' dir='ltr'>ﬁli,</span> <span class='ocrx_word' id='word_1_405' title='bbox 1808 5844 1922 5882; x_wconf 86' lang='lat' dir='ltr'>non</span> 
     </span>
    </p>
   </div>
   <div class='ocr_carea' id='block_1_62' title="bbox 2010 490 3641 563">
    <p class='ocr_par' dir='ltr' id='par_1_62' title="bbox 2010 490 3641 563">
     <span class='ocr_line' id='line_1_62' title="bbox 2010 490 3641 563; baseline 0.001 -19"><span class='ocrx_word' id='word_1_406' title='bbox 2010 491 2223 563; x_wconf 90' lang='lat' dir='ltr'>quippe</span> <span class='ocrx_word' id='word_1_407' title='bbox 2267 491 2398 545; x_wconf 86' lang='lat' dir='ltr'>novi</span> <span class='ocrx_word' id='word_1_408' title='bbox 2443 490 2642 545; x_wconf 88' lang='lat' dir='ltr'>diebus</span> <span class='ocrx_word' id='word_1_409' title='bbox 2686 491 2894 546; x_wconf 91' lang='lat' dir='ltr'>nostris</span> <span class='ocrx_word' id='word_1_410' title='bbox 2924 491 3133 546; x_wconf 87' lang='lat' dir='ltr'>virtute</span> <span class='ocrx_word' id='word_1_411' title='bbox 3172 491 3454 558; x_wconf 90' lang='lat' dir='ltr'>miraculi,</span> <span class='ocrx_word' id='word_1_412' title='bbox 3489 491 3641 562; x_wconf 91' lang='lat' dir='ltr'>quod</span> 
     </span>
    </p>
   </div>
   <div class='ocr_carea' id='block_1_63' title="bbox 2013 583 3640 655">
    <p class='ocr_par' dir='ltr' id='par_1_63' title="bbox 2013 583 3640 655">
     <span class='ocr_line' id='line_1_63' title="bbox 2013 583 3640 655; baseline 0 -17"><span class='ocrx_word' id='word_1_413' title='bbox 2013 599 2116 655; x_wconf 92' lang='lat' dir='ltr'>per</span> <span class='ocrx_word' id='word_1_414' title='bbox 2150 583 2538 639; x_wconf 86' lang='lat' dir='ltr'>excellentiam</span> <span class='ocrx_word' id='word_1_415' title='bbox 2586 587 2746 638; x_wconf 90' lang='lat' dir='ltr'>tuam</span> <span class='ocrx_word' id='word_1_416' title='bbox 2796 589 2999 640; x_wconf 90' lang='lat' dir='ltr'>cuncta</span> <span class='ocrx_word' id='word_1_417' title='bbox 3045 585 3358 639; x_wconf 88' lang='lat' dir='ltr'>Gothorum</span> <span class='ocrx_word' id='word_1_418' title='bbox 3404 584 3640 654; x_wconf 89' lang='lat' dir='ltr'>gensab</span> 
     </span>
    </p>
   </div>
   <div class='ocr_carea' id='block_1_64' title="bbox 2011 676 3643 733">
    <p class='ocr_par' dir='ltr' id='par_1_64' title="bbox 2011 676 3643 733">
     <span class='ocr_line' id='line_1_64' title="bbox 2011 676 3643 733; baseline -0.001 0"><span class='ocrx_word' id='word_1_419' title='bbox 2011 694 2202 733; x_wconf 91' lang='lat' dir='ltr'>errore</span> <span class='ocrx_word' id='word_1_420' title='bbox 2245 676 2466 731; x_wconf 72' lang='lat' dir='ltr'>Arianae</span> <span class='ocrx_word' id='word_1_421' title='bbox 2505 677 2784 732; x_wconf 66' lang='lat' dir='ltr'>haereseos</span> <span class='ocrx_word' id='word_1_422' title='bbox 2809 677 2871 732; x_wconf 91' lang='lat' dir='ltr'>in</span> <span class='ocrx_word' id='word_1_423' title='bbox 2913 677 3046 732; x_wconf 91' lang='lat' dir='ltr'>ﬁdei</span> <span class='ocrx_word' id='word_1_424' title='bbox 3089 681 3258 732; x_wconf 77' lang='lat' dir='ltr'>rectae</span> <span class='ocrx_word' id='word_1_425' title='bbox 3301 677 3643 732; x_wconf 79' lang='lat' dir='ltr'>soliditatem</span> 
     </span>
    </p>
   </div>
   <div class='ocr_carea' id='block_1_65' title="bbox 2010 771 3643 842">
    <p class='ocr_par' dir='ltr' id='par_1_65' title="bbox 2010 771 3643 842">
     <span class='ocr_line' id='line_1_65' title="bbox 2010 771 3643 842; baseline -0.001 -16"><span class='ocrx_word' id='word_1_426' title='bbox 2010 772 2285 827; x_wconf 87' lang='lat' dir='ltr'>translata</span> <span class='ocrx_word' id='word_1_427' title='bbox 2309 776 2413 838; x_wconf 88' lang='lat' dir='ltr'>est,</span> <span class='ocrx_word' id='word_1_428' title='bbox 2446 771 2767 826; x_wconf 83' lang='lat' dir='ltr'>exclamare</span> <span class='ocrx_word' id='word_1_429' title='bbox 2798 788 2928 826; x_wconf 93' lang='lat' dir='ltr'>cum</span> <span class='ocrx_word' id='word_1_430' title='bbox 2959 771 3238 842; x_wconf 89' lang='lat' dir='ltr'>propheta</span> <span class='ocrx_word' id='word_1_431' title='bbox 3262 771 3419 826; x_wconf 90' lang='lat' dir='ltr'>libet.</span> <span class='ocrx_word' id='word_1_432' title='bbox 3454 792 3480 820; x_wconf 78' lang='grc' dir='ltr'>α</span> <span class='ocrx_word' id='word_1_433' title='bbox 3515 772 3643 825; x_wconf 64' lang='lat' dir='ltr'>Haec</span> 
     </span>
    </p>
   </div>
   <div class='ocr_carea' id='block_1_66' title="bbox 2012 864 3639 937">
    <p class='ocr_par' dir='ltr' id='par_1_66' title="bbox 2012 864 3639 937">
     <span class='ocr_line' id='line_1_66' title="bbox 2012 864 3639 937; baseline -0.001 -17"><span class='ocrx_word' id='word_1_434' title='bbox 2012 869 2094 921; x_wconf 87' lang='lat' dir='ltr'>est</span> <span class='ocrx_word' id='word_1_435' title='bbox 2135 864 2375 920; x_wconf 89' lang='lat' dir='ltr'>mutatio</span> <span class='ocrx_word' id='word_1_436' title='bbox 2407 864 2653 920; x_wconf 66' lang='lat' dir='ltr'>dexterae</span> <span class='ocrx_word' id='word_1_437' title='bbox 2684 865 2890 920; x_wconf 89' lang='lat' dir='ltr'>Excelsi</span> <span class='ocrx_word' id='word_1_438' title='bbox 2919 864 3084 937; x_wconf 87' lang='lat' dir='ltr'>(Psal.</span> <span class='ocrx_word' id='word_1_439' title='bbox 3114 881 3300 932; x_wconf 79' lang='lat' dir='ltr'>Lxxvi,</span> <span class='ocrx_word' id='word_1_440' title='bbox 3334 864 3440 935; x_wconf 85' lang='lat' dir='ltr'>ll).</span> <span class='ocrx_word' id='word_1_441' title='bbox 3473 885 3501 913; x_wconf 83' lang='lat'><strong>»</strong></span> <span class='ocrx_word' id='word_1_442' title='bbox 3529 865 3639 919; x_wconf 89' lang='lat' dir='ltr'>Cu-</span> 
     </span>
    </p>
   </div>
   <div class='ocr_carea' id='block_1_67' title="bbox 2005 957 3647 1029">
    <p class='ocr_par' dir='ltr' id='par_1_67' title="bbox 2005 957 3647 1029">
     <span class='ocr_line' id='line_1_67' title="bbox 2005 957 3647 1029; baseline -0.001 -16"><span class='ocrx_word' id='word_1_443' title='bbox 2005 960 2101 1028; x_wconf 92' lang='lat' dir='ltr'>jus</span> <span class='ocrx_word' id='word_1_444' title='bbox 2123 958 2279 1012; x_wconf 90' lang='lat' dir='ltr'>enim</span> <span class='ocrx_word' id='word_1_445' title='bbox 2301 957 2388 1012; x_wconf 93' lang='lat' dir='ltr'>vel</span> <span class='ocrx_word' id='word_1_446' title='bbox 2409 973 2643 1012; x_wconf 90' lang='lat' dir='ltr'>saxeum</span> <span class='ocrx_word' id='word_1_447' title='bbox 2670 962 2866 1028; x_wconf 92' lang='lat' dir='ltr'>pectus</span> <span class='ocrx_word' id='word_1_448' title='bbox 2892 958 2997 1012; x_wconf 91' lang='lat' dir='ltr'>hoc</span> <span class='ocrx_word' id='word_1_449' title='bbox 3017 974 3159 1028; x_wconf 90' lang='lat' dir='ltr'>opus</span> <span class='ocrx_word' id='word_1_450' title='bbox 3177 962 3337 1012; x_wconf 88' lang='lat' dir='ltr'>tanto</span> <span class='ocrx_word' id='word_1_451' title='bbox 3359 973 3532 1029; x_wconf 90' lang='lat' dir='ltr'>opere</span> <span class='ocrx_word' id='word_1_452' title='bbox 3553 973 3647 1011; x_wconf 91' lang='lat' dir='ltr'>co-</span> 
     </span>
    </p>
   </div>
   <div class='ocr_carea' id='block_1_68' title="bbox 2015 1049 3645 1124">
    <p class='ocr_par' dir='ltr' id='par_1_68' title="bbox 2015 1049 3645 1124">
     <span class='ocr_line' id='line_1_68' title="bbox 2015 1049 3645 1124; baseline -0.001 -18"><span class='ocrx_word' id='word_1_453' title='bbox 2015 1051 2172 1124; x_wconf 88' lang='lat' dir='ltr'>gnito</span> <span class='ocrx_word' id='word_1_454' title='bbox 2191 1067 2309 1106; x_wconf 91' lang='lat' dir='ltr'>non</span> <span class='ocrx_word' id='word_1_455' title='bbox 2331 1051 2525 1106; x_wconf 91' lang='lat' dir='ltr'>statim</span> <span class='ocrx_word' id='word_1_456' title='bbox 2544 1050 2603 1106; x_wconf 91' lang='lat' dir='ltr'>in</span> <span class='ocrx_word' id='word_1_457' title='bbox 2626 1051 3037 1122; x_wconf 91' lang='lat' dir='ltr'>omnipotentis</span> <span class='ocrx_word' id='word_1_458' title='bbox 3059 1050 3160 1105; x_wconf 89' lang='lat' dir='ltr'>Dei</span> <span class='ocrx_word' id='word_1_459' title='bbox 3189 1049 3448 1105; x_wconf 87' lang='lat' dir='ltr'>laudibus</span> <span class='ocrx_word' id='word_1_460' title='bbox 3469 1052 3645 1121; x_wconf 82' lang='lat' dir='ltr'>atque</span> 
     </span>
    </p>
   </div>
   <div class='ocr_carea' id='block_1_69' title="bbox 2012 1143 3643 1212">
    <p class='ocr_par' dir='ltr' id='par_1_69' title="bbox 2012 1143 3643 1212">
     <span class='ocr_line' id='line_1_69' title="bbox 2012 1143 3643 1212; baseline -0.001 -12"><span class='ocrx_word' id='word_1_461' title='bbox 2012 1147 2070 1201; x_wconf 92' lang='lat' dir='ltr'>in</span> <span class='ocrx_word' id='word_1_462' title='bbox 2089 1150 2200 1200; x_wconf 60' lang='lat' dir='ltr'>tua;</span> <span class='ocrx_word' id='word_1_463' title='bbox 2217 1144 2563 1200; x_wconf 67' lang='lat' dir='ltr'>excellentiae</span> <span class='ocrx_word' id='word_1_464' title='bbox 2589 1160 2785 1199; x_wconf 87' lang='lat' dir='ltr'>amore</span> <span class='ocrx_word' id='word_1_465' title='bbox 2806 1143 3097 1198; x_wconf 89' lang='lat' dir='ltr'>mollescat</span> <span class='ocrx_word' id='word_1_466' title='bbox 3109 1144 3137 1198; x_wconf 73' lang='lat' dir='ltr'>‘I</span> <span class='ocrx_word' id='word_1_467' title='bbox 3158 1145 3286 1198; x_wconf 66' lang='lat' dir='ltr'>Hinc</span> <span class='ocrx_word' id='word_1_468' title='bbox 3308 1159 3420 1212; x_wconf 92' lang='lat' dir='ltr'>me,</span> <span class='ocrx_word' id='word_1_469' title='bbox 3434 1143 3643 1210; x_wconf 91' lang='lat' dir='ltr'>fateor,</span> 
     </span>
    </p>
   </div>
   <div class='ocr_carea' id='block_1_70' title="bbox 2011 1237 3648 1311">
    <p class='ocr_par' dir='ltr' id='par_1_70' title="bbox 2011 1237 3648 1311">
     <span class='ocr_line' id='line_1_70' title="bbox 2011 1237 3648 1311; baseline -0.001 -17"><span class='ocrx_word' id='word_1_470' title='bbox 2011 1255 2140 1311; x_wconf 58' lang='lat' dir='ltr'>quae</span> <span class='ocrx_word' id='word_1_471' title='bbox 2181 1255 2284 1310; x_wconf 90' lang='lat' dir='ltr'>per</span> <span class='ocrx_word' id='word_1_472' title='bbox 2309 1255 2407 1292; x_wconf 88' lang='lat' dir='ltr'>vos</span> <span class='ocrx_word' id='word_1_473' title='bbox 2445 1241 2571 1293; x_wconf 79' lang='lat' dir='ltr'>acta</span> <span class='ocrx_word' id='word_1_474' title='bbox 2613 1241 2768 1306; x_wconf 91' lang='lat' dir='ltr'>sunt,</span> <span class='ocrx_word' id='word_1_475' title='bbox 2799 1254 2954 1309; x_wconf 66' lang='lat' dir='ltr'>saepe</span> <span class='ocrx_word' id='word_1_476' title='bbox 3003 1237 3470 1292; x_wconf 87' lang='lat' dir='ltr'>convenientibus</span> <span class='ocrx_word' id='word_1_477' title='bbox 3517 1237 3648 1292; x_wconf 87' lang='lat' dir='ltr'>ﬁliis</span> 
     </span>
    </p>
   </div>
   <div class='ocr_carea' id='block_1_71' title="bbox 2013 1331 3643 1403">
    <p class='ocr_par' dir='ltr' id='par_1_71' title="bbox 2013 1331 3643 1403">
     <span class='ocr_line' id='line_1_71' title="bbox 2013 1331 3643 1403; baseline -0.002 -15"><span class='ocrx_word' id='word_1_478' title='bbox 2013 1333 2156 1388; x_wconf 91' lang='lat' dir='ltr'>meis</span> <span class='ocrx_word' id='word_1_479' title='bbox 2183 1333 2390 1399; x_wconf 90' lang='lat' dir='ltr'>dicere,</span> <span class='ocrx_word' id='word_1_480' title='bbox 2419 1348 2568 1403; x_wconf 66' lang='lat' dir='ltr'>saepe</span> <span class='ocrx_word' id='word_1_481' title='bbox 2595 1348 2727 1386; x_wconf 91' lang='lat' dir='ltr'>cum</span> <span class='ocrx_word' id='word_1_482' title='bbox 2749 1332 2828 1387; x_wconf 91' lang='lat' dir='ltr'>eis</span> <span class='ocrx_word' id='word_1_483' title='bbox 2849 1331 3064 1403; x_wconf 89' lang='lat' dir='ltr'>pariter</span> <span class='ocrx_word' id='word_1_484' title='bbox 3081 1331 3355 1386; x_wconf 89' lang='lat' dir='ltr'>admirari</span> <span class='ocrx_word' id='word_1_485' title='bbox 3374 1331 3643 1398; x_wconf 87' lang='lat' dir='ltr'>delectat;</span> 
     </span>
    </p>
   </div>
   <div class='ocr_carea' id='block_1_72' title="bbox 2012 1424 3649 1498">
    <p class='ocr_par' dir='ltr' id='par_1_72' title="bbox 2012 1424 3649 1498">
     <span class='ocr_line' id='line_1_72' title="bbox 2012 1424 3649 1498; baseline -0.001 -17"><span class='ocrx_word' id='word_1_486' title='bbox 2012 1428 2133 1482; x_wconf 72' lang='lat' dir='ltr'>haec</span> <span class='ocrx_word' id='word_1_487' title='bbox 2163 1442 2256 1481; x_wconf 92' lang='lat' dir='ltr'>me</span> <span class='ocrx_word' id='word_1_488' title='bbox 2284 1427 2622 1498; x_wconf 91' lang='lat' dir='ltr'>plerumque</span> <span class='ocrx_word' id='word_1_489' title='bbox 2652 1425 2826 1480; x_wconf 89' lang='lat' dir='ltr'>etiam</span> <span class='ocrx_word' id='word_1_490' title='bbox 2855 1429 3052 1481; x_wconf 88' lang='lat' dir='ltr'>contra</span> <span class='ocrx_word' id='word_1_491' title='bbox 3076 1441 3170 1480; x_wconf 92' lang='lat' dir='ltr'>me</span> <span class='ocrx_word' id='word_1_492' title='bbox 3194 1425 3464 1492; x_wconf 89' lang='lat' dir='ltr'>excitant,</span> <span class='ocrx_word' id='word_1_493' title='bbox 3497 1424 3649 1496; x_wconf 88' lang='lat' dir='ltr'>quod</span> 
     </span>
    </p>
   </div>
   <div class='ocr_carea' id='block_1_73' title="bbox 2012 1517 3648 1592">
    <p class='ocr_par' dir='ltr' id='par_1_73' title="bbox 2012 1517 3648 1592">
     <span class='ocr_line' id='line_1_73' title="bbox 2012 1517 3648 1592; baseline -0.001 -18"><span class='ocrx_word' id='word_1_494' title='bbox 2012 1521 2174 1592; x_wconf 89' lang='lat' dir='ltr'>piger</span> <span class='ocrx_word' id='word_1_495' title='bbox 2201 1536 2309 1591; x_wconf 92' lang='lat' dir='ltr'>ego</span> <span class='ocrx_word' id='word_1_496' title='bbox 2336 1524 2394 1575; x_wconf 91' lang='lat' dir='ltr'>et</span> <span class='ocrx_word' id='word_1_497' title='bbox 2418 1519 2635 1574; x_wconf 89' lang='lat' dir='ltr'>inutilis</span> <span class='ocrx_word' id='word_1_498' title='bbox 2660 1523 2797 1574; x_wconf 92' lang='lat' dir='ltr'>tunc</span> <span class='ocrx_word' id='word_1_499' title='bbox 2823 1519 2993 1574; x_wconf 89' lang='lat' dir='ltr'>inerti</span> <span class='ocrx_word' id='word_1_500' title='bbox 3020 1517 3136 1574; x_wconf 93' lang='lat' dir='ltr'>otio</span> <span class='ocrx_word' id='word_1_501' title='bbox 3168 1523 3387 1590; x_wconf 89' lang='lat' dir='ltr'>torpeo,</span> <span class='ocrx_word' id='word_1_502' title='bbox 3421 1518 3648 1590; x_wconf 88' lang='lat' dir='ltr'>quando</span> 
     </span>
    </p>
   </div>
   <div class='ocr_carea' id='block_1_74' title="bbox 2012 1610 3650 1684">
    <p class='ocr_par' dir='ltr' id='par_1_74' title="bbox 2012 1610 3650 1684">
     <span class='ocr_line' id='line_1_74' title="bbox 2012 1610 3650 1684; baseline -0.001 -16"><span class='ocrx_word' id='word_1_503' title='bbox 2012 1615 2069 1668; x_wconf 90' lang='lat' dir='ltr'>in</span> <span class='ocrx_word' id='word_1_504' title='bbox 2101 1613 2420 1668; x_wconf 90' lang='lat' dir='ltr'>animarum</span> <span class='ocrx_word' id='word_1_505' title='bbox 2465 1613 3006 1684; x_wconf 91' lang='lat' dir='ltr'>congregationibus</span> <span class='ocrx_word' id='word_1_506' title='bbox 3056 1629 3161 1683; x_wconf 89' lang='lat' dir='ltr'>pro</span> <span class='ocrx_word' id='word_1_507' title='bbox 3204 1612 3362 1666; x_wconf 90' lang='lat' dir='ltr'>lucro</span> <span class='ocrx_word' id='word_1_508' title='bbox 3407 1610 3650 1666; x_wconf 71' lang='lat' dir='ltr'>caelestis</span> 
     </span>
    </p>
   </div>
   <div class='ocr_carea' id='block_1_75' title="bbox 2012 1705 3645 1779">
    <p class='ocr_par' dir='ltr' id='par_1_75' title="bbox 2012 1705 3645 1779">
     <span class='ocr_line' id='line_1_75' title="bbox 2012 1705 3645 1779; baseline -0.001 -17"><span class='ocrx_word' id='word_1_509' title='bbox 2012 1709 2208 1779; x_wconf 69' lang='lat' dir='ltr'>patrita</span> <span class='ocrx_word' id='word_1_510' title='bbox 2244 1723 2407 1777; x_wconf 88' lang='lat' dir='ltr'>reges</span> <span class='ocrx_word' id='word_1_511' title='bbox 2436 1706 2752 1761; x_wconf 88' lang='lat' dir='ltr'>elaborant.</span> <span class='ocrx_word' id='word_1_512' title='bbox 2783 1706 2928 1770; x_wconf 87' lang='lat' dir='ltr'>Quid</span> <span class='ocrx_word' id='word_1_513' title='bbox 2956 1706 3148 1777; x_wconf 87' lang='lat' dir='ltr'>itaque</span> <span class='ocrx_word' id='word_1_514' title='bbox 3177 1721 3284 1777; x_wconf 91' lang='lat' dir='ltr'>ego</span> <span class='ocrx_word' id='word_1_515' title='bbox 3310 1705 3369 1759; x_wconf 90' lang='lat' dir='ltr'>in</span> <span class='ocrx_word' id='word_1_516' title='bbox 3408 1705 3502 1759; x_wconf 88' lang='lat' dir='ltr'>illo</span> <span class='ocrx_word' id='word_1_517' title='bbox 3530 1709 3645 1760; x_wconf 86' lang='lat' dir='ltr'>tre-</span> 
     </span>
    </p>
   </div>
   <div class='ocr_carea' id='block_1_76' title="bbox 2015 1799 3650 1865">
    <p class='ocr_par' dir='ltr' id='par_1_76' title="bbox 2015 1799 3650 1865">
     <span class='ocr_line' id='line_1_76' title="bbox 2015 1799 3650 1865; baseline -0.002 -9"><span class='ocrx_word' id='word_1_518' title='bbox 2015 1801 2222 1856; x_wconf 91' lang='lat' dir='ltr'>mendo</span> <span class='ocrx_word' id='word_1_519' title='bbox 2242 1800 2505 1856; x_wconf 80' lang='lat' dir='ltr'>examine</span> <span class='ocrx_word' id='word_1_520' title='bbox 2523 1800 2708 1855; x_wconf 83' lang='lat' dir='ltr'>Judici</span> <span class='ocrx_word' id='word_1_521' title='bbox 2730 1799 2980 1854; x_wconf 90' lang='lat' dir='ltr'>venienti</span> <span class='ocrx_word' id='word_1_522' title='bbox 3005 1799 3259 1854; x_wconf 88' lang='lat' dir='ltr'>dicturus</span> <span class='ocrx_word' id='word_1_523' title='bbox 3283 1815 3430 1865; x_wconf 90' lang='lat' dir='ltr'>sum,</span> <span class='ocrx_word' id='word_1_524' title='bbox 3450 1799 3497 1853; x_wconf 91' lang='lat' dir='ltr'>si</span> <span class='ocrx_word' id='word_1_525' title='bbox 3515 1802 3650 1853; x_wconf 90' lang='lat' dir='ltr'>tunc</span> 
     </span>
    </p>
   </div>
   <div class='ocr_carea' id='block_1_77' title="bbox 2014 1893 3650 1964">
    <p class='ocr_par' dir='ltr' id='par_1_77' title="bbox 2014 1893 3650 1964">
     <span class='ocr_line' id='line_1_77' title="bbox 2014 1893 3650 1964; baseline -0.002 -15"><span class='ocrx_word' id='word_1_526' title='bbox 2014 1896 2144 1950; x_wconf 90' lang='lat' dir='ltr'>illuc</span> <span class='ocrx_word' id='word_1_527' title='bbox 2171 1912 2379 1950; x_wconf 90' lang='lat' dir='ltr'>vacuus</span> <span class='ocrx_word' id='word_1_528' title='bbox 2404 1911 2615 1949; x_wconf 89' lang='lat' dir='ltr'>venero</span> <span class='ocrx_word' id='word_1_529' title='bbox 2652 1894 2749 1949; x_wconf 91' lang='lat' dir='ltr'>ubi</span> <span class='ocrx_word' id='word_1_530' title='bbox 2779 1899 2878 1949; x_wconf 91' lang='lat' dir='ltr'>tua</span> <span class='ocrx_word' id='word_1_531' title='bbox 2923 1893 3260 1949; x_wconf 88' lang='lat' dir='ltr'>excellentia</span> <span class='ocrx_word' id='word_1_532' title='bbox 3289 1909 3495 1964; x_wconf 91' lang='lat' dir='ltr'>greges</span> <span class='ocrx_word' id='word_1_533' title='bbox 3520 1895 3650 1963; x_wconf 91' lang='lat' dir='ltr'>post</span> 
     </span>
    </p>
   </div>
   <div class='ocr_carea' id='block_1_78' title="bbox 2015 1986 3649 2059">
    <p class='ocr_par' dir='ltr' id='par_1_78' title="bbox 2015 1986 3649 2059">
     <span class='ocr_line' id='line_1_78' title="bbox 2015 1986 3649 2059; baseline -0.002 -16"><span class='ocrx_word' id='word_1_534' title='bbox 2015 2006 2072 2044; x_wconf 91' lang='lat' dir='ltr'>se</span> <span class='ocrx_word' id='word_1_535' title='bbox 2101 1988 2355 2044; x_wconf 90' lang='lat' dir='ltr'>ﬁdelium</span> <span class='ocrx_word' id='word_1_536' title='bbox 2384 1989 2572 2055; x_wconf 89' lang='lat' dir='ltr'>ducet,</span> <span class='ocrx_word' id='word_1_537' title='bbox 2600 2005 2741 2059; x_wconf 90' lang='lat' dir='ltr'>quos</span> <span class='ocrx_word' id='word_1_538' title='bbox 2781 1987 2955 2042; x_wconf 93' lang='lat' dir='ltr'>modo</span> <span class='ocrx_word' id='word_1_539' title='bbox 2985 1987 3057 2042; x_wconf 92' lang='lat' dir='ltr'>ad</span> <span class='ocrx_word' id='word_1_540' title='bbox 3083 2003 3212 2042; x_wconf 90' lang='lat' dir='ltr'>vere</span> <span class='ocrx_word' id='word_1_541' title='bbox 3242 1986 3376 2042; x_wconf 87' lang='lat' dir='ltr'>ﬁdei</span> <span class='ocrx_word' id='word_1_542' title='bbox 3405 1986 3649 2058; x_wconf 87' lang='lat' dir='ltr'>gratiam</span> 
     </span>
    </p>
   </div>
   <div class='ocr_carea' id='block_1_79' title="bbox 2014 2079 3648 2154">
    <p class='ocr_par' dir='ltr' id='par_1_79' title="bbox 2014 2079 3648 2154">
     <span class='ocr_line' id='line_1_79' title="bbox 2014 2079 3648 2154; baseline -0.003 -16"><span class='ocrx_word' id='word_1_543' title='bbox 2014 2100 2116 2154; x_wconf 92' lang='lat' dir='ltr'>per</span> <span class='ocrx_word' id='word_1_544' title='bbox 2141 2083 2451 2138; x_wconf 89' lang='lat' dir='ltr'>studiosam</span> <span class='ocrx_word' id='word_1_545' title='bbox 2488 2087 2545 2137; x_wconf 91' lang='lat' dir='ltr'>et</span> <span class='ocrx_word' id='word_1_546' title='bbox 2573 2083 2898 2138; x_wconf 86' lang='lat' dir='ltr'>continuam</span> <span class='ocrx_word' id='word_1_547' title='bbox 2936 2081 3398 2154; x_wconf 64' lang='lat' dir='ltr'>praedicationem</span> <span class='ocrx_word' id='word_1_548' title='bbox 3433 2079 3648 2135; x_wconf 85' lang='lat' dir='ltr'>traxit?</span> 
     </span>
    </p>
   </div>
   <div class='ocr_carea' id='block_1_80' title="bbox 2015 2175 3650 2245">
    <p class='ocr_par' dir='ltr' id='par_1_80' title="bbox 2015 2175 3650 2245">
     <span class='ocr_line' id='line_1_80' title="bbox 2015 2175 3650 2245; baseline -0.004 -13"><span class='ocrx_word' id='word_1_549' title='bbox 2015 2177 2126 2232; x_wconf 90' lang='lat' dir='ltr'>Sed</span> <span class='ocrx_word' id='word_1_550' title='bbox 2154 2181 2238 2232; x_wconf 93' lang='lat' dir='ltr'>est</span> <span class='ocrx_word' id='word_1_551' title='bbox 2276 2177 2438 2245; x_wconf 88' lang='lat' dir='ltr'>mihi,</span> <span class='ocrx_word' id='word_1_552' title='bbox 2466 2176 2612 2231; x_wconf 90' lang='lat' dir='ltr'>bone</span> <span class='ocrx_word' id='word_1_553' title='bbox 2637 2177 2744 2242; x_wconf 91' lang='lat' dir='ltr'>vir,</span> <span class='ocrx_word' id='word_1_554' title='bbox 2772 2176 2880 2231; x_wconf 90' lang='lat' dir='ltr'>hoc</span> <span class='ocrx_word' id='word_1_555' title='bbox 2907 2176 2965 2230; x_wconf 92' lang='lat' dir='ltr'>in</span> <span class='ocrx_word' id='word_1_556' title='bbox 3010 2175 3110 2230; x_wconf 90' lang='lat' dir='ltr'>Dei</span> <span class='ocrx_word' id='word_1_557' title='bbox 3153 2190 3393 2230; x_wconf 91' lang='lat' dir='ltr'>munere</span> <span class='ocrx_word' id='word_1_558' title='bbox 3438 2189 3650 2244; x_wconf 89' lang='lat' dir='ltr'>magna</span> 
     </span>
    </p>
   </div>
   <div class='ocr_carea' id='block_1_81' title="bbox 2015 2267 3646 2342">
    <p class='ocr_par' dir='ltr' id='par_1_81' title="bbox 2015 2267 3646 2342">
     <span class='ocr_line' id='line_1_81' title="bbox 2015 2267 3646 2342; baseline -0.002 -17"><span class='ocrx_word' id='word_1_559' title='bbox 2015 2270 2348 2339; x_wconf 91' lang='lat' dir='ltr'>consolatio,</span> <span class='ocrx_word' id='word_1_560' title='bbox 2363 2270 2497 2342; x_wconf 89' lang='lat' dir='ltr'>quia</span> <span class='ocrx_word' id='word_1_561' title='bbox 2511 2287 2652 2341; x_wconf 90' lang='lat' dir='ltr'>opus</span> <span class='ocrx_word' id='word_1_562' title='bbox 2676 2275 2935 2324; x_wconf 89' lang='lat' dir='ltr'>sanctum</span> <span class='ocrx_word' id='word_1_563' title='bbox 2950 2269 3101 2340; x_wconf 94' lang='lat' dir='ltr'>quod</span> <span class='ocrx_word' id='word_1_564' title='bbox 3117 2269 3175 2322; x_wconf 90' lang='lat' dir='ltr'>in</span> <span class='ocrx_word' id='word_1_565' title='bbox 3196 2285 3289 2323; x_wconf 92' lang='lat' dir='ltr'>me</span> <span class='ocrx_word' id='word_1_566' title='bbox 3309 2284 3425 2323; x_wconf 89' lang='lat' dir='ltr'>non</span> <span class='ocrx_word' id='word_1_567' title='bbox 3443 2267 3646 2332; x_wconf 87' lang='lat' dir='ltr'>habeo,</span> 
     </span>
    </p>
   </div>
   <div class='ocr_carea' id='block_1_82' title="bbox 2014 2361 3650 2435">
    <p class='ocr_par' dir='ltr' id='par_1_82' title="bbox 2014 2361 3650 2435">
     <span class='ocr_line' id='line_1_82' title="bbox 2014 2361 3650 2435; baseline -0.003 -16"><span class='ocrx_word' id='word_1_568' title='bbox 2014 2365 2189 2435; x_wconf 91' lang='lat' dir='ltr'>diligo</span> <span class='ocrx_word' id='word_1_569' title='bbox 2217 2365 2276 2418; x_wconf 92' lang='lat' dir='ltr'>in</span> <span class='ocrx_word' id='word_1_570' title='bbox 2307 2369 2382 2431; x_wconf 93' lang='lat' dir='ltr'>te,</span> <span class='ocrx_word' id='word_1_571' title='bbox 2413 2380 2658 2434; x_wconf 89' lang='lat' dir='ltr'>cumque</span> <span class='ocrx_word' id='word_1_572' title='bbox 2704 2364 2774 2417; x_wconf 94' lang='lat' dir='ltr'>de</span> <span class='ocrx_word' id='word_1_573' title='bbox 2818 2363 2986 2418; x_wconf 89' lang='lat' dir='ltr'>bonis</span> <span class='ocrx_word' id='word_1_574' title='bbox 3028 2362 3246 2416; x_wconf 89' lang='lat' dir='ltr'>actibus</span> <span class='ocrx_word' id='word_1_575' title='bbox 3288 2361 3402 2416; x_wconf 90' lang='lat' dir='ltr'>tuis</span> <span class='ocrx_word' id='word_1_576' title='bbox 3439 2377 3650 2431; x_wconf 88' lang='lat' dir='ltr'>magna</span> 
     </span>
    </p>
   </div>
   <div class='ocr_carea' id='block_1_83' title="bbox 2014 2456 3647 2528">
    <p class='ocr_par' dir='ltr' id='par_1_83' title="bbox 2014 2456 3647 2528">
     <span class='ocr_line' id='line_1_83' title="bbox 2014 2456 3647 2528; baseline -0.004 -15"><span class='ocrx_word' id='word_1_577' title='bbox 2014 2457 2388 2513; x_wconf 88' lang='lat' dir='ltr'>exsultatione</span> <span class='ocrx_word' id='word_1_578' title='bbox 2436 2457 2677 2528; x_wconf 89' lang='lat' dir='ltr'>gaudeo,</span> <span class='ocrx_word' id='word_1_579' title='bbox 2709 2473 2774 2511; x_wconf 90' lang='lat' dir='ltr'>ea</span> <span class='ocrx_word' id='word_1_580' title='bbox 2801 2473 2926 2527; x_wconf 63' lang='lat' dir='ltr'>quae</span> <span class='ocrx_word' id='word_1_581' title='bbox 2956 2472 3058 2527; x_wconf 89' lang='lat' dir='ltr'>per</span> <span class='ocrx_word' id='word_1_582' title='bbox 3086 2456 3341 2510; x_wconf 89' lang='lat' dir='ltr'>laborem</span> <span class='ocrx_word' id='word_1_583' title='bbox 3369 2458 3469 2509; x_wconf 91' lang='lat' dir='ltr'>tua</span> <span class='ocrx_word' id='word_1_584' title='bbox 3497 2457 3647 2520; x_wconf 91' lang='lat' dir='ltr'>sunt,</span> 
     </span>
    </p>
   </div>
   <div class='ocr_carea' id='block_1_84' title="bbox 2015 2547 3650 2622">
    <p class='ocr_par' dir='ltr' id='par_1_84' title="bbox 2015 2547 3650 2622">
     <span class='ocr_line' id='line_1_84' title="bbox 2015 2547 3650 2622; baseline -0.004 -16"><span class='ocrx_word' id='word_1_585' title='bbox 2015 2569 2146 2606; x_wconf 90' lang='lat' dir='ltr'>mea</span> <span class='ocrx_word' id='word_1_586' title='bbox 2190 2569 2294 2622; x_wconf 89' lang='lat' dir='ltr'>per</span> <span class='ocrx_word' id='word_1_587' title='bbox 2338 2551 2672 2605; x_wconf 88' lang='lat' dir='ltr'>charitatem</span> <span class='ocrx_word' id='word_1_588' title='bbox 2722 2550 2886 2606; x_wconf 86' lang='lat' dir='ltr'>ﬁunt.</span> <span class='ocrx_word' id='word_1_589' title='bbox 2936 2551 3016 2604; x_wconf 92' lang='lat' dir='ltr'>De</span> <span class='ocrx_word' id='word_1_590' title='bbox 3060 2549 3430 2604; x_wconf 82' lang='lat' dir='ltr'>conversione</span> <span class='ocrx_word' id='word_1_591' title='bbox 3473 2547 3650 2614; x_wconf 84' lang='lat' dir='ltr'>igitur</span> 
     </span>
    </p>
   </div>
   <div class='ocr_carea' id='block_1_85' title="bbox 2012 2641 3651 2714">
    <p class='ocr_par' dir='ltr' id='par_1_85' title="bbox 2012 2641 3651 2714">
     <span class='ocr_line' id='line_1_85' title="bbox 2012 2641 3651 2714; baseline -0.005 -12"><span class='ocrx_word' id='word_1_592' title='bbox 2012 2647 2327 2702; x_wconf 88' lang='lat' dir='ltr'>Gothorum</span> <span class='ocrx_word' id='word_1_593' title='bbox 2375 2644 2434 2698; x_wconf 90' lang='lat' dir='ltr'>in</span> <span class='ocrx_word' id='word_1_594' title='bbox 2483 2649 2666 2699; x_wconf 87' lang='lat' dir='ltr'>vestro</span> <span class='ocrx_word' id='word_1_595' title='bbox 2713 2660 2909 2714; x_wconf 89' lang='lat' dir='ltr'>opere,</span> <span class='ocrx_word' id='word_1_596' title='bbox 2947 2648 3004 2699; x_wconf 86' lang='lat' dir='ltr'>et</span> <span class='ocrx_word' id='word_1_597' title='bbox 3043 2646 3233 2697; x_wconf 89' lang='lat' dir='ltr'>nostra</span> <span class='ocrx_word' id='word_1_598' title='bbox 3276 2641 3651 2697; x_wconf 89' lang='lat' dir='ltr'>exsultatione</span> 
     </span>
    </p>
   </div>
   <div class='ocr_carea' id='block_1_86' title="bbox 2015 2734 3649 2809">
    <p class='ocr_par' dir='ltr' id='par_1_86' title="bbox 2015 2734 3649 2809">
     <span class='ocr_line' id='line_1_86' title="bbox 2015 2734 3649 2809; baseline -0.004 -15"><span class='ocrx_word' id='word_1_599' title='bbox 2015 2739 2151 2794; x_wconf 89' lang='lat' dir='ltr'>libet</span> <span class='ocrx_word' id='word_1_600' title='bbox 2194 2755 2322 2793; x_wconf 89' lang='lat' dir='ltr'>cum</span> <span class='ocrx_word' id='word_1_601' title='bbox 2365 2737 2580 2809; x_wconf 88' lang='lat' dir='ltr'>angelis</span> <span class='ocrx_word' id='word_1_602' title='bbox 2626 2738 2944 2792; x_wconf 85' lang='lat' dir='ltr'>exclamare</span> <span class='ocrx_word' id='word_1_603' title='bbox 2980 2755 2993 2790; x_wconf 90' lang='lat'>:</span> <span class='ocrx_word' id='word_1_604' title='bbox 3023 2758 3050 2786; x_wconf 91' lang='grc'>‹‹</span> <span class='ocrx_word' id='word_1_605' title='bbox 3083 2736 3273 2791; x_wconf 90' lang='lat' dir='ltr'>Gloria</span> <span class='ocrx_word' id='word_1_606' title='bbox 3313 2735 3372 2789; x_wconf 89' lang='lat' dir='ltr'>in</span> <span class='ocrx_word' id='word_1_607' title='bbox 3415 2734 3649 2790; x_wconf 90' lang='lat' dir='ltr'>excelsis</span> 
     </span>
    </p>
   </div>
   <div class='ocr_carea' id='block_1_87' title="bbox 2017 2828 3651 2902">
    <p class='ocr_par' dir='ltr' id='par_1_87' title="bbox 2017 2828 3651 2902">
     <span class='ocr_line' id='line_1_87' title="bbox 2017 2828 3651 2902; baseline -0.005 -14"><span class='ocrx_word' id='word_1_608' title='bbox 2017 2834 2152 2902; x_wconf 93' lang='lat' dir='ltr'>Deo,</span> <span class='ocrx_word' id='word_1_609' title='bbox 2197 2838 2253 2887; x_wconf 90' lang='lat' dir='ltr'>et</span> <span class='ocrx_word' id='word_1_610' title='bbox 2298 2833 2357 2886; x_wconf 91' lang='lat' dir='ltr'>in</span> <span class='ocrx_word' id='word_1_611' title='bbox 2404 2836 2557 2886; x_wconf 90' lang='lat' dir='ltr'>terra</span> <span class='ocrx_word' id='word_1_612' title='bbox 2603 2848 2710 2902; x_wconf 86' lang='lat' dir='ltr'>pax</span> <span class='ocrx_word' id='word_1_613' title='bbox 2758 2830 3092 2886; x_wconf 90' lang='lat' dir='ltr'>hominibus</span> <span class='ocrx_word' id='word_1_614' title='bbox 3133 2829 3298 2884; x_wconf 63' lang='lat' dir='ltr'>bona:</span> <span class='ocrx_word' id='word_1_615' title='bbox 3344 2828 3651 2883; x_wconf 89' lang='lat' dir='ltr'>voluntatis</span> 
     </span>
    </p>
   </div>
   <div class='ocr_carea' id='block_1_88' title="bbox 2019 2921 3652 2995">
    <p class='ocr_par' dir='ltr' id='par_1_88' title="bbox 2019 2921 3652 2995">
     <span class='ocr_line' id='line_1_88' title="bbox 2019 2921 3652 2995; baseline -0.005 -13"><span class='ocrx_word' id='word_1_616' title='bbox 2019 2928 2165 2995; x_wconf 85' lang='lat' dir='ltr'>(Luc.</span> <span class='ocrx_word' id='word_1_617' title='bbox 2197 2943 2254 2993; x_wconf 83' lang='grc' dir='ltr'>ιι,</span> <span class='ocrx_word' id='word_1_618' title='bbox 2289 2927 2394 2994; x_wconf 62' lang='lat' dir='ltr'>lt).</span> <span class='ocrx_word' id='word_1_619' title='bbox 2425 2949 2450 2974; x_wconf 85' lang='lat'>»</span> <span class='ocrx_word' id='word_1_620' title='bbox 2486 2927 2590 2980; x_wconf 88' lang='lat' dir='ltr'>Per</span> <span class='ocrx_word' id='word_1_621' title='bbox 2614 2941 2713 2980; x_wconf 92' lang='lat' dir='ltr'>vos</span> <span class='ocrx_word' id='word_1_622' title='bbox 2737 2923 2889 2978; x_wconf 92' lang='lat' dir='ltr'>enim</span> <span class='ocrx_word' id='word_1_623' title='bbox 2930 2926 2996 2977; x_wconf 92' lang='lat' dir='ltr'>ut</span> <span class='ocrx_word' id='word_1_624' title='bbox 3033 2923 3251 2977; x_wconf 50' lang='lat' dir='ltr'>aestimo</span> <span class='ocrx_word' id='word_1_625' title='bbox 3297 2939 3400 2976; x_wconf 87' lang='lat' dir='ltr'>nos</span> <span class='ocrx_word' id='word_1_626' title='bbox 3445 2921 3652 2992; x_wconf 89' lang='lat' dir='ltr'>gratia-</span> 
     </span>
    </p>
   </div>
   <div class='ocr_carea' id='block_1_89' title="bbox 2017 3014 3652 3092">
    <p class='ocr_par' dir='ltr' id='par_1_89' title="bbox 2017 3014 3652 3092">
     <span class='ocr_line' id='line_1_89' title="bbox 2017 3014 3652 3092; baseline -0.005 -17"><span class='ocrx_word' id='word_1_627' title='bbox 2017 3037 2146 3075; x_wconf 90' lang='lat' dir='ltr'>rum</span> <span class='ocrx_word' id='word_1_628' title='bbox 2175 3019 2418 3092; x_wconf 89' lang='lat' dir='ltr'>amplius</span> <span class='ocrx_word' id='word_1_629' title='bbox 2448 3016 2831 3090; x_wconf 90' lang='lat' dir='ltr'>omnipotenti</span> <span class='ocrx_word' id='word_1_630' title='bbox 2871 3015 3112 3071; x_wconf 91' lang='lat' dir='ltr'>Domino</span> <span class='ocrx_word' id='word_1_631' title='bbox 3141 3015 3429 3073; x_wconf 85' lang='lat' dir='ltr'>debitores</span> <span class='ocrx_word' id='word_1_632' title='bbox 3463 3014 3652 3068; x_wconf 89' lang='lat' dir='ltr'>existi-</span> 
     </span>
    </p>
   </div>
   <div class='ocr_carea' id='block_1_90' title="bbox 2018 3110 3654 3184">
    <p class='ocr_par' dir='ltr' id='par_1_90' title="bbox 2018 3110 3654 3184">
     <span class='ocr_line' id='line_1_90' title="bbox 2018 3110 3654 3184; baseline -0.005 -15"><span class='ocrx_word' id='word_1_633' title='bbox 2018 3131 2168 3182; x_wconf 91' lang='lat' dir='ltr'>mus,</span> <span class='ocrx_word' id='word_1_634' title='bbox 2196 3113 2328 3184; x_wconf 86' lang='lat' dir='ltr'>quia</span> <span class='ocrx_word' id='word_1_635' title='bbox 2351 3112 2453 3168; x_wconf 88' lang='lat' dir='ltr'>etsi</span> <span class='ocrx_word' id='word_1_636' title='bbox 2480 3112 2772 3167; x_wconf 89' lang='lat' dir='ltr'>vobiscum</span> <span class='ocrx_word' id='word_1_637' title='bbox 2803 3110 2946 3165; x_wconf 89' lang='lat' dir='ltr'>nihil</span> <span class='ocrx_word' id='word_1_638' title='bbox 2974 3110 3216 3180; x_wconf 89' lang='lat' dir='ltr'>egimus,</span> <span class='ocrx_word' id='word_1_639' title='bbox 3237 3112 3426 3164; x_wconf 90' lang='lat' dir='ltr'>vestro</span> <span class='ocrx_word' id='word_1_640' title='bbox 3458 3112 3654 3163; x_wconf 90' lang='lat' dir='ltr'>tamen</span> 
     </span>
    </p>
   </div>
   <div class='ocr_carea' id='block_1_91' title="bbox 2020 3204 3202 3279">
    <p class='ocr_par' dir='ltr' id='par_1_91' title="bbox 2020 3204 3202 3279">
     <span class='ocr_line' id='line_1_91' title="bbox 2020 3204 3202 3279; baseline -0.005 -16"><span class='ocrx_word' id='word_1_641' title='bbox 2020 3208 2182 3279; x_wconf 91' lang='lat' dir='ltr'>operi</span> <span class='ocrx_word' id='word_1_642' title='bbox 2208 3206 2631 3278; x_wconf 89' lang='lat' dir='ltr'>congaudentes</span> <span class='ocrx_word' id='word_1_643' title='bbox 2657 3204 2960 3275; x_wconf 88' lang='lat' dir='ltr'>participes</span> <span class='ocrx_word' id='word_1_644' title='bbox 2989 3221 3202 3258; x_wconf 91' lang='lat' dir='ltr'>sumus.</span> 
     </span>
    </p>
   </div>
   <div class='ocr_carea' id='block_1_92' title="bbox 2095 3297 3654 3368">
    <p class='ocr_par' dir='ltr' id='par_1_92' title="bbox 2095 3297 3654 3368">
     <span class='ocr_line' id='line_1_92' title="bbox 2095 3297 3654 3368; baseline -0.004 -14"><span class='ocrx_word' id='word_1_645' title='bbox 2095 3303 2158 3357; x_wconf 93' lang='lat' dir='ltr'>ll.</span> <span class='ocrx_word' id='word_1_646' title='bbox 2181 3301 2383 3354; x_wconf 90' lang='lat' dir='ltr'>Beatus</span> <span class='ocrx_word' id='word_1_647' title='bbox 2409 3315 2540 3354; x_wconf 89' lang='lat' dir='ltr'>vero</span> <span class='ocrx_word' id='word_1_648' title='bbox 2566 3300 2765 3352; x_wconf 91' lang='lat' dir='ltr'>Petrus</span> <span class='ocrx_word' id='word_1_649' title='bbox 2785 3298 3171 3367; x_wconf 90' lang='lat' dir='ltr'>apostolorum</span> <span class='ocrx_word' id='word_1_650' title='bbox 3200 3297 3465 3368; x_wconf 90' lang='lat' dir='ltr'>princeps</span> <span class='ocrx_word' id='word_1_651' title='bbox 3480 3310 3654 3366; x_wconf 89' lang='lat' dir='ltr'>quam</span> 
     </span>
    </p>
   </div>
   <div class='ocr_carea' id='block_1_93' title="bbox 2019 3387 3654 3459">
    <p class='ocr_par' dir='ltr' id='par_1_93' title="bbox 2019 3387 3654 3459">
     <span class='ocr_line' id='line_1_93' title="bbox 2019 3387 3654 3459; baseline -0.005 -11"><span class='ocrx_word' id='word_1_652' title='bbox 2019 3394 2261 3449; x_wconf 89' lang='lat' dir='ltr'>libenter</span> <span class='ocrx_word' id='word_1_653' title='bbox 2302 3408 2542 3448; x_wconf 89' lang='lat' dir='ltr'>munera</span> <span class='ocrx_word' id='word_1_654' title='bbox 2587 3390 2938 3447; x_wconf 68' lang='lat' dir='ltr'>excellentiae</span> <span class='ocrx_word' id='word_1_655' title='bbox 2964 3395 3162 3445; x_wconf 60' lang='lat' dir='ltr'>vestras</span> <span class='ocrx_word' id='word_1_656' title='bbox 3208 3387 3542 3459; x_wconf 89' lang='lat' dir='ltr'>susceperit,</span> <span class='ocrx_word' id='word_1_657' title='bbox 3576 3387 3654 3441; x_wconf 89' lang='lat' dir='ltr'>ita</span> 
     </span>
    </p>
   </div>
   <div class='ocr_carea' id='block_1_94' title="bbox 2019 3479 3655 3557">
    <p class='ocr_par' dir='ltr' id='par_1_94' title="bbox 2019 3479 3655 3557">
     <span class='ocr_line' id='line_1_94' title="bbox 2019 3479 3655 3557; baseline -0.005 -15"><span class='ocrx_word' id='word_1_658' title='bbox 2019 3487 2234 3542; x_wconf 90' lang='lat' dir='ltr'>cunctis</span> <span class='ocrx_word' id='word_1_659' title='bbox 2260 3485 2460 3557; x_wconf 89' lang='lat' dir='ltr'>liquet,</span> <span class='ocrx_word' id='word_1_660' title='bbox 2494 3488 2557 3539; x_wconf 89' lang='lat' dir='ltr'>ut</span> <span class='ocrx_word' id='word_1_661' title='bbox 2584 3483 2777 3540; x_wconf 88' lang='lat' dir='ltr'>debita</span> <span class='ocrx_word' id='word_1_662' title='bbox 2807 3487 2995 3538; x_wconf 89' lang='lat' dir='ltr'>vestra</span> <span class='ocrx_word' id='word_1_663' title='bbox 3022 3485 3326 3538; x_wconf 87' lang='lat' dir='ltr'>testantur.</span> <span class='ocrx_word' id='word_1_664' title='bbox 3371 3479 3655 3550; x_wconf 91' lang='lat' dir='ltr'>Scriptum</span> 
     </span>
    </p>
   </div>
   <div class='ocr_carea' id='block_1_95' title="bbox 2022 3573 3652 3652">
    <p class='ocr_par' dir='ltr' id='par_1_95' title="bbox 2022 3573 3652 3652">
     <span class='ocr_line' id='line_1_95' title="bbox 2022 3573 3652 3652; baseline -0.008 -17"><span class='ocrx_word' id='word_1_665' title='bbox 2022 3581 2235 3652; x_wconf 90' lang='lat' dir='ltr'>quippe</span> <span class='ocrx_word' id='word_1_666' title='bbox 2261 3584 2370 3634; x_wconf 87' lang='lat' dir='ltr'>est:</span> <span class='ocrx_word' id='word_1_667' title='bbox 2399 3601 2425 3627; x_wconf 87' lang='grc'>‹‹</span> <span class='ocrx_word' id='word_1_668' title='bbox 2442 3581 2577 3633; x_wconf 89' lang='lat' dir='ltr'>Vota</span> <span class='ocrx_word' id='word_1_669' title='bbox 2591 3578 2879 3648; x_wconf 91' lang='lat' dir='ltr'>justorum</span> <span class='ocrx_word' id='word_1_670' title='bbox 2906 3575 3204 3648; x_wconf 90' lang='lat' dir='ltr'>placabilia</span> <span class='ocrx_word' id='word_1_671' title='bbox 3224 3576 3400 3644; x_wconf 82' lang='lat' dir='ltr'>(Prov.</span> <span class='ocrx_word' id='word_1_672' title='bbox 3420 3573 3600 3644; x_wconf 89' lang='lat' dir='ltr'>xv,8),</span> <span class='ocrx_word' id='word_1_673' title='bbox 3625 3593 3652 3622; x_wconf 77' lang='grc' dir='ltr'>ι)</span> 
     </span>
    </p>
   </div>
   <div class='ocr_carea' id='block_1_96' title="bbox 2021 3668 3652 3745">
    <p class='ocr_par' dir='ltr' id='par_1_96' title="bbox 2021 3668 3652 3745">
     <span class='ocr_line' id='line_1_96' title="bbox 2021 3668 3652 3745; baseline -0.005 -17"><span class='ocrx_word' id='word_1_674' title='bbox 2021 3691 2207 3745; x_wconf 89' lang='lat' dir='ltr'>neque</span> <span class='ocrx_word' id='word_1_675' title='bbox 2237 3673 2391 3728; x_wconf 91' lang='lat' dir='ltr'>enim</span> <span class='ocrx_word' id='word_1_676' title='bbox 2419 3673 2478 3727; x_wconf 91' lang='lat' dir='ltr'>in</span> <span class='ocrx_word' id='word_1_677' title='bbox 2507 3671 2912 3743; x_wconf 87' lang='lat' dir='ltr'>omnipotentis</span> <span class='ocrx_word' id='word_1_678' title='bbox 2937 3670 3038 3726; x_wconf 91' lang='lat' dir='ltr'>Dei</span> <span class='ocrx_word' id='word_1_679' title='bbox 3057 3669 3272 3741; x_wconf 91' lang='lat' dir='ltr'>judicio</span> <span class='ocrx_word' id='word_1_680' title='bbox 3296 3668 3432 3740; x_wconf 92' lang='lat' dir='ltr'>quid</span> <span class='ocrx_word' id='word_1_681' title='bbox 3461 3668 3652 3732; x_wconf 86' lang='lat' dir='ltr'>datur,</span> 
     </span>
    </p>
   </div>
   <div class='ocr_carea' id='block_1_97' title="bbox 2021 3759 3657 3837">
    <p class='ocr_par' dir='ltr' id='par_1_97' title="bbox 2021 3759 3657 3837">
     <span class='ocr_line' id='line_1_97' title="bbox 2021 3759 3657 3837; baseline -0.005 -15"><span class='ocrx_word' id='word_1_682' title='bbox 2021 3768 2118 3822; x_wconf 88' lang='lat' dir='ltr'>sed</span> <span class='ocrx_word' id='word_1_683' title='bbox 2177 3784 2210 3820; x_wconf 92' lang='lat' dir='ltr'>a</span> <span class='ocrx_word' id='word_1_684' title='bbox 2261 3783 2373 3837; x_wconf 89' lang='lat' dir='ltr'>quo</span> <span class='ocrx_word' id='word_1_685' title='bbox 2421 3765 2607 3833; x_wconf 90' lang='lat' dir='ltr'>datur,</span> <span class='ocrx_word' id='word_1_686' title='bbox 2654 3764 2944 3835; x_wconf 88' lang='lat' dir='ltr'>aspicitur.</span> <span class='ocrx_word' id='word_1_687' title='bbox 2997 3764 3136 3818; x_wconf 83' lang='lat' dir='ltr'>Hinc</span> <span class='ocrx_word' id='word_1_688' title='bbox 3179 3765 3264 3817; x_wconf 91' lang='lat' dir='ltr'>est</span> <span class='ocrx_word' id='word_1_689' title='bbox 3307 3761 3462 3817; x_wconf 91' lang='lat' dir='ltr'>enim</span> <span class='ocrx_word' id='word_1_690' title='bbox 3501 3759 3657 3832; x_wconf 90' lang='lat' dir='ltr'>quod</span> 
     </span>
    </p>
   </div>
   <div class='ocr_carea' id='block_1_98' title="bbox 2020 3854 3653 3932">
    <p class='ocr_par' dir='ltr' id='par_1_98' title="bbox 2020 3854 3653 3932">
     <span class='ocr_line' id='line_1_98' title="bbox 2020 3854 3653 3932; baseline -0.006 -16"><span class='ocrx_word' id='word_1_691' title='bbox 2020 3860 2294 3932; x_wconf 90' lang='lat' dir='ltr'>scriptum</span> <span class='ocrx_word' id='word_1_692' title='bbox 2333 3863 2456 3914; x_wconf 89' lang='lat' dir='ltr'>est:</span> <span class='ocrx_word' id='word_1_693' title='bbox 2489 3879 2516 3910; x_wconf 87' lang='lat'><strong>«</strong></span> <span class='ocrx_word' id='word_1_694' title='bbox 2549 3858 2814 3930; x_wconf 83' lang='lat' dir='ltr'>Respexit</span> <span class='ocrx_word' id='word_1_695' title='bbox 2849 3860 2994 3913; x_wconf 90' lang='lat' dir='ltr'>Deus</span> <span class='ocrx_word' id='word_1_696' title='bbox 3040 3857 3112 3912; x_wconf 90' lang='lat' dir='ltr'>ad</span> <span class='ocrx_word' id='word_1_697' title='bbox 3136 3855 3296 3923; x_wconf 78' lang='lat' dir='ltr'>Abel,</span> <span class='ocrx_word' id='word_1_698' title='bbox 3325 3860 3381 3910; x_wconf 89' lang='lat' dir='ltr'>et</span> <span class='ocrx_word' id='word_1_699' title='bbox 3420 3854 3490 3909; x_wconf 90' lang='lat' dir='ltr'>ad</span> <span class='ocrx_word' id='word_1_700' title='bbox 3524 3869 3653 3908; x_wconf 90' lang='lat' dir='ltr'>mu-</span> 
     </span>
    </p>
   </div>
   <div class='ocr_carea' id='block_1_99' title="bbox 2021 3947 3657 4024">
    <p class='ocr_par' dir='ltr' id='par_1_99' title="bbox 2021 3947 3657 4024">
     <span class='ocr_line' id='line_1_99' title="bbox 2021 3947 3657 4024; baseline -0.005 -14"><span class='ocrx_word' id='word_1_701' title='bbox 2021 3971 2156 4010; x_wconf 90' lang='lat' dir='ltr'>nera</span> <span class='ocrx_word' id='word_1_702' title='bbox 2185 3954 2336 4024; x_wconf 87' lang='lat' dir='ltr'>ejus;</span> <span class='ocrx_word' id='word_1_703' title='bbox 2365 3953 2433 4007; x_wconf 92' lang='lat' dir='ltr'>ad</span> <span class='ocrx_word' id='word_1_704' title='bbox 2463 3952 2598 4009; x_wconf 88' lang='lat' dir='ltr'>Cain</span> <span class='ocrx_word' id='word_1_705' title='bbox 2645 3957 2861 4019; x_wconf 91' lang='lat' dir='ltr'>autem,</span> <span class='ocrx_word' id='word_1_706' title='bbox 2895 3955 2951 4006; x_wconf 90' lang='lat' dir='ltr'>et</span> <span class='ocrx_word' id='word_1_707' title='bbox 2992 3951 3062 4005; x_wconf 90' lang='lat' dir='ltr'>ad</span> <span class='ocrx_word' id='word_1_708' title='bbox 3105 3965 3349 4004; x_wconf 92' lang='lat' dir='ltr'>munera</span> <span class='ocrx_word' id='word_1_709' title='bbox 3380 3947 3502 4019; x_wconf 90' lang='lat' dir='ltr'>ejus</span> <span class='ocrx_word' id='word_1_710' title='bbox 3539 3963 3657 4002; x_wconf 88' lang='lat' dir='ltr'>non</span> 
     </span>
    </p>
   </div>
   <div class='ocr_carea' id='block_1_100' title="bbox 2022 4041 3654 4119">
    <p class='ocr_par' dir='ltr' id='par_1_100' title="bbox 2022 4041 3654 4119">
     <span class='ocr_line' id='line_1_100' title="bbox 2022 4041 3654 4119; baseline -0.005 -17"><span class='ocrx_word' id='word_1_711' title='bbox 2022 4048 2269 4119; x_wconf 90' lang='lat' dir='ltr'>respexit</span> <span class='ocrx_word' id='word_1_712' title='bbox 2295 4047 2445 4114; x_wconf 88' lang='lat' dir='ltr'>(Gen.</span> <span class='ocrx_word' id='word_1_713' title='bbox 2478 4063 2552 4112; x_wconf 84' lang='lat' dir='ltr'>1v,</span> <span class='ocrx_word' id='word_1_714' title='bbox 2583 4047 2664 4115; x_wconf 61' lang='lat' dir='ltr'>li);</span> <span class='ocrx_word' id='word_1_715' title='bbox 2698 4068 2726 4093; x_wconf 82' lang='lat'><strong>»</strong></span> <span class='ocrx_word' id='word_1_716' title='bbox 2756 4045 3009 4100; x_wconf 90' lang='lat' dir='ltr'>dicturus</span> <span class='ocrx_word' id='word_1_717' title='bbox 3052 4043 3264 4115; x_wconf 88' lang='lat' dir='ltr'>quippe</span> <span class='ocrx_word' id='word_1_718' title='bbox 3302 4042 3437 4113; x_wconf 88' lang='lat' dir='ltr'>quia</span> <span class='ocrx_word' id='word_1_719' title='bbox 3464 4041 3654 4096; x_wconf 90' lang='lat' dir='ltr'>Domi-</span> 
     </span>
    </p>
   </div>
   <div class='ocr_carea' id='block_1_101' title="bbox 2024 4134 3657 4214">
    <p class='ocr_par' dir='ltr' id='par_1_101' title="bbox 2024 4134 3657 4214">
     <span class='ocr_line' id='line_1_101' title="bbox 2024 4134 3657 4214; baseline -0.006 -17"><span class='ocrx_word' id='word_1_720' title='bbox 2024 4160 2131 4197; x_wconf 90' lang='lat' dir='ltr'>nus</span> <span class='ocrx_word' id='word_1_721' title='bbox 2181 4142 2432 4214; x_wconf 83' lang='lat' dir='ltr'>respexit</span> <span class='ocrx_word' id='word_1_722' title='bbox 2481 4140 2554 4195; x_wconf 91' lang='lat' dir='ltr'>ad</span> <span class='ocrx_word' id='word_1_723' title='bbox 2599 4155 2864 4208; x_wconf 90' lang='lat' dir='ltr'>munera,</span> <span class='ocrx_word' id='word_1_724' title='bbox 2911 4137 3188 4210; x_wconf 67' lang='lat' dir='ltr'>praemisit</span> <span class='ocrx_word' id='word_1_725' title='bbox 3232 4134 3470 4191; x_wconf 89' lang='lat' dir='ltr'>sollicite</span> <span class='ocrx_word' id='word_1_726' title='bbox 3521 4134 3657 4206; x_wconf 90' lang='lat' dir='ltr'>quia</span> 
     </span>
    </p>
   </div>
   <div class='ocr_carea' id='block_1_102' title="bbox 2021 4227 3658 4307">
    <p class='ocr_par' dir='ltr' id='par_1_102' title="bbox 2021 4227 3658 4307">
     <span class='ocr_line' id='line_1_102' title="bbox 2021 4227 3658 4307; baseline -0.007 -16"><span class='ocrx_word' id='word_1_727' title='bbox 2021 4235 2267 4307; x_wconf 90' lang='lat' dir='ltr'>respexit</span> <span class='ocrx_word' id='word_1_728' title='bbox 2292 4235 2362 4289; x_wconf 92' lang='lat' dir='ltr'>ad</span> <span class='ocrx_word' id='word_1_729' title='bbox 2387 4233 2548 4289; x_wconf 82' lang='lat' dir='ltr'>Abel.</span> <span class='ocrx_word' id='word_1_730' title='bbox 2575 4235 2651 4289; x_wconf 86' lang='lat' dir='ltr'>Ex</span> <span class='ocrx_word' id='word_1_731' title='bbox 2681 4249 2793 4304; x_wconf 91' lang='lat' dir='ltr'>qua</span> <span class='ocrx_word' id='word_1_732' title='bbox 2818 4248 2879 4287; x_wconf 92' lang='lat' dir='ltr'>re</span> <span class='ocrx_word' id='word_1_733' title='bbox 2899 4235 3163 4303; x_wconf 89' lang='lat' dir='ltr'>patenter</span> <span class='ocrx_word' id='word_1_734' title='bbox 3187 4227 3504 4285; x_wconf 88' lang='lat' dir='ltr'>ostenditur</span> <span class='ocrx_word' id='word_1_735' title='bbox 3523 4227 3658 4298; x_wconf 89' lang='lat' dir='ltr'>quia</span> 
     </span>
    </p>
   </div>
   <div class='ocr_carea' id='block_1_103' title="bbox 2024 4319 3654 4394">
    <p class='ocr_par' dir='ltr' id='par_1_103' title="bbox 2024 4319 3654 4394">
     <span class='ocr_line' id='line_1_103' title="bbox 2024 4319 3654 4394; baseline -0.006 -11"><span class='ocrx_word' id='word_1_736' title='bbox 2024 4346 2139 4384; x_wconf 90' lang='lat' dir='ltr'>non</span> <span class='ocrx_word' id='word_1_737' title='bbox 2191 4329 2433 4384; x_wconf 75' lang='lat' dir='ltr'>offerens</span> <span class='ocrx_word' id='word_1_738' title='bbox 2478 4345 2510 4381; x_wconf 91' lang='lat' dir='ltr'>a</span> <span class='ocrx_word' id='word_1_739' title='bbox 2557 4325 2912 4394; x_wconf 91' lang='lat' dir='ltr'>muneribus,</span> <span class='ocrx_word' id='word_1_740' title='bbox 2958 4324 3055 4379; x_wconf 91' lang='lat' dir='ltr'>sed</span> <span class='ocrx_word' id='word_1_741' title='bbox 3106 4339 3348 4378; x_wconf 90' lang='lat' dir='ltr'>munera</span> <span class='ocrx_word' id='word_1_742' title='bbox 3395 4321 3466 4376; x_wconf 88' lang='lat' dir='ltr'>ab</span> <span class='ocrx_word' id='word_1_743' title='bbox 3516 4319 3654 4375; x_wconf 76' lang='lat' dir='ltr'>oﬂ&#39;e-</span> 
     </span>
    </p>
   </div>
   <div class='ocr_carea' id='block_1_104' title="bbox 2023 4413 3662 4493">
    <p class='ocr_par' dir='ltr' id='par_1_104' title="bbox 2023 4413 3662 4493">
     <span class='ocr_line' id='line_1_104' title="bbox 2023 4413 3662 4493; baseline -0.006 -16"><span class='ocrx_word' id='word_1_744' title='bbox 2023 4426 2184 4478; x_wconf 88' lang='lat' dir='ltr'>rente</span> <span class='ocrx_word' id='word_1_745' title='bbox 2233 4423 2592 4493; x_wconf 88' lang='lat' dir='ltr'>placuerunt.</span> <span class='ocrx_word' id='word_1_746' title='bbox 2642 4420 2837 4475; x_wconf 89' lang='lat' dir='ltr'>Vestra</span> <span class='ocrx_word' id='word_1_747' title='bbox 2881 4419 3073 4488; x_wconf 78' lang='lat' dir='ltr'>itaque</span> <span class='ocrx_word' id='word_1_748' title='bbox 3121 4416 3330 4471; x_wconf 87' lang='lat' dir='ltr'>oblatio</span> <span class='ocrx_word' id='word_1_749' title='bbox 3368 4431 3542 4486; x_wconf 91' lang='lat' dir='ltr'>quam</span> <span class='ocrx_word' id='word_1_750' title='bbox 3589 4413 3662 4468; x_wconf 89' lang='lat' dir='ltr'>sit</span> 
     </span>
    </p>
   </div>
   <div class='ocr_carea' id='block_1_105' title="bbox 1943 4508 3660 4588">
    <p class='ocr_par' dir='ltr' id='par_1_105' title="bbox 1943 4508 3660 4588">
     <span class='ocr_line' id='line_1_105' title="bbox 1943 4508 3660 4588; baseline -0.01 -12"><span class='ocrx_word' id='word_1_751' title='bbox 1943 4515 2002 4588; x_wconf 88' lang='lat' dir='ltr'><strong>D</strong></span> <span class='ocrx_word' id='word_1_752' title='bbox 2025 4515 2218 4588; x_wconf 82' lang='lat'>275</span> <span class='ocrx_word' id='word_1_753' title='bbox 2252 4518 2412 4585; x_wconf 88' lang='lat' dir='ltr'>grata</span> <span class='ocrx_word' id='word_1_754' title='bbox 2438 4513 2756 4580; x_wconf 89' lang='lat' dir='ltr'>ostenditis,</span> <span class='ocrx_word' id='word_1_755' title='bbox 2786 4512 2920 4583; x_wconf 90' lang='lat' dir='ltr'>quia</span> <span class='ocrx_word' id='word_1_756' title='bbox 2950 4512 3140 4566; x_wconf 84' lang='lat' dir='ltr'>daturi</span> <span class='ocrx_word' id='word_1_757' title='bbox 3179 4511 3363 4562; x_wconf 89' lang='lat' dir='ltr'>vestra</span> <span class='ocrx_word' id='word_1_758' title='bbox 3404 4508 3562 4578; x_wconf 92' lang='lat' dir='ltr'>prius</span> <span class='ocrx_word' id='word_1_759' title='bbox 3589 4522 3660 4560; x_wconf 91' lang='lat' dir='ltr'>ex</span> 
     </span>
    </p>
   </div>
   <div class='ocr_carea' id='block_1_106' title="bbox 2028 4603 3659 4678">
    <p class='ocr_par' dir='ltr' id='par_1_106' title="bbox 2028 4603 3659 4678">
     <span class='ocr_line' id='line_1_106' title="bbox 2028 4603 3659 4678; baseline -0.006 -15"><span class='ocrx_word' id='word_1_760' title='bbox 2028 4607 2394 4663; x_wconf 91' lang='lat' dir='ltr'>conversione</span> <span class='ocrx_word' id='word_1_761' title='bbox 2439 4606 2622 4678; x_wconf 89' lang='lat' dir='ltr'>gentis</span> <span class='ocrx_word' id='word_1_762' title='bbox 2665 4605 2907 4660; x_wconf 77' lang='lat' dir='ltr'>subditae</span> <span class='ocrx_word' id='word_1_763' title='bbox 2955 4603 3211 4658; x_wconf 88' lang='lat' dir='ltr'>animum</span> <span class='ocrx_word' id='word_1_764' title='bbox 3252 4617 3380 4655; x_wconf 93' lang='lat' dir='ltr'>cum</span> <span class='ocrx_word' id='word_1_765' title='bbox 3419 4615 3659 4654; x_wconf 90' lang='lat' dir='ltr'>munere</span> 
     </span>
    </p>
   </div>
   <div class='ocr_carea' id='block_1_107' title="bbox 2025 4691 3657 4766">
    <p class='ocr_par' dir='ltr' id='par_1_107' title="bbox 2025 4691 3657 4766">
     <span class='ocr_line' id='line_1_107' title="bbox 2025 4691 3657 4766; baseline -0.007 -9"><span class='ocrx_word' id='word_1_766' title='bbox 2025 4701 2248 4758; x_wconf 91' lang='lat' dir='ltr'>dedisti.</span> <span class='ocrx_word' id='word_1_767' title='bbox 2281 4700 2448 4766; x_wconf 87' lang='lat' dir='ltr'>Quod</span> <span class='ocrx_word' id='word_1_768' title='bbox 2473 4715 2604 4754; x_wconf 89' lang='lat' dir='ltr'>vero</span> <span class='ocrx_word' id='word_1_769' title='bbox 2632 4697 2990 4753; x_wconf 88' lang='lat' dir='ltr'>transmissos</span> <span class='ocrx_word' id='word_1_770' title='bbox 3023 4695 3272 4760; x_wconf 87' lang='lat' dir='ltr'>abbates,</span> <span class='ocrx_word' id='word_1_771' title='bbox 3297 4693 3395 4765; x_wconf 92' lang='lat' dir='ltr'>qui</span> <span class='ocrx_word' id='word_1_772' title='bbox 3421 4691 3657 4748; x_wconf 84' lang='lat' dir='ltr'>oblatio-</span> 
     </span>
    </p>
   </div>
   <div class='ocr_carea' id='block_1_108' title="bbox 2027 4786 3658 4860">
    <p class='ocr_par' dir='ltr' id='par_1_108' title="bbox 2027 4786 3658 4860">
     <span class='ocr_line' id='line_1_108' title="bbox 2027 4786 3658 4860; baseline -0.006 -10"><span class='ocrx_word' id='word_1_773' title='bbox 2027 4813 2159 4852; x_wconf 90' lang='lat' dir='ltr'>nem</span> <span class='ocrx_word' id='word_1_774' title='bbox 2196 4798 2441 4850; x_wconf 89' lang='lat' dir='ltr'>vestram</span> <span class='ocrx_word' id='word_1_775' title='bbox 2484 4793 2652 4847; x_wconf 86' lang='lat' dir='ltr'>beato</span> <span class='ocrx_word' id='word_1_776' title='bbox 2697 4793 2864 4846; x_wconf 91' lang='lat' dir='ltr'>Petro</span> <span class='ocrx_word' id='word_1_777' title='bbox 2911 4789 3169 4860; x_wconf 89' lang='lat' dir='ltr'>apostolo</span> <span class='ocrx_word' id='word_1_778' title='bbox 3215 4786 3568 4853; x_wconf 80' lang='lat' dir='ltr'>deferebant,</span> <span class='ocrx_word' id='word_1_779' title='bbox 3598 4786 3658 4840; x_wconf 90' lang='lat' dir='ltr'>in</span> 
     </span>
    </p>
   </div>
   <div class='ocr_carea' id='block_1_109' title="bbox 2026 4879 3662 4958">
    <p class='ocr_par' dir='ltr' id='par_1_109' title="bbox 2026 4879 3662 4958">
     <span class='ocr_line' id='line_1_109' title="bbox 2026 4879 3662 4958; baseline -0.007 -14"><span class='ocrx_word' id='word_1_780' title='bbox 2026 4889 2188 4958; x_wconf 91' lang='lat' dir='ltr'>mari,</span> <span class='ocrx_word' id='word_1_781' title='bbox 2217 4887 2398 4944; x_wconf 91' lang='lat' dir='ltr'>dicitis</span> <span class='ocrx_word' id='word_1_782' title='bbox 2438 4886 2709 4957; x_wconf 86' lang='lat' dir='ltr'>fatigatos</span> <span class='ocrx_word' id='word_1_783' title='bbox 2749 4901 2818 4939; x_wconf 89' lang='lat' dir='ltr'>ex</span> <span class='ocrx_word' id='word_1_784' title='bbox 2847 4884 2972 4956; x_wconf 93' lang='lat' dir='ltr'>ipso</span> <span class='ocrx_word' id='word_1_785' title='bbox 3013 4882 3236 4947; x_wconf 89' lang='lat' dir='ltr'>itinere,</span> <span class='ocrx_word' id='word_1_786' title='bbox 3264 4881 3336 4935; x_wconf 89' lang='lat' dir='ltr'>ad</span> <span class='ocrx_word' id='word_1_787' title='bbox 3367 4879 3662 4952; x_wconf 83' lang='lat' dir='ltr'>Hispanias</span> 
     </span>
    </p>
   </div>
   <div class='ocr_carea' id='block_1_110' title="bbox 2027 4976 3659 5048">
    <p class='ocr_par' dir='ltr' id='par_1_110' title="bbox 2027 4976 3659 5048">
     <span class='ocr_line' id='line_1_110' title="bbox 2027 4976 3659 5048; baseline -0.007 -10"><span class='ocrx_word' id='word_1_788' title='bbox 2027 4999 2324 5048; x_wconf 89' lang='lat' dir='ltr'>remeasse,</span> <span class='ocrx_word' id='word_1_789' title='bbox 2377 4997 2494 5036; x_wconf 91' lang='lat' dir='ltr'>non</span> <span class='ocrx_word' id='word_1_790' title='bbox 2544 4995 2782 5034; x_wconf 89' lang='lat' dir='ltr'>munera</span> <span class='ocrx_word' id='word_1_791' title='bbox 2833 4981 3021 5032; x_wconf 86' lang='lat' dir='ltr'>vestra</span> <span class='ocrx_word' id='word_1_792' title='bbox 3076 4976 3303 5047; x_wconf 91' lang='lat' dir='ltr'>repulsa</span> <span class='ocrx_word' id='word_1_793' title='bbox 3349 4979 3481 5030; x_wconf 90' lang='lat' dir='ltr'>sunt</span> <span class='ocrx_word' id='word_1_794' title='bbox 3532 4990 3659 5045; x_wconf 63' lang='lat' dir='ltr'>quae.</span> 
     </span>
    </p>
   </div>
   <div class='ocr_carea' id='block_1_111' title="bbox 2024 5067 3658 5149">
    <p class='ocr_par' dir='ltr' id='par_1_111' title="bbox 2024 5067 3658 5149">
     <span class='ocr_line' id='line_1_111' title="bbox 2024 5067 3658 5149; baseline -0.008 -17"><span class='ocrx_word' id='word_1_795' title='bbox 2024 5075 2392 5149; x_wconf 89' lang='lat' dir='ltr'>postmodum</span> <span class='ocrx_word' id='word_1_796' title='bbox 2413 5077 2714 5140; x_wconf 87' lang='lat' dir='ltr'>venerunt,</span> <span class='ocrx_word' id='word_1_797' title='bbox 2737 5072 2832 5127; x_wconf 90' lang='lat' dir='ltr'>sed</span> <span class='ocrx_word' id='word_1_798' title='bbox 2856 5087 3060 5127; x_wconf 89' lang='lat' dir='ltr'>eorum</span> <span class='ocrx_word' id='word_1_799' title='bbox 3086 5069 3182 5142; x_wconf 88' lang='lat' dir='ltr'>qui</span> <span class='ocrx_word' id='word_1_800' title='bbox 3208 5067 3527 5124; x_wconf 90' lang='lat' dir='ltr'>transmissi</span> <span class='ocrx_word' id='word_1_801' title='bbox 3543 5068 3658 5120; x_wconf 84' lang='lat' dir='ltr'>fue-</span> 
     </span>
    </p>
   </div>
   <div class='ocr_carea' id='block_1_112' title="bbox 2024 5159 3653 5238">
    <p class='ocr_par' dir='ltr' id='par_1_112' title="bbox 2024 5159 3653 5238">
     <span class='ocr_line' id='line_1_112' title="bbox 2024 5159 3653 5238; baseline -0.008 -13"><span class='ocrx_word' id='word_1_802' title='bbox 2024 5174 2154 5225; x_wconf 90' lang='lat' dir='ltr'>rant</span> <span class='ocrx_word' id='word_1_803' title='bbox 2179 5169 2498 5224; x_wconf 87' lang='lat' dir='ltr'>constantia</span> <span class='ocrx_word' id='word_1_804' title='bbox 2526 5172 2610 5222; x_wconf 90' lang='lat' dir='ltr'>est</span> <span class='ocrx_word' id='word_1_805' title='bbox 2646 5166 2902 5238; x_wconf 90' lang='lat' dir='ltr'>probata,</span> <span class='ocrx_word' id='word_1_806' title='bbox 2930 5168 2996 5219; x_wconf 91' lang='lat' dir='ltr'>ut</span> <span class='ocrx_word' id='word_1_807' title='bbox 3039 5164 3249 5219; x_wconf 88' lang='lat' dir='ltr'>scirent</span> <span class='ocrx_word' id='word_1_808' title='bbox 3288 5165 3478 5216; x_wconf 91' lang='lat' dir='ltr'>sancto</span> <span class='ocrx_word' id='word_1_809' title='bbox 3507 5159 3653 5214; x_wconf 88' lang='lat' dir='ltr'>desi-</span> 
     </span>
    </p>
   </div>
   <div class='ocr_carea' id='block_1_113' title="bbox 2023 5254 3655 5334">
    <p class='ocr_par' dir='ltr' id='par_1_113' title="bbox 2023 5254 3655 5334">
     <span class='ocr_line' id='line_1_113' title="bbox 2023 5254 3655 5334; baseline -0.009 -15"><span class='ocrx_word' id='word_1_810' title='bbox 2023 5263 2179 5320; x_wconf 90' lang='lat' dir='ltr'>derio</span> <span class='ocrx_word' id='word_1_811' title='bbox 2206 5262 2426 5334; x_wconf 89' lang='lat' dir='ltr'>objecta</span> <span class='ocrx_word' id='word_1_812' title='bbox 2451 5261 2706 5333; x_wconf 90' lang='lat' dir='ltr'>pericula</span> <span class='ocrx_word' id='word_1_813' title='bbox 2729 5259 2978 5326; x_wconf 89' lang='lat' dir='ltr'>vincere,</span> <span class='ocrx_word' id='word_1_814' title='bbox 3007 5262 3063 5313; x_wconf 93' lang='lat' dir='ltr'>et</span> <span class='ocrx_word' id='word_1_815' title='bbox 3089 5257 3147 5312; x_wconf 90' lang='lat' dir='ltr'>in</span> <span class='ocrx_word' id='word_1_816' title='bbox 3173 5254 3510 5326; x_wconf 85' lang='lat' dir='ltr'>fatigatione</span> <span class='ocrx_word' id='word_1_817' title='bbox 3530 5269 3655 5306; x_wconf 88' lang='lat' dir='ltr'>cor-</span> 
     </span>
    </p>
   </div>
   <div class='ocr_carea' id='block_1_114' title="bbox 2023 5345 3658 5430">
    <p class='ocr_par' dir='ltr' id='par_1_114' title="bbox 2023 5345 3658 5430">
     <span class='ocr_line' id='line_1_114' title="bbox 2023 5345 3658 5430; baseline -0.008 -18"><span class='ocrx_word' id='word_1_818' title='bbox 2023 5357 2178 5430; x_wconf 90' lang='lat' dir='ltr'>poris</span> <span class='ocrx_word' id='word_1_819' title='bbox 2204 5361 2398 5411; x_wconf 90' lang='lat' dir='ltr'>mente</span> <span class='ocrx_word' id='word_1_820' title='bbox 2442 5355 2677 5410; x_wconf 90' lang='lat' dir='ltr'>minime</span> <span class='ocrx_word' id='word_1_821' title='bbox 2718 5353 2936 5408; x_wconf 89' lang='lat' dir='ltr'>lassari.</span> <span class='ocrx_word' id='word_1_822' title='bbox 2983 5348 3300 5406; x_wconf 85' lang='lat' dir='ltr'>Adversitas</span> <span class='ocrx_word' id='word_1_823' title='bbox 3339 5345 3493 5401; x_wconf 89' lang='lat' dir='ltr'>enim</span> <span class='ocrx_word' id='word_1_824' title='bbox 3529 5361 3658 5416; x_wconf 67' lang='lat' dir='ltr'>qua:</span> 
     </span>
    </p>
   </div>
   <div class='ocr_carea' id='block_1_115' title="bbox 2022 5438 3660 5520">
    <p class='ocr_par' dir='ltr' id='par_1_115' title="bbox 2022 5438 3660 5520">
     <span class='ocr_line' id='line_1_115' title="bbox 2022 5438 3660 5520; baseline -0.009 -13"><span class='ocrx_word' id='word_1_825' title='bbox 2022 5450 2186 5507; x_wconf 90' lang='lat' dir='ltr'>bonis</span> <span class='ocrx_word' id='word_1_826' title='bbox 2211 5449 2351 5505; x_wconf 89' lang='lat' dir='ltr'>votis</span> <span class='ocrx_word' id='word_1_827' title='bbox 2379 5449 2663 5520; x_wconf 88' lang='lat' dir='ltr'>objicitur,</span> <span class='ocrx_word' id='word_1_828' title='bbox 2693 5446 2952 5520; x_wconf 86' lang='lat' dir='ltr'>probatio</span> <span class='ocrx_word' id='word_1_829' title='bbox 2980 5443 3202 5498; x_wconf 89' lang='lat' dir='ltr'>virtutis</span> <span class='ocrx_word' id='word_1_830' title='bbox 3231 5444 3333 5507; x_wconf 89' lang='lat' dir='ltr'>est,</span> <span class='ocrx_word' id='word_1_831' title='bbox 3361 5455 3479 5494; x_wconf 90' lang='lat' dir='ltr'>non</span> <span class='ocrx_word' id='word_1_832' title='bbox 3501 5438 3660 5510; x_wconf 90' lang='lat' dir='ltr'>judi-</span> 
     </span>
    </p>
   </div>
   <div class='ocr_carea' id='block_1_116' title="bbox 2023 5535 3657 5615">
    <p class='ocr_par' dir='ltr' id='par_1_116' title="bbox 2023 5535 3657 5615">
     <span class='ocr_line' id='line_1_116' title="bbox 2023 5535 3657 5615; baseline -0.009 -15"><span class='ocrx_word' id='word_1_833' title='bbox 2023 5546 2176 5600; x_wconf 92' lang='lat' dir='ltr'>cium</span> <span class='ocrx_word' id='word_1_834' title='bbox 2195 5543 2632 5615; x_wconf 89' lang='lat' dir='ltr'>reprobationis.</span> <span class='ocrx_word' id='word_1_835' title='bbox 2651 5542 2786 5607; x_wconf 87' lang='lat' dir='ltr'>Quis</span> <span class='ocrx_word' id='word_1_836' title='bbox 2807 5539 2959 5595; x_wconf 91' lang='lat' dir='ltr'>enim</span> <span class='ocrx_word' id='word_1_837' title='bbox 2989 5535 3203 5590; x_wconf 89' lang='lat' dir='ltr'>nesciat.</span> <span class='ocrx_word' id='word_1_838' title='bbox 3231 5549 3403 5606; x_wconf 88' lang='lat' dir='ltr'>quam</span> <span class='ocrx_word' id='word_1_839' title='bbox 3423 5548 3657 5604; x_wconf 83' lang='lat' dir='ltr'>prospe-</span> 
     </span>
    </p>
   </div>
   <div class='ocr_carea' id='block_1_117' title="bbox 2023 5626 3658 5709">
    <p class='ocr_par' dir='ltr' id='par_1_117' title="bbox 2023 5626 3658 5709">
     <span class='ocr_line' id='line_1_117' title="bbox 2023 5626 3658 5709; baseline -0.009 -16"><span class='ocrx_word' id='word_1_840' title='bbox 2023 5655 2149 5693; x_wconf 89' lang='lat' dir='ltr'>rum</span> <span class='ocrx_word' id='word_1_841' title='bbox 2174 5638 2300 5707; x_wconf 88' lang='lat' dir='ltr'>fuit,</span> <span class='ocrx_word' id='word_1_842' title='bbox 2317 5637 2470 5709; x_wconf 90' lang='lat' dir='ltr'>quod</span> <span class='ocrx_word' id='word_1_843' title='bbox 2497 5637 2693 5692; x_wconf 90' lang='lat' dir='ltr'>beatus</span> <span class='ocrx_word' id='word_1_844' title='bbox 2713 5634 2914 5689; x_wconf 88' lang='lat' dir='ltr'>Paulus</span> <span class='ocrx_word' id='word_1_845' title='bbox 2941 5627 3229 5700; x_wconf 91' lang='lat' dir='ltr'>apostolus</span> <span class='ocrx_word' id='word_1_846' title='bbox 3248 5626 3658 5699; x_wconf 63' lang='lat' dir='ltr'>praedicaturus</span> 
     </span>
    </p>
   </div>
   <div class='ocr_carea' id='block_1_118' title="bbox 2026 5719 3658 5793">
    <p class='ocr_par' dir='ltr' id='par_1_118' title="bbox 2026 5719 3658 5793">
     <span class='ocr_line' id='line_1_118' title="bbox 2026 5719 3658 5793; baseline -0.009 -5"><span class='ocrx_word' id='word_1_847' title='bbox 2026 5733 2096 5788; x_wconf 90' lang='lat' dir='ltr'>ad</span> <span class='ocrx_word' id='word_1_848' title='bbox 2125 5731 2342 5788; x_wconf 86' lang='lat' dir='ltr'>Italiam</span> <span class='ocrx_word' id='word_1_849' title='bbox 2372 5730 2671 5785; x_wconf 82' lang='lat' dir='ltr'>veniebat?</span> <span class='ocrx_word' id='word_1_850' title='bbox 2696 5729 2764 5782; x_wconf 88' lang='lat' dir='ltr'>Et</span> <span class='ocrx_word' id='word_1_851' title='bbox 2790 5730 2979 5779; x_wconf 87' lang='lat' dir='ltr'>tamen</span> <span class='ocrx_word' id='word_1_852' title='bbox 3006 5720 3373 5793; x_wconf 87' lang='lat' dir='ltr'>naufragium</span> <span class='ocrx_word' id='word_1_853' title='bbox 3402 5719 3658 5793; x_wconf 90' lang='lat' dir='ltr'>pertulit,</span> 
     </span>
    </p>
   </div>
   <div class='ocr_carea' id='block_1_119' title="bbox 2024 5813 3349 5889">
    <p class='ocr_par' dir='ltr' id='par_1_119' title="bbox 2024 5813 3349 5889">
     <span class='ocr_line' id='line_1_119' title="bbox 2024 5813 3349 5889; baseline -0.008 -11"><span class='ocrx_word' id='word_1_854' title='bbox 2024 5825 2122 5881; x_wconf 87' lang='lat' dir='ltr'>sed</span> <span class='ocrx_word' id='word_1_855' title='bbox 2153 5824 2311 5882; x_wconf 85' lang='lat' dir='ltr'>navis</span> <span class='ocrx_word' id='word_1_856' title='bbox 2340 5822 2523 5879; x_wconf 87' lang='lat' dir='ltr'>cordis</span> <span class='ocrx_word' id='word_1_857' title='bbox 2544 5822 2600 5876; x_wconf 90' lang='lat' dir='ltr'>in</span> <span class='ocrx_word' id='word_1_858' title='bbox 2633 5819 2894 5876; x_wconf 88' lang='lat' dir='ltr'>ﬂuctibus</span> <span class='ocrx_word' id='word_1_859' title='bbox 2923 5817 3146 5889; x_wconf 89' lang='lat' dir='ltr'>integra</span> <span class='ocrx_word' id='word_1_860' title='bbox 3180 5813 3349 5871; x_wconf 85' lang='lat' dir='ltr'>stetit.</span> 
     </span>
    </p>
   </div>
  </div>
