4092 6192
527 270 653 324 HO?

1410 273 1689 327 AI’PEND.
1734 273 1818 326 AD
1858 273 2016 326 SEC.
2063 273 2145 325 IX.
2181 301 2248 311 —-
2291 273 2529 326 lSIDORl
2572 270 2997 326 MERCATORIS

3706 279 3808 332 1108

593 378 678 433 III.
707 379 985 431 Praeterea
1026 377 1216 432 indico
1261 379 1390 449 quia
1434 379 1504 434 de
1530 385 1718 435 vestro
1766 397 1939 452 opere
1977 381 2152 437 crevit
2170 393 2229 466 Α
2251 380 2558 434 elationem
2586 378 2753 434 cadit.
2781 379 2922 446 Quid
2951 393 3089 449 ergo
3116 378 3175 432 in
3204 378 3292 433 his
3329 379 3623 449 agendum,
3652 382 3740 436 nisi
3762 390 3811 438 ut

522 470 578 524 in
608 469 863 525 laudibus
904 471 1003 526 Dei
1029 472 1136 526 hoc
1180 472 1333 545 quod
1365 472 1434 529 de
1473 474 1836 530 dilectissimo
1874 476 1991 531 ﬁlio
2022 493 2152 532 meo

522 565 764 618 Probino
791 567 1048 637 cognovi,
1079 567 1212 638 quia
1237 584 1367 622 cum
1397 572 1600 622 vestrae
1637 570 1995 625 excellentiae
2022 588 2153 626 con-

520 657 871 714 stitutionem
910 661 1222 730 quamdam
1257 667 1454 716 contra
1481 663 1812 719 Iudaeorum
1855 665 2152 735 perﬁdiam

519 750 782 819 dedisset,
816 752 896 822 hi,
927 754 995 808 de
1025 755 1231 824 quibus
1261 756 1496 826 probata
1520 757 1724 826 fuerat,
1750 758 2151 816 rectitudinem

519 845 727 900 mentis
751 851 952 900 vestrae
980 847 1294 918 inflectere,
1319 849 1692 920 pecuniarum
1718 868 1998 908 summam
2021 853 2151 909 offe-

521 939 719 1008 rendo,
762 940 945 996 moliti
991 947 1144 1012 sunt,
1189 958 1362 1013 quam
1410 944 1740 1000 excellentia
1785 950 1969 1001 vestra
2013 965 2146 1003 con-

519 1034 765 1105 tempsit,
801 1039 858 1089 et
887 1036 1268 1106 omnipotenti
1307 1037 1422 1091 Deo
1451 1038 1678 1108 placere
1722 1055 1984 1109 quaerens
2009 1058 2148 1097 auro

520 1125 907 1183 innocentiam
938 1129 1208 1199 praetulit.
1244 1129 1366 1193 Qua
1405 1131 1463 1184 in
1511 1147 1572 1185 re
1607 1131 1748 1185 mihi
1795 1133 1967 1187 David
1998 1137 2151 1206 regis

519 1219 731 1275 factum
756 1221 828 1276 ad
850 1222 1188 1277 memoriam
1217 1223 1390 1291 venit,
1410 1224 1500 1277 cui
1522 1225 1659 1279 dum
1679 1229 1981 1298 concupita
2001 1246 2150 1301 aqua

521 1313 591 1367 de
624 1314 866 1369 cisterna
895 1316 1289 1371 Bethlemitica
1325 1334 1451 1389 quae
1495 1319 1643 1373 inter
1675 1321 1908 1375 hostiles
1942 1339 2150 1379 cuneos

516 1407 851 1476 habebatur,
873 1410 943 1463 ab
964 1410 1411 1482 obsequentibus
1428 1412 1700 1468 militibus
1719 1415 1916 1471 fuisset
1935 1417 2145 1487 oblata,

523 1501 784 1570 protinus
829 1502 968 1557 dixit
999 1520 1011 1558 :
1043 1503 1203 1559 Absit
1238 1522 1270 1559 a
1299 1521 1392 1560 me
1431 1511 1495 1561 ut
1539 1507 1871 1578 sanguinem
1911 1509 2149 1567 istorum

520 1594 815 1651 hominum
850 1597 1045 1653 bibam
1071 1600 1147 1668 (II
1166 1602 1295 1668 Reg.
1325 1615 1478 1666 xxur,
1515 1603 1600 1670 16,
1642 1602 1746 1670 17).
1790 1602 1975 1666 Quam
2015 1605 2150 1676 quia

518 1688 686 1756 fudit,
721 1695 778 1745 et
819 1690 1016 1746 bibere
1063 1693 1265 1760 noluit,
1301 1694 1574 1764 scriptum
1625 1699 1747 1750 est:
1787 1717 1812 1748 ε(
1845 1699 1912 1751 Et
1954 1698 2150 1755 libavit

2254 474 2541 545 malignus
2568 473 2819 544 spiritus,
2844 489 2975 528 cum
2993 471 3156 526 nobis
3171 472 3239 526 ad
3261 472 3579 528 elevandam
3601 481 3805 531 mentem

2252 563 2470 618 reducit
2489 563 2637 618 bona
2657 579 2783 634 quae
2807 562 3050 635 egimus,
3078 577 3306 633 semper
3324 577 3426 616 nos
3446 561 3511 616 ad
3529 563 3806 620 memoriam

2250 660 2444 713 nostra
2487 656 2642 713 mala
2683 673 3028 724 revocemus,
3056 655 3316 728 quamvis
3353 657 3410 711 et
3434 657 3611 710 nostra
3644 674 3805 728 cogno.

2250 769 2471 808 scamus
2498 768 2620 806 esse
2649 768 2775 823 quae
2802 750 3086 823 peccando
3124 750 3379 818 fecimus,
3408 750 3571 804 solius
3597 751 3807 824 omnipo-

2251 847 2421 902 tentis
2446 847 2547 901 Dei
2575 863 2838 915 munera,
2866 861 2994 899 cum
3023 848 3251 916 peccata
3282 843 3650 898 declinamus?

2321 943 2382 996 V.
2417 941 2801 997 Custodienda
2841 955 3069 1011 quoque
3106 941 3192 992 est
3219 937 3500 992 munditia
3533 940 3747 1009 corporis
3767 940 3810 994 in

2251 1036 2449 1091 studiis
2468 1036 2632 1091 bonae
2660 1033 2920 1100 actionis,
2941 1032 3077 1104 quia
3095 1032 3266 1104 juxta
3291 1048 3488 1086 vocem
3514 1032 3811 1103 prmdicantis

2251 1129 2522 1200 Apostoli,
2554 1127 2907 1199 «Templum
2962 1126 3062 1180 Dei
3107 1129 3370 1180 sanctum
3410 1129 3510 1191 est,
3545 1125 3674 1196 quod
3713 1127 3812 1180 estis

2249 1240 2350 1278 vos
2376 1224 2424 1293 (Ι
2454 1225 2573 1280 Cor.
2608 1239 2687 1290 ιιι,
2725 1224 2831 1291 17).
2855 1240 2882 1272 ››
2907 1220 3013 1285 Qui
3043 1235 3242 1274 rursus
3263 1219 3375 1274 ait:
3403 1239 3429 1270 α
3464 1219 3584 1272 Haec
3601 1221 3674 1272 est
3695 1219 3809 1273 enim

2249 1320 2505 1374 voluntas
2547 1319 2669 1387 Dei,
2709 1317 3072 1372 sanctiﬁcatio
3111 1319 3299 1370 vestra
3331 1315 3376 1386 (1
3418 1317 3588 1370 Thess.
3620 1331 3680 1384 Iv,
3707 1315 3763 1384 3),
3789 1335 3809 1365 υ

2249 1430 2422 1485 quam
2464 1411 2970 1468 sanctiﬁcationem
3010 1408 3216 1465 dixerit
3260 1408 3563 1463 ostendens
3604 1409 3813 1479 protinus

2249 1507 2601 1579 adimplevit,
2622 1527 2650 1556 «
2668 1507 2731 1559 ut
2747 1503 3072 1559 abstineatis
3091 1519 3188 1557 vos
3208 1519 3239 1556 a
3261 1502 3697 1570 fornicatione,et
3709 1501 3813 1555 sciat

2247 1600 2638 1672 unusquisque
2667 1602 2918 1653 vestrum
2946 1613 3112 1652 suum
3141 1613 3238 1651 vas
3267 1597 3550 1667 possidere
3576 1595 3627 1648 in
3651 1595 3809 1648 sancti-

2248 1695 2509 1749 ﬁcatione
2549 1697 2606 1748 et
2642 1693 2882 1763 honore,
2912 1696 2967 1747 et
2997 1706 3114 1745 non
3143 1690 3203 1744 in
3231 1689 3579 1761 passionibus
3603 1687 3812 1742 desiderii

519 1798 644 1837 eam
682 1785 924 1839 Domino
951 1787 1132 1855 (Ibid.,
1170 1787 1276 1858 16).
1313 1809 1340 1836 ››
1376 1787 1427 1843 Si
1457 1788 1635 1859 igitur
1665 1789 1735 1843 ab
1767 1794 1986 1846 armato
2015 1764 2224 1863 regeB
2249 1789 2408 1859 (Ibid.
2438 1804 2511 1857 Iv,
2543 1788 2613 1858 5).
2657 1809 2685 1836 »

519 1877 576 1932 in
605 1877 942 1933 sacriﬁcium
973 1881 1072 1934 Dei
1100 1897 1260 1934 versa
1285 1885 1370 1936 est
1397 1899 1544 1953 aqua
1573 1886 1918 1955 contempta,
1947 1902 2146 1956 pense-

522 1987 652 2026 mus
677 1973 840 2043 quale
874 1973 1208 2028 sacrificium
1240 1975 1620 2046 omnipotenti
1652 1978 1764 2032 Deo
1797 1995 1898 2032 rex
1925 1979 2147 2048 obtulit,

519 2065 614 2135 qui
635 2083 739 2136 pro
765 2083 958 2122 amore
981 2067 1129 2122 illius
1150 2084 1267 2122 non
1290 2085 1524 2140 aquam,
1549 2071 1646 2125 sed
1665 2087 1872 2127 aurum
1894 2074 2148 2144 accipere

518 2160 875 2230 contempsit.
944 2162 1161 2232 Itaque,
1207 2161 1286 2215 ﬁli
1360 2163 1854 2232 excellentissime,
1907 2167 2153 2222 ﬁdenter

518 2250 724 2320 dicam,
750 2252 884 2322 quia
909 2252 1097 2308 libasti
1123 2270 1325 2308 aurum
1360 2256 1600 2310 Domino
1625 2258 1778 2328 quod
1803 2262 1994 2313 contra
2017 2276 2150 2316 eum

519 2343 730 2398 habere
761 2345 1016 2401 noluisti.
1942 2359 1948 2367 ’

588 2439 673 2493 IV.
700 2439 900 2511 Magna
921 2444 1053 2495 sunt
1078 2441 1200 2496 haec
1232 2446 1290 2496 et
1317 2445 1726 2515 omnipotentis
1755 2447 1855 2500 Dei
1889 2447 2150 2502 laudibus

515 2531 831 2588 referenda.
862 2533 971 2589 Sed
997 2534 1152 2589 inter
1179 2536 1303 2590 haec
1335 2537 1589 2608 vigilanti
1622 2543 1754 2594 sunt
1781 2540 1969 2594 studio
2000 2541 2147 2595 anti-

515 2625 613 2697 qui
643 2625 816 2681 hostis
861 2627 1083 2683 insidia:
1125 2631 1410 2700 cavenda,
1439 2632 1534 2702 qui
1582 2635 1798 2703 quanto
1841 2635 2059 2704 majora
2091 2635 2148 2690 in

515 2719 840 2775 hominibus
862 2721 1012 2776 dona
1042 2724 1338 2795 conspicit,
1371 2729 1530 2780 tanto
1557 2726 1676 2780 haec
1709 2727 1934 2782 auferre
1965 2729 2145 2782 subti-

510 2811 742 2866 lioribus
774 2813 991 2869 insidiis
1030 2817 1300 2888 exquirit,
1333 2833 1518 2890 neque
1550 2819 1703 2872 enim
1744 2821 2046 2875 latrunculi
2085 2823 2146 2876 in

512 2904 601 2958 via
649 2921 850 2976 capere
892 2908 1136 2964 viatores
1178 2927 1387 2965 vacuos
1430 2914 1723 2981 expetunt,
1768 2913 1864 2968 sed
1911 2930 2007 2968 eos
2045 2917 2145 2986 qui

516 2998 640 3051 auri
670 2999 895 3053 vascula
921 3001 1009 3054 vel
1053 3003 1274 3072 argenti
1305 3003 1526 3068 ferunt;
1551 3005 1644 3059 via
1678 3011 1761 3060 est
1791 3007 2004 3078 quippe
2034 3007 2147 3063 vita

2317 1884 2404 1938 Vl.
2427 1883 2546 1953 Ipsa
2565 1896 2792 1953 quoque
2809 1878 3188 1951 gubernacula
3209 1893 3350 1948 erga
3367 1876 3640 1947 subjectos
3655 1890 3813 1945 magno

2249 1980 2382 2030 sunt
2427 1974 2818 2030 moderamine
2862 1972 3255 2043 temperanda,
3294 1987 3371 2025 ne
3415 1973 3649 2040 potestas
3680 1968 3813 2022 menti

2248 2069 2539 2140 subrepat.
2586 2069 2741 2123 Tunc
2789 2066 2945 2120 enim
2994 2081 3242 2136 regnum
3285 2064 3436 2118 bene
3477 2062 3694 2133 regitur,
3717 2077 3813 2114 cum

2247 2161 2529 2233 regnandi
2575 2161 2753 2231 gloria
2795 2159 2994 2214 animo
3020 2175 3139 2213 non
3175 2155 3521 2211 dominatur.
3549 2154 3814 2212 Curandum

2249 2272 2479 2328 quoque
2520 2259 2604 2308 est
2629 2270 2700 2308 ne
2744 2254 2829 2308 ira
2878 2253 3171 2324 subrepat,
3199 2251 3487 2322 faciatque
3515 2249 3664 2304 citius
3687 2263 3815 2302 omne

2248 2350 2398 2421 quod
2454 2348 2602 2403 licet.
2649 2349 2736 2402 Ira
2781 2345 2994 2418 quippe
3052 2345 3229 2400 etiam
3278 2360 3413 2398 cum
3470 2341 3815 2414 deliquentium

2247 2443 2443 2514 culpas
2470 2441 2735 2513 exquirit,
2760 2456 2874 2494 non
2905 2438 3072 2494 debet
3097 2437 3275 2493 menti
3302 2436 3471 2509 quasi
3491 2435 3699 2491 domina
3714 2449 3818 2506 pre-

2247 2538 2350 2603 ire,
2384 2536 2482 2591 sed
2510 2539 2638 2606 post
2665 2533 2905 2589 rationis
2931 2535 3163 2602 tergum
3191 2531 3350 2586 velut
3369 2530 3572 2586 ancilla
3591 2526 3814 2592 famulari,

2250 2633 2311 2684 ut
2339 2631 2412 2684 ad
2439 2629 2641 2684 faciem
2661 2629 2820 2699 jussa
2846 2626 3062 2681 veniat.
3109 2627 3247 2681 Nam
3280 2625 3328 2679 si
3377 2625 3550 2680 semel
3583 2621 3818 2696 possidens

2245 2729 2501 2778 mentem
2543 2721 2797 2793 coeperit,
2824 2721 3044 2791 justum
3073 2735 3192 2774 esse
3232 2722 3486 2791 reputat,
3510 2718 3665 2773 etiam
3703 2713 3817 2785 quod

2245 2817 2551 2872 crudeliter
2576 2815 2730 2870 facit.
2763 2815 2901 2869 Hinc
2927 2813 3080 2868 enim
3109 2813 3389 2884 scripturn
3419 2818 3537 2868 est:
3563 2834 3589 2861 ι(
3609 2813 3686 2867 Ira
3703 2808 3818 2863 enim

2244 2911 2349 2965 viri
2380 2909 2664 2982 justitiam
2711 2909 2808 2963 Dei
2855 2925 2971 2963 non
3003 2911 3273 2978 operatur
3303 2908 3440 2977 (Jac.
3476 2923 3513 2975 ι,
3539 2906 3645 2974 20);
3674 2924 3697 2954 »
3721 2903 3819 2955 hinc

2246 3021 2474 3059 rursum
2505 3003 2714 3058 dicitur
2747 3019 2760 3056 :
2798 3021 2826 3053 «
2855 3002 2935 3057 Sit
2961 3002 3146 3055 omnis
3171 3001 3347 3056 homo
3369 3001 3529 3056 velox
3547 2999 3614 3053 ad
3638 2996 3820 3052 audien-

513 3107 780 3161 praesens,
811 3096 869 3148 et
896 3097 1056 3150 tanto
1092 3095 1297 3167 cuique
1331 3114 1557 3152 necesse
1590 3103 1676 3152 est
1719 3104 1783 3154 ut
1812 3100 2143 3156 insidiantes
2165 3134 2219 3208 Ο
2248 3099 2404 3166 dum,
2422 3097 2621 3152 tardus
2648 3099 2842 3151 autem
2865 3095 2937 3150 ad
2958 3094 3326 3166 loquendum,
3352 3098 3412 3148 et
3427 3093 3614 3148 tardus
3631 3090 3818 3190 adirem

513 3184 739 3208 -..ξ-ξι---
806 3191 989 3208 ᾼ-..-μ-ι
1073 3205 1164 3208 ..ηγ
1224 3193 1238 3208 ι
1366 3207 1389 3208 ,,
1450 3191 1460 3201 ο
1750 3195 1759 3208 ι
1829 3193 1844 3208 -ι
2250 3194 2313 3208 [τι
2339 3195 2348 3205 ι
2371 3193 2388 3208 1
2469 3193 2541 3208 ιηι
2665 3191 2752 3208 "1,-
2775 3206 2786 3208 _
2852 3191 3031 3208 -,,1-_A
3085 3205 3182 3208 _.__
3244 3193 3468 3208 -__-AA__-
3520 3188 3620 3208 ἢ--
3674 3197 3818 3208 -.μ-ι...

508 3184 742 3255 spiritus
800 3191 1012 3255 caveat,
1064 3193 1279 3260 quanto
1347 3191 1566 3261 majora
1635 3195 1768 3246 sunt
1813 3193 1964 3248 dona
2015 3213 2144 3266 quae

508 3281 718 3348 portat.
752 3281 990 3352 Oportet
1026 3299 1166 3353 ergo
1194 3284 1595 3340 excellentiam
1623 3290 1868 3341 vestram
1897 3288 1955 3341 in
1986 3291 2144 3343 tanto

509 3373 613 3426 hoc
649 3372 721 3427 de
767 3375 1131 3431 conversione
1181 3378 1366 3448 gentis
1411 3379 1652 3434 subdita:
1702 3359 1941 3435 munere
1989 3383 2144 3452 quod

508 3466 741 3537 accepit,
765 3483 1134 3540 summopere
1163 3471 1448 3525 custodire
1474 3472 1728 3542 primum
1760 3474 2142 3529 humilitatem

507 3559 712 3630 cordis,
744 3578 809 3616 ac
857 3562 1062 3618 deinde
1109 3565 1452 3620 munditiam
1497 3567 1769 3637 corporis.
1801 3568 1940 3622 Cum
1989 3569 2142 3622 enim

509 3655 783 3727 scriptum
811 3658 882 3712 sit
909 3675 921 3712 :
961 3681 987 3707 «
1020 3659 1218 3714 Omnis
1257 3662 1354 3732 qui
1385 3677 1442 3716 se
1478 3661 1686 3716 exaltat
1725 3662 2139 3729 humiliabitur,

508 3754 564 3803 et
589 3749 688 3821 qui
715 3766 772 3805 se
799 3751 1064 3808 humiliat
1090 3754 1436 3809 exaltabitur
1464 3754 1611 3824 (Luc.
1640 3773 1791 3823 xvnl,
1826 3756 1933 3828 14),
1956 3779 1983 3805 ››
2018 3774 2143 3828 pro-

508 3843 654 3897 fecto
674 3844 872 3916 liquet,
895 3846 1028 3917 quia
1053 3846 1146 3902 ille
1165 3849 1439 3903 veraciter
1459 3849 1577 3904 alta
1596 3853 1751 3904 amat
1770 3851 1864 3922 qui
1888 3855 2142 3905 mentem

506 3954 670 3992 suam
694 3939 764 3992 ab
794 3939 1136 3996 humilitatis
1169 3942 1356 3997 radice
1391 3959 1507 3997 non
1535 3944 1780 4011 desecat,
1807 3961 1958 4016 saepe
1980 3961 2140 3999 nam-

506 4047 615 4102 que
644 4033 938 4104 malignus
959 4035 1191 4107 spiritus
1211 4038 1277 4090 ut
1294 4036 1446 4091 bona
1467 4037 1736 4107 destruat,
1757 4038 1963 4109 quibus
1984 4039 2142 4109 prius

507 4125 796 4180 adversari
826 4143 942 4182 non
970 4129 1141 4184 valuit
1173 4129 1246 4183 ad
1272 4131 1560 4202 cperantis
1586 4136 1840 4186 mentem
1863 4136 1991 4203 post
2018 4149 2142 4203 per-

509 4221 694 4272 actam
737 4221 1127 4290 operationem
1155 4223 1330 4289 venit,
1361 4240 1602 4294 eamque
1628 4225 1810 4278 tacitis
1841 4226 2135 4296 cogitatio-

508 4311 674 4366 nibus
717 4312 774 4367 in
821 4313 1163 4383 quibusdam
1215 4315 1331 4370 suis
1378 4317 1645 4370 laudibus
1693 4318 1924 4386 excutit,
1959 4318 2038 4372 ita
2082 4322 2142 4372 ut

507 4404 743 4476 decepta
801 4423 960 4461 mens
1006 4407 1324 4463 admiretur
1372 4409 1496 4482 ipsa
1543 4427 1716 4481 quam
1775 4411 1888 4465 sint
1932 4429 2142 4483 magna

2247 3193 2429 3262 (Ibid.,
2463 3193 2568 3262 19).
2606 3212 2633 3239 »
2665 3191 2793 3244 Haec
2845 3191 3040 3243 autem
3085 3205 3205 3256 vos,
3239 3193 3473 3242 auctore
3520 3188 3642 3254 Deo,
3670 3181 3822 3238 omnia

2244 3301 2467 3340 servare
2521 3301 2637 3338 non
2677 3282 2932 3353 ambigo,
2982 3282 3080 3337 sed
3123 3281 3422 3336 occasione
3473 3275 3822 3334 admonitionis

2247 3384 2454 3446 exorta,
2486 3377 2651 3433 bonis
2687 3377 2892 3431 vestris
2922 3375 3141 3430 actibus
3181 3391 3275 3428 me
3319 3375 3530 3429 furtive
3570 3371 3820 3442 subjungo,

2242 3477 2308 3528 ut
2322 3473 2476 3544 quod
2492 3489 2606 3526 non
2624 3470 2904 3526 admoniti
2936 3469 3121 3524 facitis
3140 3468 3373 3539 quando
3394 3469 3549 3522 vobis
3567 3466 3823 3520 admonens

2242 3566 2486 3634 additur,
2512 3566 2634 3636 jam
2676 3581 2788 3619 non
2833 3563 2939 3618 soli
2979 3562 3215 3617 faciatis.
3262 3561 3631 3634 Omnipotens
3669 3562 3821 3612 autem

2244 3662 2388 3715 Deus
2426 3660 2485 3713 in
2549 3658 2762 3712 cunctis
2822 3657 3042 3711 actibus
3096 3655 3299 3710 vestris
3363 3655 3598 3710 caelestis
3651 3647 3822 3705 brachii

2245 3753 2571 3807 extensione
2597 3768 2696 3806 vos
2722 3754 3010 3822 protegat,
3042 3749 3316 3820 vobisque
3346 3754 3408 3804 et
3438 3743 3822 3820 praesentisvitze

2242 3863 2535 3918 prospera,
2569 3850 2624 3900 et
2652 3847 2777 3916 post
2801 3844 2982 3898 multa
3007 3859 3292 3898 annorum
3319 3842 3625 3910 curricula,
3654 3841 3821 3893 eterna

2243 3940 2538 3995 concedat.
3655 3937 3668 3946 ’

2313 4035 2417 4088 VII.
2451 4035 2678 4091 Clavem
2715 4048 2846 4086 vero
2886 4031 3180 4102 parvulam
3226 4047 3258 4085 a
3303 4029 3670 4085 sacratissimo
3707 4022 3821 4079 beati

2241 4128 2389 4184 Petri
2415 4127 2654 4198 apostoli
2685 4142 2924 4197 corpore
2962 4141 3066 4196 pro
3109 4125 3230 4196 ejus
3255 4123 3655 4179 benedictione
3680 4125 3820 4174 trans-

2241 4221 2519 4290 misimus,
2547 4221 2606 4274 in
2638 4236 2751 4293 qua
2779 4219 2928 4274 inest
2956 4218 3173 4273 ferrum
3203 4217 3273 4272 de
3315 4217 3538 4273 catenis
3571 4215 3822 4272 inclusum,

2241 4321 2306 4370 ut
2329 4316 2480 4387 quod
2499 4315 2714 4370 collum
2740 4313 2889 4367 illius
2912 4312 2983 4366 ad
3006 4311 3343 4384 martyrium
3371 4311 3660 4382 ligaverat,
3677 4321 3757 4360 vos
3772 4301 3824 4402 ab

2245 4409 2507 4464 omnibus
2545 4408 2814 4463 absolvat.
2861 4407 3106 4461 Crucem
3151 4421 3382 4477 quoque
3411 4404 3580 4459 latori
3608 4400 3824 4473 przesenti

503 4515 629 4570 qum
693 4501 864 4570 fecit;
929 4518 1055 4572 quae
1120 4501 1256 4557 dum
1320 4521 1424 4574 per
1489 4505 1770 4559 occultum
1847 4509 2135 4561 tumorem
2156 4504 2214 4574 D
2237 4503 2503 4558 dedimus
2528 4501 2683 4556 vobis
2718 4501 3039 4569 ferendam,
3070 4499 3130 4553 in
3160 4515 3276 4570 qua
3303 4499 3533 4570 lignum
3565 4499 3826 4552 Dominica

505 4595 652 4664 apud
675 4596 1044 4666 semctipsam
1077 4598 1384 4665 extollitur,
1413 4599 1534 4669 ejus
1565 4599 1665 4670 qui
1693 4599 1910 4654 donum
1944 4601 2143 4655 tribuit

506 4688 683 4756 gratia
726 4690 996 4760 privatur.
1035 4691 1174 4745 Hinc
1207 4693 1359 4746 enim
1390 4695 1475 4747 est
1510 4693 1664 4764 quod
1712 4710 1813 4764 per
1845 4695 2141 4766 prOphetae

507 4797 697 4834 vocem
729 4789 922 4837 contra
949 4785 1376 4856 superbientem
1405 4787 1666 4840 animum
1691 4787 1901 4841 dicitur
1934 4804 1946 4842 :
1981 4809 2008 4836 «
2034 4789 2139 4841 Ha-

505 4875 645 4930 bens
675 4875 941 4930 fiduciam
993 4879 1047 4932 in
1081 4880 1509 4949 pulchritudine
1541 4885 1654 4947 tua,
1688 4881 1969 4935 fornicata
1993 4897 2052 4934 es
2085 4881 2141 4936 in

510 4969 739 5023 nomine
787 4975 883 5025 tuo
939 4973 1143 5039 (Ezech.
1198 4991 1305 5040 xvr,
1363 4975 1477 5041 15);
1525 4995 1552 5023 »
1605 4973 1868 5029 ﬁduciam
1929 4975 2140 5046 quippe

505 5063 716 5117 animae
744 5065 800 5117 in
826 5065 1258 5136 pulchritudine
1282 5084 1381 5122 sua
1409 5069 1618 5124 habere
1645 5076 1727 5123 est
1755 5067 1811 5122 in
1836 5069 2144 5139 semetipsa

507 5157 576 5211 de
596 5157 752 5228 justa
780 5159 1112 5228 operatione
1143 5178 1514 5232 prmsumere.
1541 5164 1676 5226 Quae
1697 5163 1755 5216 in
1778 5179 1880 5217 suo
1908 5163 2142 5217 nomine

506 5251 845 5323 fornicatur,
879 5253 1108 5324 quando
1135 5255 1194 5309 in
1220 5255 1330 5310 hoc
1358 5257 1506 5328 quod
1540 5261 1691 5310 recte
1721 5256 1838 5328 egit
1864 5273 1981 5310 non
2005 5259 2146 5313 Con-

507 5345 710 5399 ditoris
774 5347 1003 5402 laudem
1075 5335 1321 5404 dilatare
1383 5350 1625 5422 appetit,
1695 5350 1796 5404 sed
1857 5349 2146 5420 opinionis

509 5439 753 5508 gloriam
784 5442 1044 5513 requirit.
1073 5443 1212 5498 Hinc
1243 5460 1468 5498 rursum
1506 5460 1609 5516 per
1639 5443 1974 5514 prophetam
2005 5443 2149 5497 scri-

508 5535 669 5602 ptum
715 5536 800 5588 est
855 5551 868 5589 :
922 5557 949 5584 «
1000 5537 1122 5602 Quo
1168 5537 1464 5609 pulchrior
1501 5555 1559 5593 es
1606 5537 1887 5592 descende
1935 5536 2142 5606 (Ezech.

507 5641 684 5694 xxxii,
714 5628 818 5695 19).
854 5649 882 5678 ››
911 5629 1115 5684 Anima
1141 5631 1357 5686 etenim
1389 5631 1543 5685 unde
1575 5635 1659 5684 est
1688 5629 1980 5700 pulchrior
2009 5629 2144 5683 inde

509 5718 823 5787 descendit,
858 5723 1130 5792 quoniam
1170 5742 1237 5779 ex
1266 5725 1490 5779 virtutis
1520 5724 1726 5778 decore
1759 5739 1872 5793 quo
1912 5722 2145 5777 exaltari

511 5811 660 5879 apud
707 5814 1018 5870 Dominum
1075 5817 1288 5885 debuit,
1332 5818 1400 5872 ab
1445 5817 1565 5888 ejus
1607 5815 1788 5888 gratia
1837 5833 1940 5890 per
1983 5833 2145 5872 suam

2243 4596 2424 4651 crucis
2473 4595 2644 4664 inest,
2678 4600 2734 4650 et
2785 4593 2975 4664 capilli
3022 4593 3172 4648 beati
3221 4592 3454 4647 Joannis
3502 4590 3756 4660 Baptistae,
3778 4597 3826 4636 ex

2244 4706 2359 4761 qua
2401 4705 2631 4759 semper
2675 4688 2942 4742 solatium
2984 4687 3160 4741 nostri
3209 4686 3543 4753 Salvatoris,
3568 4699 3660 4755 per
3693 4681 3828 4734 inter-

2241 4782 2553 4838 cessionem
2598 4781 2963 4852 praecursoris
3009 4781 3133 4851 ejus
3177 4779 3459 4834 habeatis.
3504 4769 3826 4833 Reverendis-

2243 4877 2386 4931 simo
2415 4879 2610 4930 autem
2642 4876 2762 4930 viro
2791 4874 2964 4944 Patri,
2998 4879 3057 4927 et
3094 4874 3432 4945 coepiscopo
3475 4874 3664 4926 nostro
3687 4868 3828 4920 Lean-

2243 4970 2344 5024 dro
2359 4969 2596 5041 pallium
2613 4987 2646 5024 a
2663 4969 2814 5024 beati
2831 4968 2982 5022 Petri
3011 4967 3258 5039 apostoli
3285 4967 3417 5022 sede
3443 4960 3828 5020 transmisimus,

2244 5064 2400 5136 quod
2433 5081 2504 5118 ex
2544 5063 2778 5135 antiqua
2807 5061 3244 5129 consuetudine,
3274 5066 3331 5116 et
3359 5060 3562 5114 vestris
3600 5051 3828 5111 moribus,

2245 5163 2299 5213 et
2327 5159 2448 5229 ejus
2478 5157 2722 5213 bonitati
2752 5161 2923 5227 atque
2956 5155 3223 5226 dignitati
3253 5155 3624 5210 debebamus.

2313 5256 2463 5316 Item,
2485 5251 2722 5321 epistola
2751 5250 2990 5319 ejusdem
3017 5249 3090 5303 ad
3117 5249 3488 5304 Secundinum
3520 5247 3776 5302 inclusum.

2318 5345 2688 5401 Dilectissimo
2733 5342 2894 5398 fratri
2926 5342 3253 5409 Sscnunmo,
3283 5357 3451 5396 servo
3499 5340 3612 5407 Dei,
3641 5338 3830 5396 incluso,

2249 5442 2584 5505 GREGORIUS,
2617 5453 2808 5492 servus
2836 5451 3127 5492 servorum
3161 5437 3281 5491 Dei.

2321 5531 2640 5588 Dilectionis
2669 5535 2786 5586 tua:
2812 5530 3030 5586 litteras
3059 5529 3300 5601 suscepi,
3328 5545 3459 5599 quae
3489 5529 3545 5582 in
3565 5541 3687 5581 meo
3704 5535 3832 5577 sensu

2249 5628 2460 5682 amoris
2473 5626 2642 5682 melle
2656 5624 2898 5680 condita:
2917 5626 3245 5695 sapuerunt.
3263 5622 3305 5678 Ο
3321 5625 3534 5693 quanta
3544 5616 3833 5692 aspiratione

2249 5722 2375 5775 vitae
2391 5722 2560 5793 plena
2574 5725 2859 5791 sunt,quaa
2871 5735 2976 5790 per
2989 5717 3230 5789 gratiam
3244 5715 3484 5788 Spiritus
3495 5703 3829 5787 proferuntur!

2252 5817 2372 5871 Non
2396 5815 2452 5870 in
2479 5814 2559 5869 eis
2582 5816 2765 5870 cultus
2786 5811 3145 5886 eloquentiae,
3162 5827 3275 5868 non
3289 5809 3595 5866 verborum
3609 5810 3750 5879 typus
3763 5815 3834 5871 δρο
