4092 6192
254 260 393 314 1109

1477 259 1948 318 DECRETALIUM
1986 265 2366 319 COLLECTIO.
2443 298 2446 300 ~

3480 265 3612 317 1110

246 365 550 437 parebant,
570 365 664 420 sed
694 367 812 420 sola
842 365 1096 420 veritatis
1121 371 1294 438 atque
1313 367 1606 422 charitatis
1631 367 1882 423 radicem
1906 381 1964 455 Α
2053 371 2225 427 Valde
2253 376 2443 427 autem
2468 371 2712 427 libenter
2741 370 2935 443 accepi
2955 370 3110 442 quod
3129 374 3228 425 tua
3253 385 3343 424 me
3365 370 3613 424 charitas

246 459 507 532 tenentia
546 475 653 530 per
697 474 869 514 omne
910 459 1064 531 quod
1101 460 1288 514 locuta
1323 463 1460 515 'sunt
1496 460 1738 516 calestis
1777 478 1882 533 pa-

247 553 376 609 tria
405 569 604 608 amore
624 551 1014 608 ﬂammabant.
1047 553 1108 608 In
1140 553 1220 608 eis
1245 568 1379 610 vero
1409 557 1506 608 tua
1536 570 1630 609 me
1660 554 1885 610 dilectio

247 650 448 720 petere
489 646 726 714 studuit,
775 650 837 702 ut
863 646 933 701 ad
972 646 1120 701 hanc
1149 646 1400 702 libellum
1437 647 1886 703 exhortatorium

251 740 503 796 scribere
547 739 865 796 studerem.
915 741 1025 796 Sed
1077 742 1220 796 scire
1275 744 1332 796 te
1380 756 1614 796 necesse
1658 746 1761 810 est,
1805 741 1886 798 ﬁli

252 833 605 900 charissima,
647 834 783 905 quia
817 833 991 888 tantis
1026 833 1298 905 podagra
1338 833 1648 902 doloribus,
1685 835 1886 890 tantis-

253 944 368 1000 que
415 943 680 982 curarum
717 927 1057 982 tumultibus
1093 943 1346 998 premor,
1392 929 1459 982 ut
1485 927 1745 998 quamvis
1776 946 1882 983 un-

255 1038 434 1094 quam
457 1037 549 1076 me
575 1020 792 1093 aliquid
818 1021 991 1076 fuisse
1015 1020 1370 1089 reminiscar,
1391 1021 1551 1076 valde
1573 1024 1765 1076 tamen
1791 1038 1886 1076 me

254 1115 482 1170 videam
519 1131 636 1170 non
683 1129 804 1170 esse
833 1114 989 1186 quod
1032 1113 1263 1170 fuerim.
1293 1115 1450 1179 Quod
1478 1120 1672 1170 autem
1700 1131 1760 1170 se
1787 1118 1887 1170 tua

254 1209 501 1264 charitas
527 1209 678 1263 ultra
697 1212 922 1264 aetatem
944 1206 1499 1280 quinquagenariam
1517 1208 1704 1264 adhuc
1722 1209 1886 1279 juve-

255 1301 465 1358 nilibus
491 1301 790 1358 desideriis
814 1303 1015 1360 asserit
1054 1301 1366 1374 subjacere,
1410 1302 1471 1358 in
1513 1292 1887 1374 hoc'quoque

253 1395 672 1466 divini20raculi
695 1395 901 1468 imples
926 1398 1301 1468 praceptum,
1329 1412 1443 1468 quo
1468 1395 1744 1468 scriptum
1765 1400 1885 1452 est:

252 1510 283 1540 α
311 1491 501 1545 Justus
539 1489 600 1544 in
642 1488 922 1561 principio
955 1492 1252 1545 accusator
1277 1493 1363 1544 est
1391 1489 1479 1545 sui
1508 1490 1686 1561 (Prov.
1728 1507 1886 1561 xvm,

259 1583 367 1650 t7).
400 1604 429 1633 ιι
480 1583 590 1638 Nec
627 1585 822 1638 tamen
868 1582 1068 1639 dubito
1114 1583 1362 1653 majores
1402 1587 1460 1639 te
1498 1583 1675 1638 hostis
1705 1583 1889 1639 callidi

252 1676 486 1732 insidias
513 1675 759 1748 perpeti,
787 1677 889 1748 qui
912 1676 1136 1748 majora
1172 1680 1373 1732 contra
1405 1692 1538 1731 eum
1567 1677 1714 1732 bella
1739 1692 1887 1748 pra-

1985 466 2055 520 de
2085 481 2188 520 sua
2216 465 2569 520 dubitatione
2594 464 2909 537 requisivit,
2959 480 3034 519 an
3079 463 3324 519 Orientis
3354 462 3611 518 Ecclesia

1985 560 2156 616 ﬁdem
2179 564 2351 630 atque
2382 559 2703 614 doctrinam
2735 561 2948 614 sancta
2977 557 3276 612 memoria
3304 556 3508 612 Leonis
3535 572 3616 610 se-

1985 657 2252 726 quantur,
2295 670 2366 707 an
2418 653 2559 708 forte
2597 669 2794 708 earum
2833 668 3032 706 sensus
3080 651 3230 706 inter
3282 649 3615 720 semetipsas

1985 764 2090 820 pro
2117 746 2291 802 trium
2321 746 2705 818 capitulorum
2739 745 3079 800 defensione
3101 743 3312 799 divisus
3338 743 3429 808 sit,
3458 742 3612 796 unde

1986 845 2200 896 certam
2228 840 2592 896 dilectionem
2627 844 2786 894 tuam
2829 854 2950 894 esse
2981 837 3261 905 desidero,
3295 836 3435 907 quia
3473 852 3615 907 pra-

1987 935 2151 990 dicta
2197 933 2570 990 sanctissima
2617 932 2932 988 Orientales
2978 930 3235 986 Ecclesia
3270 946 3385 984 uno
3416 945 3613 984 sensus

1987 1046 2103 1084 una
2115 1028 2392 1098 doctrina,
2407 1027 2584 1083 ﬁdem
2607 1026 2865 1097 ejusdem
2885 1029 3094 1082 sancta
3109 1023 3403 1079 memoria
3423 1022 3615 1089 Leoni,

1987 1125 2206 1188 tenent,
2256 1127 2312 1177 et
2354 1123 2613 1176 sanctam
2653 1119 3175 1177 Chalcedonensem
3215 1116 3495 1189 synodum
3538 1116 3614 1170 ita

1986 1215 2281 1271 nobiscum
2333 1215 2660 1270 custodiunt
2695 1216 2864 1284 atque
2903 1216 3266 1276 venerantur,
3314 1215 3380 1265 ut
3426 1209 3618 1264 nullus

1988 1309 2282 1381 episcopus
2328 1325 2448 1364 esse
2496 1311 2828 1379 reputatur,
2859 1306 2960 1378 qui
3005 1305 3261 1377 ejusdem
3289 1303 3485 1374 synodi
3514 1302 3613 1357 de-

1989 1404 2186 1459 fensor
2235 1405 2592 1474 sectatorque
2645 1417 2760 1456 non
2813 1399 3006 1455 fuerit.
3038 1398 3180 1453 Hinc
3221 1401 3306 1453 est
3337 1396 3490 1452 enim
3529 1398 3614 1462 ut,

1989 1498 2212 1571 quoties
2266 1497 2328 1551 in
2391 1499 2638 1567 quatuor
2705 1492 3008 1566 pracipuis
3058 1492 3292 1547 sedibus
3342 1489 3620 1546 antistites

1989 1591 2346 1659 ordinantur,
2379 1589 2673 1662 synodales
2701 1587 2969 1660 epistolas
2993 1585 3236 1642 vicissim
3279 1585 3527 1650 mittant,
3559 1583 3619 1637 in

1991 1685 2196 1757 quibus
2220 1701 2278 1740 se
2305 1686 2565 1739 sanctam
2600 1681 3124 1738 Chalcedonensem
3159 1679 3441 1752 synodum
3485 1692 3618 1734 cum

255 1769 488 1842 parasti.
536 1770 714 1826 Tanto
776 1769 989 1842 quippe
1039 1769 1134 1826 ille
1185 1769 1542 1841 deceptionis
1595 1751 1968 1826 moliminaB
1991 1751 2114 1834 aliis
2143 1778 2503 1851 generalibus
2546 1776 2774 1850 synodis
2813 1774 3098 1830 custodire
3129 1751 3437 1840 fateantur,
3476 1773 3623 1828 sicut

253 1863 548 1918 ardentius
590 1862 838 1936 exquirit
869 1868 1085 1936 quanto
1113 1868 1169 1919 te
1199 1863 1409 1919 caelesti
1439 1863 1636 1935 patria
1663 1864 1890 1919 ferven-

259 1961 373 2017 tius
428 1961 648 2016 inhiare
693 1961 998 2032 cognoscit.
1054 1960 1276 2016 Etenim
1337 1977 1440 2015 nos
1494 1961 1744 2033 quidem,
1795 1962 1893 2034 qui

261 2055 437 2109 vitam
481 2070 613 2110 cum
656 2054 914 2126 pluribus
958 2053 1235 2122 ducimus,
1287 2055 1395 2109 etsi
1437 2055 1797 2111 formidolosi
1829 2072 1893 2110 ac

261 2148 471 2216 timidi,
502 2151 716 2218 tamen,
751 2148 888 2221 quia
916 2153 1117 2204 contra
1152 2147 1457 2220 antiquum
1493 2149 1723 2204 hostem
1748 2149 1894 2205 bella

262 2241 684 2312 proposuimus,
716 2242 880 2315 quasi
907 2241 968 2297 in
997 2242 1114 2297 acie
1140 2247 1377 2297 stamus.
1407 2242 1518 2297 Vos
1547 2245 1763 2310 autem,
1795 2242 1893 2314 qui

262 2334 580 2391 solitariam
623 2336 800 2391 vitam
841 2335 1064 2404 ducitis,
1104 2337 1163 2390 et
1199 2335 1337 2406 quid
1372 2335 1527 2390 aliud
1559 2351 1730 2407 quam
1761 2336 1896 2407 quia

263 2428 580 2484 monachos
621 2428 886 2496 dixerim,
933 2428 1031 2501 qui
1057 2428 1229 2484 etiam
1258 2427 1482 2483 fervore
1511 2429 1738 2484 virtutis
1763 2434 1895 2485 ante

266 2522 446 2577 aciem
475 2523 630 2578 exire
670 2521 997 2578 festinatis?
1037 2523 1150 2578 Cur
1191 2538 1328 2594 ergo
1358 2538 1493 2578 eum
1527 2522 1896 2593 singulariter

263 2615 445 2671 hostis
487 2632 605 2671 non
649 2617 891 2688 impetat
931 2633 966 2671 a
1013 2632 1128 2688 quo
1165 2632 1226 2671 se
1275 2616 1477 2687 impeti
1525 2615 1896 2686 singulariter

264 2710 592 2781 exspectat?
623 2710 693 2764 Et
721 2726 829 2765 nos
858 2709 1111 2782 quidem,
1153 2709 1253 2780 qui
1292 2710 1442 2765 inter
1473 2709 1736 2764 homines
1767 2709 1898 2764 vivi-

267 2819 418 2872 mus,
444 2819 592 2875 sape
618 2819 723 2876 per
746 2802 1045 2858 hominem
1072 2819 1107 2858 a
1133 2802 1340 2858 callido
1368 2803 1532 2858 hoste
1564 2806 1894 2872 tentamur;

1995 1876 2052 1928 et
2077 1889 2180 1928 nos
2200 1887 2528 1926 aversamur
2561 1875 2735 1941 atque
2753 1869 3120 1923 anathemate
3148 1867 3478 1939 plectendos
3511 1867 3618 1920 du—

1991 1966 2194 2033 cimus,
2228 1965 2276 2019 si
2302 1965 2430 2036 quis
2456 1963 2526 2019 de
2550 1963 2664 2018 ﬁde
2690 1963 2945 2034 ejusdem
2971 1961 3174 2034 synodi
3193 1959 3406 2031 aliquid
3428 1959 3618 2014 immi-

1993 2075 2196 2127 nuere,
2228 2059 2316 2113 vel
2339 2057 2500 2113 aliud
2522 2057 2581 2112 in
2606 2073 2675 2112 ea
2703 2056 2914 2112 addere
2941 2055 3256 2128 praesumit.
3284 2054 3425 2108 Nam
3453 2070 3624 2124 syno-

1993 2154 2096 2208 dus
2115 2169 2245 2225 qua
2268 2156 2466 2224 postea
2489 2151 2838 2223 generaliter
2855 2150 3003 2206 facta
3032 2153 3137 2216 est,
3168 2149 3376 2203 idcirco
3395 2165 3427 2202 a
3456 2147 3625 2202 nobis

1993 2247 2328 2314 custoditur,
2352 2246 2489 2318 quia
2510 2245 2764 2316 ejusdem
2795 2243 3003 2316 synodi
3038 2259 3248 2315 sequax
3276 2242 3336 2296 in
3359 2240 3624 2296 omnibus

1995 2341 2145 2396 illius
2173 2341 2453 2396 honorem
2483 2339 3000 2410 auctoritatemque
3028 2337 3292 2393 custodit.
3322 2335 3484 2392 Unde
3521 2351 3623 2390 ne-

1994 2452 2150 2490 cesse
2179 2439 2263 2490 est
2296 2438 2361 2488 ut
2396 2433 2720 2488 dulcissima
2751 2431 2893 2486 mihi
2921 2431 3146 2488 dilectio
3176 2434 3276 2487 tua
3299 2431 3359 2485 in
3390 2429 3449 2484 id
3474 2428 3626 2500 quod

1993 2529 2280 2601 praecipue
2303 2528 2364 2581 in
2386 2527 2590 2582 sanctis
2611 2525 2867 2581 moribus
2887 2525 3042 2595 vivit,
3065 2524 3221 2596 quod
3240 2541 3300 2578 se
3325 2540 3429 2594 per
3448 2522 3626 2577 absti-

1996 2621 2250 2677 nentiam
2304 2620 2527 2692 affligit,
2569 2619 2723 2691 quod
2766 2619 3041 2674 doctrina
3083 2618 3180 2673 Dei
3226 2615 3626 2672 vehementius

1997 2714 2223 2783 insistit,
2254 2713 2363 2769 hoc
2391 2713 2698 2768 studiosius
2713 2712 2941 2784 cogitet,
2972 2727 3045 2767 ne
3071 2727 3327 2766 errorem
3357 2709 3624 2764 schisma-

1995 2809 2242 2864 ticorum
2295 2823 2570 2879 sequens,
2639 2824 2673 2861 a
2737 2810 2932 2860 sancta
2980 2805 3316 2860 universalis
3371 2801 3631 2858 Ecclesia

267 2913 363 2952 vos
380 2899 572 2952 autem
594 2897 833 2969 quijam
852 2897 1026 2951 vitam
1051 2899 1396 2968 praesentem
1420 2899 1575 2952 extra
1595 2897 1898 2952 hominum
1998 2901 2400 2958 communione
2434 2900 2611 2955 divisa
2659 2899 2838 2971 possit
2870 2899 3133 2954 inveniri.
3176 2900 3243 2953 Et
3276 2897 3413 2968 quid
3434 2899 3517 2950 tot
3542 2896 3628 2950 la-

264 2991 654 3064 frequentiam
683 2990 906 3059 ducitiS,
939 2993 996 3046 et
1013 2995 1172 3046 tanto
1199 2989 1421 3062 majora
1451 2990 1763 3045 certamina
1783 2991 1898 3062 pati
1997 2997 2162 3052 bores
2208 2995 2542 3068 proderunt,
2592 2994 2639 3048 si
2696 2994 2756 3048 in
2803 2993 3025 3048 unitate
3071 2991 3204 3047 ﬁdei
3249 2989 3464 3045 inventi
3512 3004 3628 3042 non

269 3100 502 3140 necesse
533 3090 636 3152 est,
689 3090 906 3156 quanto
943 3085 1066 3156 ipse
1101 3083 1175 3138 ad
1205 3099 1301 3138 vos
1325 3083 1604 3155 magister
1630 3085 1899 3139 tentatio-
1920 3121 1977 3195 Ο
1999 3091 2232 3157 fuerint,
2271 3090 2370 3161 qui
2404 3094 2536 3144 ante
2576 3087 2984 3159 omnipotentis
3030 3086 3124 3140 Dei
3156 3085 3345 3140 oculos
3384 3084 3442 3138 in
3467 3082 3635 3137 bonis

270 3195 412 3233 num
457 3178 694 3234 accedit.
740 3179 936 3250 Neque
983 3176 1140 3233 enim
1183 3193 1384 3233 vacare
1433 3176 1791 3233 orationibus
1834 3195 1898 3233 ac
1925 3176 1977 3195 υ
2003 3184 2218 3240 actibus
2243 3183 2496 3237 animam
2521 3182 2813 3254 praecipue
2858 3179 3184 3235 custodiunt
3211 3181 3240 3234 ‘t
3291 3178 3429 3233 Hinc
3476 3177 3630 3231 enim

267 3272 528 3328 laudibus
573 3271 672 3329 Dei
729 3271 850 3328 sine
891 3271 1088 3343 aliqua
1141 3270 1560 3343 interruptione
1626 3272 1900 3343 temporis
2001 3277 2251 3331 dicitur:
2285 3298 2312 3326 ‹‹
2342 3277 2465 3331 Una
2511 3279 2597 3330 est
2637 3274 2901 3329 columba
2947 3290 3077 3328 mea
3121 3273 3303 3343 (Cant.
3351 3288 3427 3338 γι,
3477 3271 3550 3337 8).
3604 3291 3630 3316 »ι

267 3366 525 3438 potestis,
569 3366 705 3438 quia
751 3365 855 3420 etsi
891 3364 1135 3420 intentio
1177 3365 1448 3420 continue
1491 3368 1754 3436 prompta
1793 3369 1896 3433 est,

270 3460 393 3532 ipsa
437 3462 627 3515 tamen
675 3458 1047 3515 humanitatis
1090 3458 1394 3513 inﬁrmitas
1445 3459 1505 3513 in
1535 3459 1901 3531 semetipsam

271 3553 567 3623 relabitur,
599 3557 663 3608 ut
687 3553 997 3626 aliquando
1027 3553 1177 3609 fessa
1194 3553 1402 3624 jaceat,
1435 3557 1605 3625 atque
1633 3552 1703 3608 ab
1728 3553 1902 3608 studii

272 3648 363 3704 sui
407 3646 812 3703 exercitatione
859 3649 1160 3718 torpescat.
1209 3647 1492 3718 Antiquus
1536 3663 1673 3702 vero
1724 3647 1904 3702 hostis

272 3757 410 3797 mox
435 3746 500 3796 ut
527 3741 769 3797 otiosam
800 3744 1057 3797 mentem
1100 3740 1402 3809 invenerit,
1447 3745 1506 3795 et
1531 3739 1603 3795 ad
1637 3755 1763 3795 eam
1798 3741 1902 3795 sub

272 3834 612 3908 quibusdam
639 3835 1028 3890 occasionibus
1046 3835 1340 3890 locuturus
1358 3833 1518 3888 venit
1539 3836 1597 3888 et
1615 3833 1901 3905 quadam,

272 3930 327 3986 ei
351 3930 420 3984 de
448 3929 620 4000 gestis
643 3927 948 4001 prateritis
971 3929 1044 3984 ad
1072 3927 1416 3984 memoriam
1439 3927 1678 3995 reducit,
1708 3928 1906 3982 audita

273 4022 567 4096 quondam
592 4022 763 4078 verba
790 4022 1120 4078 indecenter
1134 4021 1484 4094 cogitatione
1511 4024 1761 4090 resonat,
1784 4024 1842 4078 et
1859 4021 1906 4076 si

275 4133 391 4188 qua
419 4116 639 4172 dudum
666 4117 913 4187 turpiter
931 4121 1060 4171 acta
1091 4120 1241 4183 sunt,
1267 4131 1469 4171 eorum
1494 4115 1709 4187 species
1732 4115 1908 4171 oculis

271 4210 461 4267 cordis
486 4209 746 4282 opponit,
794 4213 879 4277 ut,
912 4226 1086 4282 quam
1117 4209 1189 4264 de
1219 4208 1597 4281 prasentibus
1620 4217 1735 4264 non
1764 4211 1909 4266 valet

274 4304 595 4377 inquinare,
625 4305 696 4360 de
714 4303 877 4359 malis
898 4303 1195 4359 transactis
1210 4304 1409 4370 violet;
1429 4309 1486 4360 et
1496 4304 1735 4375 decepta
1747 4319 1909 4359 mens

272 4414 428 4469 sape
472 4398 532 4453 in
564 4397 926 4453 dilectionem
962 4401 1206 4469 reparat,
1253 4397 1404 4453 unde
1451 4397 1550 4452 diu
1575 4413 1635 4452 se
1654 4397 1778 4469 jam
1805 4413 1910 4470 per

2002 3371 2139 3425 Hinc
2175 3369 2382 3424 iterum
2429 3368 2706 3423 Dominus
2750 3367 2822 3423 ad
2868 3369 3094 3439 Moysen
3143 3366 3267 3420 ait:
3299 3384 3326 3416 «
3358 3365 3452 3418 Est
3476 3363 3634 3416 locus

1999 3481 2178 3536 penes
2199 3479 2312 3533 me,
2334 3465 2392 3519 et
2406 3461 2578 3518 stabis
2598 3478 2768 3532 supra
2787 3464 3010 3531 petram
3032 3459 3224 3529 (Exod.
3250 3473 3448 3524 xxxm,
3471 3458 3531 3510 2t
3545 3456 3580 3524 ).
3603 3476 3630 3502 ››

2000 3559 2131 3622 Quis
2163 3561 2248 3613 est
2270 3558 2424 3612 locus
2461 3556 2559 3628 qui
2592 3571 2707 3610 non
2735 3555 2806 3609 sit
2845 3553 3093 3620 Domini,
3140 3553 3278 3608 dum
3329 3554 3531 3606 cuncta
3572 3549 3632 3602 in

2004 3652 2145 3724 ipso,
2191 3669 2298 3722 per
2334 3667 2507 3722 quem
2546 3653 2734 3705 creata
2764 3651 2914 3716 sunt,
2953 3646 3364 3702 continentur?
3400 3643 3509 3700 Sed
3549 3646 3631 3697 ta-

2005 3763 2136 3801 men
2169 3750 2255 3800 est
2285 3745 2439 3799 locus
2469 3744 2621 3815 apud
2649 3760 2802 3809 eum,
2835 3741 3099 3797 videlicet
3126 3744 3340 3794 sancta
3377 3737 3636 3793 Ecclesia

2004 3839 2216 3904 unitas,
2244 3839 2303 3893 in
2331 3855 2445 3910 qua
2475 3837 2628 3892 velut
2652 3853 2828 3908 supra
2849 3841 3074 3908 petram
3096 3838 3296 3902 statur,
3323 3832 3460 3886 dum
3492 3847 3630 3886 con-

2006 3932 2265 3987 fessionis
2295 3931 2551 3986 soliditas
2596 3930 2893 3985 humiliter
2931 3931 3176 3984 tenetur.
3221 3928 3296 3981 De
3344 3942 3458 3997 quo
3518 3926 3637 3979 loco

2006 4025 2371 4098 subjungitur
2400 4043 2414 4080 :
2455 4047 2482 4074 «
2509 4027 2664 4081 Tunc
2690 4023 2906 4078 videbis
2941 4021 3253 4093 posteriora
3296 4035 3423 4074 mea
3454 4019 3633 4081 (Ibid..

2006 4120 2118 4190 23),
2149 4141 2176 4168 η
2219 4119 2279 4173 in
2317 4121 2476 4190 petra
2518 4118 2694 4186 enim,
2725 4117 2781 4172 id
2808 4120 2915 4182 est,
2943 4120 3139 4171 sancta
3169 4112 3362 4188 2'76
3390 4111 3637 4167 Ecclesia

2008 4216 2240 4283 stantes,
2278 4213 2377 4267 Dei
2416 4212 2731 4284 posteriora
2759 4210 3094 4278 videbimus,
3129 4207 3356 4279 quando
3387 4222 3475 4274 ea,
3509 4221 3637 4276 qua

2007 4309 2067 4362 in
2108 4308 2221 4363 ﬁne
2255 4306 2536 4379 promissa
2574 4311 2726 4372 sunt,
2768 4305 3010 4360 calestis
3038 4303 3236 4374 patria
3263 4299 3469 4373 gaudia
3498 4315 3634 4354 con-

2006 4401 2445 4472 templabimur;
2492 4401 2744 4471 perversi
2779 4404 2972 4454 autem
3017 4396 3301 4463 homines,
3339 4393 3438 4465 qui
3467 4392 3642 4446 trium

271 4491 676 4565 paenitentiam
725 4491 950 4561 afﬂixit,
1003 4491 1082 4546 ita
1133 4496 1194 4546 ut
1246 4507 1377 4546 vere
1429 4507 1562 4546 cum
1616 4489 2384 4566 Psmmistcapitulorum
2415 4493 2708 4548 occasione
2734 4495 2982 4564 reperta,
3007 4487 3446 4544 ecclesiasticam
3471 4483 3638 4539 disci-

273 4587 429 4642 dicat
456 4601 470 4641 :
504 4608 532 4636 ‹‹
557 4587 1044 4658 Computruerunt
1076 4588 1134 4640 et
1151 4588 1435 4657 corrupta
1463 4590 1596 4640 sunt
1621 4585 1910 4639 cicatrices

277 4698 310 4734 a
339 4679 484 4735 facie
514 4679 856 4751 insipientia
883 4696 1027 4736 mea
1054 4680 1220 4751 (Psal.
1257 4695 1468 4747 xxxvii,
1503 4680 1576 4749 6).
1608 4700 1636 4729 »
1667 4678 1908 4736 Cicatrix

273 4773 491 4846 quippe
517 4773 704 4845 ﬁgura
729 4777 816 4829 est
834 4774 1104 4843 vulneris,
1131 4773 1230 4829 sed
1263 4773 1466 4828 sanati.
1509 4772 1747 4828 Cicatrix
1773 4788 1910 4843 ergo

276 4868 354 4923 ad
380 4867 743 4939 putredinem
771 4868 937 4937 redit,
970 4867 1203 4939 quando
1229 4866 1440 4938 peccati
1472 4866 1728 4935 vulnere,
1757 4867 1910 4938 quod

267 4963 396 5033 jam
423 4977 526 5033 per
545 4961 939 5032 penitentiam
969 4965 1233 5017 sanatum
1257 4965 1360 5028 est,
1389 4961 1449 5015 in
1474 4959 1910 5015 delectationem

273 5054 365 5110 sui
393 5055 619 5110 animus
645 5055 985 5111 concutitur.
1011 5055 1173 5127 Sape
1198 5071 1445 5126 namque
1466 5053 1620 5125 quod
1643 5052 1907 5123 fecimus,

273 5165 387 5221 per
430 5149 608 5204 hostis
651 5148 838 5204 callidi
875 5149 1114 5204 insidias
1172 5147 1350 5202 oculis
1395 5147 1578 5202 cordis
1631 5146 1908 5202 videmus.

273 5245 536 5316 Cumque
577 5241 984 5299 insensibiliter
1027 5242 1088 5297 in
1133 5241 1242 5296 hoc
1289 5241 1589 5296 delectatio
1631 5240 1908 5312 subrepit,

271 5337 538 5409 quamvis
555 5337 678 5409 jam
710 5338 950 5408 plangat
967 5336 1118 5409 quod
1144 5335 1367 5403 fecerit,
1400 5334 1574 5390 tadet
1598 5337 1792 5389 tamen
1820 5334 1909 5388 in-

268 5430 503 5487 felicem
547 5431 805 5486 animum
852 5431 1117 5503 quadam
1144 5430 1342 5486 fecisse
1366 5445 1496 5500 qua
1536 5429 1787 5500 plangat.
1818 5429 1912 5483 Ha

267 5531 408 5580 sunt
431 5525 621 5580 cordis
665 5529 875 5581 nostra
919 5525 1192 5591 tenebrae,
1240 5539 1384 5595 quas
1426 5523 1488 5577 in
1518 5523 1622 5578 hac
1647 5522 1780 5590 vita,
1814 5537 1909 5576 vo-

262 5620 478 5689 lentes,
511 5619 793 5688 nolentes,
823 5620 1192 5674 sustinemus.
1227 5617 1362 5683 Quis
1388 5621 1588 5672 contra
1615 5617 1739 5671 hac
1758 5632 1912 5688 qua-

262 5713 487 5769 rendus
513 5717 618 5781 est,
645 5712 756 5768 nisi
789 5732 817 5764 α
845 5712 1145 5785 adjutorin
1175 5709 1702 5784 Opportunitatibus
1722 5709 1781 5766 in
1813 5709 1912 5766 tri-

262 5806 609 5864 bulatione?
635 5808 801 5876 (Psal.
838 5823 911 5874 Ix,
951 5809 1058 5876 l0.)
1091 5829 1117 5854 η

2009 4587 2226 4659 plinam
2274 4585 2524 4656 fugiunt,
2565 4586 2634 4640 de
2674 4585 2789 4638 suis
2829 4582 3150 4638 carnalibus
3185 4579 3401 4634 actibus
3441 4593 3636 4648 repre-

2009 4680 2187 4735 hendi
2217 4679 2646 4752 pertimescunt,
2689 4682 2746 4731 et
2771 4677 3004 4732 subesse
3033 4674 3154 4729 sedi
3187 4671 3508 4744 apostolica
3533 4687 3638 4725 no-

2009 4775 2156 4840 lunt,
2187 4778 2244 4828 et
2285 4789 2386 4826 nos
2412 4771 2571 4843 quasi
2611 4771 2680 4826 de
2709 4770 2820 4825 ﬁde
2863 4767 3298 4840 reprehendunt
3335 4782 3507 4838 quam
3534 4765 3643 4836 ipsi

2010 4866 2288 4922 nesciunt.
2318 4867 2387 4920 Et
2413 4865 2551 4920 dum
2577 4880 2766 4936 neque
2793 4864 2852 4918 in
2877 4863 2992 4917 ﬁde
3020 4861 3158 4916 recti
3184 4864 3336 4930 sunt,
3365 4876 3552 4931 neque
3580 4859 3641 4912 in

2011 4960 2175 5015 bonis
2213 4959 2480 5031 operibus
2519 4957 2747 5024 intenti,
2792 4956 3027 5012 student
3066 4959 3129 5010 ut
3153 4958 3374 5011 certare
3400 4970 3502 5025 pro
3534 4952 3644 5006 ﬁde

2010 5054 2329 5109 videantur.
2369 5053 2573 5123 Sicque
2600 5050 2853 5123 quotidie
2882 5049 3192 5105 deteriores
3218 5049 3383 5117 ﬁunt,
3415 5047 3550 5101 dum
3585 5045 3643 5098 in

2012 5147 2092 5202 eis
2122 5147 2284 5218 culpa
2318 5145 2636 5218 grossescit.
2686 5144 2791 5209 Qui
2821 5144 2986 5216 quasi
3014 5143 3084 5199 de
3110 5144 3230 5198 zelo
3256 5141 3494 5196 fervoris
3520 5138 3644 5192 ﬁeri

2012 5240 2185 5296 etiam
2209 5239 2518 5295 laudabiles
2546 5242 2847 5310 appetunt,
2875 5239 2976 5293 sed
3003 5239 3166 5309 juxta
3198 5234 3345 5307 quod
3371 5231 3644 5302 scriptum

2011 5339 2096 5389 est
2119 5351 2132 5388 :
2161 5355 2189 5384 «
2207 5335 2286 5388 Ex
2307 5333 2571 5405 operibus
2592 5348 2792 5388 eorum
2811 5331 3168 5405 cognoscetis
3193 5345 3290 5384 eos
3309 5326 3524 5396 (Matth.
3543 5340 3641 5391 vn,

2013 5429 2121 5498 20);
2149 5449 2176 5477 ›ι
2212 5429 2389 5482 vitam
2418 5443 2618 5483 eorum
2650 5431 2748 5482 tua
2778 5426 3020 5482 charitas
3057 5421 3335 5489 ostendat,
3374 5421 3432 5474 et
3460 5418 3638 5472 meri-

2010 5526 2132 5577 tum
2165 5521 2499 5578 intentionis
2528 5521 2787 5594 aspiciat.
2825 5522 2896 5576 Ut
2928 5519 3082 5574 enim
3114 5513 3400 5570 dilectioni
3433 5517 3547 5567 tua
3572 5512 3643 5567 de

2012 5616 2214 5670 eadem
2244 5632 2305 5670 re
2331 5615 2582 5670 breviter
2607 5616 2824 5686 loquar,
2847 5617 2963 5668 tota
2981 5607 3458 5666 Chalcedonensis
3480 5623 3645 5680 syno-

2011 5709 2117 5764 dus
2146 5725 2323 5781 usque
2359 5709 2430 5764 ad
2461 5708 2853 5767 deﬁnitionem
2896 5705 3024 5760 fidei
3053 5707 3111 5758 et
3141 5702 3521 5774 prolationem
3546 5717 3642 5755 ca-

2015 5819 2227 5860 nonum
2256 5803 2333 5858 'de
2366 5802 2725 5875 generalibus
2754 5799 2936 5856 causis
2966 5799 3151 5854 locuta
3181 5800 3285 5853 est.
3329 5797 3490 5864 Nam,
3523 5801 3646 5869 post
