4092 6192
506 257 628 311 1111

1390 262 1670 316 ΛΡΡΕΝΟ.
1714 262 1801 316 ΑΙ)
1839 264 1999 317 δίΕΟ.
2048 262 2127 314 IX.
2167 291 2226 297 -η
2273 259 2515 315 ISIDORI
2558 261 2982 316 MEIICATORIS

3731 269 3859 320 1112

500 367 900 435 probationem
922 383 1225 435 canonum,
1252 368 1515 438 specialia
1532 369 1934 442 episcoporum
1950 376 2127 428 certa—
2147 381 2207 452 Α
2227 368 2386 422 cilius
2415 369 2682 436 creditur,
2710 369 2778 424 de
2807 370 2912 424 hoc
2943 371 3098 425 enim
3127 371 3403 442 propheta
3445 373 3582 427 dicit
3618 391 3632 428 :
3670 398 3695 423 ‹‹
3729 375 3865 429 Nolo

500 460 656 515 mina
693 461 878 530 sopire
903 461 1138 515 curavit.

572 553 877 624 Epistolam
905 571 1057 624 vero,
1088 572 1258 626 quam
1290 557 1348 612 in
1375 574 1442 613 ea
1471 561 1976 617 reverendissimus
2001 562 2128 617 lbas

500 648 747 717 denegat
764 665 950 716 suam,
971 667 1145 721 quam
1167 651 1224 704 in
1248 656 1506 708 extrema
1522 658 1683 723 parte
1703 656 1905 726 synodi
1919 656 2126 726 jaceat,

499 743 810 812 cognoscis,
841 760 969 815 quas
996 745 1256 800 videlicet
1282 747 1516 817 epistola
1545 749 1871 803 Nestorium
1898 749 2128 804 inaudi-

502 839 640 903 tum,
675 840 732 891 et
767 837 1131 908 inquisitione
1165 857 1283 895 non
1321 841 1472 896 facta
1511 841 1850 897 damnatum
1891 844 2127 910 asserit;

499 930 771 998 Cyrillum
802 949 936 987 vero
966 933 1026 986 in
1055 935 1393 1004 Apollinaris
1423 936 1634 1005 dogma
1661 936 1926 992 cecidisse
1956 938 2132 1008 suspi-

500 1030 677 1079 catur.
720 1027 806 1094 Et,
847 1027 893 1081 si
934 1030 1082 1082 totus
1111 1028 1375 1098 superior
1403 1033 1587 1084 textus
1615 1030 1900 1100 praedictae
1929 1031 2130 1102 synodi

498 1117 723 1186 legitur,
758 1123 1037 1189 quantum
1068 1121 1188 1175 haec
1211 1121 1450 1191 epistola
1477 1122 1665 1178 eidem
1694 1124 1912 1194 synodo
1933 1125 2132 1180 adver-

499 1213 658 1264 satur
699 1212 1010 1278 invenitur,
1066 1214 1221 1284 quia,
1279 1214 1489 1270 scilicet
1540 1220 1734 1271 sancta
1789 1217 2036 1288 synodus
2075 1222 2132 1273 et

500 1305 840 1372 Nestorium,
884 1306 1026 1360 sicut
1054 1311 1158 1376 est,
1192 1307 1524 1364 haereticum
1558 1310 1875 1378 denuntiat,
1912 1315 1968 1366 et
2006 1312 2133 1366 bea-

499 1403 623 1452 tum
668 1398 938 1469 Cyrillum
985 1401 1206 1454 Patrem
1259 1402 1598 1458 catholicum
1641 1407 1962 1458 veneratur.
2008 1405 2133 1476 Epi-

502 1493 642 1546 stola
667 1508 826 1564 ergo,
852 1509 978 1564 quae
999 1493 1160 1548 illum
1188 1495 1441 1550 defendit
1469 1497 1566 1568 qui
1594 1515 1626 1552 a
1655 1497 1871 1568 synodo
1901 1498 2133 1554 damna-

501 1591 592 1638 tus
617 1589 720 1652 est,
754 1590 811 1641 et
839 1602 970 1640 eum
997 1593 1225 1643 accusat
1250 1589 1348 1659 qui
1383 1607 1415 1642 a
1443 1591 1659 1660 synodo
1689 1595 1990 1646 veneratus
2025 1596 2128 1659 est,

502 1679 698 1747 procul
727 1679 900 1734 dubio
929 1680 1249 1735 definitioni
1279 1687 1487 1738 sanctae
1514 1684 1713 1755 synodi
1734 1685 2008 1755 probatur
2031 1686 2130 1741 ad-

499 1771 732 1827 versari.
770 1773 875 1837 Qui
909 1773 1063 1828 enim
1097 1779 1389 1830 tantorum
1424 1778 1656 1832 Patrum
1701 1777 1993 1834 deﬁnitam
2016 1746 2208 1834 nonB

500 1871 728 1921 servant
754 1867 1100 1922 sententiam
1126 1869 1326 1939 procul
1354 1870 1526 1925 dubio
1555 1871 1930 1927 adversantur
1950 1874 2133 1928 Eccle-

499 1959 612 2014 siae.
637 1961 780 2015 Nam
805 1965 905 2015 tua
934 1962 1201 2016 sanctitas
1226 1963 1358 2018 inde
1381 1980 1413 2018 a
1434 1963 1597 2019 nobis
1621 1965 1917 2036 requisivit
1944 1971 2005 2021 ut
2030 1967 2132 2021 tibi

499 2053 835 2108 sacerdotali
865 2053 1051 2110 officio
1083 2061 1212 2126 post
1237 2057 1459 2127 lapsum
1486 2059 1823 2129 resurgendi
1851 2059 2128 2114 scribere-

502 2163 646 2215 mus,
680 2147 816 2202 dum
844 2147 981 2203 dicit
1006 2148 1076 2203 de
1109 2149 1216 2203 hoc
1243 2166 1525 2205 canonum
1549 2151 1903 2207 diversorum
1927 2153 2130 2224 legisse

501 2240 750 2295 diversas
794 2241 1121 2310 sententias,
1161 2243 1300 2297 alias
1347 2245 1701 2315 resurgendi,
1740 2245 1881 2301 alias
1910 2263 2128 2318 nequa-

500 2350 676 2403 quam
710 2351 894 2404 posse.
938 2335 1071 2390 ldeo
1106 2353 1211 2391 nos
1253 2338 1550 2407 generales
1575 2339 1826 2410 synodos
1849 2357 1882 2394 a
1907 2341 2132 2396 Nicaaua

497 2427 851 2499 incipientes,
883 2445 1014 2484 cum
1036 2429 1272 2501 reliquis
1297 2434 1539 2502 quatuor
1565 2449 1937 2500 veneramur;
1972 2434 2128 2505 quia,

501 2520 682 2592 ipsam
698 2526 1020 2594 sequentes,
1052 2523 1111 2577 in
1134 2524 1351 2579 cunctis
1371 2525 1666 2581 sententiis
1685 2527 1985 2582 unanimes
2006 2543 2133 2581 cou-

499 2615 772 2684 cordaut;
805 2617 943 2687 quia
968 2623 1024 2672 et
1053 2633 1155 2672 nos
1183 2619 1567 2688 praecedentes
1597 2636 1698 2674 nos
1727 2622 1920 2676 Patres
1947 2621 2133 2690 sequi-

500 2725 662 2774 mur;
706 2710 858 2781 quia,
903 2716 1130 2766 auctore
1167 2713 1302 2778 Deo,
1351 2729 1384 2766 a
1415 2729 1576 2768 sacra
1615 2713 1874 2768 doctrina
1902 2713 2133 2768 illorum

501 2819 615 2857 non
645 2802 1054 2859 discordamus.
1083 2807 1129 2858 Α
1157 2805 1339 2875 capite
1365 2805 1555 2876 itaque
1589 2806 1926 2877 incipientes
1952 2823 2132 2878 usque

501 2896 557 2949 in
585 2900 857 2966 quartum
883 2897 1078 2952 altaris
1096 2898 1448 2964 ministrum,
1467 2900 1610 2954 hanc
1629 2899 1877 2954 formam
1899 2917 2134 2970 sequen-

501 2989 631 3042 dam
654 2989 1069 3059 cognoscimus,
1097 2995 1162 3045 ut
1188 2991 1284 3062 qui
1315 2992 1503 3046 minor
1523 2995 1609 3046 est
1634 2993 1816 3063 major
1835 2993 1886 3048 ei
1915 3010 2130 3064 praece-

500 3083 628 3149 dat;
670 3083 770 3137 sed
808 3083 956 3138 sicut
994 3083 1234 3150 honore,
1276 3085 1356 3139 ita
1395 3090 1452 3140 et
1487 3086 1546 3140 in
1576 3086 1836 3156 crimine,
1876 3093 1930 3142 et
1956 3104 2130 3158 quem

501 3175 686 3246 major
710 3176 970 3247 sequitur
990 3177 1174 3248 culpa,
1200 3179 1418 3248 majore
1440 3179 1764 3250 implicetur
1781 3179 2047 3246 vindicta,
2072 3184 2132 3234 et

501 3271 624 3338 post
640 3269 1035 3338 paenitentiam
1056 3270 1322 3326 credatur
1339 3287 1457 3326 esse
1477 3272 1783 3328 fructuosa.
1805 3272 1954 3336 Quid
1972 3273 2128 3327 enim

499 3362 728 3431 prodest
754 3363 1007 3418 triticum
1035 3365 1336 3433 seminare,
1361 3368 1417 3420 et
1435 3365 1684 3421 fructum
1707 3365 1855 3421 illius
1881 3383 1993 3420 non
2021 3367 2126 3422 tol-

499 3456 658 3511 lere?
688 3461 786 3512 aut
813 3457 1046 3512 domum
1077 3463 1423 3525 construere,
1453 3465 1510 3514 et
1539 3476 1655 3514 non
1687 3459 1800 3514 illic
1820 3460 2078 3514 habitare
2100 3460 2129 3514 ‘?

499 3552 627 3604 Post
661 3550 895 3621 dignam
937 3551 1379 3607 satisfactionem
1419 3552 1702 3608 credimus
1739 3554 1924 3608 redire
1963 3569 2129 3624 posse

496 3643 568 3696 ad
597 3643 896 3713 honorem,
927 3646 1207 3716 Propheta
1228 3646 1450 3702 dicente
1477 3664 1489 3701 :
1519 3647 1837 3718 «Nunquid
1860 3646 1957 3717 qui
1979 3646 2131 3701 cadit

499 3753 612 3792 non
645 3737 872 3808 adjiciet
897 3743 958 3792 ut
989 3741 1288 3810 resurgat?
1315 3761 1343 3788 »
1379 3740 1548 3806 (Psal.
1580 3757 1668 3808 XL,
1703 3742 1776 3810 9.)
1806 3741 1876 3794 Et
1899 3739 1996 3811 qui
2025 3739 2127 3794 ad-

499 3847 691 3884 versus
722 3836 939 3886 estnon
965 3834 1324 3887 revertetur?
1355 3833 1511 3888 ldem
1533 3849 1760 3905 quoque
1785 3833 1868 3888 ait
1900 3850 1912 3888 :
1949 3853 1975 3885 (ι
1999 3835 2130 3888 Pec-

496 3929 651 3978 cator
677 3924 736 3978 in
768 3941 1112 3996 quacunque
1141 3925 1233 3979 die
1269 3941 1574 3980 conversus
1609 3926 1978 3996 ingemuerit,
2018 3926 2126 3980 sal-

497 4033 596 4071 vus
654 4017 763 4072 erit
809 4019 1010 4085 (Ezech.
1064 4034 1253 4088 xxxui,
1311 4019 1417 4090 12).
1474 4042 1501 4069 ››
1559 4019 1719 4074 Unde
1773 4020 2125 4075 Psalmista:

499 4133 524 4159 ‹‹
544 4112 650 4166 Cor
670 4112 949 4166 mundum
969 4128 1102 4166 crea
1129 4111 1187 4165 in
1211 4128 1325 4181 me,
1350 4113 1518 4181 Deus,
1543 4115 1600 4166 et
1621 4112 1886 4182 spiritum
1909 4115 2129 4168 rectum

497 4205 703 4258 iuuova
733 4204 790 4258 in
822 4203 1132 4258 visceribus
1161 4205 1321 4259 meis.
1356 4205 1432 4259 Ne
1464 4203 1734 4275 projicias
1774 4221 1868 4258 me
1909 4222 1942 4259 a
1983 4205 2128 4259 facie

496 4299 608 4361 tua,
655 4298 712 4350 et
753 4295 1028 4366 Spiritum
1069 4301 1327 4350 sanctum
1367 4302 1531 4351 tuum
1581 4313 1653 4350 ne
1693 4296 1916 4351 auferas
1959 4313 1993 4351 a
2037 4312 2129 4352 me

495 4390 658 4456 (Psal.
696 4405 744 4455 L,
779 4392 864 4455 12,
901 4390 1004 4458 13).
1039 4411 1065 4438 ››
1099 4391 1240 4444 Cum
1267 4389 1419 4443 enim
1447 4388 1629 4460 petiit,
1667 4405 1736 4443 ne
1761 4389 1833 4444 ah
1862 4406 1931 4444 eo
1959 4390 2131 4461 proji-

2229 467 2476 518 mortem
2524 464 2856 534 peccatoris,
2911 464 3010 520 sed
3066 468 3131 519 ut
3177 469 3542 521 convertatur
3608 471 3666 521 et
3720 470 3864 524 vivat

2231 555 2437 626 (Ezech.
2499 573 2686 625 χχχιιι,
2727 559 2844 627 11);
2891 579 2919 606 ››
2955 561 3013 612 et
3053 558 3164 613 hoc
3202 560 3562 630 peccantibus
3606 560 3817 616 dicitur
3849 581 3859 616 :

2232 670 2260 699 «
2289 651 2553 704 Peccator
2577 651 2637 705 in
2667 667 3008 723 quacunque
3048 652 3137 707 die
3163 669 3467 707 conversus
3493 654 3861 724 ingemuerit,

2232 758 2428 797 omnes
2444 741 2773 814 iniquitates
2793 744 2914 814 ejus
2935 745 2994 799 in
3013 744 3298 801 oblivione
3317 747 3627 801 traduntur
3649 749 3861 818 (Ezech.

2230 839 2403 905 xvm,’
2424 839 2513 904 2i,
2549 837 2656 902 22).
2694 857 2720 888 »
2751 837 2809 892 Si
2835 838 2990 893 enim
3013 838 3384 910 Redemptor,
3413 840 3512 912 qui
3539 847 3864 911 peccatores

2233 928 2472 984 minime
2502 930 2761 1000 perdere,
2789 931 2887 984 sed
2907 931 3219 1002 justiﬁcare
3245 932 3400 988 venit
3428 935 3574 1002 (Luc.
3601 951 3677 1001 ix,
3701 936 3787 1005 56)
3809 935 3861 990 in

2233 1022 2514 1078 oblivione
2543 1027 2842 1094 peccantes
2862 1040 2980 1079 non
3011 1025 3381 1097 derelinquit,
3409 1027 3538 1098 quis
3564 1027 3863 1084 hominum

2231 1116 2701 1171 condemnandos
2724 1120 2995 1185 reservat,
3023 1135 3155 1173 cum
3188 1120 3494 1189 Apostolus
3522 1121 3676 1175 dicat
3701 1137 3714 1175 :
3751 1141 3779 1172 α
3809 1122 3864 1177 Si

2232 1209 2380 1263 Deus
2399 1209 2692 1279 justilicat,
2717 1211 2846 1281 quis
2865 1215 2950 1265 est
2974 1211 3072 1283 qui
3095 1212 3486 1268 condemnet?
3507 1234 3536 1263 »
3563 1216 3736 1279 (Rom.
3755 1231 3863 1278 vui,

2231 1305 2331 1371 33,
2382 1304 2491 1374 34.)
2563 1303 2648 1358 Ad
2720 1303 2938 1359 fontem
3004 1303 3412 1361 misericordiae
3490 1312 3865 1378 recurrentes,

2234 1397 2626 1467 Evangelicam
2657 1397 2978 1453 referamus
3005 1399 3353 1454 sententiam
3385 1415 3398 1454 :
3436 1420 3463 1451 «ι
3504 1400 3763 1467 Gaudeo,
3787 1403 3865 1456 in-

2235 1491 2375 1560 quit,
2400 1490 2579 1561 magis
2598 1507 2770 1562 super
2781 1507 2897 1546 uno
2918 1496 3211 1563 peccatore
3233 1493 3642 1564 penitentiam
3665 1499 3862 1565 agente

2233 1600 2405 1655 quam
2429 1600 2601 1655 super
2621 1585 2932 1656 nonaginta
2946 1602 3154 1640 novem
3169 1586 3336 1657 justis
3353 1588 3451 1658 qui
3473 1605 3593 1642 non
3613 1588 3867 1660 indigent

2231 1676 2567 1747 paenitentia
2595 1677 2744 1748 (Luc.
2775 1694 2864 1746 xv,
2889 1679 2966 1750 7).
2995 1701 3022 1728 ››
3063 1680 3131 1735 Et
3158 1695 3322 1734 ovem
3348 1680 3666 1751 perditam,
3692 1699 3864 1738 nona-

2235 1769 2395 1841 ginta
2410 1787 2616 1826 novem
2629 1788 2745 1827 non
2765 1773 3090 1827 errantibus
3106 1773 3334 1840 relictis,
3355 1773 3603 1830 humero
3628 1782 3868 1848 reporta-

2232 1867 2347 1917 tam
2374 1864 2510 1919 dicit
2533 1864 2718 1936 (Ibid.,
2752 1867 2806 1935 4,
2836 1871 2909 1931 5).
2944 1865 2999 1921 Si
3045 1867 3165 1921 ovis
3195 1883 3392 1923 errans
3434 1872 3568 1940 post
3598 1869 3866 1925 inventio-

2232 1973 2368 2011 nem
2395 1957 2464 2012 ad
2497 1958 2640 2012 ovile
2669 1959 2911 2014 humero
2942 1963 3284 2030 reportatur,
3319 1977 3420 2016 cur
3441 1967 3566 2033 post
3596 1964 3866 2034 paeniten-

2232 2049 2326 2104 tize
2370 2066 2600 2122 poenam
2647 2052 2722 2106 ad
2769 2052 3024 2108 Ecclesiae
3053 2053 3435 2110 ministerium
3461 2061 3739 2127 peccator
3761 2075 3861 2112 non

2232 2145 2574 2199 revocetur?
2613 2144 2757 2209 Quid
2797 2145 2955 2200 enim
2985 2151 3071 2202 est
3097 2148 3323 2219 gravius
3347 2150 3577 2204 carnale
3607 2151 3865 2206 delictum

2232 2237 2548 2305 admittere,
2582 2238 2701 2294 sine
2731 2255 2843 2310 quo
2870 2239 2928 2294 in
2954 2240 3148 2295 multis
3174 2241 3344 2311 pauci
3371 2242 3773 2313 inveniuntur,
3799 2261 3863 2297 an

2232 2331 2334 2386 Dei
2363 2330 2565 2386 Filium
2587 2331 2846 2388 timendo
2870 2349 3086 2405 negare
3107 2335 3135 2388 ‘2
3167 2335 3226 2389 iu
3253 2352 3368 2406 quo
3391 2352 3508 2391 uno
3530 2337 3732 2407 ipsum
3750 2337 3867 2392 bea-

2233 2427 2357 2478 tum
2385 2426 2638 2492 Petrum,
2667 2427 3057 2497 apostolorum
3081 2427 3416 2499 principem,
3440 2430 3514 2484 ad
3534 2431 3708 2500 cujus
3728 2447 3865 2485 nunc

2231 2534 2437 2590 corpus
2463 2519 2690 2591 indigni
2717 2520 3004 2588 sedemus,
3042 2522 3265 2592 lapsum
3304 2537 3424 2578 esse
3447 2525 3862 2595 cognoscimus,

2233 2611 2333 2665 sed
2359 2617 2487 2682 post
2512 2613 2877 2684 negationem
2907 2615 3244 2685 paenitentia
3271 2622 3482 2683 secuta,
3511 2621 3571 2671 et
3598 2623 3733 2690 post
3759 2635 3864 2692 pce-

2232 2705 2532 2760 nitentiam
2585 2706 2976 2762 misericordia
3029 2709 3159 2763 data
3208 2710 3355 2779 (Luc.
3414 2726 3562 2778 xxu,
3635 2716 3865 2782 57-61},

2232 2798 2366 2869 quia
2395 2799 2557 2854 illum
2579 2799 2650 2854 ab
2678 2801 3000 2871 apostolatu
3030 2817 3145 2856 non
3176 2803 3414 2874 depulit,
3447 2821 3634 2876 quem
3660 2811 3791 2861 ante
3817 2823 3868 2860 se

2234 2891 2420 2961 ipsum
2454 2908 2662 2963 negare
2686 2893 2948 2964 praedixit
2981 2895 3194 2963 (Matth.
3237 2913 3383 2964 xxvr,
3428 2898 3542 2967 75).
3569 2899 3707 2954 Tibi
3735 2901 3867 2964 haec,

2231 2984 2311 3038 ﬁli
2366 2986 2716 3056 charissime,
2780 2987 2929 3042 dicta
2987 2988 3290 3058 sufﬁciant,
3353 2995 3415 3045 ut
3467 2991 3641 3047 illum
3712 3010 3870 3065 quem

2231 3078 2506 3150 conspicis
2531 3079 2671 3134 ﬂetu
2703 3080 2909 3136 delicta
2936 3080 3148 3148 delere,
3182 3083 3240 3137 in
3266 3090 3571 3155 conspectu
3609 3086 3867 3141 divinita-

2231 3173 2302 3226 tis
2327 3189 2444 3228 non
2465 3173 2688 3229 dubites
2708 3173 3158 3230 misericordiam
3179 3178 3467 3249 consequi,
3490 3179 3632 3250 quia
3656 3181 3864 3235 nullum

2228 3270 2560 3337 peccantem
2589 3283 2925 3322 conversum
2957 3267 3199 3340 despicit
3225 3270 3325 3342 qui
3351 3275 3693 3342 peccatores
3726 3273 3865 3329 redi-

2228 3375 2383 3415 mere
2413 3359 2586 3414 venit.

2298 3453 2460 3518 Quod
2475 3453 2788 3525 imaginem
2804 3454 2974 3521 illius,
2995 3472 3169 3527 quem
3185 3457 3338 3526 colis,
3358 3459 3461 3514 tibi
3479 3459 3863 3531 dirigendam,

2229 3563 2334 3618 per
2357 3547 2696 3615 Dulcerium,
2721 3548 3026 3604 diaconem
3051 3553 3237 3618 tuum,
3261 3553 3494 3623 rogasti,
3522 3555 3698 3610 valde
3717 3556 3868 3610 nobis

2229 3643 2324 3694 tua
2367 3641 2676 3712 postulatio
2728 3641 2958 3713 placuit,
2988 3644 3120 3714 quia
3147 3644 3309 3700 illum
3338 3646 3398 3700 in
3431 3647 3610 3702 corde
3641 3653 3762 3704 tota
3785 3651 3865 3704 in-

2228 3733 2486 3789 tentione
2515 3734 2745 3806 quaeris,
2773 3736 2934 3807 cujus
2961 3737 3279 3810 imaginem
3308 3756 3426 3811 pra:
3448 3741 3637 3796 oculis
3667 3744 3864 3798 habere

2229 3827 2529 3883 desideras.
2586 3831 2656 3884 Ut
2712 3829 2853 3885 visio
2913 3832 3223 3902 corporalis
3275 3834 3614 3904 quotidiana
3685 3837 3866 3892 reddat

2230 3924 2579 3991 exoptatum,
2609 3927 2683 3987 et,
2714 3921 2854 3977 dum
2873 3923 3156 3994 picturam
3185 3926 3364 3996 vides,
3389 3927 3461 3982 ad
3489 3928 3662 3984 illum
3680 3931 3862 3984 animo

2229 4014 2564 4083 iuardescas,
2600 4015 2761 4087 cujus
2790 4016 3106 4088 imaginem
3131 4019 3321 4074 videre
3351 4020 3676 4090 desideras,
3715 4025 3785 4078 ab
3810 4040 3862 4076 re

2229 4124 2345 4162 non
2373 4107 2630 4174 facimus,
2666 4109 2712 4162 si
2753 4125 2856 4180 per
2897 4110 3132 4166 visibilia
3170 4112 3476 4169 invisibilia
3504 4116 3858 4171 demonstra-

2230 4217 2378 4255 mus.
2409 4201 2496 4256 Sic
2521 4202 2716 4269 homo,
2737 4202 2834 4274 qui
2852 4203 3030 4258 alium
3054 4205 3327 4261 ardenter
3346 4207 3538 4263 videre
3559 4209 3861 4276 desiderat,

2229 4300 2401 4366 atque
2447 4311 2514 4350 ex
2558 4311 2720 4350 more
2759 4313 3024 4366 sponsam
3062 4299 3310 4354 amando
3354 4301 3669 4372 desiderat,
3704 4310 3863 4375 atque

2229 4388 2420 4444 videre
2460 4394 2717 4458 conatur,
2757 4390 2803 4443 si
2840 4391 3122 4462 contingit
3158 4391 3312 4448 illam
3355 4395 3428 4448 ad
3453 4395 3737 4452 balneum
3766 4399 3857 4462 ire,

493 4486 737 4551 ceretur,
782 4482 1032 4554 prolapsi
1074 4483 1257 4553 culpa,
1300 4483 1449 4554 quod
1491 4482 1737 4538 alienam
1780 4500 1877 4538 rex
1905 4487 1962 4538 et
1989 4501 2124 4555 pro-
2145 4485 2205 4557 Ι)
2225 4487 2324 4537 aut
2348 4481 2421 4537 ad
2455 4482 2754 4537 ecclesiam
2781 4484 3111 4554 procedere,
3142 4485 3383 4542 festinus
3411 4487 3468 4542 in
3507 4489 3603 4544 via
3637 4508 3700 4546 se
3733 4506 3860 4562 prie-

495 4577 666 4644 pheta
696 4576 864 4632 simul
897 4576 1178 4648 rapuisset
1202 4593 1461 4644 uxorem,
1491 4578 1856 4632 tremefactus
1883 4577 2123 4648 expavit.

495 4671 791 4740 Propheta,
815 4671 1100 4725 indicante
1132 4670 1412 4742 ﬂagitium
1442 4687 1632 4738 suum,
1662 4671 1814 4726 unde
1841 4671 2124 4742 poeniten-

496 4763 633 4817 tiam
660 4780 837 4834 agens
872 4763 1096 4818 addidit
1130 4781 1142 4818 :
1174 4783 1201 4816 «
1235 4764 1427 4820 Redde
1453 4763 1598 4818 mihi
1625 4764 1876 4819 laetitiam
1906 4764 2125 4819 Saluta-

493 4856 568 4909 ris
595 4857 698 4924 tui,
758 4861 814 4910 et
866 4856 1068 4927 spiritu
1124 4857 1420 4928 principali
1479 4857 1754 4912 confirma
1803 4873 1896 4912 me
1943 4857 2124 4926 (Ibid,

496 4949 598 5017 14).
638 4970 664 4998 ι)
697 4949 751 5005 Si
782 4949 932 5004 enim
969 4950 1203 5021 dignam
1233 4951 1346 5005 Deo
1383 4949 1782 5021 pmnitentiam
1819 4967 1931 5004 non
1959 4949 2126 5004 fecis-

492 5046 597 5111 set,
648 5059 1012 5114 nequaquam
1049 5043 1174 5098 aliis
1211 5043 1568 5114 praedicaret.
1601 5044 1695 5098 Ait
1729 5043 1881 5098 enim
1912 5061 1924 5098 ε
1960 5065 1987 5093 ‹‹
2014 5045 2125 5098 Do-

491 5153 646 5192 ceam
678 5137 908 5208 iniquos
934 5137 1052 5191 vias
1080 5141 1226 5205 tuas,
1263 5141 1320 5191 et
1347 5137 1509 5209 impii
1536 5137 1607 5192 ad
1638 5139 1693 5191 te
1723 5140 2130 5192 convertentur

489 5231 674 5300 (lbid.,
725 5230 829 5304 15).
885 5253 912 5280 ››
975 5233 1117 5286 Cum
1177 5231 1332 5285 enim
1393 5234 1624 5301 peccata
1694 5247 1795 5286 sua
1842 5231 2132 5303 prospexit

489 5325 769 5396 Propheta
804 5325 1083 5379 mundata
1123 5341 1227 5396 per
1252 5324 1674 5396 paenitentiam,
1707 5341 1825 5380 non
1854 5323 2131 5380 dubitavit

489 5418 850 5489 praedicando
895 5435 1092 5474 curare
1143 5417 1345 5474 aliena.
1398 5419 1464 5474 Et
1521 5418 1858 5473 sacriﬁcium
1913 5418 1983 5473 de
2041 5433 2128 5471 se-

491 5512 736 5583 metipso
780 5511 986 5567 offerre
1033 5513 1143 5568 Deo
1194 5511 1428 5581 studuit,
1477 5528 1607 5567 cum
1665 5511 1930 5566 dicebat:
1970 5532 1996 5559 ‹‹
2025 5510 2124 5566 Sa-

488 5605 761 5660 crificium
808 5607 922 5662 Deo
960 5606 1193 5678 spiritus
1240 5605 1652 5662 contribulatus
1702 5605 1886 5675 (Ibid.,
1938 5606 2042 5674 19).
2100 5624 2127 5652 ››

489 5698 575 5751 Ad
607 5699 725 5752 hare
768 5699 873 5754 ista
902 5700 1262 5768 suffecerant,
1313 5699 1410 5768 sed
1458 5699 1640 5752 omnis
1691 5697 1972 5752 sententia
2017 5713 2130 5768 quo

490 5790 617 5860 plus
657 5808 827 5846 sacras
870 5793 1179 5864 Scriptura
1225 5791 1567 5847 testimoniis
1609 5791 2000 5861 confirmatur,
2047 5791 2126 5846 fa-

2229 4578 2409 4647 parat,
2459 4579 2523 4630 ut
2568 4575 2638 4630 de
2681 4576 2802 4646 ejus
2839 4577 3054 4632 visione
3093 4577 3289 4634 hilaris
3339 4581 3588 4636 recedat.
3649 4584 3861 4640 Scimus

2228 4669 2359 4740 quia
2412 4671 2474 4723 tu
2507 4669 2822 4740 imaginem
2851 4670 3158 4726 Salvatoris
3187 4672 3366 4728 nostri
3397 4673 3525 4729 ideo
3554 4693 3682 4731 nou
3710 4678 3856 4748 petis.

2230 4767 2291 4816 ut
2316 4761 2477 4832 quasi
2508 4762 2683 4817 Deum
2711 4763 2884 4830 colas,
2914 4763 3014 4819 sed
3045 4765 3118 4820 ob
3142 4767 3610 4823 recordationem
3643 4770 3749 4825 filii
3775 4770 3859 4824 Dei

2231 4858 2292 4908 ut
2315 4854 2375 4908 iu
2402 4854 2522 4925 ejus
2550 4871 2748 4911 amore
2775 4855 3098 4924 recalescas,
3131 4859 3290 4930 cujus
3320 4859 3640 4932 imaginem
3679 4863 3859 4917 videre

2229 4947 2535 5003 desideras.
2581 4951 2648 5003 Et
2685 4966 2787 5004 nos
2813 4949 3066 5021 quidem,
3098 4969 3214 5006 non
3242 4955 3403 5024 quasi
3433 4958 3564 5009 ante
3598 4957 3856 5011 divinita-

2229 5047 2345 5096 tem
2375 5045 2506 5096 ante
2537 5042 2718 5113 ipsam
2753 5045 3191 5115 prosternimur,
3221 5047 3318 5102 sed
3359 5047 3524 5102 illum
3555 5050 3856 5104 adoramus

2229 5151 2404 5207 quem
2435 5151 2536 5206 per
2553 5135 2866 5207 imaginem
2895 5141 2993 5191 aut
3021 5142 3245 5205 natum,
3280 5145 3380 5195 aut
3409 5157 3664 5212 passum,
3693 5144 3782 5198 vel
3807 5144 3855 5195 in

2229 5229 2437 5284 throno
2465 5229 2755 5285 sedentem
2794 5231 3183 5287 recordamur.
3229 5234 3294 5288 Et
3317 5233 3453 5289 dum
3496 5252 3599 5290 nos
3625 5237 3752 5308 ipsa
3776 5236 3853 5306 pi-

2230 5326 2388 5376 ctura
2426 5323 2589 5393 quasi
2626 5322 2908 5390 scriptura
2940 5323 3013 5378 ad
3050 5326 3386 5382 memoriam
3417 5327 3628 5384 Filium
3659 5330 3764 5384 Dei
3787 5344 3856 5382 re-

2230 5415 2509 5484 ducimus,
2531 5415 2788 5470 animum
2808 5421 3074 5472 nostrum
3095 5417 3166 5472 de
3188 5422 3604 5476 resurrectione
3621 5423 3855 5477 laetiﬁcat

2229 5511 2329 5564 aut
2352 5509 2421 5565 de
2449 5509 2714 5580 passione
2743 5511 2976 5566 mulcet.
3001 5510 3246 5584 Ideoque
3268 5513 3577 5570 direximus
3605 5516 3716 5571 tibi
3736 5531 3850 5570 sur-

2231 5602 2388 5658 tirias
2414 5603 2573 5672 duas,
2603 5602 2920 5674 imaginem
2955 5605 3282 5675 Salvatoris,
3312 5612 3369 5662 et
3396 5610 3599 5663 sancta:
3634 5609 3736 5663 Dei
3765 5624 3850 5680 ge-

2233 5696 2451 5752 nitricis
2485 5697 2694 5764 Mariae,
2746 5701 2804 5754 et
2843 5698 3139 5754 beatorum
3176 5702 3562 5772 apostolorum
3607 5703 3762 5757 Petri
3804 5705 3852 5753 et

2231 5791 2384 5847 Pauli
2419 5791 2790 5855 continentes,
2831 5808 2932 5864 per
2971 5793 3361 5865 supradictum
3393 5795 3568 5852 ﬁlium
3597 5798 3850 5849 nostrum
