4092 6192
275 365 417 416 1113

1507 355 1976 418 DECRETALIUM
2017 362 2400 419 COLLECTIO.

3502 361 3633 420 1114

269 469 594 535 diaconem,
629 473 685 522 et
724 483 898 522 unam
927 484 1152 523 crucem
1185 475 1242 525 et
1267 471 1502 536 clavem,
1537 487 1641 540 pro
1674 471 1910 525 benedi-
1935 471 2327 556 Avestitum?
2368 473 2503 526 Ecce
2538 472 2635 544 qui
2664 471 2930 526 mollibus
2960 472 3282 527 vestiuntur
3307 473 3366 526 in
3386 472 3652 526 domibus

271 562 462 624 ctione
491 605 504 631 ,
553 579 586 615 a
628 562 986 616 sanctissimo
1033 579 1268 634 corpore
1323 564 1473 618 Petri
1529 566 1916 634 apostolorum

272 655 568 726 principis,
599 662 659 709 ut
687 673 789 726 per
817 673 948 710 eum
970 657 1044 710 sis
1065 656 1134 711 ab
1153 657 1316 712 hoste
1343 657 1598 728 maligno
1628 657 1912 725 defensus,

275 750 440 819 cujus
470 765 574 820 per
601 752 862 803 sanctum
892 750 1114 820 lignum
1153 754 1207 804 te
1237 766 1357 805 esse
1397 751 1684 804 munitum
1712 751 1912 819 credis,

277 847 337 897 et
377 859 441 896 ex
481 858 546 896 eo
585 847 641 897 te
693 847 956 914 protegat
997 844 1095 914 qui
1135 843 1416 914 juveniles
1447 843 1777 899 affectiones
1813 843 1916 898 tibi

275 936 552 1008 suggerit.
582 937 894 991 Recordare
932 941 1015 1007 ut,
1041 938 1100 991 in
1130 937 1294 992 bonis
1325 937 1436 992 tuis
1468 937 1688 992 actibus
1722 953 1913 1008 perse-

275 1046 504 1097 verans,
536 1030 677 1084 alios
715 1031 773 1084 in
809 1031 931 1100 ejus
955 1031 1233 1086 accendas
1258 1047 1451 1086 amore
1483 1036 1721 1102 propter
1743 1047 1917 1103 quem

277 1123 597 1178 solitarium
636 1128 690 1178 te
731 1123 914 1178 fecisti
957 1125 1237 1192 habitare,
1279 1129 1344 1180 ut
1385 1125 1511 1180 vitae
1554 1125 1724 1196 hujus
1765 1125 1918 1179 mala

275 1233 522 1288 qumque
552 1219 611 1272 in
641 1218 812 1272 corde
840 1217 1106 1272 inimicus
1131 1219 1390 1290 suggerit
1417 1222 1716 1285 retroacta,
1748 1235 1915 1273 men-

278 1311 351 1370 tis
393 1311 750 1382 provectibus
779 1312 940 1382 quasi
983 1312 1202 1366 facibus
1241 1312 1585 1380 inardescas,
1617 1329 1720 1383 pro
1759 1312 1919 1382 cujus

278 1421 477 1459 amore
509 1406 684 1460 vitam
709 1405 879 1461 etiam
912 1407 1050 1460 velis
1078 1405 1262 1473 finire,
1290 1406 1412 1478 ipse
1441 1422 1669 1477 quoque
1697 1411 1750 1460 te
1778 1421 1915 1476 pro-

277 1502 432 1568 tegat
461 1515 636 1570 usque
662 1500 720 1553 in
748 1501 944 1570 ﬁnem,
975 1501 1074 1572 qui
1101 1503 1371 1555 cunctum
1401 1499 1684 1554 mundum
1721 1499 1920 1570 digna-

277 1595 372 1645 tus
405 1596 490 1646 est
522 1593 822 1660 redimere,
843 1595 1004 1649 Jesus
1022 1594 1276 1650 Christus
1297 1593 1574 1648 Dominus
1601 1595 1800 1648 noster
1818 1592 1920 1664 qui

277 1692 366 1740 est
391 1686 451 1739 in
490 1687 713 1741 saecula.

351 1805 499 1866 Item,
537 1804 826 1871 Gregorius
857 1805 1443 1930 Theotijtaedpatriciaz.
1473 1808 1548 1860 De
1572 1803 1848 1859 discordia

968 1891 1022 1930 se
1063 1891 1138 1929 an
1181 1893 1233 1930 a.

968 1891 1233 1930 seaanaa.

351 1968 579 2039 Magnas
603 1967 986 2038 omnipotenti
1013 1969 1129 2023 Deo
1170 1967 1382 2039 gratias
1419 1983 1589 2039 agere
1619 1967 1918 2036 debemus,

276 2062 436 2133 quod
461 2061 700 2132 piissimi
727 2064 784 2115 et
808 2061 1206 2132 benignissimi
1230 2061 1604 2132 imperatores
1632 2061 1810 2116 nostri
1841 2064 1922 2116 ta-

277 2156 363 2210 les
401 2155 469 2210 de
513 2172 616 2210 suo
651 2171 864 2226 genere
890 2156 1054 2225 juxta
1099 2172 1158 2210 se
1199 2155 1554 2226 propinquos
1583 2155 1818 2224 habent,
1851 2154 1921 2208 de

276 2266 526 2320 quorum
574 2249 999 2304 conversatione
1047 2249 1212 2304 nobis
1257 2249 1524 2303 omnibus
1578 2249 1796 2319 grande
1852 2248 1924 2302 sit

278 2343 578 2414 gaudium.
604 2343 762 2398 Unde
791 2347 847 2398 et
872 2360 975 2414 pro
1003 2343 1221 2410 eisdem
1249 2343 1494 2398 dominis
1519 2343 1790 2398 continue
1823 2359 1922 2397 no-

277 2437 368 2492 bis
400 2437 682 2492 orandum
710 2441 812 2505 est,
851 2442 912 2491 ut
946 2453 1144 2492 eorum
1173 2438 1289 2491 vita
1327 2453 1458 2491 cum
1491 2437 1608 2491 suis
1633 2436 1919 2503 omnibus,

279 2535 615 2602 protegente
645 2530 852 2585 caelesti
896 2531 1096 2601 gratia,
1130 2547 1232 2602 per
1259 2531 1433 2602 longa
1465 2535 1726 2601 tempora
1766 2534 1918 2584 tran-

278 2625 462 2696 quilla
493 2630 766 2678 servetur.
818 2624 1008 2678 lndico
1051 2627 1241 2679 autem
1274 2624 1426 2696 quod
1466 2624 1695 2678 levitate
1725 2624 1924 2695 populi

277 2719 598 2773 tumultum
647 2721 844 2772 contra
895 2735 994 2773 vos
1043 2718 1415 2773 detractionis
1475 2723 1738 2773 exortum
1793 2717 1921 2788 qui-

279 2812 520 2866 busdam
555 2812 950 2867 nuntiantibus
980 2812 1240 2882 cognovi.
1290 2811 1414 2876 Qua
1443 2828 1508 2866 ex
1551 2829 1611 2866 re
1645 2813 1922 2867 excellen-

282 2905 424 2960 tiam
455 2911 695 2960 vestram
721 2906 890 2960 audio
916 2906 1084 2960 fuisse
1108 2922 1224 2960 non
1253 2905 1476 2960 modice
1502 2905 1922 2960 contristatam.

281 2998 451 3063 Quod
478 2999 520 3052 si
554 2999 630 3052 ita
652 3003 754 3068 est,
785 2999 951 3053 valde
973 2999 1169 3065 miror,
1197 3000 1296 3071 qui
1323 3015 1420 3053 cor
1443 2999 1642 3054 ﬁxistis
1672 2999 1731 3053 in
1758 2999 1923 3068 caelo,

281 3093 459 3147 verba
508 3093 806 3147 hominum
862 3093 1081 3164 agitent
1120 3093 1181 3147 in
1231 3098 1402 3148 terra.
1457 3094 1658 3148 Beatus
1714 3093 1924 3147 etenim

279 3191 412 3257 Job,
433 3207 562 3245 cum
588 3191 754 3245 amici
783 3192 904 3262 ejus
935 3192 1033 3262 qui
1065 3190 1140 3244 ad
1171 3191 1587 3245 consolandum
1610 3206 1744 3244 eum
1764 3205 1925 3244 vene-
1945 3230 2001 3304 Ο

324 3288 409 3304 ihs
468 3284 516 3304 ΕΑ
552 3285 937 3304 ξη-η-η-ιξ.ςγ--
970 3284 1355 3304 ,_____3L_2____.1
1410 3284 1482 3304 -31
1514 3301 1524 3304 _
1613 3285 1743 3304 ﬁ---
1777 3283 1917 3304 ___:_A

285 3288 435 3350 rant,
467 3284 525 3338 in
552 3285 942 3356 increpatione
969 3284 1380 3355 prosiluissent,
1406 3284 1486 3338 ait
1513 3301 1526 3338 :
1563 3305 1589 3334 «
1612 3285 1749 3338 Ecce
1771 3283 1926 3338 enim

283 3379 358 3432 de
387 3377 527 3432 coelo
554 3377 708 3432 testis
739 3394 901 3432 meus
931 3383 988 3432 et
1019 3377 1276 3432 conscius
1305 3377 1365 3432 in
1392 3377 1625 3433 excelsis
1654 3377 1767 3446 (Job
1813 3393 1922 3445 xw,

285 3474 397 3541 20).
433 3493 458 3522 ››
491 3472 594 3535 Qui
629 3472 784 3526 enim
824 3472 952 3526 vita:
978 3489 1094 3526 suae
1123 3473 1182 3526 in
1213 3471 1352 3526 caelo
1379 3476 1585 3526 testem
1607 3471 1804 3540 habet,
1828 3470 1922 3541 ju-

286 3566 435 3620 dicia
479 3567 780 3620 hominum
830 3566 1236 3637 pertimescere
1276 3567 1336 3620 in
1375 3569 1527 3620 terra
1568 3581 1686 3619 non
1736 3564 1924 3619 debet.

287 3661 410 3714 Dux
444 3677 669 3731 quoque
707 3660 987 3714 bonorum
1026 3661 1234 3714 Paulus
1281 3659 1458 3714 dicit:
1493 3679 1520 3709 ‹‹
1550 3660 1703 3729 Opus
1734 3663 1927 3720 autem

286 3770 457 3808 suum
488 3754 693 3824 probet
720 3754 1128 3825 unusquisque,
1162 3757 1219 3808 et
1246 3753 1324 3807 sic
1354 3753 1412 3807 in
1460 3753 1768 3824 semetipso
1797 3758 1925 3806 tan-

286 3851 411 3901 tum
449 3848 692 3922 gloriam
719 3847 973 3916 habebit,
1007 3851 1064 3902 et
1092 3864 1205 3901 non
1227 3847 1286 3901 in
1307 3847 1486 3902 altero
1519 3847 1661 3917 (Gal.
1695 3863 1768 3912 v1,
1800 3847 1872 3914 4).
1899 3867 1926 3894 ››

288 3941 348 3996 Si
407 3941 561 3994 enim
621 3944 721 3995 aut
773 3939 1041 3995 laudibus
1106 3940 1369 3995 laetamur
1400 3982 1414 4009 ,
1479 3945 1577 3994 aut
1640 3940 1928 4010 vitupera-

291 4035 449 4088 tione
492 4034 836 4106 frangimur,
884 4037 1138 4089 nostram
1183 4035 1424 4105 gloriam
1469 4051 1582 4088 non
1628 4033 1688 4088 in
1745 4033 1926 4100 nobis,

291 4127 391 4181 sed
425 4127 478 4181 in
516 4128 760 4183 aliorum
789 4144 886 4183 ore
915 4128 1226 4200 posuimus.
1259 4129 1326 4183 Et
1355 4144 1367 4182 :
1407 4149 1434 4178 «
1465 4129 1658 4182 Fatua:
1686 4126 1932 4198 virgines

289 4221 479 4276 oleum
510 4222 570 4276 in
600 4222 746 4276 vasis
776 4222 890 4276 suis
938 4239 1051 4276 non
1089 4225 1483 4292 sumpserunt;
1517 4221 1800 4292 sapientes
1829 4237 1928 4275 au-

293 4300 413 4368 tem
441 4319 808 4386 sumpserunt
852 4316 1042 4371 oleum
1073 4315 1132 4369 in
1170 4315 1314 4370 vasis
1351 4315 1466 4370 suis
1493 4331 1624 4369 cum
1652 4315 1929 4386 lampadi-

291 4409 402 4464 bus
450 4409 664 4478 (Matth.
704 4426 828 4479 xxv,
862 4413 914 4477 3,
947 4411 1022 4478 4);
1056 4431 1084 4458 »
1125 4409 1420 4480 lampades
1467 4408 1679 4480 quippe
1723 4411 1933 4463 nostra:

290 4502 442 4557 bona
467 4507 599 4558 sunt
635 4520 830 4574 opera,
863 4503 934 4558 de
964 4503 1171 4576 quibus
1203 4503 1475 4574 scriptum
1501 4505 1586 4557 est
1615 4519 1626 4557 :
1663 4521 1690 4553 «
1729 4505 1934 4558 Luceat

2015 581 2220 636 regum
2261 571 2392 620 sunt
2419 567 2600 634 (Ibid.,
2642 566 2725 637 8);
2763 589 2789 615 »
2838 566 3096 638 quamvis
3129 566 3286 620 enim
3309 567 3471 636 juxta
3505 566 3644 619 veri-

2015 662 2199 713 tatem
2235 659 2518 728 Evangelii
2565 661 2813 714 Joannes
2853 661 3197 714 vestimento
3236 675 3435 730 aspero
3480 659 3652 712 fuerit

2014 752 2246 807 indutus
2278 753 2489 821 (Matth.
2521 769 2597 820 ιιι,
2630 754 2704 824 4),
2739 770 2844 824 per
2886 753 3364 823 signiﬁcationem
3402 752 3461 806 in
3507 755 3650 806 mol-

2015 845 2162 899 libus
2210 845 2397 900 vestiti
2460 851 2592 900 sunt
2647 846 2742 917 qui
2808 847 3230 901 adulationibus
3282 862 3346 900 ac
3395 846 3655 901 laudibus

2017 938 2390 993 delectantur.
2439 939 2692 1010 Negatur
2735 945 2922 994 autem
2977 941 3110 1011 quia
3146 942 3390 994 Joannes
3433 941 3652 996 arundo

2016 1037 2184 1087 vento
2214 1033 2425 1103 agitata
2449 1032 2640 1098 fuerit,
2675 1032 2949 1104 quoniam
2980 1032 3186 1088 mentis
3214 1033 3336 1103 ejus
3363 1034 3649 1088 fortitudi-

2019 1142 2151 1180 nem
2191 1125 2347 1180 nulla
2374 1126 2614 1180 humani
2643 1127 2757 1180 oris
2795 1143 2933 1181 aura
2969 1126 3253 1182 ﬂectebat.
3287 1128 3395 1181 Nos
3421 1129 3575 1182 enim
3608 1129 3654 1181 si

2017 1219 2280 1274 laudibus
2331 1220 2641 1291 erigimur,
2690 1219 3196 1291 vituperationibus
3237 1221 3608 1275 humiliamur
3636 1263 3649 1287 ,

2017 1312 2238 1367 arundo
2266 1319 2434 1368 vento
2473 1313 2687 1384 agitata
2733 1330 2946 1368 sumus.
2995 1314 3100 1369 Sed
3148 1314 3294 1368 absit
3339 1315 3468 1381 hoc,
3511 1315 3656 1369 absit

2019 1424 2052 1461 a
2102 1407 2269 1461 corde
2315 1412 2518 1461 vestra:
2564 1408 2929 1462 excellentiae.
2979 1407 3103 1462 Scio
3156 1408 3254 1477 qui
3310 1408 3651 1479 magistrum

2020 1500 2280 1570 gentium
2310 1500 2556 1554 studiose
2597 1500 2806 1571 legitis,
2835 1501 2934 1571 qui
2959 1501 3039 1554 ait
3070 1518 3082 1554 :
3115 1523 3141 1548 ‹‹
3171 1501 3229 1556 Si
3259 1500 3446 1554 adhuc
3472 1501 3653 1554 homi-

2021 1594 2187 1648 nibus
2215 1593 2525 1664 placerem,
2557 1593 2763 1650 Christi
2807 1610 3001 1648 servus
3046 1611 3163 1648 non
3211 1610 3393 1648 essem
3439 1594 3579 1663 (Gal.
3618 1612 3656 1661 1,

2022 1688 2126 1758 10).
2159 1710 2186 1736 ››
2240 1687 2294 1742 Si
2337 1704 2450 1759 qua
2491 1693 2682 1742 tamen
2731 1688 2818 1741 vel
2867 1704 3037 1758 parva
3077 1688 3303 1742 tristitia
3343 1704 3409 1742 ex
3448 1687 3553 1742 hac
3597 1705 3658 1742 re

2019 1781 2200 1836 menti
2220 1786 2419 1836 vestrae
2448 1787 2642 1836 exorta
2663 1785 2768 1850 est,
2799 1783 2966 1836 credo
2994 1782 3145 1853 quod
3169 1783 3273 1837 hoc
3293 1782 3656 1853 omnipotens

1939 1857 2166 1928 BDeus
2214 1875 2334 1930 ﬁeri
2379 1875 2626 1946 benigne
2674 1875 2953 1946 permisit.
3005 1877 3198 1947 Neque
3256 1875 3412 1930 enim
3467 1877 3659 1931 electis

2021 1968 2135 2022 suis
2165 1968 2225 2022 in
2257 1969 2358 2022 hac
2401 1969 2514 2023 vita
2555 1968 2819 2039 promisit
2859 1969 3066 2039 gaudia
3103 1968 3512 2037 delectationis,
3559 1969 3659 2023 sed

2023 2062 2432 2117 amaritudines
2479 2065 2538 2116 et
2583 2062 2985 2118 tribulationes
3024 2062 3240 2135 (Matth.
3273 2079 3420 2129 xxnv,
3459 2065 3564 2132 19),
3600 2067 3661 2117 ut

2023 2156 2322 2210 medicina:
2336 2172 2494 2210 more
2515 2173 2620 2228 per
2638 2172 2896 2210 amarum
2912 2157 3180 2227 poculum
3202 2155 3275 2210 ad
3295 2156 3656 2210 dulcedinem

2022 2252 2248 2304 aeternae
2270 2249 2513 2304 redeant
2539 2249 2757 2304 salutis.
2789 2249 2935 2314 Quid
2966 2266 3210 2322 namque
3233 2250 3367 2305 dicit
3401 2267 3412 2305 :
3449 2273 3475 2300 ‹‹
3499 2251 3654 2305 Mun-

2023 2343 2127 2397 dus
2157 2343 2448 2414 gaudebit,
2479 2360 2578 2398 vos
2616 2343 2923 2414 lugebitis?
2954 2365 2980 2391 ι)
3031 2345 3201 2413 (Joan.
3239 2361 3348 2412 xvx,
3390 2347 3502 2408 20).
3538 2346 3660 2409 Qua

2023 2453 2144 2507 spe,
2171 2453 2283 2508 qua
2308 2437 2688 2507 promissione
2710 2437 2880 2508 paulo
2907 2441 3036 2508 post
3062 2438 3324 2493 subditur
3347 2457 3360 2493 :
3395 2460 3423 2488 «
3444 2441 3658 2494 lterum

2025 2530 2224 2584 videbo
2253 2547 2368 2596 vos,
2399 2534 2457 2584 et
2483 2530 2751 2601 gaubebit
2779 2548 2877 2585 cor
2891 2535 3164 2598 vestrum,
3195 2535 3249 2586 et
3282 2532 3551 2603 gaudium
3576 2550 3660 2587 ve-

2023 2629 2205 2678 strum
2237 2641 2406 2678 nemo
2427 2624 2647 2680 auferat
2665 2642 2698 2679 a
2719 2625 2876 2679 vobis
2893 2625 3080 2695 (Ibid.,
3110 2627 3216 2697 22).
3244 2647 3272 2674 ››
3301 2626 3661 2681 Hinciterum

2024 2717 2314 2788 discipulis
2361 2718 2542 2772 dicit:
2589 2739 2615 2770 (ι
2657 2720 2717 2773 In
2760 2718 3038 2789 patientia
3083 2723 3266 2775 vestra
3305 2721 3664 2791 possidebitis

2023 2812 2242 2866 animas
2284 2816 2500 2866 vestras
2555 2814 2700 2882 (Luc.
2748 2829 2858 2880 xm,
2909 2817 3009 2881 19).
3067 2835 3091 2861 ››
3135 2816 3393 2883 Pensate,
3447 2831 3660 2885 qumso,

2025 2905 2122 2960 ubi
2160 2906 2267 2961 erit
2295 2907 2596 2978 patientia,
2626 2907 2668 2960 si
2718 2907 2875 2962 deest
2911 2908 3062 2977 quod
3095 2908 3388 2963 toleretur.
3421 2910 3541 2962 Non
3571 2925 3661 2964 su-

2025 3000 2214 3070 spicor
2239 3000 2393 3054 enim
2433 3000 2566 3054 Abel
2595 3017 2715 3056 esse
2744 3017 2912 3072 quem
2939 3000 3077 3056 Cain
3115 3001 3330 3056 malitia
3356 3018 3469 3056 non
3497 3019 3662 3057 exer-

2028 3095 2225 3148 cuerit.
2259 3094 2396 3148 Boni
2421 3095 2575 3148 enim
2603 3095 2724 3149 sine
2745 3095 2909 3149 malis
2931 3096 2974 3148 si
2997 3095 3229 3164 fuerint,
3261 3096 3511 3166 perfecte
3544 3113 3664 3152 esse

2027 3187 2163 3241 boni
2191 3204 2305 3241 non
2335 3193 2590 3258 possunt,
2624 3187 2758 3259 quia
2783 3188 3023 3242 minime
3053 3195 3390 3260 purgantur.
3418 3191 3543 3261 lpsa
3567 3209 3664 3246 au-

2026 3284 2143 3335 tem
2167 3282 2455 3335 malorum
2474 3281 2712 3335 societas
2729 3281 2998 3352 purgatio
3016 3282 3304 3338 bonorum
3333 3288 3436 3338 est.
3455 3285 3589 3339 Tres
3607 3285 3666 3340 in

2025 3391 2156 3429 arca
2205 3375 2305 3428 ﬁlii
2353 3375 2468 3429 Noe
2518 3376 2784 3443 fuerunt;
2827 3393 2977 3429 unus
3019 3375 3216 3430 irrisor
3247 3376 3423 3447 patris
3451 3378 3668 3432 exstitit

2027 3469 2179 3539 (Gen.
2228 3485 2301 3534 IX,
2349 3470 2460 3538 22),
2515 3469 2612 3539 qui
2667 3469 2770 3523 etsi
2831 3469 2890 3522 in
2953 3485 3010 3524 se
3073 3469 3405 3524 benedictus
3468 3471 3663 3540 fuerit,

2028 3562 2445 3617 maledictionis
2492 3568 2686 3617 tamen
2735 3563 3081 3617 sententiam
3137 3563 3191 3617 in
3242 3563 3358 3618 ﬁlio
3413 3565 3666 3637 suscepit

2029 3656 2215 3728 (Ibid.,
2257 3655 2366 3728 25).
2418 3658 2562 3711 Duos
2606 3657 2910 3725 Abraham,
2970 3658 3304 3729 priusquam
3357 3659 3664 3714 Cethuram

2029 3767 2269 3805 uxorem
2301 3751 2604 3821 acciperet,
2643 3751 2784 3804 ﬁlios
2829 3751 3047 3813 habuit,
3080 3752 3181 3806 sed
3210 3757 3403 3807 tamen
3429 3754 3667 3809 carnalis

2029 3846 2151 3915 ejus
2213 3844 2665 3916 repromissionis
2722 3848 2808 3898 est
2864 3844 3046 3898 ﬁlium
3096 3851 3442 3916 persecutus.
3505 3849 3666 3912 Quod

2030 3955 2277 4010 magnus
2329 3939 2527 3994 doctor
2575 3938 2826 4009 exponit,
2885 3937 3076 3994 dicens
3119 3956 3132 3994 :
3189 3960 3215 3990 «
3261 3940 3418 3995 Sicut
3475 3941 3519 3996 is
3569 3943 3668 4014 qui

2031 4031 2344 4086 secundum
2361 4048 2593 4086 carnem
2616 4037 2720 4101 est,
2741 4032 3190 4104 persequebatur
3202 4049 3334 4088 eum
3355 4034 3453 4104 qui
3473 4051 3670 4090 secun-

2033 4126 2172 4179 dum
2200 4125 2493 4196 Spiritum,
2522 4126 2598 4180 ita
2629 4129 2686 4180 et
2717 4143 2868 4180 nunc
2895 4125 3040 4197 (Gal.
3071 4143 3146 4193 Iv,
3176 4129 3284 4196 29).
3319 4128 3471 4183 Duos
3515 4129 3669 4184 Isaac

2032 4219 2176 4273 ﬁlios
2215 4219 2434 4286 habuit,
2483 4219 2582 4273 sed
2633 4235 2799 4288 unus,
2833 4219 2928 4291 qui
2972 4220 3241 4290 spiritalis
3280 4221 3508 4290 exstitit,
3537 4226 3670 4277 ante

2033 4313 2214 4367 minas
2255 4312 2443 4366 fratris
2476 4313 2720 4366 carnalis
2762 4313 2908 4384 fugit
2955 4315 3104 4382 (Gen.
3158 4331 3322 4384 xxvu,
3366 4316 3475 4386 43).
3521 4316 3668 4370 Duo-

2033 4407 2215 4461 decim
2239 4406 2411 4460 Jacob
2443 4406 2586 4460 ﬁlios
2614 4406 2834 4474 habuit,
2867 4407 2966 4462 sed
2996 4425 3179 4462 unum
3221 4409 3317 4480 qui
3364 4410 3571 4464 rectius
3598 4411 3672 4465 vi-

2035 4501 2220 4568 vebat,
2264 4499 2462 4554 decem
2492 4500 2547 4554 in
2579 4502 2820 4571 Egypto
2861 4502 3236 4556 vendiderunt
3282 4503 3432 4570 (Gen.
3465 4519 3669 4570 xxxvii,

297 4597 398 4652 lux
426 4602 606 4651 vestra
630 4614 821 4652 coram
850 4597 1199 4664 hominibus,
1219 4601 1286 4651 ut
1305 4596 1538 4651 videant
1559 4613 1730 4668 opera
1749 4601 1935 4650 vestra
1953 4602 2012 4673 Ι)
2036 4594 2140 4665 36).
2199 4594 2261 4646 ln
2308 4592 2482 4646 David
2531 4594 2830 4664 propheta,
2889 4595 3025 4664 quia
3074 4595 3182 4649 fuit
3234 4595 3385 4665 quod
3439 4597 3672 4668 purgari

297 4691 470 4757 bona,
515 4695 574 4744 et
615 4691 932 4762 gloriﬁcent
979 4693 1200 4745 Patrem
1246 4694 1494 4746 vestrum
1543 4690 1643 4762 qui
1685 4691 1744 4745 in
1783 4689 1939 4745 caelis

300 4789 390 4839 est
442 4786 653 4850 (Matth.
701 4803 754 4854 v,
806 4788 910 4856 l6).
943 4801 970 4836 ιι
1017 4787 1172 4840 Tunc
1217 4788 1408 4840 autem
1453 4787 1647 4840 oleum
1691 4785 1750 4838 in
1794 4785 1940 4838 vasis

299 4895 434 4933 cum
468 4879 825 4951 lampadibus
850 4879 1148 4947 sumimus,
1179 4879 1407 4951 quando
1433 4880 1503 4935 de
1535 4879 1698 4933 bonis
1723 4879 1940 4933 actibus

300 4973 549 5028 nitorem
580 4974 777 5044 gloria:
810 4991 926 5029 non
966 4991 997 5028 a
1041 4974 1404 5028 laudantibus
1430 4973 1702 5044 proximis
1729 4973 1938 5044 quaeri-

304 5084 452 5136 mus,
489 5068 588 5122 sed
617 5069 736 5122 haec
765 5068 915 5122 intra
939 5067 1333 5123 testimonium
1361 5067 1725 5122 conscientiae
1751 5084 1936 5122 serva-

305 5178 453 5228 mus,
492 5163 549 5216 in
581 5179 752 5217 omne
795 5167 988 5219 autem
1019 5162 1171 5234 quod
1203 5161 1274 5217 de
1305 5162 1470 5216 nobis
1513 5164 1668 5216 extra
1712 5161 1938 5230 dicitur,

304 5272 600 5310 recurrere
644 5256 716 5310 ad
759 5273 967 5312 arcana
1000 5256 1210 5311 mentis
1243 5255 1534 5311 debemus.
1581 5255 1692 5311 Etsi
1742 5271 1942 5310 omnes

304 5349 650 5420 vituperent,
679 5351 824 5405 liber
867 5357 951 5406 est
984 5368 1155 5423 quam
1183 5350 1524 5406 conscientia
1549 5365 1666 5404 non
1697 5353 1939 5418 accusat,

302 5445 462 5515 quia,
490 5450 546 5499 et
579 5445 627 5498 si
667 5461 867 5500 omnes
903 5445 1163 5512 laudant,
1193 5445 1339 5499 liber
1381 5461 1501 5500 esse
1544 5459 1660 5498 non
1689 5445 1874 5514 potest
1897 5441 1944 5496 si

305 5538 459 5593 hunc
491 5538 808 5594 concientia
835 5545 1081 5594 accusat.
1125 5539 1200 5593 De
1239 5540 1453 5594 Joanne
1499 5537 1713 5592 Veritas
1759 5536 1896 5590 dicit
1927 5553 1940 5590 :

309 5656 336 5681 α
369 5633 516 5696 Quid
548 5633 741 5687 existis
766 5633 826 5688 in
847 5633 1140 5689 desertum
1163 5633 1389 5687 videre?
1407 5631 1751 5686 arundinem
1775 5634 1946 5685 vento

305 5727 628 5798 agitatam?
653 5749 680 5776 »
713 5729 925 5796 (Matth.
955 5744 1031 5795 χι,
1059 5730 1133 5797 7).
1165 5726 1325 5794 Quod
1349 5725 1613 5780 videlicet
1639 5741 1742 5796 per
1768 5741 1944 5795 nega-

304 5822 524 5876 tionem
549 5821 757 5876 dicitur
780 5839 895 5877 non
925 5838 1027 5894 per
1045 5819 1560 5884 conﬁrmationem,
1588 5835 1719 5873 cum
1748 5817 1945 5872 subdi-

306 5920 401 5980 tur
431 5931 443 5970 :
491 5938 517 5963 ‹‹
547 5915 653 5970 Sed
694 5915 832 5988 quid
875 5916 1064 5970 existis
1095 5913 1330 5971 videre?
1359 5913 1652 5969 hominem
1683 5911 1950 5966 mollibus

2039 4685 2344 4752 debuisset,
2377 4689 2568 4740 actum
2607 4692 2691 4740 est
2735 4691 2796 4740 ut
2834 4691 3255 4757 persecutorem
3291 4689 3470 4743 ﬁlium
3514 4695 3670 4761 pate-

2039 4785 2197 4836 retur
2241 4782 2310 4851 (ιι
2334 4782 2460 4848 Reg.
2494 4797 2584 4847 xv,
2621 4782 2722 4847 16).
2761 4781 2962 4834 Beatus
3005 4781 3106 4835 Job
3153 4781 3223 4835 de
3273 4783 3538 4840 societate
3583 4803 3672 4842 reo

2040 4877 2349 4948 proborum
2397 4874 2576 4929 dicit:
2613 4875 2865 4928 «Frater
2908 4875 2991 4928 fui
3037 4875 3368 4945 draconum,
3397 4883 3454 4933 et
3497 4882 3677 4935 socius

2040 4969 2422 5025 struthionum
2453 4969 2568 5036 (Job
2589 4984 2713 5036 xxx,
2737 4971 2892 5037 29).»
2925 4969 3008 5024 Ad
3030 4970 3379 5026 Ezechielem
3403 4973 3677 5029 Dominus

2041 5064 2162 5118 ait:
2200 5084 2227 5116 «
2261 5063 2360 5117 Fili
2405 5062 2673 5130 hominis,
2718 5061 2992 5117 increduli
3040 5067 3096 5117 et
3140 5065 3496 5121 subversores
3544 5070 3678 5122 sunt

2041 5162 2253 5224 tecum,
2285 5162 2340 5211 et
2376 5172 2508 5210 eum
2546 5155 2935 5226 scorpionibus
2966 5156 3185 5213 habitas
3214 5161 3419 5226 (Ezech.
3453 5177 3511 5227 ιι,
3541 5165 3612 5231 6).
3647 5184 3674 5211 ››

2043 5251 2331 5307 Interdum
2361 5249 2514 5303 inter
2553 5247 2852 5304 duodecim
2893 5253 3179 5321 apostolos
3217 5269 3361 5306 unus
3401 5254 3677 5324 reprobus

2042 5345 2242 5400 mistus
2284 5347 2369 5398 est
2414 5345 2584 5412 (Joan.
2632 5360 2701 5410 νι,
2756 5345 2866 5414 71),
2895 5348 2961 5398 ut
3006 5349 3154 5399 esset
3197 5345 3358 5415 cujus
3407 5362 3677 5418 persecu-

2044 5441 2196 5494 tione
2236 5437 2501 5492 undecim
2542 5442 2922 5492 tentarentur.
2962 5439 3354 5509 Apostolorum
3411 5441 3676 5513 princeps

2045 5532 2338 5604 discipulis
2351 5532 2622 5604 loquitur,
2641 5532 2834 5586 dicens
2857 5548 2868 5586 :
2893 5533 3157 5586 «Iustum
3181 5532 3323 5586 Loth
3340 5549 3677 5605 oppressum
3773 5535 3780 5542 ’

2046 5645 2080 5682 a
2107 5627 2484 5682 nefandorum
2528 5626 2741 5696 injuria
2783 5625 3013 5695 eripuit;
3055 5630 3281 5696 aspectu
3312 5627 3467 5682 enim
3495 5635 3551 5684 et
3579 5649 3677 5686 au-

2046 5722 2166 5777 ditu
2207 5721 2396 5792 justus
2434 5723 2576 5786 erat,
2609 5717 2797 5790 277
2843 5717 3108 5772 habitans
3146 5736 3276 5774 cum
3321 5722 3421 5791 eis,
3465 5725 3567 5795 qui
3612 5726 3681 5781 de

2048 5814 2139 5869 die
2184 5815 2242 5869 in
2290 5814 2445 5868 diem
2470 5813 2725 5866 animam
2761 5811 2903 5882 justi
2941 5811 3150 5883 iniquis
3181 5815 3448 5886 operibus
3475 5819 3684 5874 crucia-

2049 5909 2188 5963 bant
2229 5910 2298 5975 (Il
2325 5910 2464 5962 Petr.
2513 5922 2570 5972 ιι,
2602 5910 2655 5968 7,
2691 5909 2764 5974 8).
2798 5927 2821 5952 ››
2871 5907 3076 5960 Paulus
3116 5924 3344 5981 quoque
3393 5913 3682 5984 apostolus
