4092 6192
498 334 515 385 1
539 331 634 385 Hii
1388 325 1670 382 APPEND.
1711 323 1797 381 AD
1835 326 1993 382 SiEC.
2037 325 2123 380 1X.
2158 355 2226 366 —-
2265 323 2512 382 ISIDORI
2549 324 2976 383 MERCATORIS
3705 329 3816 382 1116

494 437 786 508 discipulis
808 436 1059 508 loquitur
1084 435 1275 490 dicens
1302 451 1314 488 :
1343 436 1450 488 «1n
1471 433 1664 489 medio
1681 433 1924 489 nationis
1942 450 2132 506 prava:
2154 435 2302 521 Ade
2342 451 2439 490 ore
2491 435 2800 506 conquinat
2845 433 3143 489 hominem
3181 431 3394 504 (Matth.
3441 447 3529 501 xv,
3564 433 3671 504 ll);
3710 456 3734 484 ››
3773 445 3818 497 et

498 537 555 586 ct
597 545 897 601 perversae,
939 529 1092 584 inter
1133 545 1278 600 quos
1315 529 1515 583 lucetis
1554 527 1698 582 sicut
1734 527 2038 583 luminaria
2074 528 2134 582 in
2237 528 2498 600 discipuli
2526 529 2938 600 responderent
2972 527 3266 582 dicentes:
3297 547 3325 576 «
3353 525 3471 582 Scis
3501 526 3628 598 quia
3651 526 3818 584 Phari-

499 624 736 691 mundo,
759 622 998 678 verbum
1017 623 1146 678 vita:
1162 622 1524 677 continentes
1545 621 1761 692 (Philip.
1781 637 1841 688 II,
1865 623 1949 688 15,
1976 621 2080 692 16).
2102 639 2132 673 »
2237 623 2357 689 seei,
2384 622 2578 677 audito
2603 623 2712 678 hoc
2740 621 2930 690 verbo,
2961 620 3314 676 scandalizati
3339 623 3473 674 sunt
3493 619 3659 689 (Ibid,
3688 620 3814 692 12),»

499 717 642 782 Quia
682 733 839 788 ergo,
868 716 1159 788 Scriptura
1202 720 1365 783 teste,
1395 714 1759 787 cognovimus
1797 714 1857 768 in
1891 715 2001 768 hac
2025 713 2138 769 vita

498 813 676 866 bonos
704 812 824 866 sine
851 811 1012 865 malis
1047 826 1167 865 esse
1197 826 1313 865 non
1346 825 1534 880 posse,
1563 809 1632 864 de
1664 807 1967 863 stultorum
1992 808 2140 862 voci-

497 907 604 960 bus
640 905 974 960 excellentia
1013 908 1199 960 vestra
1237 903 1455 958 turbari
1496 903 1814 957 nullatenus
1858 901 2048 971 debet,
2080 904 2140 956 et

503 998 745 1054 maxime
782 998 842 1052 in
881 996 1261 1069 omnipotenti
1298 997 1410 1051 Deo
1451 999 1587 1050 tunc
1627 997 1783 1050 certa
1820 994 2030 1049 fiducia
2055 997 2140 1049 est

502 1093 728 1165 quando
775 1108 879 1164 pro
921 1092 1072 1146 bono
1119 1106 1292 1162 opere
1318 1088 1671 1145 adversitatis
1701 1088 1918 1159 aliquid
1943 1088 2002 1142 in
2030 1088 2140 1142 hoc

505 1186 724 1242 mundo
756 1186 1048 1256 recipitur,
1101 1189 1161 1239 ut
1201 1183 1371 1255 plena
1400 1199 1618 1238 merces
1643 1183 1702 1236 in
1732 1185 1946 1237 aeterna
1969 1182 2137 1236 retri-

503 1280 736 1336 butione
774 1281 1048 1334 servetur.
1080 1277 1240 1332 Unde
1286 1277 1347 1330 in
1390 1280 1586 1330 sancto
1625 1275 1930 1346 Evangelio
1959 1274 2137 1329 dicit:

506 1397 534 1424 ‹‹
563 1373 725 1428 Beati
756 1372 916 1426 eritis
959 1387 1087 1426 cum
1115 1370 1382 1425 adversus
1413 1386 1509 1424 vos
1540 1385 1712 1424 omne
1740 1369 1954 1422 malum
1985 1367 2140 1423 dixe-

504 1469 621 1522 rint
671 1466 952 1531 homines,
1012 1463 1351 1518 mentientes
1397 1467 1636 1534 propter
1684 1479 1901 1518 nomen
1946 1477 2143 1516 meum

511 1560 728 1629 (Matth.
761 1576 812 1625 ν,
850 1562 954 1629 11).
991 1579 1017 1605 ››
1059 1557 1165 1622 Qui
1194 1558 1254 1611 in
1297 1556 1688 1611 consolatione
1725 1559 1919 1611 nostra
1950 1572 2054 1610 sua
2083 1553 2144 1610 in

507 1654 833 1724 exemplum
853 1651 1138 1706 adducere
1159 1650 1467 1722 Opprobria
1493 1649 1764 1722 dignatus
1781 1655 1884 1716 est,
1908 1649 2100 1704 dicens
2126 1663 2141 1703 :

509 1765 538 1800 α
564 1746 619 1802 Si
661 1750 886 1817 patrem
920 1743 1166 1799 familias
1194 1743 1505 1799 Beelzebub
1531 1745 1900 1811 vocaverunt,
1931 1747 2146 1813 quanto

506 1841 690 1911 magis
717 1837 1056 1894 domesticos
1081 1839 1225 1908 ejus.
1251 1859 1279 1886 »
1312 1837 1525 1907 (Matth.
1550 1854 1605 1904 x,
1639 1839 1750 1906 25.)

579 1935 720 1990 Sunt
743 1937 937 1988 autem
959 1932 1219 2004 plerique
1248 1931 1346 2002 qui
1374 1931 1548 1985 vitam
1577 1930 1864 1985 honorum
1906 1930 2146 1984 fortasse

509 2027 750 2100 amplius
776 2043 953 2098 quam
988 2026 1216 2092 debent,
1248 2025 1507 2079 laudant.
1541 2025 1608 2078 Et
1637 2040 1711 2078 ne
1737 2040 1852 2095 qua
1881 2023 2048 2078 elatio
2076 2023 2146 2077 de

507 2122 675 2177 laude
703 2119 991 2191 subrepat,
1021 2117 1302 2190 permittit
1322 2117 1682 2188 omnipotens
1705 2118 1855 2171 Deus
1888 2116 2068 2170 malos
2087 2116 2147 2169 in

470 2209 476 2215 ’
511 2213 984 2270 obtrectationem
1011 2215 1067 2267 et
1093 2211 1555 2282 objurgationem
1587 2226 1982 2282 prorumpere,
2015 2213 2077 2263 ut
2103 2207 2149 2262 si

512 2326 624 2380 qua
652 2307 818 2378 culpa
863 2307 934 2362 ab
967 2323 1062 2361 ore
1090 2304 1444 2360 laudantium
1481 2303 1540 2358 in
1571 2303 1738 2358 corde
1775 2302 2046 2370 nascitur,
2078 2302 2148 2357 ab

514 2419 612 2458 ore
649 2399 1091 2472 vituperantium
1119 2398 1444 2453 suffocetur.
1477 2396 1616 2452 Hinc
1644 2401 1727 2452 est
1759 2397 1906 2468 quod
1944 2397 2152 2450 Doctor

516 2495 771 2566 gentium
798 2510 857 2549 se
883 2493 942 2548 in
973 2492 1374 2565 praedicatione
1400 2506 1626 2545 currere
1657 2494 1916 2556 testatur,
1944 2509 1972 2540 «
1998 2490 2152 2544 inter

514 2587 809 2643 infamiam
852 2589 908 2642 et
951 2587 1160 2642 bonam
1215 2586 1427 2640 famam
1473 2586 1544 2654 (II
1579 2584 1699 2639 Co-r.
1742 2600 1815 2651 vr,
1856 2583 1929 2654 8).
1969 2602 1995 2634 »
2043 2581 2152 2647 Qui

514 2683 689 2738 etiam
731 2681 886 2748 dicit,
921 2701 949 2734 ‹‹
978 2686 1040 2735 ut
1082 2680 1407 2735 seductores
1449 2683 1505 2733 et
1548 2694 1774 2733 veraces
1807 2677 2004 2748 (Ibid).
2036 2697 2064 2726 »
2094 2675 2151 2732 Si

515 2777 692 2847 igitur
705 2775 958 2841 fuerunt,
978 2773 1077 2845 qui
1091 2775 1301 2828 malam
1326 2773 1539 2828 famam
1568 2773 1740 2826 Paulo
1760 2772 2149 2842 imponerent,

516 2868 613 2939 qui
654 2869 806 2922 hunc
851 2867 1214 2921 seductorem
1245 2870 1534 2935 vocarent,
1561 2864 1687 2936 quis
1717 2879 1853 2934 ergo
1880 2862 2147 2920 Christia-

515 2978 623 3016 nus
641 2961 807 3015 debet
829 2958 1135 3030 indignum
1165 2958 1375 3012 ducere
1405 2974 1508 3029 pro
1533 2957 1757 3012 Christo
1779 2956 2019 3027 injurias
2045 2972 2148 3010 au-

516 3056 675 3110 dire?
699 3055 936 3118 Quantae
977 3057 1171 3107 autem
1214 3051 1434 3105 virtutis
1473 3066 1790 3122 praecursor
1831 3050 2012 3105 nostri
2041 3051 2146 3105 Re-

2237 717 2495 787 protinus
2537 715 2874 786 respondit:
2908 714 3162 769 «Omnis
3203 713 3484 785 plantatio
3527 729 3684 784 quam
3725 731 3815 770 non

2238 810 2516 880 plantavit
2556 811 2718 863 Pater
2759 825 2921 864 meus
2965 807 3223 876 caelestis,
3251 805 3644 876 eradicabitur;
3684 807 3817 865 sinite

2240 903 2386 971 illos,
2429 902 2564 958 caeci
2601 907 2732 957 sunt
2759 907 2816 957 et
2857 902 3028 956 duces
3055 916 3332 956 caecorum
3372 899 3549 970 (Ibid,
3581 902 3656 967 13,
3687 900 3815 972 16).»

2242 998 2310 1051 Et
2331 1001 2523 1052 tamen
2569 1013 2700 1051 cum
2745 995 3022 1051 tributum
3049 998 3360 1067 peteretur,
3393 993 3550 1066 prius
3581 994 3815 1049 rationem

2242 1091 2513 1160 reddidit,
2542 1107 2644 1162 per
2672 1106 2848 1162 quam
2873 1089 3153 1147 tributum
3180 1089 3397 1143 solvere
3429 1104 3541 1142 non
3571 1087 3814 1154 deberent,

2247 1186 2457 1253 (Matth.
2484 1201 2612 1251 xvu,
2635 1185 2744 1254 24),
2771 1189 2942 1256 atque
2981 1182 3132 1237 illico
3159 1182 3454 1254 subjunxit
3481 1198 3495 1237 :
3526 1201 3552 1233 α
3580 1183 3643 1236 Ut
3663 1184 3816 1236 autem

2241 1297 2354 1334 non
2385 1277 2835 1334 scandalizemus
2865 1294 2979 1344 eos,
3008 1276 3155 1332 vade
3197 1276 3269 1331 ad
3307 1292 3469 1331 mare
3496 1281 3550 1330 et
3575 1275 3713 1330 mitte
3735 1275 3815 1330 ha-

2241 1389 2424 1439 mum,
2458 1376 2517 1426 et
2541 1388 2673 1427 eum
2702 1371 2916 1443 piscem
2946 1370 3041 1442 qui
3067 1369 3224 1443 prius
3262 1368 3599 1439 ascenderit,
3625 1368 3752 1437 tolle,
3775 1373 3817 1423 et

2241 1473 2438 1540 aperto
2489 1481 2586 1521 ore
2621 1467 2742 1537 ejus
2789 1464 3042 1520 invenies
3087 1467 3381 1533 staterem,
3417 1468 3474 1518 et
3513 1478 3731 1529 sumens,
3763 1461 3816 1517 ds

2241 1561 2405 1616 illum
2430 1577 2533 1632 pro
2555 1576 2645 1615 me
2667 1565 2724 1615 et
2743 1564 2797 1615 te
2823 1560 3008 1631 (Ibid.,
3025 1558 3135 1630 26).
3167 1581 3194 1607 ››
3222 1558 3365 1623 Quid
3396 1560 3483 1612 est
3504 1563 3677 1612 autem
3700 1555 3814 1627 quod

2245 1656 2314 1711 de
2357 1653 2742 1710 scandalizatis
2793 1653 2914 1708 aliis
2958 1652 3166 1707 dicitur
3207 1670 3221 1706 :
3271 1670 3298 1704 α
3329 1651 3506 1707 Sinite
3546 1649 3682 1715 illos;
3717 1647 3814 1702 caici

2244 1753 2377 1804 sunt
2400 1754 2456 1804 et
2479 1749 2648 1803 duces
2679 1763 2958 1802 caecorum
2994 1763 3008 1801 :
3046 1767 3073 1796 ››
3113 1751 3172 1801 et
3193 1745 3314 1801 aliis
3345 1761 3420 1800 ne
3449 1743 3814 1806 scandalizetur,

2164 1817 2223 1891 B
2245 1861 2278 1899 a
2303 1842 2543 1899 Domino
2573 1841 2853 1897 tributum
2881 1840 3135 1910 solvitur,
3165 1839 3337 1894 etiam
3369 1837 3524 1911 quod
3562 1854 3662 1893 non
3685 1835 3814 1892 debe-

2246 1937 2386 1992 tur?
2415 1936 2561 2001 Quid
2599 1939 2683 1991 est
2713 1935 2871 2006 quod
2908 1934 3062 1989 aliud
3098 1933 3433 1988 scandalum
3458 1947 3574 1987 esse
3598 1929 3814 2002 permise-

2247 2033 2339 2100 rit,
2370 2030 2523 2086 aliud
2554 2047 2685 2085 vero
2714 2031 2909 2084 venire
2947 2027 3263 2101 prohibuit,
3294 2026 3403 2082 nisi
3432 2029 3499 2082 ut
3521 2042 3615 2080 nos
3637 2025 3817 2080 doceret

2248 2131 2302 2180 et
2333 2125 2433 2180 illa
2457 2125 2715 2179 scandala
2745 2139 2874 2194 qum
2903 2140 3009 2178 nos
3044 2122 3339 2193 implicant
3383 2121 3443 2176 in
3487 2124 3693 2192 peccato
3716 2133 3815 2172 con-

2247 2223 2527 2287 temnere,
2575 2223 2632 2271 et
2677 2217 2774 2270 illa
2813 2233 2943 2288 qua:
2985 2215 3211 2287 placare
3254 2214 3379 2270 sine
3418 2216 3635 2286 peccato
3673 2227 3818 2282 possu-

2248 2329 2396 2380 mus,
2424 2311 2609 2366 modis
2640 2309 2905 2366 omnibus
2924 2309 3227 2381 mitigare?
3248 2310 3448 2364 Vestra
3473 2309 3650 2378 itaque
3675 2304 3817 2360 excel-

2248 2407 2423 2462 lentia
2434 2406 2980 2476 potest,protegente
2992 2402 3560 2474 Domino,pravorum
3570 2399 3818 2456 hominum

2250 2499 2510 2556 scandala
2556 2515 2685 2554 cum
2728 2513 2937 2569 magna
2958 2497 3370 2569 tranquillitate
3398 2495 3683 2552 declinare.
3702 2492 3821 2548 Prius

2251 2594 2407 2649 enim
2439 2609 2474 2648 a
2515 2591 2674 2648 vobis
2713 2596 2930 2647 secreto
2972 2590 3214 2646 vocandi
3257 2595 3398 2646 sunt
3436 2606 3500 2644 ac
3551 2589 3672 2660 ipsis
3712 2585 3818 2640 ratio

2249 2687 2558 2757 reddenda,
2597 2691 2654 2741 et
2697 2701 2964 2757 perversa
3008 2685 3269 2756 quaedam
3310 2683 3558 2756 capitula
3595 2697 3705 2754 quia
3743 2694 3820 2734 nos

2249 2786 2444 2838 tenere
2500 2779 2845 2846 existimant,
2899 2795 3094 2834 coram
3147 2776 3280 2850 ipsis
3332 2772 3818 2832 anathematizanda.

2249 2876 2410 2940 Quod
2462 2875 2507 2929 si
2558 2874 2748 2940 etiam,
2795 2873 2941 2928 sicut
2986 2871 3212 2940 dicitur,
3243 2870 3373 2926 dari
3414 2871 3699 2926 anathema
3727 2866 3822 2922 ﬁcte

2252 2969 2636 3041 suspicantur,
2696 2970 2754 3022 et
2795 2966 3174 3038 jurejurando
3230 2965 3580 3021 firmandum
3639 2969 3708 3018 est
3751 2975 3823 3014 vos

2253 3065 2452 3119 eadem
2467 3062 2721 3134 capitula
2740 3076 3037 3133 nunquam
3057 3065 3277 3128 tenere,
3295 3075 3590 3131 nunquam
3605 3055 3821 3112 tenuisse.

517 3148 827 3220 demptoris
851 3147 1026 3202 fuerit
1050 3145 1334 3212 novimus,
1357 3144 1456 3216 qui
1486 3161 1590 3216 per
1617 3160 1839 3198 sacrum
1860 3144 2150 3215 eloquium

521 3261 548 3263 _
569 3259 629 3263 ,μ
673 3242 848 3263 --1--...
895 3241 1189 3263 ..1-------...ι
1237 3239 1514 3263 η-Αιςιιιιη
1571 3238 1661 3263 ..ΑΔ
1713 3237 1876 3263 alia...
1921 3237 2151 3263 Annal..-

2253 3157 2363 3212 Nec
2388 3156 2542 3212 vobis
2579 3155 2844 3210 videatur
2885 3154 3193 3226 indignum
3236 3153 3334 3209 tali
3361 3153 3445 3210 eis
3469 3151 3630 3207 modo
3661 3147 3825 3205 satisfa-

519 3259 636 3298 non
669 3242 854 3296 solum
895 3241 1193 3313 plusquam
1237 3239 1540 3310 propheta,
1569 3238 1667 3293 sed
1710 3237 1881 3293 etiam
1918 3237 2154 3309 angelus

517 3340 752 3392 vocatur
794 3337 1008 3407 (Matth.
1057 3351 1116 3401 n,
1159 3336 1212 3401 9,
1257 3332 1363 3404 10);
1410 3335 1468 3387 et
1511 3336 1724 3401 tamen,
1777 3331 1921 3387 sicut
1972 3331 2150 3387 eccle-

517 3431 741 3485 siastica
784 3429 1018 3484 historia
1055 3430 1313 3496 testatur,
1345 3430 1470 3496 post
1494 3427 1737 3480 mortem
1765 3442 1798 3479 a
1827 3428 2151 3496 persecuto-

518 3525 674 3579 ribus
723 3541 927 3594 corpus
969 3522 1092 3592 ejus
1133 3521 1428 3576 incensum
1475 3525 1576 3574 est.
1625 3519 1733 3575 Sed
1774 3518 1872 3590 qui
1923 3518 2028 3573 ista
2083 3518 2153 3573 de

518 3619 725 3674 sanctis
744 3617 1012 3672 omnibus
1041 3615 1334 3684 Dominus,
1359 3614 1428 3668 de
1448 3613 1570 3684 ipso
1591 3615 1782 3668 sancto
1803 3616 2151 3681 sanctorum,

520 3713 573 3767 id
605 3718 690 3766 est
715 3713 784 3766 de
813 3713 944 3779 Deo,
975 3710 1073 3781 qui
1102 3726 1205 3780 pro
1233 3707 1398 3763 nobis
1442 3707 1616 3762 homo
1647 3707 1832 3762 factus
1861 3709 1947 3760 est
1976 3705 2152 3775 (Joan.

520 3825 556 3875 ι,
587 3807 694 3878 14),
722 3806 1047 3877 loquamur,
1079 3803 1177 3874 qui
1203 3807 1336 3857 ante
1380 3801 1670 3872 injuriam,
1711 3801 1845 3871 quia
1873 3799 2158 3855 daemonia

521 3900 756 3955 haberet
787 3900 960 3970 (Joan.
994 3914 1112 3965 vni,
1157 3896 1270 3966 48),
1301 3894 1535 3963 audivit,
1568 3899 1694 3966 post
1738 3897 1982 3950 mortem
2025 3909 2156 3949 vero

520 4012 552 4048 a
595 3994 710 4048 suis
739 3991 1194 4065 persecutoribus
1239 3989 1507 4045 seductor
1533 3989 1854 4061 appellatus
1883 3991 1988 4058 est,
2023 4003 2154 4042 cum

519 4089 770 4143 dicerent
819 4104 832 4141 :
876 4086 1151 4142 «Scimus
1189 4084 1322 4156 quia
1363 4083 1629 4138 seductor
1670 4083 1765 4138 ille
1810 4082 1954 4137 dixit
1983 4099 1996 4136 :
2024 4083 2159 4137 Post

521 4188 636 4236 tres
657 4182 776 4236 dies
800 4196 1094 4251 resurgam
1118 4178 1333 4249 (Matth.
1353 4193 1523 4244 xxvn,
1547 4177 1654 4247 63).
1673 4196 1701 4226 »
1723 4177 1946 4240 Quanta
1965 4180 2157 4230 autem

521 4291 627 4330 nos
653 4277 974 4345 peccatores
997 4289 1030 4326 a
1053 4272 1251 4342 lingua
1279 4272 1368 4326 vel
1394 4269 1659 4325 manibus
1701 4269 2032 4340 iniquorum
2059 4270 2160 4323 ho-

521 4368 746 4424 minum
777 4371 1001 4438 portare
1045 4380 1274 4420 necesse
1313 4368 1414 4431 est,
1445 4363 1542 4435 qui
1579 4363 1637 4416 in
1671 4361 1921 4418 adventu
1958 4362 2157 4418 aeterni

515 4462 726 4534 judicis
749 4459 1039 4533 judicandi
1080 4475 1293 4525 sumus,
1322 4457 1366 4512 si
1406 4460 1464 4512 et
1491 4457 1613 4529 ipse
1640 4460 1801 4512 tanta
1829 4455 2005 4512 etiam
2031 4460 2161 4529 post

2253 3267 2403 3320 cere,
2432 3266 2537 3306 nec
2564 3249 2634 3304 de
2661 3248 2943 3320 imperiali
2970 3263 3183 3320 genere
3213 3247 3285 3302 sit
3309 3251 3508 3302 contra
3534 3261 3621 3301 eos
3645 3239 3823 3313 aliquod

2252 3345 2312 3399 in
2329 3348 2512 3400 vestra
2528 3347 2718 3399 mente
2732 3342 3046 3414 fastigium.
3061 3341 3273 3397 Omnes
3288 3341 3449 3396 enim
3463 3340 3648 3395 fratres
3658 3350 3824 3402 sumus,

2254 3438 2422 3494 unius
2445 3435 2804 3509 imperatoris
2829 3437 3109 3508 potestate
3129 3434 3367 3502 conditi,
3387 3439 3445 3491 et
3477 3434 3590 3506 ejus
3608 3428 3826 3502 sanguine

2254 3533 2555 3604 redempti,
2571 3534 2628 3587 et
2647 3529 2854 3586 idcirco
2869 3530 3070 3585 fratres
3090 3533 3306 3585 nostros
3324 3525 3716 3601 quantumlibet
3725 3537 3825 3596 pau-

2255 3643 2417 3699 peres
2441 3629 2498 3682 et
2523 3625 2776 3696 abjectos
2801 3623 2860 3679 in
2896 3624 3052 3679 nullo
3080 3622 3374 3694 despicere
3406 3622 3679 3679 debemus.
3704 3617 3824 3675 Certe

2255 3720 2470 3776 etenim
2504 3721 2702 3775 Petrus
2739 3720 3077 3790 potestatem
3108 3715 3278 3788 regni
3305 3716 3544 3774 caelestis
3567 3711 3822 3786 acceperat,

2254 3817 2320 3869 ut
2350 3813 2506 3886 quod
2543 3811 2598 3867 in
2632 3817 2782 3868 terra
2824 3812 3031 3884 ligaret
3058 3811 3145 3866 vel
3183 3811 3452 3878 solveret,
3493 3807 3698 3866 essetin
3721 3803 3824 3860 calo

2256 3903 2501 3976 ligatum
2544 3903 2629 3958 vel
2670 3901 2920 3957 solutum
2965 3899 3180 3971 (Matth.
3211 3917 3323 3968 xv1,
3370 3901 3477 3972 19),
3519 3913 3673 3970 super
3709 3905 3824 3950 mare

2254 3989 2579 4052 ambulabat
2605 3996 2781 4066 (Joan.
2813 4011 2922 4063 xxi,
2943 3995 3020 4066 '7),
3062 3996 3407 4066 aegrotantes
3432 3993 3621 4049 umbra
3645 3985 3825 4046 curabat

2258 4091 2396 4161 (Act.
2429 4107 2482 4162 ν,
2516 4092 2621 4162 15),
2650 4092 2944 4162 peccantes
2988 4104 3122 4144 vero
3171 4087 3465 4144 occidebat
3509 4083 3656 4160 (Ibid.
3679 4079 3822 4150 V310).

2255 4189 2511 4240 mortuos
2543 4183 2800 4240 oratione
2830 4180 3135 4238 suscitabat
3163 4180 3308 4254 (Act.
3332 4197 3411 4248 rx,
3434 4180 3542 4253 40);
3571 4183 3622 4235 et
3643 4175 3754 4250 quia
3774 4185 3824 4226 ex

2257 4278 2648 4335 admonitione
2668 4275 2908 4348 Spiritus
2928 4275 3001 4331 ad
3027 4275 3361 4332 Cornelium
3395 4274 3651 4347 gentilem
3685 4267 3826 4326 fuerat

2256 4371 2546 4443 ingressus
2606 4371 2745 4440 (Act.
2804 4384 2858 4437 x,
2916 4371 3044 4439 19),
3110 4373 3308 4424 contra
3362 4385 3497 4424 eum
3545 4385 3577 4422 a
3622 4360 3828 4420 ﬁdelibus

2257 4464 2495 4537 quaestio
2538 4465 2683 4520 facta
2712 4465 2831 4518 est:
2861 4465 2974 4520 Cur
3000 4461 3070 4517 ad
3099 4461 3340 4534 gentiles
3383 4461 3564 4516 fuerat
3599 4459 3828 4528 ingressus

523 4560 768 4612 mortem
812 4555 1050 4627 pertulit
1087 4553 1185 4626 qui
1227 4552 1404 4624 judex
1446 4549 1618 4606 venit.
1662 4551 1808 4620 Hrec,
1837 4549 2238 4634 dulcissimaD
2260 4561 2316 4615 et
2345 4557 2684 4614 comedisset
2711 4573 2843 4612 cum
2875 4555 2986 4626 eis;
3021 4572 3124 4612 cur
3151 4571 3250 4612 eos
3284 4556 3345 4611 in
3383 4554 3827 4627 baptismaterece-

525 4655 583 4706 et
625 4649 1096 4706 excellentissima
1139 4647 1273 4717 ﬁlia,
1327 4645 1576 4701 breviter
1620 4643 1757 4713 dixi,
1815 4661 1886 4700 ne
1942 4644 2161 4715 quoties

524 4746 725 4800 stultos
766 4743 1026 4799 homines
1074 4742 1176 4797 tibi
1223 4742 1500 4812 derogare
1551 4740 1865 4811 cognoscis,
1909 4738 2163 4810 qualibet

522 4838 611 4895 vel
639 4837 869 4911 parvula
898 4836 1106 4892 mentis
1125 4835 1352 4892 tristitia
1378 4832 1648 4906 tangaris.
1683 4832 1790 4888 Sed
1822 4832 1953 4904 quia
1979 4830 2162 4887 sedari

525 4935 634 4990 hoc
664 4933 855 5005 ipsum
884 4930 1190 4985 stultorum
1234 4927 1537 4983 hominum
1568 4942 1831 4981 murmur
1855 4925 2164 4997 tranquilla

525 5027 747 5085 ratione
769 5028 974 5096 potest,
997 5025 1295 5096 peccatum
1315 5020 1504 5088 credo,
1529 5021 1575 5075 si
1600 5021 1815 5076 bonum
1841 5019 1992 5091 quod
2018 5019 2164 5074 valet

526 5122 646 5181 ﬁeri
684 5118 1014 5192 negligitur,
1044 5121 1109 5172 ut
1152 5116 1270 5172 ﬁat.
1303 5117 1446 5172 Nam
1491 5131 1623 5171 cum
1671 5115 1898 5186 placare
1939 5113 2164 5168 insanas

527 5222 744 5272 mentes
774 5219 944 5286 atque
969 5213 1037 5267 ad
1067 5212 1310 5267 salutem
1346 5211 1619 5266 reducere
1647 5225 1969 5280 possumus,
1998 5224 2160 5263 scan-

527 5310 774 5365 dalizare
794 5324 890 5364 eos
907 5306 1151 5362 minime
1178 5306 1472 5362 debemus.

596 5406 740 5460 Sunt
769 5402 926 5457 enim
957 5401 1220 5473 quaedam
1253 5399 1532 5466 scandala,
1573 5414 1700 5470 quae
1726 5397 1965 5452 omnino
1981 5395 2165 5468 despi-

525 5498 722 5553 cienda
767 5501 917 5564 sunt,
963 5494 1225 5566 quaedam
1269 5508 1419 5557 vero,
1470 5507 1601 5546 cum
1641 5491 1805 5546 vitari
1848 5491 1967 5547 sine
1999 5490 2164 5562 culpa

529 5608 644 5646 non
671 5595 926 5663 possunt,
958 5587 1318 5660 despicienda
1363 5602 1480 5641 non
1525 5588 1676 5652 sunt,
1723 5601 1794 5640 ne
1822 5601 1954 5640 cum
1997 5585 2164 5655 culpa

529 5689 841 5739 serventur.
871 5682 1032 5747 Quod
1062 5698 1222 5736 sacro
1244 5679 1546 5752 Evangelio
1575 5677 1922 5750 praedicante
1951 5695 2160 5750 cogno-

529 5777 732 5844 vimus,
781 5777 936 5849 quia,
996 5792 1126 5830 cum
1185 5775 1398 5830 Veritas
1455 5773 1670 5829 diceret
1711 5790 1724 5827 :
1775 5793 1802 5824 «
1851 5773 1970 5828 Non
2007 5773 2163 5845 quod

531 5869 704 5927 intrat
725 5870 781 5923 in
812 5886 875 5923 os
899 5867 1233 5940 coinquinat
1260 5868 1579 5939 hominem,
1604 5868 1700 5924 sed
1730 5866 1882 5940 quod
1911 5866 2166 5940 procedit

2258 4652 2434 4725 pisset
2467 4652 2646 4722 (Ibid,
2673 4651 2783 4722 28).
2815 4652 2883 4706 Et
2908 4653 3102 4705 tamen
3146 4649 3324 4721 idem,
3354 4649 3710 4722 apostolorum
3738 4638 3826 4713 pri-

2260 4762 2407 4814 mus,
2431 4749 2590 4801 tanta
2613 4745 2901 4801 donorum
2923 4744 3106 4817 gratia
3125 4743 3399 4815 repletus,
3420 4745 3574 4799 tanta
3596 4732 3827 4795 miraculo-

2259 4857 2390 4896 rum
2431 4843 2705 4913 potestate
2745 4838 3026 4909 suffultus,
3074 4838 3329 4910 querelas
3370 4836 3612 4893 ﬁdelium
3651 4845 3747 4887 non
3779 4839 3826 4881 ex

2261 4936 2559 5008 potestate,
2587 4933 2686 4989 sed
2714 4949 2783 4988 ex
2810 4931 3032 4988 ratione
3069 4930 3380 5005 respondit,
3406 4945 3620 4986 causam
3649 4939 3737 4998 per
3757 4935 3823 4975 or-

2262 5028 2456 5084 dinem
2473 5025 2752 5100 exposuit,
2768 5027 3058 5098 quomodo
3073 5043 3167 5081 vas
3182 5023 3470 5098 quoddam
3483 5023 3624 5078 velut
3639 5019 3822 5076 linteum

2263 5122 2322 5177 in
2352 5139 2465 5195 quo
2503 5120 2891 5194 quadrupedia
2917 5124 3084 5175 terra:
3116 5125 3174 5176 et
3209 5119 3426 5189 bestiae,
3458 5115 3662 5189 reptilia
3696 5115 3822 5179 atque

2263 5216 2516 5272 volatilia
2542 5216 2783 5284 inerant,
2809 5213 2879 5270 de
2905 5215 3045 5270 caelo
3067 5211 3328 5270 submitti
3351 5211 3564 5278 viderit,
3575 5213 3822 5273 vocemque

2263 5311 2506 5366 audierit
2535 5326 2549 5364 :
2583 5329 2610 5361 «
2641 5309 2845 5380 Surge,
2869 5309 3052 5376 Petre,
3083 5307 3277 5364 occide
3296 5311 3351 5363 et
3375 5303 3657 5369 manduca,
3682 5319 3704 5347 »ι
3726 5306 3822 5367 qm-

2262 5401 2398 5458 liter
2420 5405 2536 5459 tres
2553 5399 2663 5458 viri
2682 5401 2959 5469 venerint,
2989 5418 3122 5457 eum
3151 5401 3224 5456 ad
3249 5399 3561 5460 Cornelium
3598 5392 3819 5449 vocantes.

2266 5497 2514 5570 qualiter
2556 5495 2801 5568 Spiritus
2832 5501 3061 5551 sanctus
3089 5495 3245 5550 hunc
3269 5511 3394 5551 cum
3438 5492 3518 5549 eis
3553 5490 3628 5545 ire
3657 5493 3819 5558 prece-

2263 5595 2442 5664 perat,
2473 5590 2720 5663 qualiter
2749 5589 2904 5645 idem
2940 5588 3184 5661 Spiritus
3222 5593 3442 5644 sanctus
3468 5584 3558 5658 qui
3583 5579 3743 5636 venire
3775 5571 3818 5664 in

2263 5663 2578 5756 baptizatos
2598 5684 2656 5739 in
2681 5683 2877 5740 Judma
2903 5687 3029 5754 post
3045 5681 3394 5754 baptismum
3419 5663 3816 5756 consueverant!)

2267 5752 2530 5850 gentibus
2573 5780 2704 5834 ante
2754 5752 3100 5849 baptismum
3124 5752 3298 5832 venit
3348 5773 3521 5845 (lbid.,
3578 5765 3737 5831 1H8).
3774 5752 3814 5810 Si

2266 5872 2447 5940 enim,
2501 5889 2630 5928 cum
2678 5889 2711 5928 a
2762 5870 3021 5928 ﬁdelibus
3075 5871 3413 5944 culparetur,
3472 5859 3811 5922 auctoritatem:
