4092 6192
293 335 429 386 1117

1488 334 1958 394 DECRETALIUM
1998 339 2381 397 COLLECTIO.

3517 353 3650 404 1118

281 456 462 511 quam
527 440 584 494 in
650 445 844 495 sancta
919 442 1163 497 Ecclesia
1236 451 1548 515 acceperat,
1617 447 1920 502 attendisse
1941 457 1998 531 Α
2020 449 2361 504 vescendum
2387 455 2648 522 petentes
2675 452 2836 521 (Dan.
2865 469 2902 522 1,
2933 457 3039 523 l2),
3068 453 3208 509 cibis
3234 455 3408 527 regiis
3436 457 3522 512 uti
3550 473 3653 512 no-

285 534 638 605 respondere
688 538 929 605 poterat,
957 538 1023 589 ut
1070 542 1355 606 pastorem
1402 556 1567 593 suum
1612 557 1760 608 oves,
1791 558 1920 612 quas

283 628 606 682 commissa}
638 629 869 698 fuerint,
898 631 1321 700 reprehendere
1347 650 1461 687 non
1491 635 1787 703 auderent,
1821 635 1920 690 sed

283 722 334 774 si
382 721 443 775 in
499 723 734 792 querela
793 721 1048 778 fidelium
1115 723 1333 796 aliquid
1387 727 1456 781 de
1500 743 1598 782 sua
1643 732 1920 798 potestate

285 814 525 882 diceret,
554 815 812 886 profecto
849 817 1052 872 doctor
1077 819 1527 875 mansuetudinis
1557 837 1671 875 non
1699 822 1915 889 fuisset,

285 909 499 962 Humili
514 925 651 980 ergo
668 926 763 964 eos
782 910 1001 965 ratione
1021 912 1265 982 placavit
1275 919 1444 984 atque
1467 915 1526 969 in
1547 931 1713 969 causa
1734 932 1921 988 repre-

284 1002 582 1057 hensionis
609 1021 746 1073 suae,
766 1005 938 1059 etiam
956 1008 1130 1060 testes
1153 1007 1436 1075 adhibuit,
1451 1007 1644 1062 dicens
1668 1027 1679 1062 :
1699 1031 1726 1059 «ι
1745 1011 1919 1066 Vene-

283 1100 424 1150 runt
451 1102 640 1152 autem
663 1114 892 1152 mecum
917 1104 975 1154 et
1001 1116 1093 1155 sex
1119 1101 1326 1155 fratres
1355 1101 1448 1156 isti
1479 1103 1619 1172 (Act.
1652 1120 1728 1172 x1,
1757 1103 1861 1176 l2).
1886 1124 1912 1155 1)

283 1189 342 1244 Si
373 1190 566 1262 igitur,
599 1195 656 1245 et
693 1196 884 1262 pastor
913 1193 1194 1260 Ecclesiae,
1227 1199 1283 1249 et
1326 1197 1710 1266 apostolorum
1753 1198 1913 1268 prin-

282 1300 435 1354 ceps,
485 1285 648 1355 signa
697 1291 754 1340 et
797 1286 1072 1342 miracula
1120 1289 1484 1360 singulariter
1526 1290 1752 1356 faciens,
1801 1308 1915 1346 non

280 1378 622 1448 dedignatus
643 1383 728 1433 est
748 1379 804 1433 in
825 1397 997 1435 causa
1020 1382 1482 1452 reprehensionis
1503 1401 1617 1438 suae
1637 1385 1913 1439 rationem

283 1471 578 1526 humiliter
627 1473 888 1539 reddere,
931 1479 1145 1545 quanto
1191 1477 1376 1547 magis
1422 1495 1526 1531 nos
1575 1484 1911 1548 peccatores,

280 1583 416 1620 cum
463 1567 521 1620 in
572 1584 632 1621 re
674 1568 867 1639 aliqua
912 1569 1417 1638 reprehendimur,
1469 1573 1915 1643 reprehensores

281 1663 510 1714 nostros
558 1661 780 1715 ratione
825 1662 1029 1716 humili
1078 1663 1301 1733 placare
1347 1665 1664 1720 debemus?
1692 1667 1775 1720 Ad
1823 1683 1914 1721 me

280 1754 518 1818 etenim,
547 1754 691 1809 sicut
721 1756 915 1822 nostis,
944 1773 1073 1810 cum
1103 1757 1254 1828 apud
1282 1758 1518 1829 vestigia
1545 1759 1910 1815 dominorum

279 1848 340 1901 in
370 1848 532 1919 regia
556 1848 696 1903 urbe
740 1849 1093 1918 demorarer,
1126 1850 1292 1906 multi
1324 1869 1390 1905 ex
1436 1853 1516 1906 eis
1547 1853 1736 1908 venire
1777 1871 1908 1907 con-
1934 1830 1989 1901 B

278 1947 584 1997 sueverant
615 1942 714 2012 qui
747 1942 816 1997 de
856 1943 1143 2014 praedictis
1184 1945 1449 2016 capitulis
1477 1947 1908 2003 accusabantur.

278 2034 416 2101 Sed,
449 2040 588 2090 teste
636 2037 1001 2103 conscientia,
1031 2037 1213 2092 fateor
1263 2056 1554 2111 nunquam
1592 2040 1649 2093 in
1679 2042 1759 2095 eis
1807 2043 1907 2096 ali-

276 2128 419 2198 quid
465 2129 776 2199 pravitatis,
809 2131 1022 2201 aliquid
1055 2131 1263 2186 erroris
1311 2132 1379 2186 de
1423 2133 1530 2201 his,
1560 2151 1688 2206 quae
1721 2140 1912 2190 contra

276 2238 378 2276 eos
421 2222 776 2292 dicebantur,
805 2224 1017 2278 inveni.
1049 2226 1207 2280 Unde
1250 2230 1306 2281 et
1341 2243 1439 2281 eos
1475 2228 1747 2298 opinione
1774 2247 1906 2284 con-

277 2320 497 2385 tempta
525 2316 877 2372 familiariter
906 2320 1193 2390 suscipere
1220 2324 1277 2374 et
1301 2321 1482 2392 magis
1507 2321 1576 2375 ab
1604 2321 1909 2393 insequen-

279 2408 432 2462 tibus
457 2409 762 2464 defendere
787 2411 1085 2476 curabam;
1116 2412 1409 2467 dicebatur
1437 2430 1685 2485 namque
1717 2419 1912 2470 contra

277 2519 376 2556 eos
405 2503 558 2574 quod
587 2503 689 2556 sub
717 2503 952 2559 obtentu
995 2506 1288 2576 religionis
1317 2507 1583 2579 conjugia
1608 2510 1908 2576 solverent,

275 2602 336 2650 et
362 2597 496 2668 quia
523 2597 776 2652 dicerent
803 2599 954 2669 quod
979 2599 1255 2670 baptisma
1285 2607 1515 2671 peccata
1541 2604 1770 2672 penitus
1797 2621 1909 2658 non

275 2691 556 2756 auferret;
586 2695 640 2744 et
671 2691 714 2744 si
761 2691 833 2746 de
863 2692 1260 2763 iniquitatibus
1304 2695 1420 2748 suis
1465 2696 1592 2767 quis
1623 2698 1907 2769 paeniten-

273 2783 416 2837 tiam
445 2785 500 2837 in
544 2785 858 2839 triennium
905 2791 1124 2855 ageret,
1155 2789 1519 2858 postmodum
1568 2791 1616 2844 ei
1647 2809 1909 2862 perverse

274 2877 464 2930 vivere
497 2878 716 2947 liceret;
743 2883 800 2933 et
821 2880 954 2950 quia
981 2881 1026 2934 si
1056 2883 1333 2952 compulsi
1364 2883 1579 2953 aliquid
1608 2885 1676 2939 de
1706 2886 1911 2956 quibus

274 2971 857 3042 reprehendebantur,
892 2975 1373 3031 anathematizare
1403 2994 1462 3030 se
1491 2977 1747 3034 dicerent
1770 2997 1907 3034 ana-

273 3065 547 3120 thematis
576 3065 796 3120 vinculo
831 3068 988 3122 nullo
1019 3069 1186 3123 modo
1216 3071 1417 3125 teneri.
1453 3072 1519 3125 Et
1548 3071 1594 3125 si
1629 3073 1729 3144 qui
1757 3077 1908 3140 sunt,

272 3159 376 3230 qui
407 3158 722 3214 certissime
757 3161 888 3215 talia
914 3161 1188 3229 sentiunt,
1221 3163 1307 3218 vel
1339 3168 1556 3228 tenent,
1589 3165 1721 3236 quia
1749 3167 1907 3221 Chri-

271 3252 447 3306 stiani
483 3270 596 3308 non
625 3257 776 3321 sunt,
817 3255 1054 3309 dubium
1097 3273 1213 3311 non
1242 3262 1346 3326 est,
1383 3274 1593 3329 eosque
1625 3264 1682 3312 et
1723 3276 1829 3329 ego
1856 3267 1912 3315 et

275 3363 482 3400 omnes
517 3347 782 3403 catholici
825 3349 1096 3420 episcopi,
1136 3354 1307 3421 atque
1358 3352 1622 3407 universa
1667 3354 1911 3408 Ecclesia

271 3440 844 3511 anathematizamus,
891 3443 1026 3515 quia
1071 3443 1292 3499 veritati
1333 3446 1614 3501 contraria
1660 3448 1912 3502 sentiunt

272 3538 337 3588 et
379 3536 662 3590 contraria
705 3537 1033 3608 loquuntur.
1080 3537 1136 3594 Si
1182 3539 1339 3594 enim
1379 3540 1576 3595 dicunt
1621 3541 1911 3613 religionis

273 3644 447 3683 causa
485 3629 751 3701 conjugia
780 3631 989 3686 debere
1035 3632 1283 3702 dissolvi,
1317 3634 1610 3688 sciendum
1659 3638 1744 3688 est
1779 3635 1910 3706 quia

273 3723 381 3777 etsi
412 3723 520 3778 hoc
546 3724 633 3778 lex
659 3724 912 3780 humana
942 3727 1236 3793 concessit,
1266 3727 1360 3782 lex
1385 3728 1573 3782 divina
1597 3729 1908 3800 prohibuit.

273 3817 385 3870 Per
411 3833 469 3870 se
499 3818 653 3871 enim
682 3817 898 3873 Veritas
941 3820 1078 3875 dicit
1108 3837 1120 3874 :
1159 3843 1187 3869 «
1219 3821 1382 3885 Quod
1422 3823 1567 3876 Deus
1595 3823 1908 3893 conjunxit,

274 3911 456 3964 homo
478 3927 594 3966 non
619 3917 841 3984 separet
872 3913 1087 3982 (Matth.
1122 3931 1233 3984 x1x,
1265 3917 1338 3984 9).
1376 3937 1402 3964 ››
1440 3916 1548 3980 Qui
1582 3917 1755 3971 etiam
1787 3917 1866 3972 ait
1893 3934 1906 3972 :

276 4025 306 4056 (ι
343 4005 461 4058 Non
505 4005 633 4059 licet
677 4005 966 4062 dimittere
1009 4025 1270 4079 uxorem,
1299 4015 1537 4081 excepta
1583 4027 1750 4065 causa
1795 4012 1908 4066 for-

273 4097 582 4152 nicationis
628 4100 830 4170 (Ibid)
877 4121 904 4149 »
947 4101 1080 4165 Quis
1124 4119 1261 4174 ergo
1300 4103 1431 4158 huic
1477 4105 1691 4159 caelesti
1737 4104 1908 4176 legis-

273 4191 446 4246 latori
519 4193 915 4248 contradicat?
971 4195 1193 4250 Scimus
1250 4197 1384 4269 quia
1438 4198 1713 4268 scriptum
1771 4205 1906 4254 est:

275 4309 304 4335 ‹‹
340 4286 519 4340 Erunt
561 4287 672 4341 duo
711 4287 772 4342 in
811 4305 980 4344 carne
1023 4307 1139 4344 una
1170 4292 1317 4354 (Gen.
1353 4293 1543 4361 11,24).
1580 4314 1606 4341 ››
1647 4293 1700 4346 Si
1737 4292 1912 4362 igitur

273 4380 362 4433 vir
386 4382 443 4435 et
466 4396 615 4435 uxor
655 4398 762 4435 una
812 4399 944 4437 caro
994 4387 1146 4450 sunt,
1180 4391 1236 4440 et
1279 4384 1570 4456 religionis
1613 4401 1799 4454 causa,
1824 4387 1912 4442 vir

271 4473 509 4529 dimittit
541 4491 796 4545 uxorem,
820 4478 908 4532 vel
935 4477 1142 4533 mulier
1165 4479 1352 4533 virum
1374 4479 1434 4532 in
1465 4479 1568 4534 hoc
1590 4480 1806 4535 mundo
1828 4497 1910 4536 re-

2019 542 2251 597 luerunt
2277 543 2458 612 (1bid.,
2493 545 2564 616 5),
2597 563 2712 600 non
2747 547 2882 618 quia
2929 549 3092 618 culpa
3143 551 3307 617 esset,
3337 550 3382 603 si
3419 566 3489 606 ea
3525 567 3652 622 quae

2020 637 2169 690 Deus
2186 637 2394 692 creavit
2415 639 2668 695 ederent.
2690 641 3008 696 Noluerunt
3035 659 3173 714 ergo
3194 660 3419 698 sumere
3439 661 3502 699 ea
3523 661 3650 716 qua:

2019 729 2221 784 licebat
2277 734 2339 783 ut
2396 747 2496 801 per
2559 734 2968 789 continentiam
3027 736 3206 790 virtus
3279 743 3646 795 excresceret.

2019 822 2190 878 David
2216 839 2351 878 vero
2385 825 2484 895 qui
2513 826 2758 881 alienam
2797 829 3099 900 conjugem
3131 830 3359 898 tulerat,
3393 835 3450 885 et
3486 833 3648 888 valde

2017 933 2120 986 pro
2178 934 2278 971 sua
2333 918 2498 989 culpa
2553 920 2741 975 fuerat
2795 921 3132 992 ﬂagellatus,
3190 941 3393 996 aquam
3452 925 3646 980 bibere

2017 1011 2188 1081 longe
2213 1017 2338 1081 post
2365 1012 2436 1066 de
2471 1012 2897 1070 Bethleemitica
2936 1016 3179 1071 cisterna
3212 1018 3391 1072 noluit
3418 1018 3491 1086 (II
3517 1021 3643 1087 Reg.

2018 1120 2172 1173 xxm,
2206 1107 2310 1174 16).

2087 1199 2289 1265 Quam,
2305 1215 2434 1252 cum
2461 1201 2509 1252 ei
2533 1200 2827 1256 fortissimi
2849 1203 3060 1258 milites
3076 1204 3432 1272 detulissent,
3454 1207 3645 1262 bibere

2018 1293 2316 1357 recusavit,
2345 1309 2527 1364 eaque
2554 1295 2846 1350 fundendo
2874 1297 3111 1351 Domino
3138 1297 3332 1351 libavit
3355 1298 3556 1368 (Ibid),
3588 1301 3646 1354 li-

2016 1384 2180 1438 cebat
2204 1385 2358 1439 enim
2384 1386 2578 1442 bibere
2600 1387 2643 1441 si
2665 1389 2950 1454 voluisset,
2975 1390 3070 1444 sed
3102 1390 3200 1461 qui
3226 1390 3418 1446 illicita
3452 1408 3510 1446 se
3532 1408 3647 1448 ces-

2015 1478 2151 1532 sisse
2190 1480 2548 1546 meminerat,
2580 1481 2934 1537 laudabiliter
2964 1488 3021 1537 et
3047 1501 3081 1537 a
3119 1483 3282 1538 licitis
3311 1485 3646 1554 abstinebat,

2017 1578 2073 1625 et
2096 1572 2194 1642 qui
2223 1573 2379 1642 prius
2403 1589 2504 1644 pro
2522 1575 2690 1644 culpa
2717 1592 2818 1629 sua
2844 1577 3217 1632 morientium
3247 1578 3499 1634 militum
3522 1597 3647 1634 san-

2016 1665 2252 1734 guinem
2295 1667 2458 1720 fundi
2504 1684 2620 1722 non
2660 1670 2885 1738 metuit,
2923 1671 3312 1739 postmodum,
3342 1673 3388 1726 si
3433 1689 3646 1744 aquam

2015 1758 2256 1825 biberet,
2286 1760 2458 1814 etiam
2489 1777 2592 1831 pro
2625 1762 2790 1832 culpa
2835 1779 2934 1816 sua
2977 1764 3348 1820 morientium
3393 1767 3646 1822 militum

2014 1853 2353 1923 sanguinem
2387 1869 2444 1907 se
2473 1854 2681 1909 fudisse
2701 1855 2996 1926 judicavit,
3026 1856 3218 1911 dicens
3245 1874 3258 1913 :
3293 1881 3319 1908 ‹‹
3349 1860 3494 1914 Num
3521 1876 3645 1915 san-

2014 1946 2243 2015 guinem
2273 1947 2572 2002 hominum
2604 1948 2866 2018 istorum,
2888 1950 2985 2020 qui
3015 1951 3248 2021 profecti
3276 1958 3428 2022 sunt,
3451 1959 3505 2008 et
3529 1954 3645 2008 ani-

2013 2055 2239 2094 marum
2260 2040 2574 2111 periculum
2595 2041 2786 2096 bibam
2801 2042 2828 2096 ‘I
2846 2063 2872 2091 »
2898 2043 3076 2111 (lbid.,
3102 2045 3210 2114 17.)
3233 2045 3500 2112 Proinde,
3513 2063 3644 2102 cum

2011 2133 2144 2187 boni
2174 2135 2444 2205 conjuges
2473 2141 2570 2189 aut
2611 2135 2884 2190 meritum
2915 2153 3131 2208 augere
3175 2138 3515 2208 desiderant,
3545 2144 3644 2195 aut

2011 2232 2141 2282 ante
2169 2229 2310 2282 acta:
2338 2229 2468 2282 vita:
2493 2231 2690 2300 culpas
2715 2230 2927 2297 delere,
2952 2236 3014 2285 ut
3041 2247 3098 2286 se
3131 2231 3205 2286 ad
3225 2233 3645 2289 continentiam

2012 2317 2427 2388 constringant,
2461 2322 2520 2372 et
2553 2318 2850 2374 meliorem
2878 2320 3055 2374 vitam
3100 2327 3372 2392 appetant
3402 2325 3548 2379 licet.
3584 2325 3644 2382 Si

2012 2427 2146 2465 vero
2178 2412 2613 2479 continentiam,
2645 2429 2820 2484 quam
2847 2430 2992 2468 uxor
3018 2415 3256 2486 appetit,
3286 2417 3372 2471 vir
3403 2422 3641 2484 recusat,

2013 2505 2184 2559 dividi
2207 2505 2541 2575 conjugium
2569 2523 2682 2561 non
2706 2507 2854 2574 licet,
2878 2509 3012 2578 quia
3031 2509 3308 2580 scriptum
3336 2517 3419 2566 est
3443 2529 3455 2566 :
3486 2535 3513 2561 ‹‹
3531 2513 3646 2567 Mu-

2010 2599 2116 2653 lier
2161 2599 2245 2653 sui
2302 2601 2551 2670 corporis
2612 2604 2952 2671 potestatem
3001 2619 3119 2657 non
3170 2603 3360 2673 habet,
3409 2607 3507 2662 sed
3560 2607 3645 2662 vir

2015 2695 2059 2756 (1
2099 2695 2217 2750 Cor.
2253 2709 2346 2758 v11,
2377 2695 2450 2758 4).
2500 2715 2526 2741 ››
2576 2694 2628 2749 Si
2681 2695 2780 2765 qui
2827 2711 2959 2749 vero
3005 2701 3140 2750 sunt
3181 2697 3279 2768 qui
3323 2699 3538 2764 dicunt,
3582 2701 3642 2755 in

2010 2787 2346 2858 baptismate
2368 2792 2597 2858 peccata
2623 2789 2920 2858 superficie
2953 2793 3114 2844 tenus
3145 2791 3374 2860 dimitti,
3395 2793 3533 2864 quid
3559 2799 3645 2849 est

2012 2882 2115 2935 hac
2132 2880 2538 2952 praedicatione
2566 2881 2870 2951 inﬁdelius,
2889 2882 2949 2936 in
2968 2899 3080 2954 qua
3098 2884 3287 2955 ipsum
3309 2885 3442 2940 fidei
3464 2903 3644 2942 sacra-

2011 2978 2270 3030 mentum
2314 2975 2585 3030 festinant
2627 2977 2864 3046 solvere,
2892 2977 2952 3031 in
2993 2994 3107 3049 quo
3155 2979 3544 3051 principaliter
3573 2981 3644 3037 ad

2011 3068 2249 3125 caalestis
2266 3069 2563 3125 munditiae
2583 3070 2922 3141 mysterium
2945 3071 3137 3126 anima
3157 3072 3384 3144 ligatur,
3405 3077 3470 3129 ut
3487 3075 3644 3130 abso-

2011 3164 2126 3217 luta
2167 3163 2432 3218 radicitus
2463 3180 2496 3217 a
2523 3164 2765 3235 peccatis
2794 3164 3059 3219 omnibus
3085 3167 3191 3220 soli
3221 3167 3307 3221 illi
3346 3167 3641 3238 inhaereat,

2012 3257 2080 3312 de
2122 3274 2236 3327 quo
2264 3257 2536 3328 scriptum
2566 3264 2652 3312 est
2682 3274 2693 3310 :
2728 3278 2754 3308 «
2787 3258 2919 3311 Mihi
2949 3264 3140 3313 autem
3187 3259 3483 3316 adhzerere
3527 3264 3639 3317 Deo

2011 3350 2221 3404 bonum
2271 3355 2356 3404 est
2399 3351 2565 3416 (Psal.
2606 3367 2769 3415 Lxxu,
2809 3352 2921 3419 28).
2970 3372 2996 3400 n
3039 3353 3202 3407 Certe
3247 3353 3424 3408 Rubri
3467 3355 3643 3410 maris

2010 3444 2282 3497 transitus
2321 3445 2511 3514 figura
2537 3444 2677 3497 sacri
2722 3444 3081 3515 baptismatis
3107 3446 3213 3500 fuit
3251 3448 3296 3518 (1
3325 3448 3446 3502 Cor.
3476 3465 3532 3514 x,
3565 3449 3640 3520 2),

2011 3538 2069 3591 in
2100 3554 2212 3608 quo
2256 3537 2444 3592 hostes
2488 3553 2522 3590 a
2551 3542 2715 3608 tergo
2760 3538 2969 3591 mortui
3013 3543 3166 3607 sunt,
3196 3541 3292 3594 sed
3319 3540 3414 3594 alii
3445 3546 3642 3597 contra

2011 3631 2215 3685 faciem
2245 3630 2303 3684 in
2332 3647 2528 3684 eremo
2559 3630 2792 3685 inventi.
2827 3631 2913 3686 Sic
2941 3632 3151 3704 quippe
3179 3634 3445 3690 omnibus
3465 3635 3561 3706 qui
3581 3636 3641 3690 in

2011 3728 2208 3779 sancto
2235 3725 2570 3795 baptismate
2592 3725 2916 3794 tinguntur,
2939 3741 3140 3780 eorum
3166 3733 3396 3798 peccata
3415 3734 3642 3800 printer-

2012 3820 2090 3873 ita
2115 3819 2308 3873 omnia
2351 3819 2637 3886 laxantur,
2672 3818 2804 3888 quia
2843 3819 2922 3873 eis
2949 3820 3105 3874 velut
3139 3822 3384 3893 zEgyptii
3429 3823 3637 3890 hostes,

2013 3930 2047 3968 a
2076 3916 2236 3983 tergo
2265 3912 2605 3966 moriuntur.
2637 3912 2742 3967 Sed
2774 3912 2834 3966 in
2875 3929 3070 3968 eremo
3099 3914 3239 3969 alios
3265 3915 3450 3971 hostes
3479 3917 3637 3971 inve-

2012 4007 2201 4061 nimus
2227 4006 2556 4078 priusquam
2602 4006 2672 4060 ad
2721 4005 3108 4076 promissionis
3149 4009 3391 4079 patriam
3421 4011 3636 4081 pertin-

2012 4117 2233 4171 gamus.
2262 4100 2443 4154 Multa:
2470 4117 2576 4154 nos
2602 4100 2942 4156 tentationes
2968 4101 3228 4172 fatigant,
3250 4106 3307 4157 et
3329 4104 3400 4158 ad
3425 4109 3641 4158 terram

2010 4195 2318 4249 viventium
2366 4193 2732 4248 tendentibus
2777 4195 2884 4248 iter
2920 4195 3300 4252 intercludere
3345 4197 3636 4254 festinant.

2010 4288 2114 4353 Qui
2141 4305 2278 4360 ergo
2312 4288 2464 4354 dicit,
2496 4291 2728 4358 peccata
2757 4288 2815 4342 in
2856 4288 3197 4359 baptismate
3243 4291 3498 4346 funditus
3525 4309 3641 4347 non

2011 4383 2239 4448 dimitti,
2263 4382 2413 4436 dicat
2437 4381 2495 4436 in
2516 4383 2662 4437 mari
2695 4383 2884 4437 Rubro
2910 4384 3204 4454 Egyptios
3223 4385 3494 4441 veraciter
3523 4403 3640 4442 non

2012 4479 2286 4531 mortuos.
2355 4477 2411 4531 Si
2472 4481 2663 4530 autem
2723 4476 2938 4531 fatetur
3011 4479 3307 4549 Egyptios
3368 4481 3643 4534 veraciter

268 4573 624 4637 manentem,
655 4569 739 4624 vel
763 4570 910 4625 forte
946 4571 1018 4626 ad
1047 4572 1243 4627 illicita
1270 4573 1640 4644 migrantem,
1669 4590 1797 4645 quae
1827 4577 1910 4629 est
1930 4569 1988 4641 D
2011 4576 2286 4636 mortuos,
2314 4570 2560 4624 fateatur
2584 4586 2813 4625 necesse
2849 4575 2932 4624 est
2958 4575 3187 4641 peccata
3217 4572 3275 4626 in
3300 4572 3643 4642 baptismate

268 4661 382 4716 ista
400 4662 713 4731 conversio,
739 4663 797 4717 in
824 4681 938 4734 qua
961 4681 1075 4719 una
1096 4665 1407 4737 eademque
1433 4683 1565 4721 caro
1587 4672 1644 4722 et
1663 4683 1730 4722 ex
1753 4672 1910 4738 parte

269 4755 482 4808 transit
510 4756 579 4810 ad
607 4757 1033 4828 continentiam,
1067 4764 1124 4813 et
1155 4776 1221 4813 ex
1251 4765 1412 4830 parte
1441 4767 1698 4817 remanet
1716 4761 1774 4815 in
1798 4762 1912 4832 pol-

269 4848 512 4904 lutione.
546 4850 605 4904 Si
633 4867 770 4905 vero
799 4851 1053 4923 utrisque
1085 4853 1390 4909 conveniat
1418 4854 1804 4910 continentem
1838 4855 1910 4910 vi-

271 4947 393 4997 tam
445 4943 674 5014 ducere,
732 4945 836 5000 hoc
888 4946 1095 5002 audeat
1150 4965 1435 5015 accusare,
1500 4949 1732 5019 quando
1788 4965 1909 5005 cer-

268 5042 398 5092 tum
421 5043 504 5092 est
529 5038 661 5109 quia
681 5039 1048 5112 omnipotens
1078 5042 1222 5097 Deus
1244 5043 1343 5114 qui
1365 5043 1588 5097 minora
1610 5045 1908 5110 concessit,

267 5131 498 5202 majora
526 5148 639 5187 non
686 5134 1020 5204 prohibuit?
1052 5137 1116 5191 Et
1144 5137 1354 5192 multos
1395 5140 1722 5192 sanctorum
1747 5139 1907 5193 novi-

268 5240 403 5278 mus
449 5241 579 5281 cum
621 5227 736 5281 suis
798 5228 1140 5300 conjugibus
1202 5235 1260 5285 et
1309 5232 1466 5302 prius
1527 5232 1911 5287 continentem

269 5317 447 5374 vitam
492 5318 736 5386 duxisse,
772 5324 829 5375 et
874 5323 1242 5393 postmodum
1289 5325 1360 5380 ad
1391 5329 1602 5380 sancta:
1651 5327 1909 5382 Ecclesiae

268 5412 559 5485 regimina
584 5414 882 5486 migrasse.

347 5507 574 5563 Duobus
621 5510 834 5565 etenim
879 5512 1064 5567 modis
1107 5514 1283 5568 sancti
1314 5513 1418 5568 viri
1461 5515 1633 5569 etiam
1673 5532 1706 5568 τι
1747 5514 1911 5569 licitis

266 5601 557 5657 abstinere
588 5603 808 5672 solent;
838 5605 1166 5676 aliquando,
1197 5612 1258 5661 ut
1305 5607 1575 5662 meritum
1619 5608 1724 5663 sibi
1759 5609 1911 5680 apud

243 5696 735 5768 'omnipotentem
774 5699 950 5754 Deum
998 5705 1270 5772 augeant,
1316 5701 1622 5773 aliquando
1670 5719 1801 5757 vero
1851 5705 1913 5756 ut

269 5796 408 5846 ante
438 5793 563 5847 vita:
591 5796 731 5848 actae
758 5795 948 5866 culpas
993 5796 1311 5868 detergant.
1339 5798 1472 5852 Tres
1509 5797 1718 5853 etenim
1750 5797 1909 5870 pueri

268 5887 335 5943 in
371 5885 522 5958 regis
563 5887 885 5960 Babylonici
929 5890 1200 5962 obsequio
1244 5890 1469 5948 deducti
1519 5893 1813 5965 legumina
1842 5893 1911 5948 ad

2010 4665 2266 4719 funditus
2298 4663 2465 4730 mori,
2498 4663 2632 4734 quia
2665 4663 2940 4717 nimirum
2985 4664 3109 4734 plus
3139 4664 3281 4719 valet
3320 4665 3380 4719 in
3411 4665 3638 4722 absolu-

2012 4759 2170 4813 tione
2195 4762 2387 4812 nostra
2411 4757 2639 4823 veritas,
2668 4773 2838 4827 quam
2867 4757 3066 4810 umbra
3093 4757 3362 4814 veritatis.
3381 4761 3440 4814 ln
3463 4762 3641 4817 Evan-

2012 4853 2163 4924 gelio
2208 4851 2481 4906 Dominus
2529 4849 2667 4904 dicit
2697 4868 2710 4904 :
2745 4872 2770 4898 «
2799 4850 2905 4914 Qui
2947 4851 3096 4905 lotus
3123 4853 3227 4922 est,
3262 4869 3376 4908 non
3422 4854 3643 4928 indiget

2013 4947 2120 5000 nisi
2149 4950 2211 5000 ut
2231 4946 2404 5016 pedes
2431 4945 2598 5011 lavet,
2633 4944 2728 4999 sed
2755 4949 2840 4999 est
2868 4945 3119 4999 mundus
3146 4949 3298 5001 totus
3319 4949 3496 5019 (Joan.
3518 4966 3637 5018 x111,

2016 5042 2122 5108 19).
2158 5059 2184 5089 ››
2212 5039 2266 5094 Si
2295 5038 2473 5110 igitur
2503 5041 2735 5109 peccata
2762 5037 2822 5092 in
2859 5037 3199 5109 baptismate
3236 5041 3492 5098 funditus
3522 5059 3640 5100 non

2011 5133 2404 5198 dimittuntur,
2425 5147 2609 5203 neque
2633 5132 2680 5186 is
2697 5132 2796 5203 qui
2819 5133 2967 5186 lotus
2994 5138 3078 5188 est
3100 5135 3348 5190 mundus
3367 5142 3450 5190 est
3467 5141 3640 5193 totus.

2010 5229 2183 5282 Totus
2209 5226 2365 5280 enim
2395 5225 2648 5280 mundus
2673 5225 2784 5280 dici
2812 5243 2928 5280 non
2957 5231 3161 5298 potest,
3189 5229 3280 5283 cui
3307 5228 3376 5283 de
3412 5233 3641 5298 peccato

2010 5321 2224 5392 aliquid
2260 5320 2551 5374 remansit.
2601 5319 2711 5374 Sed
2751 5337 2924 5376 nemo
2977 5321 3185 5376 resistit
3213 5322 3334 5375 voci
3360 5321 3640 5394 Veritatis,

2013 5433 2141 5488 qua;
2164 5415 2276 5470 ait:
2316 5437 2342 5463 «
2375 5414 2480 5479 Qui
2504 5415 2654 5469 lotus
2683 5420 2788 5484 est,
2818 5415 3064 5469 mundus
3089 5418 3172 5468 est
3199 5417 3351 5469 totus
3383 5414 3586 5485 (Ibid)
3608 5438 3636 5467 ››

2010 5511 2158 5565 Nihil
2207 5526 2346 5581 ergo
2388 5509 2437 5563 ei
2485 5509 2552 5564 de
2602 5509 2818 5580 peccati
2862 5508 2947 5562 sui
2989 5507 3334 5578 contagione
3379 5515 3641 5566 remanet

2011 5621 2179 5677 quem
2209 5608 2387 5659 totum
2431 5603 2642 5658 fatetur
2672 5601 2954 5657 mundum
2982 5601 3101 5671 ipse
3142 5601 3240 5671 qui
3278 5601 3541 5658 redemit.
3584 5603 3638 5660 Si

2010 5699 2105 5771 qui
2149 5702 2340 5753 autem
2385 5698 2599 5763 dicunt,
2623 5697 2691 5751 de
2738 5700 2966 5766 peccato
3006 5693 3276 5765 quolibet,
3308 5701 3363 5751 et
3393 5697 3638 5753 triennio

2010 5793 2343 5866 pmnitentia
2367 5791 2588 5863 agenda
2611 5794 2713 5853 est,
2739 5792 2797 5842 et
2820 5790 2948 5858 post
2973 5787 3284 5842 triennium
3311 5791 3368 5844 in
3390 5792 3642 5865 volupta-

2015 5888 2165 5942 tibus
2229 5885 2557 5953 vivendum,
2622 5883 2711 5936 isti
2779 5881 2962 5936 adhuc
3027 5898 3129 5937 nec
3203 5884 3646 5955 praedicamenta
