4092 6192
474 335 604 386 1119

1359 325 1638 381 ΑΡΡΕΝΙ).
1682 325 1768 379 AD
1805 325 1966 380 S/EC.
2013 323 2097 378 IX.
2122 352 2189 362 ——
2229 323 2476 380 lSlDORl
2515 322 2936 380 MERCATORIS

3701 322 3840 376 “‘20

468 455 614 492 verze
639 437 794 504 ﬁdei,
827 452 929 490 nec
957 451 1129 490 sacrae
1160 435 1464 508 Scripturae
1511 439 1790 506 praecepta
1816 450 2094 505 cognove-
2119 449 2178 522 Α
2198 433 2334 505 petii
2361 432 2706 506 imperitiam
2733 432 2960 504 placare
2997 432 3312 486 mansuetis
3337 430 3846 486 exhortationibus

468 536 618 586 runt.
649 532 854 585 Contra
880 531 983 584 hos
1015 530 1354 601 praedicator
1385 529 1651 600 egregius
1679 529 1881 582 Paulus
1917 527 2055 582 dicit
2082 544 2095 581 :

469 649 494 674 ‹‹
530 624 636 688 Qui
664 624 908 679 seminat
937 624 993 677 in
1025 640 1195 677 carne
1241 639 1360 689 sua,
1391 623 1460 677 de
1503 639 1674 677 carne
1711 639 1810 676 sua
1839 627 1895 676 et
1925 627 2102 676 metet

468 719 889 788 corruptionem
911 718 1052 786 (Gal.
1075 734 1147 786 vi,
1170 720 1240 787 8).
1274 737 1301 768 »
1333 717 1542 772 Contra
1567 717 1672 771 hos
1693 717 1902 770 iterum
1924 715 2060 769 dicit
2084 733 2095 768 :

470 832 496 863 «
554 812 661 875 Qui
720 813 777 865 in
829 828 1001 866 carne
1052 815 1201 878 sunt,
1257 812 1371 864 Deo
1421 809 1642 880 placere
1693 826 1810 864 non
1865 811 2102 879 possunt

466 908 635 974 (Rom.
712 922 828 972 thl,
905 907 988 974 8);
1068 927 1094 953 »
1174 904 1271 959 ubi
1348 903 1636 973 discipulis
1712 902 2007 973 subjungit
2081 919 2095 955 :

469 1022 496 1049 ‹‹
548 1002 651 1054 Vos
697 1003 886 1054 autem
935 1015 1051 1052 non
1113 998 1245 1052 estis
1292 998 1353 1051 in
1403 1013 1591 1064 carne,
1639 996 1737 1050 sed
1785 996 1844 1049 in
1898 995 2098 1066 spiritu

468 1094 646 1162 (Ibid,
676 1094 726 1164 9)
761 1109 773 1147 :
807 1115 833 1141 ››
865 1092 924 1146 hi
953 1092 1165 1164 quippe
1192 1091 1249 1145 in
1279 1107 1447 1145 carne
1481 1095 1612 1144 sunt
1642 1089 1738 1161 qui
1766 1090 1822 1143 in
1855 1089 2097 1143 carnali-

466 1187 570 1241 bus
589 1186 973 1257 voluptatibus
993 1185 1206 1239 vivunt.
1227 1185 1434 1240 Contra
1458 1184 1564 1238 hos
1585 1183 1794 1238 dicitur
1815 1199 1827 1237 :
1856 1204 1883 1231 «
1906 1184 2098 1253 Neque

467 1280 756 1350 corruptio
783 1279 842 1333 in
861 1278 1244 1350 corruptelam
1277 1277 1584 1348 possidebit
1605 1277 1651 1345 (ι
1676 1279 1794 1334 Cor.
1824 1293 1912 1344 xv,
1938 1275 2045 1347 50).
2067 1297 2094 1323 ››

467 1374 526 1429 Si
584 1376 776 1427 autem
853 1372 1048 1427 dicunt
1120 1372 1285 1442 pauci
1360 1371 1634 1442 temporis
1709 1369 2098 1440 paenitentiam

467 1470 665 1522 contra
689 1472 984 1538 peccatum
1027 1465 1233 1521 debere
1277 1465 1554 1534 sufﬁcere,
1585 1468 1651 1518 ut
1685 1464 1896 1518 iterum
1939 1463 2101 1518 liceat

467 1561 542 1616 ad
567 1565 861 1632 peccatum
908 1559 1111 1627 redire,
1142 1562 1294 1614 recte
1337 1559 1441 1613 hos
1478 1557 1716 1629 pastoris
1759 1556 1926 1629 primi
1968 1574 2096 1610 sen-

469 1654 646 1710 tentia
671 1653 937 1725 percutit,
955 1653 1053 1724 qui
1075 1653 1156 1706 ait
1181 1669 1193 1707 :
1221 1672 1247 1704 (ι
1268 1652 1519 1723 Contigit
1539 1652 1651 1706 illis
1679 1651 1816 1706 illud
1840 1650 1958 1706 veri
1979 1666 2102 1722 pro-

469 1748 647 1802 verbii
677 1765 691 1802 :
722 1746 886 1802 Canis
931 1763 1185 1801 reversus
1231 1746 1302 1800 ad
1349 1745 1646 1813 vomitum,
1680 1749 1735 1800 et
1777 1762 1872 1800 sus
1902 1745 2015 1798 lota
2041 1743 2101 1797 in

2201 545 2266 582 ac
2312 527 2778 598 responsionibus
2823 526 3013 596 debet,
3047 529 3109 580 ut
3152 542 3266 580 non
3302 527 3485 580 solum
3523 525 3594 580 de
3627 529 3839 580 semet-

2199 622 2340 693 ipsa,
2362 623 2460 677 sed
2483 622 2654 676 etiam
2685 621 2756 675 de
2784 621 2892 674 illis
2915 621 3156 692 gloriam
3187 624 3418 674 (Pternze
3445 619 3844 673 retributionis

2201 715 2475 770 inveniat.
2509 717 2640 770 Haec
2670 731 2761 768 me
2797 714 2984 770 dicere
3021 714 3176 768 vobis
3205 715 3417 769 nimius
3449 729 3617 768 amor
3643 713 3843 778 suasit,

2201 809 2335 881 quia
2363 808 2420 863 in
2447 812 2631 864 vestra
2671 807 2862 862 laetitia
2903 824 2996 862 me
3036 823 3308 874 crescere,
3336 811 3393 861 et
3421 808 3480 860 in
3515 810 3713 860 vestra
3737 807 3841 860 tri-

2200 903 2353 956 stitia
2379 919 2472 956 me
2516 901 2779 956 existimo
2807 901 3106 956 minorari.
3135 901 3505 972 Omnipotens
3530 902 3682 956 Deus
3711 917 3840 972 gra-

2201 997 2273 1051 tia
2307 1013 2406 1051 vos
2435 995 2654 1050 caelesti
2680 995 2977 1064 custodiat,
3012 1000 3069 1049 et
3095 995 3244 1050 salva
3283 994 3508 1049 Domini
3533 995 3758 1065 pietate
3790 1001 3843 1048 et

2201 1089 2454 1160 piissima
2478 1087 2700 1143 Domini
2733 1089 3144 1160 tranquillitate
3175 1105 3280 1160 pro
3327 1089 3701 1160 parvulorum
3737 1087 3841 1141 do—

2201 1183 2494 1238 minorum
2539 1183 2894 1238 nutrimento
2938 1182 3109 1237 vitam
3168 1187 3415 1238 vestram
3457 1183 3698 1252 longius
3748 1198 3843 1235 ex-

2200 1277 2418 1331 tendat.

2412 1371 2658 1440 Epistola
2685 1373 2930 1438 Gregorii
2946 1387 3112 1441 papae
3135 1371 3209 1425 ad
3234 1373 3622 1439 Augustinum.

2272 1465 2766 1519 Reverendissimo
2799 1469 2856 1519 et
2896 1465 3250 1520 sanctissimo
3297 1465 3459 1519 fratri
3494 1469 3842 1534 AUGITSTISO,

2201 1559 2535 1628 Gaacomus,
2569 1575 2763 1613 servus
2788 1575 3082 1613 servorum
3111 1559 3230 1612 Dei.

2271 1651 2714 1706 Desiderabilem
2740 1652 2884 1707 mihi
2910 1669 2941 1706 a
2970 1657 3026 1707 te
3056 1653 3263 1707 missus
3293 1653 3510 1706 Denual
3537 1652 3846 1724 religiosus

2201 1745 2512 1816 presbyter,
2527 1747 2714 1800 attulit
2737 1746 3024 1816 nuntium,
3040 1762 3170 1800 cum
3187 1749 3242 1800 te
3264 1746 3533 1817 sospitem
3559 1748 3842 1810 narravit;

469 1841 764 1896 volutabra
794 1840 898 1894 luti
929 1841 1001 1909 (II
1024 1842 1167 1894 Petr.
1219 1856 1275 1906 ιι,
1317 1841 1424 1910 22).
1456 1862 1482 1888 »
1515 1841 1781 1910 Magnum
1826 1842 1911 1892 est
1951 1829 2178 1901 enimB
2203 1844 2260 1893 et
2285 1855 2351 1892 ex
2388 1839 2726 1909 ministerio,
2756 1857 2862 1912 pro
2895 1857 3009 1910 quo
3047 1840 3255 1894 missus
3297 1843 3400 1907 est,
3434 1842 3664 1895 favente
3708 1841 3843 1905 Deo,

468 1940 662 1990 contra
708 1938 1004 2005 peccatum
1031 1933 1208 1987 virtus
1252 1933 1624 2004 pmnitentiaz,
1655 1932 1772 2002 sed,
1807 1932 1852 1986 si
1881 1932 2008 2002 quis
2043 1931 2101 1984 in

466 2030 662 2085 eadem
697 2026 890 2100 278
918 2027 1250 2099 poenitentia
1283 2030 1626 2098 perseveret.
1655 2029 1794 2082 Nam
1829 2025 2106 2097 scriptum

466 2127 552 2179 est
581 2140 594 2178 :
626 2143 654 2175 ‹‹
685 2122 793 2186 Qui
823 2121 1271 2193 perseveraverit
1298 2137 1483 2192 usque
1509 2121 1568 2174 in
1599 2121 1776 2174 ﬁnem
1802 2119 1893 2173 hic
1919 2119 2105 2173 salvus

469 2217 576 2273 erit
602 2216 815 2286 (Matth.
846 2233 902 2284 x,
927 2215 1036 2284 22).
1067 2236 1090 2264 υ
1117 2213 1254 2268 Hinc
1273 2213 1546 2285 scriptum
1569 2230 1582 2267 :
1605 2234 1631 2262 «
1655 2213 1759 2278 Qui
1782 2212 2106 2283 baptizatur

468 2329 501 2364 a
527 2315 775 2378 mortuo,
800 2312 858 2363 et
882 2308 1091 2364 iterum
1117 2307 1304 2378 tangit
1326 2323 1477 2378 eum,
1499 2306 1637 2378 quid
1661 2307 1884 2378 proficit
1901 2305 2103 2360 lavatio

469 2405 592 2476 ejus
609 2404 637 2457 '2’
666 2425 693 2454 »
725 2403 912 2475 (Eccli.
941 2418 1129 2470 xxx1v,
1156 2403 1266 2474 30.)
1288 2402 1568 2456 Mortuum
1595 2400 1806 2472 quippe
1833 2403 1917 2454 est
1936 2414 2106 2454 omne

469 2515 609 2570 opus
633 2513 986 2570 perversum,
1019 2496 1171 2569 quod
1214 2494 1502 2568 pertrahit
1545 2494 1614 2550 ad
1661 2496 1926 2561 mortem,
1953 2493 2102 2565 quod

471 2593 642 2647 vitam
673 2591 914 2663 justitite
944 2608 1058 2645 non
1086 2589 1238 2644 vivit.
1275 2589 1598 2660 Baptizatur
1634 2605 1772 2659 ergo
1812 2605 1844 2641 a
1874 2591 2103 2642 mortuo

469 2692 524 2742 et
540 2687 746 2742 iterum
773 2685 958 2756 tangit
974 2701 1130 2754 eum,
1154 2684 1251 2755 qui
1275 2700 1450 2754 prava
1476 2699 1670 2754 opera,
1695 2698 1824 2753 quas
1845 2698 1903 2736 se
1923 2681 2104 2752 egisse

472 2780 756 2847 meminit,
788 2780 1065 2850 deplorat,
1096 2777 1197 2832 sed
1225 2793 1283 2831 se
1311 2776 1526 2831 eisdem
1557 2777 1765 2831 iterum
1787 2779 1914 2846 post
1931 2776 2106 2846 lacry-

472 2890 597 2927 mas
623 2872 904 2943 implicat.
938 2871 1146 2925 Anima
1189 2870 1270 2924 ita
1300 2869 1570 2940 quaelibet
1607 2869 1867 2940 ejusdem
1893 2868 2104 2922 mortui

468 2966 754 3021 lavatione
774 2981 890 3019 non
914 2964 1153 3035 proﬁcit,
1171 2963 1305 3034 quia
1321 2963 1425 3016 hoc
1447 2962 1655 3016 iterum
1673 2962 1934 3017 faciendo
1954 2961 2104 3032 quod

471 3059 708 3132 planxit,
738 3047 985 3128 nec'per
1014 3059 1266 3111 lamenta
1312 3055 1661 3127 poenitentia}
1704 3072 1768 3110 ac
1809 3054 2102 3110 rectitudi-

473 3170 604 3209 nem
627 3151 865 3223 justitiaz
892 3149 1167 3222 exsurgit.
1200 3149 1594 3205 Pcenitentiam
1613 3148 1765 3204 enim
1785 3165 1915 3203 vere
1937 3164 2106 3220 agere

470 3254 555 3303 est
578 3202 880 3301 cdmmissa
919 3202 1214 3316 plangere,
1245 3247 1302 3298 et
1327 3243 1536 3298 iterum
1565 3243 1894 3314 plangenda
1927 3202 2102 3296 decli-
2125 3202 2180 3277 Ο

470 3359 628 3396 nare.
664 3341 720 3397 Si
744 3339 842 3412 qui
869 3355 1000 3394 vero
1031 3341 1166 3392 sunt
1205 3337 1303 3410 qui
1349 3337 1566 3406 dicunt,
1594 3337 1750 3409 quia,
1778 3335 2104 3408 compulsus

469 3435 754 3508 quispiam
783 3432 1136 3501 necessitate,
1163 3431 1212 3485 si
1243 3430 1822 3497 anathematizaverit,
1864 3430 2100 3485 anathe-

469 3529 640 3584 matis
669 3528 891 3582 vinculo
923 3543 1038 3582 non
1065 3528 1314 3591 tenetur,
1337 3524 1445 3596 ipsi
1471 3523 1576 3578 sibi
1604 3526 1776 3578 testes
1815 3527 1945 3578 sunt
1971 3522 2105 3594 quia

471 3621 776 3680 Christiani
792 3638 909 3676 non
937 3625 1100 3689 sunt;
1125 3619 1261 3691 quia
1275 3619 1592 3690 ligamenta
1613 3621 1821 3673 sanctae
1842 3617 2104 3672 Ecclesiae

470 3717 626 3772 vanis
653 3733 712 3770 se
741 3715 1030 3770 aestimant
1053 3712 1345 3768 conatibus
1379 3712 1614 3779 solvere,
1649 3728 1713 3766 ac
1736 3727 1841 3784 per
1868 3711 1975 3766 hoc
2001 3727 2106 3766 nec

468 3809 821 3866 absolutione
865 3811 1074 3863 sancta:
1117 3806 1394 3873 Ecclesiae,
1427 3822 1602 3876 quam
1648 3807 1882 3876 praestat
1920 3805 2103 3860 ﬁdeli-

469 3905 596 3974 bus,
627 3921 821 3959 veram
865 3904 1091 3974 putant,
1122 3901 1166 3955 si
1213 3900 1565 3971 legationem
1609 3899 1732 3970 ejus
1767 3900 1955 3953 valere
1988 3915 2102 3953 non

469 4000 772 4054 aestimant.
797 3999 1003 4053 Contra
1027 4012 1170 4067 quos
1194 3994 1407 4049 diutius
1430 3993 1836 4064 disputandum
1861 4009 1976 4047 non
1998 3995 2104 4060 est,

469 4094 601 4166 quia
619 4109 724 4164 per
745 4091 941 4147 omnia
963 4087 1313 4161 despiciendi
1340 4093 1397 4142 et
1417 4086 1936 4141 anathematizandi
1951 4091 2103 4152 sunt,

475 4194 534 4243 ut
562 4186 713 4241 unde
743 4203 802 4240 se
828 4185 1024 4238 fallere
1051 4183 1343 4237 veritatem
1362 4181 1623 4250 credunt,
1639 4180 1769 4234 inde
1788 4180 1846 4233 in
1867 4180 2106 4250 peccatis

471 4281 586 4335 suis
625 4279 900 4333 veraciter
927 4277 1196 4347 ligentur.
1235 4275 1294 4329 Si
1339 4275 1437 4345 qui
1481 4277 1614 4328 sunt
1656 4273 1833 4343 igitur
1861 4274 1961 4344 qui
2000 4273 2103 4328 sub

471 4373 704 4428 nomine
732 4371 1049 4427 Christiano
1076 4369 1218 4436 haec,
1251 4385 1381 4439 quas
1422 4367 1812 4438 praediximus,
1841 4383 2101 4422 errorum

471 4466 719 4540 capitula
759 4471 855 4520 aut
885 4462 1195 4535 praedicare
1222 4461 1437 4516 audent
1479 4465 1579 4515 aut
1619 4460 1785 4516 tacite
1823 4461 1975 4532 apud
2017 4478 2099 4516 se-

2202 1932 2478 2004 proﬁcere
2498 1933 2804 1988 nuntiavit.
2834 1933 3041 1988 Detulit
3060 1933 3233 1989 etiam
3251 1951 3285 1988 a
3305 1939 3359 1989 te
3380 1935 3584 1988 missas
3603 1935 3844 2000 litteras,

2205 2026 2298 2080 ubi
2324 2026 2585 2081 indicasti
2614 2027 2765 2098 quod
2787 2044 2928 2097 ager
2956 2027 3285 2082 Dominicus
3305 2028 3402 2098 qui
3423 2027 3681 2083 incultus
3695 2029 3849 2100 jace-

2203 2119 2318 2188 bat,
2347 2123 2406 2174 et
2443 2120 2735 2190 spinarum
2765 2120 2976 2175 aculeis
3003 2138 3072 2174 ex
3103 2120 3430 2176 inﬁdelitate
3460 2121 3727 2191 riguerat
3752 2138 3844 2174 vo-

2203 2229 2360 2268 mere
2376 2216 2489 2268 tum
2507 2214 2779 2268 doctrinm
2802 2219 3089 2282 exarante,
3110 2232 3306 2269 semen
3328 2214 3484 2268 verbi
3501 2215 3782 2285 suscepit,
3796 2220 3849 2270 et

2204 2307 2452 2362 fertilem
2475 2323 2716 2362 messem
2737 2307 2970 2378 protulit
2984 2309 3292 2363 ﬁdelitatis.
3317 2309 3376 2362 In
3399 2309 3619 2362 eisdem
3647 2308 3846 2362 litteris

2204 2401 2470 2470 quasdam
2516 2401 2872 2456 subnexuisti
2918 2401 3183 2472 capitula,
3215 2401 3552 2456 sciscitando
3603 2403 3850 2473 qualiter

2203 2497 2417 2561 teneat,
2447 2495 2531 2548 vel
2575 2495 2778 2550 doceat
2821 2495 2943 2549 haec
2991 2500 3187 2550 sancta
3228 2496 3536 2566 apostolica
3585 2498 3848 2551 Romam

2205 2587 2466 2642 Ecclesia.
2498 2588 2644 2642 Bene
2678 2589 2812 2642 satis
2839 2588 2970 2659 quia
2997 2589 3198 2642 beatus
3225 2591 3512 2660 apostolus
3539 2591 3767 2658 Petrus,
3798 2597 3850 2643 et

2203 2682 2566 2752 apostolatus,
2583 2686 2638 2736 et
2652 2681 3005 2752 episcopatus
3025 2682 3370 2753 principium
3391 2683 3629 2751 exstitit,
3649 2689 3708 2737 et
3723 2700 3852 2737 con-

2204 2774 2414 2828 sulenti
2440 2774 2541 2828 tibi
2571 2774 2641 2828 de
2670 2778 2819 2828 statu
2845 2775 3108 2830 Ecclesia:
3135 2792 3249 2830 non
3278 2792 3346 2830 ex
3375 2776 3538 2830 nobis
3581 2778 3753 2847 quasi
3783 2794 3853 2831 ex

2205 2868 2388 2937 nobis,
2418 2868 2518 2922 sed
2551 2885 2615 2924 ex
2643 2869 2824 2939 gratia
2853 2890 2880 2917 «
2908 2885 3035 2941 qua:
3063 2869 3247 2940 aperit
3273 2887 3336 2924 os
3365 2874 3616 2937 mutum,
3648 2874 3712 2924 et
3745 2871 3848 2924 Iin-

2207 2979 2347 3034 guas
2371 2962 2675 3017 infantium
2704 2963 2838 3017 facit
2865 2963 3098 3018 disertus
3125 2963 3274 3034 (Sap.
3306 2980 3362 3031 x,
3387 2967 3504 3032 '21);
3539 2988 3566 3012 ››
3603 2965 3854 3036 qualiter

2207 3060 2402 3110 tenere
2446 3055 2650 3112 debeas
2677 3057 2967 3128 apostolici
2994 3057 3205 3128 vigoris
3245 3057 3503 3112 doctrina
3540 3058 3850 3113 edicimus.

2205 3150 2384 3221 Igitur
2408 3149 2468 3204 in
2502 3150 2705 3221 primis
2731 3151 3026 3222 legebatur
3069 3156 3240 3223 quota
3273 3152 3580 3223 progenies
3606 3154 3851 3223 propin-

2205 3261 2448 3315 quorum
2476 3244 2844 3298 matrimonio
2872 3245 3186 3316 copuletur,
3219 3245 3457 3300 dicimus
3483 3246 3644 3316 quod
3671 3263 3850 3317 opor-

2204 3341 2392 3392 tuerat
2412 3338 2640 3409 quidem
2666 3338 2923 3410 quandiu
2953 3355 3012 3392 se
3033 3343 3385 3409 cognoscunt
3404 3339 3690 3394 afﬁnitate
3713 3357 3850 3411 pro-

2203 3432 2449 3503 pinquos
2497 3431 2569 3486 ad
2601 3432 2773 3503 hujus
2799 3433 3013 3504 cepulac
3045 3450 3160 3488 non
3187 3434 3451 3489 accedere
3487 3434 3851 3501 societatem,

2203 3525 2301 3580 sed
2324 3526 2460 3598 quia
2484 3527 2867 3597 temperantia
2911 3527 3116 3598 magis,
3151 3533 3208 3582 et
3252 3528 3570 3598 praesertim
3622 3529 3681 3582 in
3731 3535 3855 3584 tam

2205 3618 2449 3674 barbara
2485 3624 2656 3691 gente
2698 3620 2882 3692 placet
2905 3621 3211 3692 plusquam
3246 3621 3524 3677 districtio
3562 3639 3850 3690 censurae,

2204 3714 2629 3769 concedendum
2645 3719 2748 3782 est,
2762 3719 2827 3769 ut
2840 3718 2968 3786 post
2983 3721 3243 3786 quartam
3265 3717 3706 3786 generationem
3717 3718 3854 3788 jun.

2207 3812 2434 3879 gantur.
2466 3809 2603 3862 Nam
2633 3808 2788 3879 quod
2819 3809 3080 3880 posuisti,
3107 3810 3260 3882 quod
3289 3811 3336 3863 si
3363 3810 3570 3864 mulier
3590 3811 3849 3865 inﬁrmi-

2204 3904 2324 3955 tate
2371 3906 2630 3972 correpta
2674 3919 2788 3956 non
2820 3903 3065 3958 valuerit
3101 3903 3222 3958 viro
3266 3903 3525 3959 debitum
3574 3904 3849 3972 reddere,

2203 3995 2338 4066 quid
2367 3996 2489 4066 ejus
2518 3996 2688 4050 faciat
2707 3996 2943 4067 jugalis,
2974 3997 3190 4052 bonum
3219 4001 3384 4064 esset,
3419 3998 3464 4052 si
3493 3998 3570 4051 sic
3612 4015 3850 4069 perma-

2205 4095 2387 4157 neret,
2410 4093 2476 4144 ut
2500 4090 2854 4146 abstinentiae
2879 4095 3124 4146 vacaret.
3155 4091 3263 4147 Sed
3297 4092 3434 4163 quia
3458 4093 3568 4146 hoc
3604 4109 3848 4165 magno-

2205 4200 2333 4238 rum
2376 4189 2478 4254 est,
2517 4185 2607 4238 ille
2643 4185 2742 4256 qui
2781 4202 2838 4240 se
2882 4201 2995 4240 non
3044 4185 3253 4257 poterit
3295 4187 3616 4252 continere,
3668 4189 3854 4242 nubat

2205 4277 2408 4349 magis,
2442 4294 2560 4332 non
2609 4283 2802 4334 tamen
2842 4279 3078 4334 subsidii
3115 4296 3280 4350 opem
3323 4280 3620 4335 subtrahat
3651 4281 3723 4334 ab
3756 4283 3853 4336 illa

2204 4371 2294 4424 cui
2320 4370 2620 4426 inﬁrmitas
2647 4373 2943 4444 praepedit,
2967 4379 3022 4428 et
3048 4390 3162 4428 non
3194 4373 3544 4429 detestabilis
3565 4375 3737 4446 culpa
3763 4393 3852 4431 ex-

2205 4465 2400 4520 cludit.
2431 4467 2728 4538 Presbyter
2754 4484 2890 4521 vero
2917 4469 3000 4522 vel
3034 4469 3277 4540 quilibet
3302 4469 3585 4537 sacerdos,
3620 4471 3669 4523 si
3696 4487 3734 4524 a
3757 4488 3852 4542 po-

469 4559 1098 4634 metipsostenere,hos
1115 4555 1504 4627 proculdubio
1531 4555 2339 4650 anathematizamus.Dpulo
2385 4559 2558 4614 fuerit
2602 4565 2914 4632 accusatus,
2958 4567 3014 4617 et
3062 4563 3198 4617 certi
3242 4579 3356 4616 non
3411 4562 3629 4617 fuerint
3673 4569 3852 4620 testes

471 4659 545 4713 Ex
591 4655 859 4712 omnibus
903 4659 1095 4708 tamen
1143 4650 1400 4722 capitulis
1437 4649 1497 4704 in
1529 4649 1628 4719 eis,
1660 4649 1802 4703 sicut
1846 4649 2099 4720 preedixi,

467 4752 568 4822 qui
595 4750 668 4804 ad
699 4766 792 4804 me
828 4749 886 4803 in
911 4747 1071 4818 regia
1099 4745 1241 4800 urbe
1272 4743 1466 4798 venire
1511 4747 1940 4813 consueverant,
1972 4745 2100 4798 nul-

470 4845 590 4899 lum
642 4843 875 4898 omnino
915 4856 1172 4897 errorem
1218 4838 1524 4909 cujuslibet
1577 4837 1829 4908 praedicti
1873 4837 2102 4908 capituli

470 4937 696 5009 agnovi,
723 4935 823 4990 sed
862 4951 1050 5006 neque
1094 4933 1267 4986 fuisse
1315 4931 1598 4999 existimo,
1637 4947 1772 4984 nam
1817 4930 1862 4984 si
1908 4931 2105 4986 fuisset

473 5030 849 5104 agnovissem.
876 5028 1020 5093 Quia
1049 5043 1184 5081 vero
1212 5029 1345 5080 sunt
1388 5025 1554 5079 multi
1587 5024 1840 5079 ﬁdelium
1873 5025 1970 5096 qui
1995 5024 2098 5080 im-

474 5125 692 5198 peritia:
732 5123 850 5178 zelo
895 5119 1302 5189 accenduntur,
1335 5122 1392 5173 et
1432 5135 1604 5189 saepe,
1641 5117 1779 5173 dum
1825 5119 2102 5190 quosdam

471 5219 633 5293 quasi
677 5216 975 5273 hereticos
1021 5213 1417 5285 insequuntur,
1450 5212 1694 5267 hiereses
1740 5212 1976 5281 faciunt,
2005 5231 2101 5270 eo-

472 5331 600 5369 rum
650 5309 937 5367 inﬁmitati
985 5307 1398 5362 consulendum
1444 5311 1549 5373 est,
1579 5311 1638 5361 et
1679 5306 1825 5360 sicut
1866 5307 2103 5378 praedixi

471 5408 695 5463 ratione
725 5422 790 5460 ac
818 5401 1255 5459 mansuetudine
1281 5404 1416 5455 sunt
1441 5400 1723 5471 placandi.
1753 5400 1862 5454 Illis
1893 5401 2103 5472 quippe

471 5507 606 5556 sunt
629 5499 863 5568 similes,
883 5497 953 5552 de
977 5496 1186 5569 quibus
1206 5495 1480 5565 scriptum
1502 5499 1618 5549 est:
1647 5494 2102 5549 «Testimonium

471 5595 743 5668 perhibeo
786 5593 855 5647 de
902 5591 1010 5645 illis
1053 5590 1206 5662 quod
1245 5589 1676 5643 aemulationem
1723 5589 1824 5642 Dei
1869 5588 2100 5658 habent,

471 5689 570 5743 sed
607 5703 724 5742 non
761 5684 1076 5740 secundum
1124 5682 1421 5738 scientiam
1458 5683 1627 5750 (Rom.
1657 5699 1714 5750 x,
1744 5686 1818 5751 2).
1855 5705 1882 5731 ››
1917 5685 2104 5739 Vestra

473 5782 662 5852 itaque
691 5777 1044 5846 excellentia,
1071 5793 1198 5848 qua
1238 5777 1298 5829 in
1341 5775 1602 5842 lectione,
1633 5775 1691 5829 in
1724 5776 1989 5848 lacrymis
2013 5781 2099 5832 at-

477 5888 587 5947 que
614 5873 673 5926 in
699 5870 1071 5939 eleemosynis
1113 5868 1525 5923 incessabiliter
1556 5868 1706 5936 vivit,
1736 5885 1933 5926 eorum
1960 5871 2104 5927 sicut

2204 4653 2302 4723 qui
2319 4653 2573 4708 criminis
2592 4654 2733 4709 illati
2753 4655 3075 4726 approbent
3099 4655 3416 4724 veritatem,
3432 4656 3848 4727 jusjurandum

2203 4747 2312 4801 erit
2331 4747 2389 4800 in
2415 4747 2627 4820 medio,
2650 4755 2708 4804 et
2725 4749 2886 4804 illum
2911 4755 3112 4806 testem
3131 4751 3384 4822 proferat
3403 4751 3471 4805 de
3489 4750 3849 4808 innocentia?

2204 4857 2317 4896 suae
2348 4841 2616 4912 puritate,
2638 4865 2665 4892 «
2693 4843 2782 4898 cui
2810 4844 2964 4899 nuda
2984 4850 3040 4900 et
3059 4848 3259 4916 aperta
3285 4849 3418 4899 sunt
3438 4846 3636 4900 omnia
3657 4850 3844 4910 (Hebr.

2205 4951 2276 5003 iv,
2314 4937 2418 5004 l3),
2450 4957 2477 4984 ››
2514 4935 2708 5008 sicque
2749 4944 2986 4994 maneat
3011 4938 3067 4992 in
3102 4939 3332 5010 proprio
3362 4939 3563 5011 gradu.
3595 4941 3744 4996 Nam
3777 4943 3845 4997 de

2204 5028 2437 5082 homine
2461 5030 2560 5101 qui
2579 5031 2893 5102 apontiﬁce
2920 5033 3288 5087 conﬁrmatus
3315 5033 3505 5102 fuerit,
3532 5034 3726 5089 denuo
3752 5037 3844 5090 illa

2203 5122 2328 5176 talis
2365 5123 2654 5180 reiteratio
2697 5126 3052 5196 prohibenda
3077 5130 3180 5182 est.
3213 5129 3269 5181 ln
3297 5127 3596 5182 missarum
3647 5135 3840 5184 autem

2203 5217 2515 5287 solemniis,
2537 5217 2679 5273 illud
2700 5220 3115 5276 observandum
3139 5225 3242 5290 est,
3259 5221 3414 5294 quod
3437 5223 3719 5278 Dominus
3736 5241 3840 5278 no-

2205 5314 2319 5365 ster
2346 5313 2504 5367 Jesus
2543 5313 2800 5369 Christus
2847 5315 3054 5369 sanctis
3097 5315 3212 5370 suis
3255 5316 3453 5370 tribuit
3503 5316 3836 5389 discipulis:

2202 5404 2421 5476 accepit
2446 5423 2693 5478 namque
2724 5407 2962 5462 calicem
2989 5413 3044 5463 et
3070 5409 3168 5463 dat
3193 5409 3293 5476 eis,
3316 5409 3543 5464 dicens:
3573 5432 3598 5460 (ι
3630 5411 3728 5465 Hic
3755 5427 3842 5464 ca-

2202 5497 2279 5552 lix
2310 5499 2436 5553 novi
2466 5502 2792 5556 testamenti
2820 5506 2903 5556 est
2930 5503 2989 5557 in
3032 5519 3162 5558 meo
3194 5504 3496 5574 sanguine.
3530 5505 3644 5558 Hoc
3677 5506 3840 5560 facite

2202 5593 2648 5666 quotiescunque
2698 5596 2924 5651 sumitis
2977 5599 3193 5668 (Matth.
3240 5614 3391 5665 xxvx,
3436 5598 3550 5667 28).
3599 5621 3628 5646 υ
3682 5599 3838 5654 Unde

2203 5703 2519 5759 congruum
2562 5706 2679 5745 non
2707 5695 2813 5760 est,
2841 5690 2984 5746 duos
3009 5693 3093 5746 vel
3125 5698 3238 5747 tres
3286 5691 3486 5748 calices
3530 5693 3591 5747 in
3636 5694 3837 5747 altario

2202 5797 2436 5853 ponere,
2478 5799 2607 5838 cum
2645 5784 2947 5840 missarum
2992 5785 3271 5840 solemnia
3325 5785 3708 5841 celebrantur.
3755 5786 3836 5840 De

2203 5874 2571 5931 immolativis
2611 5882 2802 5933 autem
2847 5879 2985 5934 escis
3029 5880 3377 5950 consuluisti,
3408 5881 3452 5933 si
3495 5897 3528 5934 a
3573 5878 3836 5935 ﬁdelibus
