4092 6192
154 336 284 387 1121

1389 325 1856 384 DECRETALIUM
1896 329 2287 384 COLLECTIO.

3389 329 3521 382 1122

140 459 279 495 cum
320 439 712 511 supradictum
756 438 948 504 fuerit,
980 435 1190 492 viviﬁce
1221 437 1403 490 crucis
1430 437 1659 508 signum
1686 437 1783 491 edi
1805 448 1865 521 Α
1885 440 1969 492 est
1995 437 2055 492 in
2081 437 2263 491 causis
2291 436 2397 508 piis
2414 452 2479 491 ac
2497 435 2780 508 religiosis
2809 435 3160 508 erogandum
3191 439 3293 504 est,
3328 436 3518 491 Domi-

139 537 364 601 liceret,
389 551 463 588 an
483 551 601 588 non
617 535 643 587 ?
671 531 811 586 lllud
827 531 1034 585 sufﬁcit
1051 530 1398 602 respondere
1416 531 1568 602 quod
1582 531 1784 585 beatus

137 627 446 698 Apostolus
489 627 623 681 dicit
657 643 670 680 :
707 647 734 675 «
767 624 820 680 Si
850 624 977 696 quis
1009 623 1213 678 dixerit
1241 640 1255 677 :
1286 625 1396 678 Hoc
1427 623 1786 678 immolatum

139 726 230 775 est
253 740 270 790 ;
302 721 476 775 nolite
507 720 676 775 edere
706 722 940 790 prepter
970 734 1103 772 eum
1125 717 1540 788 quiindicavit,
1575 722 1632 772 et
1662 734 1786 787 pro-

143 819 279 886 pter
329 813 732 869 conscientiam
761 815 808 880 (Ι
835 812 954 868 Cor.
988 829 1044 877 ι,
1078 814 1195 879 28).
1228 830 1254 861 1)
1287 810 1569 864 Addidisti
1601 811 1788 864 adhuc

143 909 328 980 quod,
357 909 405 962 si
430 911 595 978 pater
609 907 693 961 vel
713 909 916 973 mater,
947 905 1128 958 ﬁlium
1154 905 1241 957 vel
1259 904 1436 958 ﬁliam
1467 903 1614 958 intra
1632 907 1790 974 septa

148 1000 482 1056 monasterii
523 1000 582 1054 in
623 999 878 1054 infantia
913 998 1078 1052 annis
1120 998 1225 1052 sub
1268 997 1511 1067 regulari
1545 997 1789 1052 tradide-

147 1096 270 1148 rint
301 1094 616 1164 disciplina,
646 1097 841 1146 utrum
867 1091 1040 1145 liceat
1065 1091 1168 1159 eis,
1193 1094 1493 1161 postquam
1522 1090 1785 1161 puberta-

145 1191 225 1242 tis
253 1187 620 1258 impleverint
659 1203 863 1253 annos,
897 1185 1096 1254 egredi
1129 1190 1185 1239 et
1216 1183 1582 1238 matrimonio
1610 1199 1788 1253 copu-

146 1283 279 1336 lari.
313 1283 424 1336 Hoc
466 1281 702 1335 omnino
731 1278 1030 1344 evitamus,
1069 1278 1202 1348 quia
1227 1277 1381 1332 nefas
1413 1283 1515 1344 est,
1549 1283 1612 1331 ut
1641 1277 1790 1331 obla-

145 1378 225 1430 tis
250 1393 283 1430 a
318 1375 646 1446 parentibus
675 1375 790 1428 Deo
823 1373 951 1426 ﬁliis
985 1372 1289 1442 voluptatis
1311 1372 1473 1425 frena
1502 1371 1786 1425 laxentur.

146 1470 459 1525 Enimvero
494 1467 791 1540 quosdam,
814 1450 1029 1537 alisque
1048 1465 1507 1535 interrogatione
1528 1464 1788 1535 symboli,

143 1565 220 1617 ab
245 1563 518 1616 adulteris
540 1565 598 1615 et
615 1560 869 1630 indignis
890 1559 1230 1630 presbyteris
1253 1560 1436 1612 fassus
1456 1574 1516 1613 es
1537 1558 1787 1629 baptiza-

151 1663 266 1711 tos.
301 1658 360 1709 In
388 1656 474 1709 his
505 1659 602 1708 tua
629 1654 864 1708 dilectio
895 1658 1084 1708 teneat
1119 1652 1418 1723 antiquum
1442 1668 1663 1706 morem
1691 1653 1788 1706 Ec-

151 1750 363 1819 clesia,
407 1749 561 1820 quia,
605 1748 862 1820 quisquis
908 1747 966 1800 in
1009 1746 1244 1800 nomine
1295 1746 1471 1800 Patris
1502 1752 1557 1799 et
1588 1745 1708 1798 Filii
1738 1750 1792 1800 et

1889 547 1963 586 no
1991 536 2050 585 et
2081 531 2354 601 magistro
2395 531 2656 585 omnium
2687 531 2922 585 docente
2957 546 2970 584 :
3010 549 3036 581 α
3069 529 3232 594 Quod
3259 534 3520 602 superest

1889 625 2021 680 date
2050 625 2496 695 eleemosynam,
2520 628 2575 680 et
2601 640 2729 680 ecce
2755 623 2948 678 omnia
2970 624 3186 679 munda
3207 628 3340 678 sunt
3357 623 3519 678 vobis

1889 719 2038 788 (Luc.
2068 735 2142 787 111,
2176 720 2284 789 41).
2324 739 2350 766 ι)

1959 816 2317 883 Interrogatio
2369 815 2682 880 Augustini.
2729 813 2873 867 Cum
2926 828 3041 867 una
3090 813 3162 866 sit
3209 810 3367 879 ﬁdes,
3419 827 3520 866 cur

1889 911 2024 961 sunt
2063 905 2434 962 Ecclesiarum
2471 905 2707 960 diversa
2749 905 3209 972 consuetudines,
3250 908 3308 958 et
3356 903 3521 960 aliter

1890 1000 2243 1054 consuetudo
2283 1000 2589 1054 missarum
2632 999 2690 1052 in
2731 1003 2924 1053 sancta
2958 1000 3218 1053 Romana
3255 999 3518 1064 Ecclesia,

1889 1101 2060 1165 atque
2088 1094 2251 1149 aliter
2279 1094 2337 1147 in
2369 1093 2678 1148 Galliarum
2702 1091 2962 1147 Ecclesiis
2990 1096 3214 1147 tenetur
3232 1093 3260 1147 ?

1961 1189 2244 1258 Responsio
2264 1187 2527 1256 Gregorii.
2575 1186 2737 1240 Novit
2763 1186 3092 1240 fraternitas
3122 1192 3222 1241 tua
3249 1187 3522 1241 Romana

1894 1281 2154 1336 Ecclesia
2182 1281 2676 1350 consuetudinem,
2723 1280 2778 1333 in
2809 1295 2923 1350 qua
2960 1296 3020 1333 se
3045 1279 3308 1334 meminit
3334 1281 3522 1336 nutri-

1891 1379 2028 1440 tam,
2058 1391 2232 1446 quam
2263 1374 2423 1428 valde
2443 1373 2745 1428 amabilem
2769 1377 2824 1427 te
2847 1373 3072 1428 habeat.
3103 1373 3214 1428 Sed
3241 1373 3384 1428 mihi
3409 1375 3525 1445 pla-

1892 1473 1997 1534 cet,
2038 1471 2105 1521 ut
2145 1469 2258 1522 sive
2294 1468 2352 1522 in
2393 1468 2668 1536 Romana,
2712 1465 2826 1521 sive
2867 1466 2926 1520 in
2968 1467 3295 1534 Galliarum,
3324 1467 3439 1522 sive
3463 1468 3523 1522 in

1891 1561 2144 1633 qualibet
2171 1561 2413 1615 Ecclesia
2439 1560 2650 1632 aliquid
2683 1559 2968 1628 invenisti,
2997 1560 3149 1630 quod
3177 1560 3306 1631 plus
3334 1561 3523 1616 omni-

1891 1655 2112 1725 potenti
2139 1656 2252 1710 Deo
2279 1654 2461 1725 possit
2489 1654 2734 1724 placere,
2765 1653 2997 1708 sollicite
3024 1653 3200 1723 eligas
3229 1654 3288 1708 in
3308 1655 3524 1726 Anglo-

1891 1765 2020 1802 rum
2048 1748 2309 1816 Ecclesia,
2337 1763 2467 1818 qua
2489 1747 2676 1800 adhuc
2712 1747 2784 1800 ad
2803 1746 2976 1800 ﬁdem
3004 1762 3150 1800 nova
3177 1752 3282 1815 est,
3302 1747 3527 1804 institu-

148 1843 397 1914 Spiritus
409 1841 923 1911 sanctibaptizatus
936 1843 1042 1906 est,
1057 1839 1538 1910 rebaptizarieum
1551 1838 1791 1892 minime
1812 1832 1868 1903 B
1890 1842 2046 1897 tione
2075 1841 2357 1912 pracipua
2384 1855 2512 1912 qua
2543 1840 2611 1894 de
2641 1839 2834 1894 multis
2858 1839 3114 1894 Ecclesiis
3133 1840 3396 1912 colligere
3415 1859 3523 1914 po-

151 1938 344 1991 liceat.
379 1937 498 1990 Non
529 1934 684 1989 enim
714 1934 770 1988 in
799 1934 1034 1988 nomine
1064 1933 1422 2004 baptizantis,
1464 1932 1564 1986 sed
1594 1933 1653 1985 in
1685 1948 1785 1986 no-

153 2031 313 2084 mine
360 2028 651 2083 Trinitatis
694 2027 863 2098 hujus
907 2026 1106 2098 gratia
1152 2026 1369 2080 donum
1418 2027 1690 2097 percepit,
1737 2031 1793 2080 et

156 2128 426 2179 teneatur
450 2123 600 2194 quod
626 2121 927 2192 Apostolus
955 2121 1090 2175 dicit
1117 2137 1130 2174 :
1157 2143 1183 2169 «
1206 2121 1360 2174 Unus
1389 2120 1555 2186 Deus,
1583 2136 1698 2174 una
1726 2119 1792 2172 ﬁ-

155 2217 282 2284 des,
316 2233 495 2270 unum
522 2216 809 2286 baptisma
831 2214 1044 2284 (Ephes.
1068 2230 1138 2279 IV,
1165 2214 1238 2283 5),
1266 2235 1294 2261 n
1325 2212 1638 2268 doctrinam
1661 2229 1792 2267 vero

153 2311 473 2381 spiritalem
506 2309 715 2364 talibus
755 2308 1061 2363 studiosius
1109 2312 1168 2360 ut
1208 2307 1500 2377 impertias
1555 2307 1792 2361 deman-

158 2407 386 2458 damus.

158 2523 440 2590 Incipiunt
477 2521 793 2587 quasue-nes
829 2517 887 2571 S.
938 2520 1233 2585 Augustini
1265 2517 1676 2572 Cantuariensis
1711 2534 1798 2570 ar-

345 2591 685 2659 chiepiscopi,
706 2595 755 2643 et
775 2591 1144 2658 responsiones
1171 2590 1417 2657 Gregorii
1433 2605 1611 2658 papa.

239 2685 597 2752 Interrogatio
624 2683 766 2736 beati
788 2685 1098 2752 Augustini,
1131 2684 1366 2750 episCOpi
1393 2681 1799 2736 Cantuariensis

165 2779 436 2838 Et‘r‘lesia,
461 2775 531 2829 de
563 2775 840 2846 episcopis
856 2775 1100 2845 qualiter
1125 2791 1257 2828 cum
1285 2774 1400 2828 suis
1431 2775 1650 2828 clericis
1670 2791 1801 2829 con-

165 2872 486 2938 versentur,
509 2869 597 2922 vel
621 2868 689 2922 de
711 2869 819 2936 his,
845 2868 937 2938 qui
972 2867 1223 2922 ﬁdelium
1258 2868 1607 2922 orationibus
1643 2884 1796 2922 acce-

167 2965 318 3017 dunt
336 2963 406 3016 ad
429 2962 714 3029 altarium,
738 2966 967 3032 quanta
991 2960 1236 3014 debeant
1261 2960 1383 3016 ﬁeri
1406 2961 1718 3031 portiones,
1748 2966 1803 3015 et

166 3056 417 3128 qualiter
445 3055 739 3126 episcopus
769 3055 826 3108 111
859 3054 1098 3108 ecclesia
1123 3070 1294 3124 agere
1328 3054 1550 3110 debeat.

243 3153 530 3220 Responsio
598 3149 862 3217 Gregorii.
927 3148 1093 3202 Sacra
1168 3148 1460 3219 Scriptura
1531 3151 1799 3216 testatur,

1891 1934 2049 1989 tuisti
2070 1934 2361 1988 infundas.
2387 1934 2510 1988 Non
2530 1933 2682 1988 enim
2707 1949 2810 2004 pro
2832 1933 2966 1987 locis
2985 1949 3094 1999 res,
3117 1933 3215 1988 sed
3232 1950 3337 2005 pro
3358 1934 3525 1990 bonis

1892 2028 2065 2083 rebus
2089 2029 2213 2082 loca
2240 2028 2483 2082 amanda
2509 2030 2660 2081 sunt.
2691 2029 2774 2084 Ex
2791 2026 3032 2097 singulis
3051 2042 3189 2098 ergo
3207 2028 3530 2100 quibusque

1895 2122 2171 2187 Ecclesiis,
2213 2137 2340 2193 qua
2384 2121 2500 2192 pia,
2542 2136 2672 2191 qua
2711 2119 2996 2190 religiosa,
3041 2136 3168 2191 qua
3206 2125 3362 2176 recta
3400 2126 3532 2176 sunt.

1895 2215 2060 2286 elige,
2083 2219 2138 2269 et
2159 2215 2302 2282 hac,
2323 2214 2485 2286 quasi
2506 2214 2565 2268 in
2587 2214 2856 2268 fasciculo
2885 2213 3119 2268 collecta
3145 2214 3295 2285 apud
3322 2215 3530 2286 Anglo-

1898 2325 2027 2362 rum
2052 2311 2295 2375 mentes,
2317 2308 2376 2361 in
2397 2307 2868 2363 consuetudinem
2901 2307 3140 2378 depone.

1969 2405 2323 2470 Interrogatio
2354 2402 2673 2472 Augustini.
2709 2400 2957 2455 Obsecro
2993 2401 3128 2472 quid
3159 2401 3276 2472 pati
3303 2401 3528 2472 debeat,

1899 2496 1944 2549 si
1976 2496 2102 2567 quis
2126 2494 2345 2566 aliquid
2371 2495 2440 2550 de
2467 2495 2703 2550 ecclesia
2726 2495 2880 2549 furto
2909 2493 3224 2550 abstulerit.

1971 2591 2258 2660 Responsio
2290 2590 2551 2658 Gregorii.
2583 2589 2698 2643 Hoc
2728 2594 2825 2643 tua
2840 2588 3164 2643 fraternitas
3192 2604 3259 2642 ex
3287 2605 3530 2659 persona

1898 2683 2038 2736 furis
2049 2698 2292 2754 pensare
2304 2686 2488 2752 potest
2499 2681 2746 2754 qualiter
2763 2681 2948 2736 valeat
2960 2681 3187 2752 corrigi.
3209 2682 3354 2737 Sunt
3371 2682 3527 2736 enim

1901 2777 2001 2847 qui
2044 2775 2320 2830 habentes
2362 2775 2632 2845 subsidia,
2675 2776 2894 2830 furtum
2932 2780 3284 2846 perpetrant,
3319 2779 3374 2829 et
3401 2781 3532 2829 sunt

1900 2870 1997 2924 alii
2019 2869 2117 2940 qui
2139 2870 2196 2923 in
2213 2870 2318 2924 hac
2334 2885 2396 2923 re
2418 2885 2484 2924 ex
2505 2867 2695 2940 inopia
2718 2868 3096 2939 delinquunt;
3123 2868 3278 2923 unde
3302 2885 3531 2924 necesse

1903 2969 2006 3032 est,
2041 2967 2101 3017 ut
2130 2963 2364 3035 quidam
2391 2962 2632 3029 damnis,
2660 2961 2895 3034 quidam
2919 2978 3058 3016 vero
3091 2961 3439 3031 verberibus,
3471 2968 3530 3016 et

1902 3057 2136 3127 quidam
2175 3057 2503 3125 districtius,
2543 3055 2782 3128 quidam
2825 3055 3006 3110 levius
3045 3057 3427 3126 corrigantur.
3466 3059 3534 3112 Et

1905 3166 2035 3204 cum
2064 3151 2360 3222 paululum
2399 3149 2707 3204 districtius
2734 3150 2942 3220 agitur,
2976 3167 3044 3203 ex
3069 3149 3345 3205 charitate
3367 3165 3535 3222 agen-

852 3200 859 3202 .
941 3200 1089 3202 -.
1177 3200 1224 3203 ν-
1910 3200 2035 3204 -__
2067 3200 2360 3222 τπηη-
2738 3200 2942 3220 --οη-η
2984 3200 3044 3203 --_
3076 3200 3513 3222 ---___-w_---o-_

164 3260 344 3316 quam
389 3243 533 3297 bene
560 3249 613 3297 te
640 3259 804 3295 nosse
835 3258 949 3296 non
978 3241 1196 3310 dubito,
1229 3245 1286 3296 et
1311 3241 1625 3313 specialiter
1653 3240 1804 3295 beati
1824 3200 1879 3275 Ο
1906 3244 2042 3298 dum
2063 3247 2166 3310 est,
2201 3260 2314 3297 non
2344 3259 2412 3298 ex
2440 3243 2649 3309 furore,
2680 3243 2818 3314 quia
2842 3242 2951 3313 ipsi
2979 3243 3086 3297 hoc
3111 3247 3418 3314 prastatur
3437 3244 3535 3315 qui

171 3337 331 3392 Pauli
384 3337 453 3390 ad
489 3335 845 3390 Timotheum
889 3319 1175 3406 Epistula,
1220 3335 1279 3389 in
1324 3335 1532 3406 quibus
1581 3334 1805 3389 erudire

170 3430 412 3496 studuit,
455 3428 694 3500 qualiter
723 3445 853 3483 eum
883 3429 941 3482 111
973 3428 1140 3482 domo
1172 3429 1269 3482 Dei
1299 3429 1617 3483 conversari
1646 3445 1807 3500 Opor-

166 3526 393 3580 tuisset.
442 3524 552 3577 Mos
596 3528 787 3578 autem
835 3523 984 3577 sedis
1029 3528 1114 3578 est
1162 3521 1480 3593 apostolica
1537 3523 1808 3576 ordinatis

167 3618 453 3689 episcopis
502 3620 780 3688 praecepta
829 3617 1075 3683 tradere,
1128 3624 1188 3670 ut
1232 3633 1300 3671 ex
1330 3617 1490 3670 omni
1521 3616 1806 3687 stipendio

172 3712 331 3784 quod
371 3711 604 3776 accedit,
640 3715 887 3782 quatuor
923 3709 1049 3764 ﬁeri
1085 3709 1330 3764 debeant
1356 3710 1658 3780 portiones,
1699 3726 1809 3763 una

171 3805 437 3860 videlicet
450 3805 715 3876 episcopo
744 3808 799 3858 et
824 3804 1081 3870 familia,
1101 3807 1337 3874 propter
1369 3803 1808 3874 hospitalitatem

173 3906 351 3971 atque
387 3898 839 3969 susceptionem;
873 3899 980 3952 alia
1012 3897 1192 3965 clero;
1228 3897 1395 3951 tertia
1426 3897 1805 3968 pauperibus;

173 3996 386 4065 quarta
412 3991 657 4047 ecclesiis
685 3991 1037 4062 reparandis.
1068 3991 1179 4046 Sed
1206 3990 1336 4062 quia
1356 3995 1455 4045 tua
1481 3990 1810 4044 fraternitas

174 4086 659 4142 monasteriorum
689 4086 899 4156 regulis
927 4084 1144 4139 erudita
1173 4101 1432 4139 seorsum
1468 4084 1654 4139 vivere
1693 4101 1808 4138 11011

175 4181 366 4246 debet,
414 4197 447 4232 a
496 4179 709 4235 clericis
751 4179 864 4233 suis
898 4177 956 4232 in
1005 4178 1251 4234 Ecclesia
1289 4179 1626 4249 Anglorum,
1663 4194 1816 4248 qua,

174 4279 410 4329 auctore
439 4274 567 4342 Deo,
603 4289 785 4343 nuper
811 4273 883 4326 ad
909 4273 1081 4326 ﬁdem
1109 4272 1391 4344 perducta
1417 4275 1522 4338 est,
1547 4272 1695 4326 hanc
1720 4272 1813 4326 de-

175 4371 272 4423 bet
299 4367 780 4422 conversationem
813 4367 1126 4433 instituere,
1157 4383 1284 4436 qua
1331 4365 1492 4419 initio
1535 4366 1813 4419 nascentis

177 4460 441 4516 Ecclesia
498 4459 605 4514 fuit
655 4459 910 4530 patribus
959 4459 1188 4525 nostris,
1229 4459 1287 4511 in
1331 4459 1538 4529 quibus
1567 4479 1594 4507 ‹‹
1623 4458 1815 4512 nullus

1905 3336 2232 3407 corrigitur,
2278 3352 2349 3392 118
2386 3336 2669 3407 gehenna
2700 3334 2928 3406 ignibus
2954 3336 3229 3391 tradatur.
3259 3337 3350 3391 Sic
3381 3337 3536 3391 enim

1908 3447 2010 3485 nos
2037 3429 2297 3484 ﬁdelibus
2323 3433 2516 3484 tenere
2537 3429 2900 3500 disciplinam
2919 3429 3214 3496 debemus,
3235 3429 3377 3484 sicut
3398 3429 3536 3484 boni

1905 3529 2098 3594 patres
2147 3523 2463 3578 carnalibus
2501 3521 2630 3576 ﬁliis
2671 3522 2878 3576 solent.
2935 3522 3090 3585 Quos
3135 3528 3192 3577 et
3236 3539 3338 3593 pro
3358 3522 3538 3594 culpis

1906 3617 2234 3673 verberibus
2277 3616 2510 3683 feriunt,
2547 3620 2606 3669 et
2643 3621 2835 3670 tamen
2884 3616 3034 3687 ipsos
3072 3632 3213 3688 quos
3247 3616 3540 3672 doloribus

1909 3710 2196 3782 afﬂigunt,
2219 3711 2428 3766 habere
2442 3710 2700 3764 haredes
2716 3715 3003 3780 quarunt,
3026 3713 3083 3765 et
3102 3725 3231 3782 qua
3246 3710 3539 3782 possident

1907 3804 2044 3876 ipsis
2067 3808 2313 3872 servant,
2345 3819 2487 3875 quos
2520 3803 2649 3858 irati
2683 3803 2906 3874 insequi
2939 3803 3226 3859 videntur.
3270 3805 3396 3859 Hac
3435 3805 3540 3876 igi-

1908 3903 2002 3952 tur
2027 3899 2275 3953 charitas
2302 3902 2494 3952 mente
2518 3897 2769 3952 tenenda
2795 3902 2898 3964 est,
2923 3900 2981 3951 et
3005 3897 3127 3968 ipsa
3159 3897 3398 3952 modum
3419 3915 3540 3954 cor-

1909 3992 2174 4046 rectionis
2202 3992 2396 4060 dictet,
2431 3991 2511 4046 ita
2539 3995 2600 4045 ut
2635 4007 2797 4045 mens
2823 3995 2984 4045 extra
3014 3991 3246 4045 rationis
3278 3994 3539 4063 regulam

1913 4085 2148 4140 omnino
2175 4086 2318 4140 nihil
2347 4085 2534 4140 faciat.
2577 4083 2748 4138 Addis
2784 4085 2955 4139 etiam
2998 4084 3284 4155 quomodo
3316 4102 3381 4140 ea
3411 4102 3542 4158 qua

1912 4180 2063 4234 furto
2094 4179 2163 4234 de
2190 4179 2438 4235 ecclesiis
2464 4177 2820 4232 abstulerunt
2857 4178 3097 4233 reddere
3123 4178 3387 4235 debeant.
3430 4179 3543 4236 Sed

1913 4273 2054 4328 absit
2096 4278 2161 4328 ut
2201 4273 2446 4328 Ecclesia
2488 4287 2620 4328 cum
2663 4276 2974 4343 augmento
3002 4271 3256 4344 recipiat,
3289 4274 3447 4344 quod
3473 4275 3543 4330 de

1915 4367 2158 4422 terrenis
2197 4368 2369 4422 rebus
2409 4367 2630 4423 videtur
2674 4367 2960 4434 amittere,
3013 4371 3069 4421 et
3110 4367 3265 4422 lucra
3291 4367 3362 4424 de
3389 4370 3547 4424 vanis

1915 4465 2152 4532 quaret.

178 4571 384 4608 eorum
430 4570 496 4606 ex
543 4553 633 4607 his
678 4569 807 4624 qua
848 4552 1188 4623 possidebat,
1227 4551 1444 4623 aliquid
1487 4567 1653 4607 suum
1693 4567 1894 4641 esseD
1987 4555 2342 4622 Interrogatio
2365 4554 2680 4621 Augustini.
2700 4553 2758 4608 Si
2779 4553 2992 4608 debent
3017 4553 3132 4608 duo
3153 4555 3420 4624 germani
3439 4555 3550 4610 fra-

177 4648 427 4714 dicebat,
447 4647 542 4702 sed
564 4652 725 4701 erant
741 4647 821 4700 eis
836 4646 1031 4700 omnia
1047 4645 1378 4700 communia
1399 4645 1546 4716 (Act.
1569 4661 1642 4711 1v,
1659 4648 1767 4714 32).
1788 4667 1813 4693 η

179 4742 243 4796 Si
274 4741 376 4812 qui
404 4757 536 4794 vero
566 4739 751 4795 clerici
779 4744 911 4794 sunt
941 4744 1100 4794 extra
1134 4755 1322 4793 sacros
1349 4739 1580 4793 ordines
1615 4738 1819 4794 consti-

179 4836 314 4898 tuti,
361 4835 455 4905 qui
500 4851 558 4888 se
603 4833 894 4888 continere
935 4850 1048 4887 non
1093 4839 1346 4904 possunt,
1394 4833 1578 4886 sortiri
1623 4849 1820 4887 uxores

179 4929 415 4994 debent,
455 4932 512 4981 et
546 4927 829 4998 stipendia
866 4943 966 4982 sua
1010 4927 1260 4982 exterius
1287 4926 1566 4997 accipere,
1600 4926 1737 4997 quia
1766 4931 1823 4980 et

182 5025 256 5077 de
290 5023 400 5090 his,
435 5022 502 5076 de
531 5022 738 5092 quibus
759 5021 979 5092 prafati
1001 5037 1215 5087 sumus,
1240 5020 1503 5075 novimus
1524 5020 1820 5091 scriptum,

186 5141 213 5165 υ
246 5116 403 5188 quod
433 5115 784 5170 dividebatur
809 5116 1066 5186 singulis,
1099 5121 1270 5185 prout
1292 5115 1496 5185 cuique
1538 5131 1678 5184 opus
1705 5118 1826 5168 erat

181 5211 374 5280 {Ibidq
405 5211 512 5280 35),
535 5230 560 5256 ››
582 5209 651 5263 de
684 5225 880 5264 eorum
906 5225 1135 5280 quoque
1161 5208 1437 5280 stipendio
1457 5207 1826 5278 cogitandum

180 5313 363 5375 atque
405 5301 822 5374 providendum
865 5308 968 5369 est,
1000 5307 1057 5358 et
1093 5302 1196 5356 sub
1225 5301 1605 5356 ecclesiastica
1629 5301 1859 5372 regula'

185 5397 522 5463 tenendum,
566 5401 632 5450 ut
672 5397 835 5451 bonis
880 5397 1135 5451 moribus
1180 5397 1390 5461 vivant,
1447 5401 1503 5450 et
1553 5392 1828 5449 canendis

182 5491 428 5564 psalmis
460 5490 780 5559 invigilent,
813 5494 869 5544 et
896 5491 965 5544 ab
993 5489 1260 5545 omnibus
1281 5488 1490 5543 illicitis
1517 5506 1612 5543 cor
1638 5494 1693 5543 et
1725 5488 1830 5542 lin-

183 5603 367 5658 guam
399 5590 456 5640 et
482 5601 709 5655 corpus,
733 5586 847 5638 Deo
875 5590 1107 5639 auctore
1136 5589 1492 5638 conservent.
1523 5582 1830 5638 Communi

183 5682 304 5735 vita
333 5679 649 5734 viventibus
669 5679 791 5749 jam
821 5678 890 5733 de
912 5677 1184 5732 faciendis
1212 5677 1585 5748 portionibus,
1619 5676 1705 5731 vel
1733 5692 1829 5730 ex-

182 5774 444 5830 hibenda
492 5772 901 5844 hospitalitate,
950 5778 1005 5826 et
1045 5771 1407 5842 adimplenda
1445 5769 1832 5825 misericordia

186 5869 364 5925 nobis
389 5868 524 5941 quid
555 5868 658 5922 erit
692 5865 1061 5938 loquendum,
1091 5882 1219 5920 cum
1250 5881 1421 5920 omne
1450 5864 1600 5936 quod
1631 5881 1828 5935 super-

606 5967 876 6032 PATROL.
928 5963 1153 6030 CXXX.

1917 4653 2032 4703 tres
2056 4647 2310 4717 singulas
2327 4663 2546 4702 sorores
2566 4647 2845 4717 accipere,
2863 4663 2988 4716 qua
3010 4649 3142 4701 sunt
3161 4647 3233 4701 ab
3252 4647 3359 4702 illis
3380 4649 3552 4720 longa

1919 4741 2193 4813 progenie
2223 4745 2534 4812 generata.

1992 4837 2280 4906 Responsio
2308 4836 2571 4904 Gregorii.
2604 4834 2776 4889 Medis
2807 4833 3072 4890 omnibus
3116 4836 3220 4890 hoc
3249 4836 3373 4892 ﬁeri
3400 4838 3548 4895 licet.

1923 4931 2290 5001 Nequaquam
2336 4929 2490 4984 enim
2523 4929 2578 4982 in
2597 4928 2766 4983 sacris
2795 4927 3035 4998 eloquiis
3069 4929 3372 4998 invenitur,
3404 4934 3555 5004 quod

1925 5023 2057 5078 huic
2086 5022 2332 5093 capitulo
2362 5022 2748 5077 contradicere
2775 5021 3050 5077 videatur.

1996 5118 2356 5184 Interrogatio
2381 5116 2700 5183 Augustini.
2725 5115 2910 5186 Usque
2949 5116 3019 5171 ad
3051 5124 3285 5190 quotam
3314 5135 3553 5190 genera-

1927 5209 2144 5264 tionem
2164 5209 2350 5264 ﬁdelis
2391 5208 2595 5264 debeat
2633 5225 2764 5263 cum
2792 5211 3126 5282 propinquis
3150 5213 3257 5268 sibi
3283 5213 3556 5284 cepulari,

1930 5308 1987 5358 et
2010 5302 2289 5370 novercis,
2318 5307 2376 5357 et
2403 5302 2683 5373 cognatis,
2707 5303 2752 5356 si
2777 5301 2944 5358 liceat
2967 5305 3220 5376 copulari
3247 5305 3512 5377 coujugio
3530 5308 3558 5359 ?

1999 5398 2289 5467 Responsio
2322 5397 2587 5466 Gregorii.
2616 5397 2685 5450 Et
2713 5396 2948 5468 quidem
2983 5404 3210 5453 terrena
3237 5398 3326 5452 lex
3353 5399 3412 5453 in
3446 5399 3554 5454 Ro-

1879 5549 1881 5552 ,
1931 5507 2108 5546 mana
2125 5489 2418 5562 republica
2438 5491 2736 5562 permittit,
2760 5495 2826 5545 ut
2845 5491 2958 5546 sive
2974 5490 3181 5558 fratris,
3211 5491 3436 5559 sororis,
3459 5509 3559 5548 seu

1932 5584 2179 5639 duorum
2209 5585 2450 5640 fratrum
2473 5601 2904 5656 germanorum,
2932 5583 3020 5639 vel
3039 5584 3280 5640 duarum
3298 5603 3558 5642 sororum

1933 5677 2082 5732 ﬁlius
2093 5678 2752 5745 etﬁliamisceantur;sed
2766 5677 3162 5748 experimento
3175 5677 3478 5736 didicimus
3490 5699 3560 5737 ex

1933 5771 2033 5826 tali
2053 5772 2320 5844 conjugio
2337 5772 2589 5828 sobolem
2610 5787 2727 5826 non
2747 5787 2909 5841 posse
2931 5787 3302 5844 succrescere,
3326 5779 3385 5830 et
3404 5793 3564 5832 sacra

1935 5865 2024 5921 lex
2043 5865 2680 5936 prohibetcognationis
2692 5863 3106 5935 turpitudinem
3117 5869 3384 5926 revelare.
3407 5871 3562 5927 Unde

3211 5974 3287 6032 36
