4092 6192
569 324 699 378 H23

1453 326 1735 381 APPEND.
1778 325 1866 380 AD
1907 325 2068 380 SrEC.
2104 326 2187 379 IX.
2223 353 2291 362 ——
2327 321 2568 379 lSIDORI
2607 319 3031 378 MERCATORIS

3811 322 3934 374 lli'fi

560 447 784 486 necesse
825 435 911 484 est
953 430 1150 502 utjam
1183 431 1349 487 tertia
1379 433 1462 487 vel
1496 437 1697 504 quarta
1730 433 2020 504 generatio
2051 433 2186 488 ﬁde-
2211 431 2457 518 Arebus
2523 429 2907 501 spiritualibus
2968 433 3030 483 ut
3092 429 3381 500 sapienter
3424 434 3481 483 et
3533 407 3771 482 mature
3831 429 3936 482 dis-

560 526 700 579 Iium
729 524 965 579 licenter
996 525 1101 579 sibi
1120 526 1290 597 jungi
1313 526 1534 581 debeat.
1558 528 1696 581 Nam
1716 527 1984 595 secunda,
2015 544 2188 598 quam

555 618 948 690 przediximus,
982 636 1014 673 a
1043 637 1100 674 se
1128 620 1362 674 omnino
1384 620 1553 675 debet
1580 621 1888 676 abstinere.
1917 625 2058 678 Cum
2087 639 2190 676 no—

556 729 720 766 verca
767 718 960 768 autem
999 714 1258 784 miscere,
1289 731 1458 786 grave
1492 719 1577 769 est
1603 715 1841 782 facinus,
1865 716 1998 788 quia
2041 719 2098 771 et
2136 715 2195 770 in

556 807 683 875 lege
705 807 982 877 scriptum
1005 812 1088 862 est
1116 825 1129 862 :
1166 829 1192 857 ‹‹
1219 807 1655 880 Turpitudinem
1674 810 1852 880 patris
1874 810 1956 864 tui
1978 826 2091 864 non
2110 826 2196 864 re-

555 901 764 954 velabis
792 903 930 969 (Lev.
979 919 1132 970 xvm,
1191 903 1260 972 7).
1295 923 1317 952 »
1349 903 1542 974 Neque
1574 903 1725 958 enim
1749 904 1922 974 patris
1947 904 2192 976 turpitu-

558 993 753 1048 dinem
782 994 930 1048 ﬁlius
953 997 1204 1050 revelare
1230 999 1437 1066 potest,
1473 996 1572 1052 sed
1597 996 1730 1068 quia
1759 997 2038 1069 scriptum
2066 1003 2149 1052 est
2177 1014 2188 1050 :

560 1109 588 1138 ‹‹
622 1089 803 1141 Erunt
830 1088 943 1142 duo
981 1089 1038 1142 in
1065 1105 1230 1144 carne
1261 1105 1377 1144 una
1403 1089 1554 1161 (Gen.
1590 1107 1647 1158 u,
1681 1092 1791 1160 24),
1826 1113 1852 1140 ››
1883 1091 1980 1163 qui
2008 1092 2189 1162 turpi-

554 1181 820 1236 tudinem
846 1198 1099 1238 novercaz
1128 1200 1258 1255 quae
1284 1201 1398 1238 una
1425 1201 1553 1238 caro
1581 1201 1712 1239 cum
1744 1189 1904 1256 patre
1945 1186 2071 1253 fuit,
2104 1202 2190 1240 re-

559 1275 738 1330 velare
782 1277 1190 1346 preesumserit,
1243 1278 1497 1349 profecto
1545 1279 1720 1349 patris
1771 1279 2190 1350 turpitudinem

560 1369 854 1424 revelabit.
880 1372 1020 1426 Cum
1048 1374 1292 1441 cognata
1318 1388 1544 1442 quoque
1571 1372 1808 1428 miscere
1841 1373 2188 1444 prohibitum

558 1470 659 1530 est,
707 1464 842 1535 quia
887 1480 989 1535 per
1036 1464 1498 1535 conjunctionem
1539 1466 1796 1536 priorum
1845 1483 1972 1520 caro
1999 1466 2191 1521 fratris

559 1557 733 1611 fuerit
771 1557 938 1624 facta,
994 1575 1098 1629 pro
1129 1575 1240 1630 qua
1269 1575 1329 1612 re
1357 1559 1528 1613 etiam
1556 1561 1798 1615 Joannes
1824 1561 2070 1631 Baptista
2097 1577 2190 1614 ca-

557 1649 671 1720 pite
716 1654 1008 1704 truncatus
1061 1657 1118 1706 et
1163 1658 1356 1706 sancto
1411 1654 1686 1726 martyrio
1751 1657 2051 1708 coronatus
2108 1658 2192 1707 est

561 1744 777 1812 (Matth.
823 1760 928 1813 xiv,
980 1747 1084 1814 10).
1125 1745 1224 1799 Cui
1265 1762 1380 1800 non
1425 1751 1506 1801 est
1547 1747 1781 1814 dictum,
1817 1751 1880 1801 ut
1903 1747 2190 1803 Christum

2295 529 2619 595 ponantur,
2682 523 3004 594 exemplum
3072 540 3105 576 a
3161 523 3331 576 rebus
3379 524 3555 576 etiam
3617 521 3939 576 carnalibus

2297 634 2520 672 sumere
2580 634 2901 688 possumus.
2954 619 3114 671 Certe
3159 616 3337 685 enim,
3379 617 3515 670 dum
3565 615 3845 686 conjugia
3886 615 3937 668 in

2293 713 2510 766 mundo
2561 711 2959 779 celebrantur,
3026 709 3318 781 conjugati
3369 708 3586 780 quique
3643 715 3936 770 vocantur,

2295 809 2357 859 ut
2407 805 2504 875 qui
2548 805 2606 858 in
2646 804 2735 857 via
2771 805 2892 874 jam
2939 802 3190 874 conjugii
3229 808 3676 874 praecesserunt,
3727 803 3788 856 in
3822 802 3940 855 sub-

2293 898 2585 970 sequentis
2628 914 2851 969 quoque
2899 897 3117 968 copula
3164 896 3371 968 gaudio
3419 897 3799 950 misceantur.
3836 897 3941 951 Cur

2292 1009 2409 1047 non
2461 1008 2598 1063 ergo
2652 991 2950 1046 nobiscum
3003 991 3062 1045 in
3121 991 3226 1045 hac
3280 991 3511 1062 speciali
3569 990 3936 1044 ordinatione

2292 1103 2406 1156 qua
2445 1102 2547 1157 per
2581 1102 2803 1140 sacrum
2843 1084 3227 1139 ministerium
3269 1084 3447 1138 homo
3479 1086 3595 1138 Deo
3629 1085 3936 1154 conjungi-

2291 1182 2404 1248 tur,
2438 1180 2580 1234 tales
2610 1180 2971 1247 conveniant,
3018 1179 3115 1249 qui
3162 1179 3222 1232 in
3249 1179 3506 1249 profectu
3534 1178 3796 1233 ordinati
3823 1178 3935 1248 epi-

2292 1273 2444 1344 scopi
2478 1274 2789 1344 gaudeant,
2823 1273 2913 1326 vel
2943 1288 3047 1344 pro
3078 1272 3200 1343 ejus
3239 1271 3492 1326 custodia
3525 1273 3800 1327 omnium
3836 1272 3937 1343 ipsi

2294 1367 2532 1421 .Domino
2566 1383 2759 1438 preces
2787 1366 2999 1437 pariter
3025 1365 3338 1426 fundantur
3361 1367 3388 1421 ἲ

2363 1464 2719 1530 Interrogatio
2748 1463 3062 1528 Augustini.
3097 1491 3161 1499 —
3203 1460 3456 1524 Qualiter
3498 1461 3789 1515 debemus
3817 1478 3935 1515 cum

2293 1554 2598 1608 Galliarum
2627 1560 2798 1625 atque
2825 1554 3230 1609 Britannorum
3258 1554 3542 1624 episcopis
3569 1571 3756 1626 agere
3776 1556 3804 1608 ?

2362 1649 2648 1718 Responsio
2703 1649 2964 1715 Gregorii.
3021 1679 3089 1686 ——
3146 1649 3206 1702 ln
3281 1647 3596 1702 Galliarum
3653 1648 3939 1720 episcopis

2293 1741 2506 1795 nullam
2559 1740 2661 1796 tibi
2709 1741 3102 1796 auctoritatem
3158 1741 3482 1808 tribuimus,
3537 1742 3679 1814 quia
3721 1741 3794 1796 ab
3841 1760 3937 1796 an-

559 1844 814 1908 negaret,
847 1842 904 1890 et
933 1854 1036 1908 pro
1067 1838 1271 1893 Christi
1322 1840 1673 1896 confessione
1703 1841 1916 1896 occisus
1951 1846 2052 1896 est.
2082 1840 2191 1896 Sed
2211 1821 2267 1893 Β
2290 1833 2462 1905 tiquis
2518 1834 2998 1905 praedecessorum
3059 1850 3320 1890 meorum
3390 1835 3761 1905 temporibus
3820 1838 3937 1907 pal-

557 1930 690 2001 quia
721 1931 935 1985 eisdem
968 1932 1238 1986 Dominus
1268 1937 1462 1987 noster
1485 1936 1644 1989 Iesus
1670 1935 1926 1990 Christus
1951 1935 2188 2002 dixerat,

559 2047 586 2073 «
620 2042 727 2095 ego
754 2041 878 2078 sum
897 2025 1107 2079 veritas
1127 2026 1300 2096 (Joan.
1342 2045 1449 2096 xw,
1475 2029 1526 2099 6)
1550 2049 1576 2076 »
1601 2029 1736 2100 quia
1757 2046 1860 2100 pro
1883 2027 2074 2102 279
2097 2047 2188 2083 ve-

559 2118 722 2173 ritate
751 2120 998 2172 Joannes
1024 2120 1238 2174 occisus
1270 2125 1372 2190 est,
1402 2121 1658 2177 videlicet
1679 2139 1783 2194 pro
1813 2124 2038 2178 Christo
2060 2141 2188 2178 san-

561 2212 795 2283 guinem
833 2212 998 2265 fudit.
1034 2213 1176 2276 Quia
1211 2231 1342 2268 vero
1387 2222 1517 2269 sunt
1544 2217 1601 2269 in
1645 2218 1964 2288 Anglorum
1998 2222 2188 2289 gente,

558 2304 677 2374 qui,
707 2304 842 2358 dum
871 2304 1058 2359 adhuc
1087 2306 1144 2359 iu
1179 2305 1505 2362 inﬁdelitate
1531 2313 1741 2377 essent,
1775 2309 1908 2364 huic
1943 2311 2190 2365 nefando

567 2397 838 2468 conjugio
867 2397 1132 2453 dicuntur
1159 2400 1406 2466 admisti,
1443 2401 1515 2455 ad
1549 2401 1717 2456 ﬁdem
1748 2403 2056 2472 venientes,
2090 2405 2190 2458 ad-

562 2491 835 2545 monendi
885 2495 1018 2546 sunt
1054 2499 1117 2547 ut
1159 2511 1216 2546 se
1263 2493 1600 2560 abstineant,
1641 2501 1697 2551 et
1741 2481 1908 2568 grave
1939 2498 2042 2552 hoc
2069 2515 2189 2552 esse

556 2590 854 2655 peccatum
893 2593 1224 2657 agnoscant,
1261 2589 1626 2643 tremendum
1665 2589 1763 2644 Dei
1801 2591 2083 2661 judicium
2128 2593 2194 2648 ti-

557 2686 769 2747 meant,
803 2696 874 2734 ne
903 2697 1006 2750 pro
1037 2682 1254 2735 carnali
1282 2681 1658 2737 delectatione
1681 2687 1966 2740 tormenta
1993 2686 2192 2740 asterni

558 2773 836 2827 cruciatus
865 2774 1172 2828 incurrant.
1195 2775 1319 2828 Non
1353 2780 1546 2830 tamen
1580 2777 1795 2847 prohac
1818 2795 1879 2831 re
1902 2780 2043 2833 sacri
2077 2797 2193 2834 cor-

557 2865 711 2934 poris
757 2882 822 2919 ac
871 2866 1166 2936 sanguinis
1207 2868 1429 2921 Domini
1483 2871 1884 2925 communione
1933 2873 2192 2941 privandi

558 2962 710 3025 sunt,
731 2974 803 3011 ne
827 2959 883 3012 in
907 2959 986 3012 eis
1007 2958 1103 3012 illa
1126 2960 1316 3013 ulcisci
1344 2961 1658 3031 videamur,
1683 2963 1740 3015 in
1767 2963 1972 3034 quibus
2003 2983 2060 3020 se
2089 2983 2192 3036 per

558 3050 944 3120 ignorantiam
995 3055 1127 3106 ante
1178 3053 1468 3108 lavacrum
1517 3055 1871 3126 baptismatis
1912 3059 2186 3114 astrinxe-

561 3148 710 3199 runt.
741 3146 801 3199 In
829 3145 933 3199 hoc
964 3145 1117 3199 enim
1147 3149 1401 3217 tempore
1431 3152 1625 3203 sancta
1652 3150 1896 3206 Ecclesia
1928 3153 2188 3223 quaedam

559 3255 660 3308 per
683 3239 964 3292 fervorem
991 3239 1246 3310 corrigit,
1275 3241 1543 3312 quaedam
1557 3258 1660 3313 per
1684 3241 2188 3301 mansuetudinem

557 3331 786 3402 tolerat,
821 3332 1083 3403 quadam
1103 3349 1209 3404 per
1227 3334 1743 3392 considerationem
1773 3337 2094 3394 dissimulat
2112 3347 2190 3396 at-

558 3441 668 3496 que
689 3428 898 3496 portat,
917 3431 976 3480 ut
997 3442 1144 3497 saepe
1167 3428 1382 3482 malum
1403 3429 1558 3500 quod
1581 3434 1892 3499 aversatur,
1907 3435 2186 3504 portando

558 3523 616 3573 et
646 3520 1055 3575 dissimulando
1078 3526 1413 3592 compescat.
1445 3523 1658 3578 Omnes
1688 3525 1747 3579 hi
1775 3527 1872 3597 qui
1915 3527 1987 3581 ad
2019 3528 2188 3583 fidem

556 3613 809 3683 veniunt,
855 3614 1202 3670 admonendi
1241 3621 1391 3684 sunt,
1438 3633 1510 3671 ne
1552 3617 1664 3673 tale
1691 3618 1903 3690 aliquid
1940 3621 2189 3676 audeant

561 3709 912 3777 perpetrare.
943 3707 998 3762 Si
1024 3711 1516 3779 perpetraverunt,
1553 3711 1807 3782 corporis
1825 3717 1881 3767 et
1897 3714 2190 3785 sanguinis

559 3799 782 3854 Domini
812 3801 1215 3857 communione
1246 3801 1500 3872 privandi
1528 3808 1677 3873 suut,
1709 3805 1841 3876 quia
1861 3807 2003 3863 sicut
2020 3808 2081 3862 in
2101 3808 2190 3862 his

559 3894 657 3965 qui
683 3911 783 3965 per
812 3894 1197 3965 ignorantiam
1230 3895 1506 3964 fecerunt,
1531 3899 1696 3970 culpa
1713 3900 2074 3972 aliquatenus
2105 3906 2186 3957 to-

557 3989 795 4043 leranda
827 3993 930 4058 est,
978 3988 1057 4043 ita
1086 3989 1144 4042 in
1177 3990 1265 4044 his
1291 3990 1520 4046 fortiter
1546 3992 1915 4065 insequenda,
1950 3996 2047 4066 qui
2074 4013 2188 4052 non

560 4086 826 4137 metuunt
854 4081 1079 4137 sciendo
1109 4099 1362 4153 peccare.

631 4178 987 4245 Interrogatio
1026 4176 1348 4246 Augustini.
1398 4212 1461 4218 -—
1503 4180 1560 4235 Si
1598 4181 1994 4254 longinquitas
2032 4185 2194 4241 itine-

563 4270 636 4322 ris
681 4285 894 4340 magna
939 4268 1252 4340 interjacet,
1311 4276 1372 4326 ut
1424 4274 1668 4346 episcopi
1723 4293 1838 4330 non
1885 4277 2047 4334 facile
2092 4297 2190 4334 va-

565 4365 718 4418 leant
769 4363 1096 4432 convenire,
1160 4381 1235 4418 an
1294 4366 1720 4423 debeant-’sine
1777 4371 2017 4426 aliorum
2075 4375 2190 4445 epi-

564 4473 866 4529 scoporum
892 4458 1197 4529 praesentia
1228 4459 1474 4530 episcopi
1497 4462 1751 4516 ordinari
1777 4465 1805 4517 ?

2209 3197 2264 3272 C

2289 1927 2433 1983 lium
2501 1929 2846 1983 Arelatensis
2909 1928 3206 2000 episcopus
3271 1931 3523 2000 accepit,
3598 1946 3788 2000 quem
3845 1948 3937 1983 nos

2291 2023 2512 2093 privare
2553 2022 2894 2078 auctoritate
2939 2027 3206 2094 percepta
3255 2024 3492 2078 minime
3536 2023 3849 2078 debemus.
3889 2025 3938 2078 Si

2292 2116 2469 2187 igitur
2518 2116 2832 2188 contingat,
2889 2122 2950 2172 ut
3000 2121 3096 2171 tua
3136 2117 3455 2172 fraternitas
3498 2116 3576 2170 ad
3623 2117 3939 2171 Galliarum

2298 2209 2647 2280 provinciam
2702 2213 2966 2280 transeat,
3014 2227 3142 2264 cum
3194 2211 3390 2265 eodem
3438 2211 3782 2265 Adelatensi
3827 2213 3938 2282 epi-

2292 2319 2462 2374 scopo
2514 2303 2682 2358 debet
2730 2319 2922 2374 agere,
2966 2303 3213 2375 qualiter
3254 2305 3298 2356 si
3342 2320 3472 2374 quae
3516 2311 3659 2358 sunt
3705 2305 3770 2358 in
3824 2307 3937 2375 epi-

2292 2397 2476 2468 scopis
2519 2397 2652 2451 vitia
2693 2397 3076 2468 corrigantur.
3127 2397 3229 2464 Qui
3267 2397 3310 2450 si
3351 2397 3498 2452 forte
3542 2398 3604 2451 in
3637 2397 3937 2470 disciplina

2291 2491 2488 2561 vigore
2544 2491 2766 2561 tepidus
2817 2491 3037 2560 existat,
3092 2496 3204 2545 tuae
3248 2491 3624 2546 fraternitatis
3676 2494 3804 2548 zelo
3851 2511 3932 2546 ac-

2293 2584 2620 2639 cendendus
2670 2587 2771 2638 est.
2827 2585 2930 2640 Cui
2981 2585 3157 2638 etiam
3209 2585 3476 2654 epistolas
3530 2585 3825 2656 fecimus,
3881 2591 3934 2640 ut

2292 2694 2419 2732 cum
2494 2683 2607 2732 tuae
2674 2678 2985 2732 sanctitatis
3052 2679 3413 2750 praesentiam
3477 2678 3537 2732 in
3622 2681 3822 2734 Galliis
3885 2687 3936 2734 et

2292 2772 2413 2844 ipse
2467 2775 2587 2826 tota
2641 2777 2832 2827 mente
2886 2771 3199 2843 subveniat,
3244 2779 3299 2826 et
3345 2788 3472 2843 qua:
3514 2777 3653 2827 sunt
3699 2776 3935 2829 Creato-

2292 2866 2367 2920 ris
2403 2866 2580 2921 nostri
2615 2866 2859 2936 jussioni
2906 2865 3189 2920 contraria
3233 2866 3303 2919 ab
3354 2865 3772 2937 episcoporum
3817 2886 3936 2922 mo-

2293 2959 2447 3014 ribus
2490 2963 2846 3030 compescat;
2901 2960 3020 3029 ipse
3067 2963 3262 3013 autem
3307 2977 3373 3014 ex
3426 2961 3781 3016 auctoritate
3822 2980 3942 3034 pro-

2294 3053 2414 3123 pria
2472 3053 2769 3124 episcopos
2823 3052 3130 3107 Galliarum
3193 3053 3450 3122 judicare
3519 3070 3638 3108 non
3701 3058 3941 3126 poteris.

2291 3147 2392 3200 sed
2441 3147 2767 3214 suadendo,
2837 3146 3219 3214 blandiendo,
3287 3133 3556 3218 bonaque
3612 3151 3720 3203 tua
3774 3166 3941 3220 opera

2289 3257 2485 3296 eorum
2537 3241 2842 3294 imitationi
2896 3240 3285 3306 monstrando,
3340 3257 3658 3312 pravorum
3720 3253 3942 3298 mentes

2289 3334 2361 3388 ad
2400 3334 2651 3388 studium
2697 3334 3013 3388 sanctitatis
3057 3334 3329 3400 reforma,
3370 3335 3506 3406 quia
3532 3336 3827 3407 scriptum
3864 3346 3942 3391 est

2287 3427 2345 3482 in
2376 3428 2548 3499 lege:
2592 3430 2754 3482 «Per
2798 3428 3046 3483 alienam
3093 3444 3338 3483 messem
3383 3429 3678 3485 transiens
3735 3432 3941 3486 falcem

2288 3521 2516 3576 mittere
2577 3538 2693 3576 non
2771 3521 2963 3589 debes,
3021 3523 3119 3576 sed
3173 3539 3344 3576 manu
3397 3524 3587 3594 spicas
3636 3530 3940 3580 conterens

2289 3619 2346 3671 et
2395 3615 2740 3670 manducare
2789 3616 2962 3685 (Deut.
3011 3632 3164 3686 xxiu,
3235 3619 3346 3685 25).
3404 3639 3430 3665 ››
3482 3618 3717 3673 Falcem
3787 3619 3941 3674 enim

2281 3709 2482 3780 judicii
2534 3709 2762 3764 mittere
2815 3726 2929 3763 non
2985 3714 3146 3780 potes
3190 3711 3250 3765 in
3290 3727 3357 3766 ea
3407 3716 3624 3783 segete,
3675 3730 3812 3785 qua:
3858 3715 3936 3766 vi-

2291 3804 2459 3858 detur
2511 3803 2676 3858 alteri
2732 3803 3069 3872 commissa,
3140 3803 3238 3858 sed
3302 3821 3405 3875 per
3470 3804 3754 3860 effectum
3807 3807 3938 3861 boni

2291 3897 2473 3968 operis
2523 3898 2812 3952 frumenta
2861 3898 3156 3952 Dominica
3213 3899 3482 3953 vitiorum
3530 3916 3780 3954 suorum
3834 3919 3934 3972 pa-

2291 3991 2394 4047 leis
2446 3992 2729 4062 exspolia,
2798 3995 2854 4045 et
2901 3991 2962 4045 in
3013 3992 3274 4046 Ecclesia:
3323 4009 3565 4065 corpore
3627 3996 3935 4050 moriendo

2295 4089 2351 4140 et
2387 4084 2779 4157 persuadendo
2819 4084 2980 4156 quasi
3034 4084 3360 4141 mandendo
3410 4091 3704 4143 converte.
3757 4088 3936 4152 Quid~

2293 4179 2427 4251 quid
2457 4195 2588 4234 vero
2619 4196 2688 4234 ex
2732 4179 3069 4234 auctoritate
3113 4179 3406 4251 agendum
3453 4185 3558 4248 est,
3601 4199 3738 4237 cum
3783 4201 3934 4256 pra:-

2294 4273 2441 4329 dicto
2479 4273 2795 4328 Arelatensi
2841 4273 3104 4346 episcopo
3145 4281 3370 4346 agatur,
3416 4292 3523 4329 nec
3569 4280 3940 4348 praetermitti

2293 4368 2470 4440 possit
2489 4368 2596 4422 hoc
2627 4369 2781 4440 quod
2812 4369 3045 4441 antiqua
3073 4372 3304 4424 Patrum
3331 4369 3666 4424 constitutio
3698 4371 3938 4427 invenit.

2296 4463 2701 4516 Britannorum
2766 4480 2899 4518 vero
2967 4479 3167 4517 omnes
3222 4464 3512 4535 episcopos
3563 4467 3682 4518 tua:
3735 4466 3940 4521 frater—

637 4554 922 4621 ReSponsio
969 4553 1230 4620 Gregorii.
1295 4585 1349 4591 —
1401 4555 1469 4608 Et
1510 4555 1741 4626 quidem
1782 4558 1840 4611 in
1881 4556 2461 4644 AnglommDnitati
2493 4557 2929 4627 committimus,
2971 4563 3036 4612 ut
3072 4557 3286 4612 indocti
3330 4559 3670 4626 doceantur,
3723 4561 3940 4614 inﬁrmi

567 4645 829 4712 Ecclesia,
899 4644 960 4700 in
1022 4661 1134 4717 qua
1201 4647 1350 4701 solus
1414 4651 1473 4702 tu
1547 4649 1843 4721 episcopus
1913 4653 2196 4726 inveniris,

568 4739 833 4793 ordinare
885 4738 1210 4810 episcopum
1257 4757 1376 4795 non
1428 4742 1592 4796 aliter
1643 4743 1753 4797 nisi
1803 4746 1926 4800 sine
1985 4747 2197 4818 episco-

567 4831 652 4902 pis
697 4837 875 4902 potes.
940 4833 1079 4886 Nam
1139 4835 1368 4904 quando
1423 4835 1492 4889 de
1547 4836 1741 4890 Galliis
1794 4838 2040 4911 episcopi
2102 4858 2196 4897 ve-

567 4924 752 4992 niunt,
814 4925 911 4994 qui
973 4927 1030 4979 in
1088 4926 1446 4982 ordinatione
1501 4929 1606 4999 ipsi
1665 4933 1838 4984 testes
1893 4932 2201 4990 assistant?

568 5018 675 5073 Sed
705 5017 1119 5074 fraternitatem
1150 5023 1310 5074 tuam
1356 5020 1432 5075 ita
1466 5023 1731 5078 volumus
1771 5025 2066 5098 episcopos
2105 5046 2196 5084 or-

573 5112 790 5179 dinare,
832 5116 896 5165 ut
945 5111 1048 5181 ipsi
1093 5112 1198 5167 sibi
1248 5113 1497 5186 episcopi
1538 5116 1712 5189 longo
1755 5119 2052 5176 intervallo
2100 5124 2201 5178 mi-

577 5206 733 5259 nime
775 5204 1198 5276 disjungantur,
1243 5213 1522 5279 quatenus
1564 5213 1719 5266 nulla
1775 5214 1846 5268 sit
1899 5217 2202 5273 necessitas

576 5303 636 5353 ut
676 5299 733 5352 in
778 5297 1136 5354 ordinatione
1182 5300 1431 5373 episcopi
1463 5306 1767 5361 convenire
1798 5324 1915 5363 non
1946 5310 2199 5382 possint;

573 5398 870 5466 pastorum
911 5408 1142 5464 quoque
1177 5394 1503 5465 aliquorum
1549 5401 1874 5471 praesentia,
1916 5404 2052 5473 quia
2083 5406 2198 5459 val-

577 5487 647 5542 de
687 5489 772 5540 est
823 5486 995 5555 utilis,
1054 5485 1318 5542 facillime
1378 5489 1622 5547 debeant
1678 5494 1999 5550 convenire.
2059 5500 2200 5552 Cum

576 5581 770 5651 igitur,
823 5583 1051 5634 auctore
1098 5582 1234 5648 Deo,
1283 5583 1362 5636 ita
1398 5584 1610 5638 fuerint
1655 5588 1899 5659 episcopi
1951 5590 2008 5644 in
2066 5609 2198 5664 pro-

578 5672 808 5742 pinquis
861 5671 965 5726 sibi
1015 5673 1150 5726 locis
1189 5675 1454 5742 ordinati,
1510 5694 1614 5747 per
1662 5681 1849 5734 omnia
1902 5683 2200 5758 episcopo-

576 5779 708 5819 rum
758 5763 1040 5820 ordinatio
1078 5765 1201 5820 sine
1241 5769 1566 5840 aggregatis
1609 5771 1790 5826 tribus
1837 5776 1925 5830 vel
1963 5783 2204 5849 quatuor

581 5856 857 5928 episcopis
923 5857 1044 5912 lieri
1109 5875 1222 5914 non
1288 5861 1476 5918 debet.
1539 5865 1676 5920 Nam
1740 5869 1889 5938 quod
1957 5871 2012 5925 in
2066 5873 2201 5945 ipsis

2300 4651 2660 4721 persuasione
2705 4651 3063 4720 roborentur,
3099 4653 3350 4723 perversi
3381 4653 3732 4708 auctoritate
3763 4655 3936 4709 corri-

2301 4747 2528 4815 gantur.

2372 4840 2675 4896 Obsecratio
2701 4840 3013 4907 Augustini.
3046 4869 3114 4880 —-
3155 4839 3401 4895 Obsecro
3431 4846 3496 4895 ut
3523 4840 3792 4912 reliquias
3817 4861 3939 4897 san-

2303 4933 2376 4987 cti
2393 4933 2532 4989 Sixti
2555 4933 2819 5004 martyris
2840 4933 3317 4988 transmittantur.

2375 5029 2648 5085 Concessio
2717 5028 2977 5096 Gregorii.
3025 5057 3091 5068 —-
3155 5027 3416 5082 Fecimus
3491 5030 3647 5100 quod
3724 5032 3932 5103 petisti,

2305 5124 2580 5192 quatenus
2624 5121 2885 5192 populus,
2934 5121 3032 5192 qui
3083 5121 3139 5176 in
3183 5122 3309 5176 loco
3357 5123 3650 5193 quondam
3693 5125 3752 5179 S.
3799 5127 3934 5181 Sixti

2304 5214 2570 5286 martyris
2595 5230 2798 5285 corpus
2816 5214 3083 5270 dixerunt
3107 5204 3388 5282 venerari,
3417 5216 3572 5286 quod
3601 5222 3720 5272 tua:
3743 5219 3939 5274 frater»

2305 5308 2470 5363 nitati
2515 5325 2620 5363 nec
2665 5324 2861 5363 verum
2913 5325 3016 5363 nec
3063 5309 3336 5364 veraciter
3383 5316 3645 5364 sanctum
3691 5313 3936 5376 videtur,

2305 5408 2455 5459 certa
2503 5402 2839 5458 sanctissimi
2889 5408 2946 5458 et
2992 5402 3374 5474 probatissimi
3439 5406 3718 5476 martyris
3769 5407 3939 5461 bene-

2304 5499 2430 5553 ﬁcia
2487 5497 2818 5568 suscipiens,
2875 5497 3058 5551 colere
3101 5496 3313 5552 incerte
3358 5513 3477 5551 non
3525 5497 3759 5554 debeat.
3812 5501 3941 5554 Mihi

2305 5599 2495 5647 tamen
2548 5593 2802 5656 videtur,
2871 5591 3001 5663 quia
3070 5592 3115 5644 si
3167 5607 3374 5662 corpus
3431 5592 3585 5662 quod
3641 5609 3674 5646 a
3731 5595 3942 5666 popqu

2303 5686 2599 5757 cujusdam
2647 5685 2912 5756 martyris
2962 5701 3080 5740 esse
3147 5684 3399 5738 creditur
3450 5685 3623 5740 nullis
3668 5687 3786 5742 illic
3841 5691 3944 5744 mi~

2304 5779 2506 5834 raculis
2577 5785 2852 5848 coruscat,
2915 5784 2972 5833 et
3049 5795 3233 5850 neque
3287 5778 3459 5852 aliqui
3515 5780 3586 5833 de
3646 5783 3939 5854 antiquio-

2303 5874 2459 5928 ribus
2510 5873 2793 5942 existunt,
2857 5872 2955 5944 qui
3019 5889 3075 5927 se
3131 5891 3162 5926 a
3217 5873 3545 5944 parentibus
3602 5876 3941 5946 passionem
