4092 6192
215 353 237 403 i
258 355 358 405 125
1439 364 1912 428 DECRETALIUM
1952 372 2335 431 COLLECTIO.
3444 396 3458 446 1
3479 396 3494 447 t
3513 397 3575 447 '26

205 459 335 528 ejus
380 459 602 515 audisse
646 461 950 534 fateantur,
1005 466 1080 520 ita
1127 469 1379 542 reliquias
1431 491 1567 545 quas
1625 477 1844 548 petistis
1865 479 2401 566 Adiscernentibus
2442 503 2574 542 cum
2619 505 2832 561 magna
2892 492 3226 550 discretione
3276 499 3578 568 providen-

205 569 472 608 seorsum
511 555 825 613 condendae
870 566 1020 628 sunt,
1067 569 1126 618 ut
1167 565 1325 621 locus
1369 584 1482 638 quo
1540 555 1923 640 praefatum"
1945 574 2015 628 da
2060 580 2163 646 est,
2210 577 2293 632 ita
2348 579 2436 634 his
2478 582 2684 652 quibus
2720 555 2892 640 'mors
2949 587 3220 644 imminet
3276 555 3398 646 sine
3459 595 3579 650 ulla

193 646 358 717 jacet
415 649 599 704 modis
653 653 916 708 omnibus
979 655 1327 730 obstruetur,
1385 678 1492 717 nec
1543 666 1839 736 permitta-

201 743 302 793 tur
351 744 592 812 populus
656 749 878 802 certum
945 749 1224 820 deserere,
1277 758 1333 808 et
1389 756 1671 814 incertum
1745 778 1840 814 ve-

198 850 396 889 aerari
406 878 417 888 .

275 977 636 1048 Interrogatio
687 983 1000 1050 Augustini.
1055 1017 1121 1026 -
1170 988 1223 1044 Si
1273 1007 1576 1062 praegnans
1632 996 1840 1051 mulier

196 1069 404 1124 debeat
462 1071 753 1144 baptizari,
819 1083 916 1132 aut
986 1086 1293 1154 postquam
1369 1088 1651 1156 genuerit,
1710 1095 1838 1160 post

194 1168 480 1233 quantum
545 1168 721 1237 possit
783 1172 1006 1243 tempus
1074 1177 1371 1232 ecclesiam
1443 1180 1675 1248 intrare,
1742 1190 1835 1241 aut

195 1257 378 1311 etiam
426 1259 722 1331 baptizari,
751 1280 822 1320 ne
865 1272 1050 1322 morte
1095 1275 1559 1344 praeoccupetur;
1593 1278 1744 1348 quod
1790 1280 1835 1333 si

193 1352 484 1420 genuerit,
534 1360 661 1425 post
714 1362 852 1428 quot
908 1360 1027 1417 dies
1092 1363 1236 1419 hanc
1300 1366 1471 1423 liceat
1528 1371 1675 1424 sacri
1731 1372 1831 1426 ba-

192 1444 484 1514 ptismatis
541 1457 892 1508 sacramenta
960 1457 1284 1527 percipere;
1331 1467 1429 1515 aut
1472 1467 1597 1532 post
1647 1481 1829 1536 quan-

189 1541 320 1592 tum
377 1543 653 1612 temporis
711 1546 842 1600 huic
900 1549 982 1602 vir
1037 1567 1170 1605 suus
1241 1554 1300 1606 in
1364 1556 1546 1610 carnis
1602 1560 1831 1629 copula-

191 1631 352 1688 tione
397 1635 697 1708 conjungi;
747 1643 821 1708 et,
853 1642 897 1695 si
942 1650 1234 1700 menstrua
1282 1651 1692 1706 consuetudine
1743 1659 1828 1708 te-

191 1729 382 1794 netur,
433 1745 505 1783 an
550 1731 610 1785 in
659 1734 888 1789 ecclesia
956 1737 1168 1792 intrare
1220 1741 1272 1794 ei
1319 1741 1524 1806 liceat;
1575 1749 1674 1799 aut
1741 1764 1826 1802 sa-

188 1836 302 1873 crae
351 1825 768 1880 communionis
811 1838 1174 1886 sacramenta
1222 1836 1550 1906 percipere;
1588 1843 1686 1893 aut
1711 1841 1828 1896 viro

188 1930 293 1967 suo
323 1917 598 1989 conjungi
627 1922 998 1994 permittitur,
1027 1927 1362 1999 priusquam
1395 1931 1615 1987 lavetur
1637 1950 1821 2006 aqua;

186 2008 236 2061 si
289 2011 584 2067 ecclesiam
628 2016 802 2084 possit
860 2016 1093 2088 intrare,
1141 2022 1228 2075 vel
1273 2024 1445 2078 etiam
1502 2027 1572 2080 ad
1615 2033 1822 2100 myste-

185 2103 344 2156 rium
394 2108 598 2160 sanctae
645 2111 1064 2167 communionis
1107 2116 1396 2172 accedere.
1449 2119 1587 2182 Quae
1631 2123 1825 2178 omnia

181 2196 316 2251 rudi
362 2199 679 2270 Anglorum
740 2205 894 2274 genti
952 2212 1181 2277 oportet
1238 2211 1448 2266 habere
1505 2220 1820 2286 comperta.

255 2340 548 2409 Responsio
577 2343 839 2413 Gregorii.
869 2377 936 2386 —-
962 2348 1074 2403 Hoc
1104 2366 1222 2404 non
1251 2353 1483 2424 ambigo
1506 2354 1824 2412 fraternita-

177 2436 308 2485 tem
347 2437 505 2489 tuam
546 2452 664 2492 esse
711 2440 1063 2511 requisitam,
1097 2444 1184 2498 cui
1221 2445 1345 2515 jam
1386 2453 1441 2501 et
1489 2465 1820 2520 responsum

176 2525 500 2583 reddidisse
534 2546 624 2585 me
660 2532 924 2588 arbitror.
971 2536 1081 2591 Sed
1123 2538 1230 2592 hoc
1259 2540 1414 2610 quod
1444 2541 1563 2613 ipse
1609 2544 1816 2613 dicere,

177 2623 241 2672 et
268 2622 481 2675 sentire
519 2625 767 2695 potuisti,
801 2629 967 2682 credo
1000 2631 1138 2700 quia
1168 2649 1291 2686 mea
1319 2635 1468 2704 apud
1497 2641 1551 2691 te
1576 2639 1820 2695 volueris

175 2716 549 2784 responsione
599 2719 838 2774 ﬁrmari.
886 2723 1084 2777 Mulier
1145 2727 1296 2780 enim
1346 2745 1671 2802 praegnans,
1720 2751 1819 2788 cur

172 2823 295 2861 non
361 2809 562 2865 debeat
630 2813 927 2884 baptizari,
977 2833 1106 2872 cum
1157 2836 1270 2874 non
1332 2822 1401 2876 sit
1443 2829 1572 2880 ante
1629 2829 1814 2881 omni-

171 2903 426 2971 potentis
472 2905 566 2958 Dei
614 2908 806 2962 oculos
861 2911 1026 2981 culpa
1083 2913 1274 2984 aliqua
1328 2916 1644 2974 fecunditas
1691 2938 1812 2975 car-

171 2995 308 3048 nis?
340 2997 478 3051 Nam
520 3016 648 3054 cum
699 3003 869 3071 primi
918 3010 1184 3075 parentes
1228 3012 1404 3065 nostri
1444 3013 1501 3066 in
1552 3017 1813 3084 paradiso

173 3087 573 3160 deliquissent,
608 3094 1102 3154 immortalitatem
1147 3119 1322 3172 quam
1363 3114 1696 3178 acceperant
1722 3128 1811 3164 re-

169 3186 266 3236 cto
315 3183 408 3237 Dei
447 3185 662 3255 judicio
707 3191 1100 3260 perdiderunt,
1152 3197 1286 3266 quia
1336 3199 1493 3254 idem
1551 3205 1809 3275 omnipo-

169 3279 305 3329 tens
354 3279 500 3332 Deus
562 3281 880 3338 humanum
947 3302 1126 3357 genus
1187 3291 1350 3362 culpa
1407 3311 1508 3348 sua
1556 3297 1811 3353 funditus

166 3370 538 3443 exstinguere
586 3377 790 3445 noluit,
820 3384 875 3433 et
918 3380 1405 3440 immortalitatem
1452 3388 1674 3445 homini
1704 3409 1807 3462 pro

166 3468 408 3533 peccato
455 3484 553 3521 suo
599 3469 849 3540 abstulit,
898 3479 954 3528 et
999 3479 1196 3531 tamen
1251 3496 1353 3550 per
1393 3481 1807 3554 benignitatem

163 3575 288 3611 suae
352 3560 580 3630 pietatis
644 3565 1058 3624 fecunditatem
1106 3571 1157 3626 ei
1212 3573 1417 3628 sobolis
1478 3579 1801 3634 reservavit.

161 3652 334 3714 Quod
382 3671 519 3726 ergo
563 3661 783 3713 naturae
828 3661 1099 3718 humanse
1146 3682 1210 3719 ex
1258 3669 1664 3740 omnipotentis
1705 3675 1804 3728 Dei

162 3745 321 3800 dono
364 3754 648 3805 servatum
712 3759 813 3821 est,
863 3772 976 3826 qua
1046 3761 1265 3814 ratione
1319 3764 1525 3832 poterit
1581 3782 1614 3820 a
1657 3769 1801 3822 sacri

160 3839 519 3910 baptismatis
567 3847 747 3917 gratia
789 3850 1122 3920 prohiberi?
1175 3855 1233 3908 in
1279 3855 1372 3910 illo
1417 3857 1628 3929 quippe
1674 3877 1796 3933 my-

159 3934 356 4003 sterio,
391 3937 448 3990 in
492 3955 604 4010 quo
649 3943 833 3996 omnis
876 3945 1043 4016 culpa
1094 3947 1350 4004 funditus
1395 3952 1794 4025 exstinguitur,

157 4028 324 4083 valde
399 4033 656 4100 stultum,
721 4037 766 4088 si
842 4037 1055 4095 donum
1131 4043 1331 4112 gratias
1407 4049 1795 4105 contradicere

157 4138 328 4192 posse
355 4124 630 4184 videatur.
660 4130 802 4184 Cum
832 4148 967 4187 vero
1014 4136 1185 4192 enixa
1226 4137 1398 4193 fuerit
1438 4140 1646 4195 mulier
1673 4150 1798 4213 post

154 4222 305 4286 quot
367 4218 564 4274 debeat
630 4222 749 4279 dies
811 4227 1106 4282 ecclesiam
1175 4231 1406 4303 intrare,
1448 4235 1792 4293 Testamenti

157 4310 374 4364 Veteris
424 4317 804 4387 przeceptione
848 4320 1113 4392 didicisti,
1151 4330 1211 4380 ut
1248 4343 1352 4396 pro
1395 4331 1643 4384 masculo
1671 4331 1791 4387 die-

151 4403 267 4456 bus
327 4405 558 4476 triginta
630 4411 810 4467 tribus
877 4417 1019 4483 (Lev.
1088 4435 1193 4486 xn,
1263 4421 1337 4490 4),
1404 4439 1507 4492 pro
1582 4425 1792 4480 femina

151 4503 352 4552 autem
419 4504 710 4573 sexaginta
765 4524 862 4562 sex
913 4510 1094 4578 (Ibid.,
1138 4515 1188 4583 5)
1243 4513 1445 4570 debeat
1494 4516 1785 4575 abstineri.

1943 667 2212 724 dilatione
2276 671 2588 742 offerenda,
2650 693 2722 732 ne
2790 679 2928 734 dum
2983 682 3168 738 adhuc
3221 689 3448 757 tempus
3509 689 3580 743 ad

1942 761 2310 832 praebendum
2351 766 2762 840 redemptionis
2788 775 3128 845 mysterium
3171 779 3464 850 quazritur,
3495 781 3581 835 in-

1940 857 2292 913 terveniente
2353 861 2648 930 paululum
2712 880 2894 936 mora,
2941 867 3191 924 inveniri
3237 887 3351 927 non
3397 873 3579 930 valeat

1940 949 2035 1020 qui
2081 951 2417 1007 redimatur.
2459 955 2538 1010 Ad
2582 956 2702 1027 ejus
2745 975 2878 1015 vero
2920 963 3289 1018 concubitum
3321 966 3406 1020 vir
3441 984 3578 1022 suus

1940 1045 2210 1099 accedere
2277 1063 2393 1100 non
2462 1048 2648 1119 debet,
2698 1053 2884 1123 quoad
2950 1071 3130 1127 usque
3197 1059 3402 1128 proles,
3447 1077 3576 1132 quae

1939 1135 2212 1208 gignitur,
2283 1140 2616 1196 ablactatur.
2686 1146 2859 1200 Prava
2921 1151 3110 1203 autem
3176 1149 3234 1203 in
3297 1153 3572 1225 conjuga-

1939 1233 2125 1285 torum
2159 1233 2413 1288 moribus
2444 1238 2791 1292 consuetudo
2824 1242 3086 1311 surrexit,
3119 1248 3180 1297 ut
3205 1245 3473 1302 mulieres
3500 1249 3568 1302 fi-

1933 1323 2040 1378 lios
2069 1341 2212 1395 quos
2242 1326 2489 1397 gignunt
2524 1330 2742 1385 nutrire
2791 1338 3178 1405 contemnant,
3208 1354 3420 1410 eosque
3448 1341 3572 1396 aliis

1935 1417 2266 1473 mulieribus
2313 1421 2386 1474 ad
2420 1423 2798 1480 nutriendum
2845 1427 3094 1484 tradant.
3124 1431 3285 1494 Quod
3317 1433 3574 1491 videlicet

1934 1528 2000 1565 ex
2033 1512 2147 1566 sola
2171 1529 2345 1568 causa
2373 1515 2802 1572 incontinentiae
2835 1520 3060 1576 videtur
3095 1523 3413 1597 inventum,
3442 1530 3572 1600 quia

1935 1603 2072 1659 dum
2093 1622 2150 1661 se
2175 1608 2469 1664 continere
2494 1612 2718 1680 nolunt,
2740 1613 3064 1684 despiciunt
3087 1616 3298 1673 lactare
3327 1637 3468 1691 quos
3491 1623 3572 1692 gi-

1932 1703 2135 1769 gnunt.
2171 1702 2265 1755 Hae
2297 1701 2486 1774 itaque
2511 1720 2640 1774 quae
2681 1705 2828 1760 ﬁlios
2869 1723 3000 1763 suos
3040 1726 3108 1764 ex
3135 1728 3307 1781 prava
3331 1731 3568 1771 consue-

1930 1791 2130 1847 tudine
2160 1794 2284 1848 aliis
2305 1795 2376 1849 ad
2396 1797 2772 1853 nutriendum
2795 1800 3051 1870 tradunt,
3075 1803 3184 1858 nisi
3210 1809 3568 1878 purgationis

1848 1871 1902 1944 B
1929 1888 2158 1957 tempus
2184 1889 2532 1959 transierint,
2558 1891 2690 1946 viris
2718 1893 2832 1947 suis
2862 1911 2977 1949 non
3003 1896 3218 1952 debent
3243 1900 3564 1971 admisceri,

1927 1979 2138 2051 quippe
2169 1982 2304 2052 quia
2339 1987 2396 2037 et
2433 1983 2554 2039 sine
2594 1991 2788 2056 partus
2835 2004 3003 2043 causa
3045 2007 3176 2044 cum
3220 1993 3566 2050 inconsuetis

1926 2075 2233 2129 menstruis
2249 2075 2730 2147 detinentur,viris
2747 2081 2862 2135 suis
2880 2083 3108 2138 misceri
3126 2086 3560 2156 prohibeantur,

1926 2166 2002 2220 ita
2025 2171 2085 2221 ut
2104 2175 2288 2224 morte
2316 2172 2407 2226 lex
2432 2189 2588 2227 sacra
2613 2173 2802 2244 feriat,
2822 2175 2869 2230 si
2895 2177 3022 2247 quis
3048 2178 3130 2232 vir
3153 2180 3227 2234 ad
3256 2181 3560 2240 mulierem

1925 2267 2340 2319 menstruatam
2365 2267 2609 2322 accedat.
2636 2268 2774 2332 Quae
2800 2273 2996 2325 tamen
3019 2273 3246 2344 mulier,
3270 2275 3409 2330 dum
3429 2293 3560 2332 con-

1924 2356 2286 2412 suetudinem
2310 2361 2722 2415 menstrualem
2742 2363 2974 2433 patitur,
2995 2366 3290 2435 prohiberi
3305 2369 3378 2424 ab
3391 2371 3563 2426 eccle-

1923 2447 2006 2501 sia
2020 2466 2132 2504 non
2151 2451 2341 2520 debet,
2357 2453 2488 2524 quia
2504 2459 2711 2509 natura
2731 2456 2782 2509 ei
2800 2458 3158 2527 superﬂuens
3178 2460 3239 2515 in
3260 2463 3423 2534 culpa
3442 2481 3560 2519 non

1923 2544 2067 2599 valet
2088 2547 2358 2616 reputari,
2384 2551 2442 2601 et
2461 2563 2563 2617 per
2583 2548 2692 2603 hoc
2715 2550 2869 2621 quod
2889 2551 3065 2607 invita
3088 2555 3322 2624 patitur,
3334 2557 3555 2628 justum

1920 2655 2036 2693 non
2054 2644 2155 2706 est,
2173 2641 2316 2694 utab
2333 2640 2589 2712 ingressu
2609 2644 2802 2714 templi
2825 2645 3099 2715 privetur.
3118 2649 3385 2704 Novimus
3397 2667 3558 2707 nani-

1918 2749 2028 2804 que
2060 2733 2211 2804 quod
2242 2734 2449 2789 mulier
2478 2752 2604 2806 quas
2631 2738 2850 2792 ﬂuxum
2878 2740 3207 2809 patiebatur
3231 2746 3548 2815 sanguinis,

1917 2830 2045 2896 post
2055 2831 2281 2898 tergum
2295 2828 2525 2882 Domini
2537 2830 2826 2887 humiliter
2840 2833 3421 2903 veniens,vestimenti
3433 2840 3555 2910 ejus

1917 2920 2200 2975 fimbriam
2231 2921 2440 2992 tetigit,
2475 2926 2644 2995 atque
2672 2925 2743 2979 ab
2775 2942 2842 2980 ea
2873 2929 3064 2982 statim
3109 2946 3210 2984 sua
3249 2930 3554 2988 infirmitas

1916 3015 2149 3069 recessit
2178 3015 2392 3085 (Matth.
2428 3021 2611 3086 1x,20,
2643 3019 2774 3090 22)?
2795 3019 2848 3074 Si
2876 3037 3013 3091 ergo
3045 3022 3103 3076 in
3133 3023 3291 3079 fluxu
3318 3029 3549 3098 sangui-

1916 3108 2004 3162 nis
2034 3109 2217 3180 posita
2266 3110 2628 3166 laudabiliter
2656 3114 2844 3183 potuit
2885 3117 3288 3173 vestimentum
3325 3121 3551 3176 Domini

1832 3244 1886 3318 Ο
1915 3206 2172 3272 tangere,
2203 3218 2306 3257 cur
2330 3220 2457 3275 quae
2491 3209 2785 3260 menstrua
2813 3209 3106 3280 sanguinis
3133 3212 3344 3282 patitur
3362 3213 3414 3269 ei
3432 3231 3550 3270 non

1913 3295 2072 3318 I2---‘
2105 3297 2324 3318 n__-:_.:
2365 3298 2647 3318 Δ.,1.λ3.-..
2689 3299 2797 3318 Βηιη
2955 3304 2985 3318 n
3041 3304 3056 3318 1
3106 3305 3143 3318 ιι·
3186 3305 3195 3314 ο
3293 3308 3348 3318 ..-
3471 3309 3480 3318 .

1911 3295 2077 3351 liceat
2103 3297 2328 3351 Domini
2358 3298 2654 3353 ecclesiam
2686 3299 2920 3356 intrare.
2955 3304 3061 3358 Sed
3090 3305 3228 3360 dicis
3253 3323 3267 3360 :
3291 3308 3447 3362 Illam
3466 3309 3550 3364 in-

1910 3389 2144 3444 firmitas
2189 3390 2480 3462 compulit,
2522 3392 2623 3446 has
2669 3410 2823 3461 vero,
2870 3395 2940 3450 de
2983 3397 3185 3468 quibus
3230 3400 3542 3471 loquimur,

1907 3484 2257 3539 consuetudo
2280 3484 2637 3557 constringit.
2668 3489 2962 3559 Perpende
2993 3491 3166 3560 enim,
3200 3493 3375 3549 frater
3403 3495 3541 3550 cha-

1907 3577 2149 3645 rissime,
2181 3577 2316 3649 quia
2349 3594 2519 3633 omne
2550 3581 2704 3651 quod
2731 3581 2788 3636 in
2821 3582 2924 3636 hac
2949 3601 3118 3639 carne
3144 3587 3369 3641 mortali
3395 3590 3541 3659 pati-

1905 3687 2036 3725 mur
2082 3689 2146 3725 ex
2194 3671 2524 3728 infirmitate
2564 3678 2783 3730 natura;
2829 3681 2914 3730 est
2959 3677 3135 3748 digno
3185 3679 3282 3734 Dei
3322 3681 3540 3752 judicio

1902 3782 2006 3836 per
2039 3765 2263 3837 culpam
2292 3767 2644 3822 ordinatum.
2673 3769 2901 3824 Esurire
2930 3787 3200 3843 namque,
3230 3774 3410 3844 sitire,
3435 3793 3535 3831 aes-

1901 3863 2082 3928 tuare,
2113 3859 2325 3930 algere,
2354 3861 2655 3917 lassessere
2688 3879 2757 3917 ex
2805 3863 3139 3921 infirmitate
3173 3870 3392 3923 naturas
3430 3877 3535 3924 est.

1902 3954 1969 4006 Et
1989 3953 2124 4024 quid
2156 3959 2241 4008 est
2267 3953 2423 4009 aliud
2454 3960 2652 4011 contra
2676 3956 2888 4011 famem
2917 3958 3211 4027 alimenta,
3233 3966 3428 4017 contra
3456 3965 3533 4017 si-

1896 4046 2000 4100 tim
2046 4051 2269 4117 potum,
2298 4053 2496 4104 contra
2544 4053 2745 4105 aestum
2793 4067 2976 4121 auras,
3007 4059 3064 4108 et
3106 4058 3307 4109 contra
3352 4057 3534 4128 frigus

1898 4143 2130 4209 vestem,
2164 4147 2361 4197 contra
2398 4143 2794 4199 lassitudinem
2823 4146 3088 4218 requiem
3113 4164 3393 4220 quarere,
3423 4149 3531 4206 nisi

1896 4235 2313 4291 medicamenta
2328 4237 2594 4308 quaedam
2609 4243 2807 4293 contra
2822 4240 3191 4310 aegritudines
3203 4245 3530 4314 explorare?

1896 4330 2143 4385 Feminae
2175 4347 2425 4402 namque
2455 4337 2510 4387 et
2548 4337 2877 4388 menstruus
2905 4335 2990 4389 sui
3019 4337 3315 4408 sanguinis
3342 4338 3529 4394 ﬂuxus

1894 4424 2175 4494 aegritudo
2203 4430 2303 4480 est.
2325 4425 2383 4480 Si
2410 4425 2587 4497 igitur
2603 4427 2748 4482 bene
2776 4431 3162 4500 praesumpsit,
3187 4433 3341 4501 quod
3363 4436 3526 4487 vesti-

1891 4524 2152 4573 mentum
2173 4518 2398 4573 Domini
2424 4520 2483 4573 in
2505 4521 2782 4592 languore
2809 4523 2995 4592 posita
3020 4523 3225 4593 tetigit,
3249 4526 3402 4595 quod
3425 4528 3522 4580 uni

145 4591 317 4654 Quod
359 4597 552 4650 tamen
601 4599 894 4657 sciendum
937 4608 1040 4672 est,
1091 4607 1224 4677 quia
1262 4608 1322 4663 in
1369 4612 1643 4681 mysterio
1689 4631 1782 4668 ac-
1805 4620 1864 4693 Ι)
1887 4627 2148 4683 personae
2177 4612 2478 4668 infirmata}
2516 4614 2867 4682 conceditur,
2904 4631 3004 4669 cur
3031 4632 3148 4670 non
3181 4619 3524 4674 concedatur

143 4685 380 4756 cipitur.
430 4690 570 4744 Nam
614 4693 660 4746 si
707 4695 851 4750 hora
913 4699 1111 4754 eadem
1179 4718 1291 4772 qua
1356 4707 1644 4775 genuerit,
1691 4725 1782 4763 ac-

141 4785 280 4834 tura
321 4783 529 4850 gratias
570 4786 747 4844 intret
789 4792 1110 4865 ecclesiam,
1157 4797 1314 4852 nullo
1369 4801 1583 4870 peccati
1640 4819 1778 4874 pon-

138 4874 287 4928 dere
345 4885 649 4947 gravatur;
695 4884 956 4956 voluptas
1015 4888 1172 4943 enim
1220 4892 1404 4946 carnis
1458 4911 1572 4949 non
1620 4896 1782 4952 dolor

139 4967 206 5020 in
236 4969 405 5040 culpa
433 4978 538 5043 est,
573 4975 630 5029 in
671 4979 853 5034 carnis
899 4982 1052 5036 enim
1093 4986 1492 5043 commistione
1524 4990 1781 5061 voluptas

135 5067 248 5115 est.
284 5063 424 5119 Nam
451 5068 511 5120 in
540 5071 714 5140 prolis
745 5075 1068 5144 prolatione
1101 5080 1366 5151 gemitus,
1398 5083 1549 5136 unde
1577 5087 1634 5139 et
1660 5084 1780 5154 ipse

135 5156 418 5213 Dominus
447 5162 666 5232 primus
704 5169 978 5239 magister
1011 5172 1270 5228 omnium
1303 5175 1440 5230 dixit
1473 5193 1484 5230 :
1521 5199 1547 5226 «
1582 5178 1641 5232 In
1671 5178 1774 5232 do-

133 5249 357 5305 loribus
412 5256 598 5325 paries
641 5260 791 5330 (Gen.
848 5279 928 5332 Ill,
985 5267 1089 5335 16).
1148 5287 1174 5317 »
1237 5269 1290 5322 Si
1343 5270 1496 5324 enim
1545 5271 1775 5327 enixam

132 5345 446 5402 mulierem
509 5354 875 5422 prohibemus
936 5360 1233 5416 ecclesiam
1297 5363 1530 5432 intrare,
1591 5367 1772 5437 ipsam

129 5438 190 5491 ei
236 5441 635 5509 paenitentiam
681 5466 846 5505 suam
895 5453 952 5506 in
999 5455 1225 5525 culpam
1270 5457 1634 5529 deputamus.
1668 5463 1772 5516 Ba-

131 5531 351 5603 ptizare
394 5542 585 5594 autem
613 5544 699 5597 vel
739 5545 967 5601 enixam
1015 5550 1341 5618 mulierem,
1367 5555 1453 5607 vel
1493 5555 1596 5609 hoc
1623 5556 1772 5626 quod

128 5630 427 5700 genuerit,
486 5634 531 5687 si
583 5637 834 5706 periculo
885 5643 1086 5698 mortis
1141 5650 1396 5715 urgetur,
1450 5650 1535 5701 vel
1589 5650 1769 5720 ipsam

126 5721 282 5776 hora
323 5724 525 5781 eadem
573 5745 685 5800 qua
729 5732 930 5804 gignit,
961 5739 1047 5790 vel
1096 5738 1203 5792 hoc
1248 5741 1397 5810 quod
1443 5741 1631 5813 gignit
1673 5760 1767 5798 ea~

121 5814 265 5869 dem
306 5817 451 5874 hora
493 5838 604 5893 qua
624 5828 827 5881 natum
877 5835 978 5896 est,
1007 5832 1164 5888 nullo
1195 5834 1364 5888 modo
1406 5836 1765 5907 prohibetur,

121 5909 271 5980 quia
302 5912 446 5968 sicut
487 5918 664 5973 sancti
713 5923 964 5990 mysterii
1016 5927 1198 5997 gratia
1235 5927 1555 5984 viventibus
1597 5937 1766 6005 atque

1887 4707 2104 4761 cunctis
2118 4705 2452 4761 mulieribus
2463 4723 2593 4778 quas
2607 4711 2828 4762 naturae
2846 4725 2962 4762 suae
2971 4709 3105 4763 vitio
3123 4710 3520 4768 inﬁrmantur‘.’
3569 4764 3575 4770 .

1885 4800 2108 4856 Sanctae
2147 4800 2356 4855 etenim
2393 4801 2808 4856 communionis
2851 4802 3185 4872 mysterium
3213 4803 3271 4858 in
3299 4805 3517 4863 eisdem

1882 4894 2086 4949 diebus
2124 4895 2416 4966 percipere
2448 4911 2565 4950 non
2610 4894 2781 4949 debet
2824 4895 3142 4966 prohiberi.
3181 4897 3236 4953 Si
3265 4901 3420 4956 enim
3450 4920 3515 4959 ex

1882 5005 2092 5060 magna
2109 4989 2475 5045 veneratione
2497 4989 2790 5060 percipere
2804 5006 2923 5044 non
2944 4993 3264 5063 praesumit,
3286 4996 3514 5052 laudan-

1881 5083 1949 5137 da
1981 5087 2095 5149 est;
2127 5083 2226 5138 sed
2271 5083 2318 5136 si
2354 5082 2691 5155 perceperit,
2719 5099 2834 5138 non
2855 5083 3190 5154 judicanda.
3224 5089 3509 5146 Bonarum

1878 5177 2088 5249 quippe
2119 5177 2399 5232 mentium
2428 5181 2514 5231 est
2552 5177 2720 5232 etiam
2750 5177 2828 5232 ibi
2871 5178 3064 5251 aliquo
3103 5183 3274 5238 modo
3317 5185 3511 5254 culpas

1878 5288 2006 5326 suas
2033 5288 2398 5343 cognoscere,
2432 5271 2532 5326 ubi
2575 5272 2743 5344 culpa
2773 5289 2890 5328 non
2921 5279 3026 5344 est,
3052 5276 3186 5346 quia
3213 5293 3358 5347 saepe
3387 5278 3506 5333 sine

1875 5369 2043 5438 culpa
2069 5365 2261 5437 agitur
2289 5366 2439 5437 quod
2470 5365 2623 5422 venit
2648 5383 2714 5420 ex
2745 5368 2940 5439 culpa;
2973 5370 3125 5423 unde
3161 5368 3335 5424 etiam
3376 5387 3506 5426 cum

1875 5461 2175 5528 esurimus,
2207 5459 2327 5514 sine
2367 5461 2534 5531 culpa
2577 5461 2950 5527 comedimus,
2982 5462 3189 5532 quibus
3231 5479 3295 5517 ex
3342 5465 3504 5535 culpa

1874 5555 2048 5624 primi
2091 5553 2337 5609 hominis
2378 5554 2592 5609 factum
2636 5559 2722 5608 est
2762 5560 2825 5608 ut
2853 5554 3188 5609 esuriamus.
3218 5557 3502 5613 Menstrua

1874 5648 2024 5702 enim
2070 5647 2420 5703 consuetudo
2452 5647 2790 5702 mulieribus
2827 5662 2941 5700 non
2979 5647 3167 5718 aliqua
3199 5650 3366 5719 culpa
3393 5658 3496 5720 est,

1872 5742 2137 5796 videlicet
2175 5741 2309 5813 quia
2349 5741 2686 5797 naturaliter
2725 5739 2955 5807 accidit;
2985 5739 3085 5793 sed
3111 5742 3268 5812 quod
3300 5747 3503 5800 natura

1872 5840 2064 5890 tamen
2082 5835 2203 5906 ipsa
2219 5835 2416 5891 vitiata
2442 5840 2544 5903 est,
2562 5837 2626 5887 ut
2643 5833 2814 5887 etiam
2838 5833 2961 5886 sine
2990 5833 3298 5892 voluntatis
3319 5841 3504 5895 studio

1870 5930 2127 5985 videatur
2157 5947 2274 5984 esse
2312 5928 2546 5998 polluta,
2579 5942 2641 5980 ex
2670 5926 2834 5997 culpa
2859 5927 3014 5982 venit
3047 5927 3264 5998 vitium,
3299 5933 3354 5988 in
3388 5951 3504 6006 quo
