4092 6192
537 352 668 412 1127

1420 355 1704 411 APPEND.
1744 349 1830 410 AD
1867 357 2026 412 S/EC.
2070 358 2156 410 lX.
2186 385 2253 396 -—
2291 349 2540 411 lSlDORl
2577 351 3004 412 MERCATORIS

3776 355 3903 405 ilZS

531 483 590 519 se
620 467 798 536 ipsam
826 464 1021 536 qualis
1048 481 1150 535 per
1173 464 1458 535 judicium
1486 464 1633 519 facta
1673 465 1745 518 sit
1777 465 2032 519 humana
2057 482 2158 519 na-
2187 477 2326 550 Aac
2370 466 2666 538 legitimae,
2699 470 2756 521 et
2783 473 2977 522 tamen
3022 465 3082 518 in
3129 479 3326 518 earum
3371 466 3498 517 actu
3541 461 3908 532 aliquatenus

531 565 661 614 tura
709 561 1034 629 cognoscat,
1065 563 1121 613 et
1170 559 1342 613 homo
1391 559 1485 629 qui
1534 560 1761 630 culpam
1809 562 2008 630 sponte
2045 576 2166 630 per-

530 653 793 722 petravit,
824 657 1044 707 reatum
1091 654 1272 724 culpa).
1312 655 1502 724 portet
1546 653 1780 708 invitus.
1814 656 1996 724 Atque
2040 653 2166 707 ideo

531 747 784 814 feminas,
813 764 940 800 cum
978 747 1312 818 semetipsas
1357 748 1736 816 considerant,
1763 752 1818 801 et
1843 764 1970 817 quae
2000 763 2163 802 men-

531 845 685 894 strua
702 841 1110 896 consuetudine
1139 842 1207 896 ad
1235 843 1653 896 sacramentum
1677 841 1953 895 Dominici
1972 858 2165 912 corpo-

533 935 607 988 ris
636 937 692 988 et
717 936 1006 1005 sanguinis
1037 936 1305 990 accedere
1334 952 1448 990 non
1481 939 1849 1005 praesumunt,
1874 935 1943 989 de
1967 952 2064 989 sua
2087 952 2164 990 re-

531 1033 621 1082 cta
651 1028 1060 1084 consuetudine
1106 1029 1412 1083 laudandae.
1459 1033 1608 1083 sunt.
1640 1030 1783 1084 Cum
1813 1046 1944 1084 vero
1981 1029 2164 1099 perci-

529 1122 725 1192 piendi
753 1139 818 1176 ex
850 1122 1130 1193 religiosas
1158 1123 1285 1177 vitae
1314 1123 1727 1177 consuetudine
1757 1123 2011 1194 ejusdem
2038 1139 2162 1193 my-

530 1215 688 1269 sterii
715 1232 912 1270 amore
941 1216 1265 1286 rapiuntur,
1296 1216 1692 1287 reprimendas,
1724 1217 1866 1271 sicut
1891 1216 2162 1287 praadixi-

532 1326 678 1376 mus,
703 1325 817 1363 non
851 1315 1000 1364 sunt.
1033 1309 1184 1364 Sicut
1215 1310 1366 1364 enim
1395 1310 1453 1363 in
1481 1313 1846 1365 Testamento
1873 1310 2056 1365 Veteri
2080 1327 2166 1364 ex-

532 1403 742 1457 teriora
785 1403 1154 1458 observantur
1186 1419 1379 1475 opera,
1410 1404 1485 1457 ita
1518 1404 1576 1458 in
1619 1406 1982 1458 Testamento
2014 1405 2166 1458 Novo

535 1513 646 1550 non
666 1501 785 1551 tam
804 1497 956 1568 quod
977 1497 1226 1552 exterius
1250 1498 1459 1568 agitur,
1484 1515 1656 1569 quam
1678 1497 1736 1551 id
1756 1497 1908 1568 quod
1928 1497 2166 1552 interius

535 1591 815 1661 cogitatur
827 1591 1064 1646 sollicita
1079 1590 1394 1645 intentione
1411 1591 1744 1656 attenditur,
1759 1594 1823 1644 ut
1841 1591 2030 1645 subtili
2047 1607 2168 1646 sen-

534 1686 715 1739 tentia
739 1685 1030 1755 puniatur.
1058 1687 1195 1739 Nam
1224 1702 1356 1740 cum
1386 1686 1564 1739 multa
1585 1685 1671 1740 lex
1695 1686 1847 1739 velut
1872 1685 2169 1740 immunda

537 1779 883 1834 manducare
911 1779 1234 1850 prohibeat,
1255 1780 1313 1833 in
1335 1780 1637 1850 Evangelio
1665 1782 1859 1834 tamen
1891 1779 2167 1834 Dominus

536 1872 706 1926 dicit:
736 1895 762 1920 ‹‹
782 1873 904 1926 Non
937 1872 1084 1943 quod
1115 1873 1286 1928 intrat
1308 1873 1363 1926 in
1394 1890 1456 1926 os
1483 1872 1817 1944 coinquinat
1846 1872 2162 1940 hominem,
2187 1853 2243 1925 Β

536 1966 634 2019 sed
663 1982 730 2020 ea
760 1982 888 2036 quae
915 1971 1123 2021 exeunt
1151 1967 1220 2021 de
1248 1982 1344 2020 ore
1369 1966 1466 2019 illa
1494 1969 1626 2020 sunt
1647 1983 1774 2036 quae
1796 1966 2168 2037 coinquinant

536 2059 828 2113 hominem
855 2059 1068 2129 (Matth.
1093 2077 1181 2129 xv,
1205 2063 1357 2129 11).»
1377 2063 1557 2131 Atque
1577 2060 1750 2131 paulo
1773 2063 1897 2130 post
1916 2059 2162 2130 subjicit,

537 2169 851 2224 exponens:
872 2176 898 2202 «
915 2155 994 2208 Ex
1013 2154 1178 2208 corde
1193 2157 1406 2208 exeunt
1418 2154 1790 2224 cogitationes
1806 2154 1969 2207 malae
1981 2153 2163 2224 (Ibid,

544 2250 646 2313 19),
674 2269 700 2295 ››
731 2247 827 2301 ubi
879 2247 1121 2302 ubertim
1163 2247 1541 2318 judicandum
1591 2251 1690 2315 est,
1733 2247 1868 2318 quia
1911 2247 2048 2301 illud
2097 2247 2166 2300 ab

539 2341 931 2412 mnnipotente
955 2343 1066 2394 Deo
1092 2341 1378 2413 pollutum
1401 2358 1524 2395 esse
1549 2341 1606 2395 in
1627 2357 1798 2412 opere
1827 2341 2165 2408 ostenditur,

539 2434 690 2506 quod
720 2451 786 2488 ex
816 2435 1031 2506 polluta
1057 2435 1421 2506 cogitationis
1447 2435 1631 2490 radice
1660 2438 1984 2506 generatur.
2013 2435 2169 2490 Unde

539 2529 742 2582 Paulus
783 2545 1006 2599 quoque
1056 2529 1342 2599 apostolus
1389 2528 1524 2582 dicit
1567 2546 1578 2582 :
1629 2550 1655 2578 ‹‹
1702 2528 1908 2583 Omnia
1955 2528 2169 2582 munda

539 2622 785 2690 mundis,
825 2622 1204 2693 coinquinatis
1246 2627 1438 2677 autem
1482 2627 1538 2678 et
1563 2622 1884 2678 infidelibus
1915 2623 2058 2676 nihil
2087 2627 2171 2677 est

542 2717 817 2771 mundum
845 2716 972 2785 (Tit.
1001 2733 1038 2784 ι,
1071 2717 1176 2788 15).
1216 2736 1242 2768 ››
1274 2719 1460 2786 Atque
1500 2733 1628 2771 mox
1672 2716 1932 2788 ejusdem
1972 2733 2171 2770 causas

541 2809 1019 2880 coinquinationis
1040 2809 1387 2864 annuntians
1405 2809 1726 2879 subjungit:
1752 2809 2168 2880 «Coinquinata

543 2908 675 2956 sunt
702 2903 856 2956 enim
895 2919 1090 2956 eorum
1132 2905 1189 2956 et
1230 2919 1392 2956 mens
1437 2905 1493 2955 et
1536 2903 1880 2956 conscientia
1911 2903 2107 2973 (Ibid).
2139 2925 2165 2952 ››

543 2996 596 3050 Si
616 3012 752 3066 ergo
773 2996 825 3050 ei
844 2995 1002 3049 cibus
1022 2995 1352 3050 immundus
1372 3012 1482 3049 non
1512 3000 1616 3064 est,
1641 2995 1731 3049 cui
1755 3012 1916 3050 mens
1934 2996 2168 3063 munda,

541 3106 643 3143 cur
669 3089 819 3161 quod
845 3091 1040 3143 mente
1069 3089 1286 3143 munda
1320 3089 1522 3144 mulier
1547 3105 1616 3144 ex
1640 3093 1846 3143 natura
1865 3089 2095 3160 patitur,
2121 3090 2171 3145 ei

542 3185 602 3237 in
615 3183 1036 3238 immunditiam
1052 3183 1377 3254 reputetur?
1392 3183 1484 3236 Vir
1497 3183 1647 3237 enim
1661 3199 1790 3238 cum
1803 3183 2032 3254 propria
2046 3200 2173 3238 con-

535 3278 598 3348 ju
607 3293 676 3348 ge
703 3277 1014 3347 dormiens,
1037 3276 1142 3330 nisi
1163 3277 1312 3330 lotus
1331 3293 1478 3347 aqua
1508 3277 1799 3332 ecclesiam
1815 3277 2031 3332 intrare
2051 3294 2166 3331 non

541 3371 730 3439 debet,
744 3370 842 3425 sed
861 3370 1427 3442 nequelotusintrare
1439 3371 1629 3425 statim
1647 3371 1833 3426 debet.
1854 3372 1959 3426 Lex
1975 3375 2168 3426 autem

545 3466 722 3520 veteri
749 3465 961 3536 populo
991 3464 1266 3536 praecepit
1295 3463 1506 3531 dicens,
1541 3470 1603 3520 ut
1627 3465 1824 3520 mistus
1845 3465 1930 3520 vir
1946 3465 2172 3521 mulieri

543 3557 737 3630 280
767 3563 824 3614 et
850 3558 1020 3614 lavari
1056 3574 1205 3630 aqua
1235 3557 1456 3625 debeat,
1485 3565 1541 3613 et
1563 3561 1696 3612 ante
1736 3559 1872 3613 solis
1913 3575 2172 3613 occasum

542 3653 836 3708 ecclesiam
859 3669 974 3707 non
994 3653 1236 3720 intrare;
1261 3652 1412 3723 quod
1440 3657 1634 3707 tamen
1655 3652 1895 3724 intelligi
1916 3653 2169 3724 speciali-

542 3753 629 3802 ter
653 3751 855 3819 potest,
879 3747 1015 3818 quia
1041 3746 1272 3801 mulieri
1293 3746 1376 3800 vir
1405 3746 1694 3815 miscetur,
1715 3747 1943 3818 quando
1965 3747 2172 3802 illicitae

545 3840 1027 3913 conCUpiscentite
1071 3841 1300 3895 animus
1331 3840 1390 3894 in
1422 3841 1767 3913 cogitatione
1796 3857 1902 3913 per
1926 3841 2171 3897 delecta-

543 3937 760 3991 tionem
807 3936 1194 4006 conjungitur,
1224 3934 1356 4006 quia
1387 3934 1493 3988 nisi
1523 3935 1681 4006 prius
1709 3935 1861 4006 ignis
1903 3935 2169 4007 concupi-

545 4031 775 4086 scentia:
795 4046 828 4084 a
846 4034 1037 4085 mente
1060 4029 1375 4096 deferveat,
1401 4029 1640 4100 dignum
1666 4046 1723 4082 se
1744 4030 2172 4101 congregationi

507 4149 510 4151 λ
543 4126 786 4180 fratrum
818 4124 1101 4178 testimare
1125 4139 1240 4178 non
1268 4123 1460 4191 debet,
1491 4123 1588 4194 qui
1618 4140 1677 4176 se
1710 4123 1932 4194 gravari
1957 4139 2058 4194 per
2079 4140 2173 4179 ne-

544 4218 784 4290 quitiam
821 4233 1007 4287 pravm
1037 4216 1336 4286 voluptatis
1364 4217 1532 4271 videt.
1575 4217 1837 4280 Quamvis
1877 4217 1947 4270 de
1977 4217 2085 4271 hac
2114 4234 2173 4271 re

543 4311 779 4365 diversae
810 4309 1110 4364 hominum
1146 4309 1405 4364 nationes
1439 4309 1656 4364 diversa
1699 4309 1970 4380 sentiant,
2003 4316 2172 4382 atque

545 4406 656 4461 alia
678 4403 964 4459 custodire
984 4403 1304 4472 videantur,
1325 4404 1715 4458 Romanorum
1731 4406 1930 4458 tamen
1951 4420 2175 4475 semper

545 4501 614 4555 ab
653 4498 1068 4571 antiquioribus
1111 4515 1248 4553 usus
1278 4497 1404 4564 fuit,
1437 4501 1567 4568 post
1607 4497 2006 4552 admistionem
2037 4515 2170 4570 pro-

2193 3231 2248 3305 C

2266 561 2565 630 foedamur,
2595 561 2739 617 sicut
2768 577 2917 632 saepe
2957 559 3252 614 irascendo
3281 557 3474 628 culpas
3516 554 3905 626 insequimur,

2267 659 2324 712 et
2351 656 2826 728 tranquillitatem
2857 655 2916 708 in
2949 653 3110 707 nobis
3156 651 3333 716 animi
3373 649 3816 722 perturbamus.
3847 649 3908 703 Et

2267 767 2398 804 cum
2433 753 2655 804 rectum
2686 749 2758 804 sit
2789 747 2936 820 quod
2964 746 3174 818 agitur,
3201 762 3318 800 non
3356 748 3444 798 est
3469 749 3674 798 tamen
3703 759 3906 813 appro-

2267 845 2472 913 babile,
2495 844 2647 916 quod
2677 843 2735 897 in
2767 843 2849 897 eis
2875 842 3102 897 animus
3129 839 3510 911 perturbatur.
3536 838 3765 892 Contra
3784 837 3909 890 vitia

2267 939 2479 1010 quippe
2529 937 2988 1008 delinquentium
3032 935 3206 990 iratus
3243 933 3448 1000 fuerat,
3478 933 3583 1003 qui
3631 930 3863 985 dicebat
3895 947 3906 982 :

2269 1051 2296 1083 «
2325 1033 2607 1088 Turbatus
2640 1036 2725 1087 est
2749 1048 2869 1102 prae
2914 1032 2996 1085 ira
3028 1031 3225 1085 oculus
3256 1045 3419 1084 meus
3449 1027 3615 1095 (Psal.
3647 1043 3727 1091 v1,
3761 1025 3852 1093 8);
3885 1048 3904 1068 ea

2266 1127 2399 1198 quia
2438 1127 2612 1194 enim,
2641 1125 2749 1180 nisi
2781 1123 3087 1196 tranquilla
3115 1140 3278 1178 mens
3319 1139 3436 1177 non
3469 1120 3619 1175 valet
3663 1119 3730 1173 in
3775 1134 3908 1172 con-

2266 1221 2641 1292 templatione
2662 1236 2720 1275 se
2748 1220 2819 1274 ad
2841 1220 3026 1274 lucem
3055 1218 3423 1288 suspendere,
3445 1215 3579 1270 etin
3611 1214 3706 1268 ira
3726 1214 3912 1284 ipsum

2268 1315 2494 1370 oculum
2544 1313 2836 1369 turbatum
2906 1313 3168 1380 dolebat;
3217 1311 3352 1382 quia
3400 1309 3541 1363 dum
3589 1308 3752 1362 mala
3797 1311 3913 1360 acta

2267 1410 2531 1464 deorsum
2562 1407 2903 1479 insequitur,
2936 1405 3210 1461 confundi
3235 1411 3406 1475 atque
3436 1402 3667 1457 turbari
3697 1418 3734 1454 a
3759 1417 3912 1454 sum-

2267 1519 2499 1557 morum
2533 1500 3006 1573 contemplatione
3035 1499 3363 1571 cogebatur.
3394 1499 3461 1551 Et
3487 1495 3810 1549 laudabilis
3837 1499 3916 1547 est

2267 1613 2405 1668 ergo
2433 1597 2517 1650 ira
2543 1598 2738 1650 contra
2767 1595 2988 1661 vitium,
3022 1598 3078 1649 et
3103 1599 3298 1656 tamen
3327 1592 3592 1658 molesta,
3626 1590 3772 1661 quia
3798 1592 3914 1641 tur-

2267 1689 2463 1744 batum
2490 1706 2548 1745 se
2576 1689 2822 1760 aliquem
2851 1690 3074 1743 reatum
3104 1686 3404 1741 incurrisse
3431 1682 3784 1738 aestimabat.
3814 1682 3914 1735 Le-

2267 1782 2472 1854 gitima
2507 1799 2644 1853 ergo
2685 1781 2924 1836 carnalis
2967 1781 3172 1853 copula
3216 1783 3442 1850 oportet
3474 1782 3542 1832 ut
3582 1793 3759 1831 causa
3789 1793 3914 1846 pro-

2266 1877 2333 1931 lis
2363 1877 2454 1947 sit,
2488 1894 2602 1932 non
2637 1876 2961 1949 voluptatis,
2991 1881 3047 1931 et
3076 1874 3262 1929 carnis
3291 1871 3616 1928 commistio
3647 1869 3919 1924 creandq

2266 1988 2393 2026 rum
2422 1971 2733 2025 liberorum
2773 1971 2846 2024 sit
2888 1969 3092 2041 gratia,
3125 1984 3239 2022 non
3281 1965 3585 2021 satisfactio
3615 1965 3913 2018 vitiorum.

2267 2065 2322 2120 Si
2347 2064 2472 2137 quis
2498 2081 2599 2118 sua
2626 2064 2893 2134 conjuge,
2921 2080 3039 2117 non
3066 2061 3332 2134 cupidine
3355 2059 3668 2130 voluptatis
3701 2064 3915 2128 raptus,

2268 2159 2366 2214 sed
2380 2159 2739 2213 solummodo
2761 2157 3140 2212 creandorum
3160 2155 3475 2209 liberorum
3497 2152 3696 2223 gratia
3717 2152 3915 2214 utitur,

2266 2254 2389 2324 ipse
2419 2253 2671 2324 profecto
2705 2252 2821 2306 sive
2862 2251 2930 2306 de
2957 2251 3234 2322 ,ingressu
3277 2247 3550 2316 ecclesias,
3576 2263 3686 2300 seu
3724 2246 3797 2300 de
3827 2261 3914 2298 su—

2269 2346 2478 2401 mendo
2505 2345 2754 2416 corporis
2786 2344 3063 2399 Dominici
3095 2347 3152 2397 et
3183 2341 3479 2412 sanguinis
3502 2340 3795 2410 mysterio
3820 2355 3915 2392 suo

2269 2445 2351 2496 est
2368 2440 2586 2511 judicio
2614 2439 3039 2510 relinquendus,
3063 2437 3196 2509 quia
3225 2453 3257 2491 a
3281 2435 3442 2490 nobis
3472 2432 3791 2505 prohiberi
3811 2450 3916 2486 non

2271 2534 2439 2590 debet
2469 2534 2747 2604 accipere,
2783 2531 2878 2603 qui
2907 2532 2966 2585 in
2999 2530 3133 2602 igne
3165 2529 3382 2601 positus
3410 2528 3598 2583 nescit
3625 2528 3747 2581 uri.
3783 2528 3916 2582 Cum

2269 2645 2402 2684 vero
2437 2644 2550 2682 non
2570 2642 2734 2681 amor
2754 2624 3122 2697 procreanda:
3149 2623 3378 2691 sobolis,
3402 2622 3504 2676 sed
3527 2623 3809 2693 voluptas
3829 2621 3920 2674 do-

2269 2721 2523 2777 minatur
2567 2721 2628 2774 in
2674 2735 2844 2791 opere
2891 2716 3324 2784 commistionis,
3366 2716 3592 2770 habent
3638 2716 3920 2786 conjuges

2271 2816 2446 2870 etiam
2474 2815 2542 2870 de
2563 2831 2663 2869 sua
2690 2812 3104 2880 commistione,
3129 2811 3284 2882 quod
3317 2809 3564 2864 defleant
3590 2826 3603 2864 :
3626 2810 3744 2864 hoc
3767 2809 3918 2862 enim

2271 2910 2349 2965 eis
2371 2908 2632 2963 concedit
2656 2911 2853 2962 sancta
2874 2906 3217 2978 praedicatio,
3241 2909 3296 2959 et
3321 2909 3512 2959 tamen
3541 2903 3618 2957 de
3641 2903 3774 2974 ipsa
3795 2919 3922 2956 con-

2271 3003 2520 3058 cessione
2553 3006 2738 3057 metus
2780 3001 3041 3055 animum
3071 2999 3342 3053 concutit.
3376 2999 3514 3052 Nam
3544 3013 3687 3051 cum
3717 2997 3922 3052 Paulus

2273 3096 2558 3168 apostolus
2585 3095 2796 3150 diceret
2830 3111 2842 3149 :
2884 3094 2988 3158 Qui
3016 3110 3073 3147 se
3105 3093 3394 3147 continere
3423 3107 3541 3145 non
3574 3095 3792 3161 potest,
3825 3090 3918 3143 ba-

2271 3190 2397 3245 beat
2424 3206 2581 3244 suam
2608 3205 2847 3244 uxorem
2871 3188 2919 3259 (Ι
2951 3190 3068 3245 Cor.
3102 3203 3196 3253 vn,
3224 3189 3274 3254 2)
3296 3203 3311 3255 ;
3339 3185 3528 3239 statim
3558 3184 3691 3253 subj
3703 3199 3919 3255 ungere

2275 3284 2527 3339 curavit:
2555 3302 2581 3335 ‹‹
2611 3284 2724 3336 Hoc
2749 3287 2942 3337 autem
2972 3280 3099 3335 dico
3130 3279 3442 3335 secundum
3463 3277 3919 3348 indulgentiam,

2275 3394 2388 3432 non
2416 3376 2732 3431 secundum
2761 3375 3062 3447 imperium
3095 3374 3282 3445 (Ibidu
3315 3375 3389 3440 6).
3425 3392 3453 3421 »
3487 3371 3617 3425 Non
3647 3371 3816 3425 enim
3843 3371 3923 3424 in-

2274 3471 2546 3542 dulgetur
2571 3471 2722 3541 quod
2764 3470 2896 3524 licet
2933 3474 2990 3522 et
3013 3469 3235 3540 justum
3264 3470 3366 3522 est.
3401 3465 3567 3530 Quod
3617 3464 3806 3536 igitur
3838 3467 3920 3518 in-

2272 3565 2494 3635 dulgeri
2543 3564 2706 3630 dixit,
2740 3564 2965 3634 culpam
3013 3580 3136 3616 esse
3182 3559 3617 3616 demonstravit.
3650 3559 3920 3630 Vigilanti

2274 3675 2403 3712 vero
2450 3664 2640 3712 mente
2690 3657 3048 3728 pensandum
3096 3661 3198 3725 est,
3236 3655 3386 3726 quod
3433 3653 3492 3708 in
3536 3652 3675 3709 Sina
3727 3659 3922 3707 monte

2273 3753 2548 3807 Dominus
2588 3752 2862 3823 populum
2895 3750 3179 3804 abstinere
3206 3767 3238 3803 a
3264 3747 3605 3804 mulieribus
3646 3748 3923 3819 pmepit

2277 3847 2469 3915 (Exod.
2500 3863 2614 3914 XIX,
2646 3847 2750 3914 15).
2782 3847 2846 3899 Et
2873 3845 2920 3897 si
2952 3843 3066 3898 illic
3100 3843 3196 3896 ubi
3239 3841 3506 3896 Dominus
3546 3859 3656 3912 per
3693 3845 3919 3896 creatu-

2273 3957 2394 3994 ram
2426 3939 2711 3994 subditam
2753 3936 3084 3993 hominibus
3132 3935 3496 4006 loquebatur,
3526 3939 3698 3989 tanta
3730 3935 3919 4006 provi-

2274 4034 2431 4089 sione
2461 4037 2543 4089 est
2572 4033 2852 4088 munditia
2895 4030 3148 4102 corporis
3193 4027 3483 4101 requisita,
3509 4033 3578 4082 ut
3615 4030 3719 4100 qui
3750 4027 3920 4081 verba

2274 4129 2372 4184 Dei
2405 4128 2731 4200 reciperent
2763 4125 3098 4180 mulieribus
3124 4123 3278 4178 misti
3306 4138 3422 4177 non
3455 4127 3665 4187 essent,
3699 4129 3920 4194 quanto

2274 4223 2457 4295 magis
2503 4221 2792 4289 mulieres,
2825 4235 2954 4290 quae
2985 4235 3193 4290 corpus
3239 4216 3461 4271 Domini
3504 4216 3920 4287 omnipotentis

2277 4316 2565 4386 accipiunt
2592 4313 2874 4368 custodire
2895 4329 2954 4366 se
2978 4313 3038 4366 in
3061 4312 3246 4366 carnis
3270 4310 3552 4365 munditia
3580 4309 3820 4378 debent,
3849 4326 3923 4362 ne

2275 4410 2398 4480 ipsa
2423 4407 2827 4462 inaestimabilis
2854 4405 3258 4476 magnitudine
3279 4403 3534 4475 mysterii
3561 4402 3922 4474 graventur?

2274 4503 2414 4557 Hinc
2441 4501 2611 4556 etiam
2648 4500 2720 4554 ad
2759 4500 2935 4554 David
2965 4499 3034 4553 de
3063 4499 3254 4570 pueris
3282 4496 3395 4552 suis
3423 4513 3527 4568 per
3552 4496 3920 4550 sacerdotem

545 4595 686 4667 prias
718 4593 999 4665 conjugis,
1029 4597 1086 4646 et
1110 4591 1313 4646 lavacri
1341 4591 1794 4662 puriﬁcationem
1821 4609 2098 4663 quaerere,
2121 4597 2176 4648 et
2196 4614 2254 4686 D
2277 4596 2500 4665 dicitur,
2519 4600 2583 4650 ut
2607 4595 2653 4650 si
2678 4611 2710 4648 a
2732 4593 3068 4649 mulieribus
3096 4591 3300 4646 mundi
3325 4594 3530 4657 essent,
3551 4607 3774 4661 panem
3795 4607 3920 4661 pro-

549 4689 618 4744 ab
637 4689 898 4759 ingressu
924 4687 1170 4742 ecclesia:
1198 4687 1496 4758 paululum
1515 4691 1846 4742 reverenter
1863 4687 2173 4741 abstinere.

547 4784 655 4837 Nec
671 4783 792 4837 haec
812 4783 1060 4837 dicentes
1080 4782 1304 4853 culpam
1323 4781 1666 4853 deputamus
1686 4797 1804 4836 esse
1824 4781 2173 4852 conjugium,

543 4877 640 4930 sed
667 4876 799 4946 quia
824 4876 947 4947 ipsa
978 4876 1128 4930 licita
1153 4875 1423 4931 admistio
1453 4876 1712 4948 conjugis
1738 4877 1860 4930 sine
1889 4876 2177 4948 voluptate

547 4970 730 5024 carnis
775 4969 899 5023 ﬁeri
924 4986 1037 5024 non
1066 4973 1269 5042 potest,
1302 4987 1335 5024 a
1367 4971 1509 5025 sacri
1551 4970 1657 5025 loci
1697 4970 1957 5042 ingressu
2001 4970 2173 5026 absti-

546 5064 801 5120 nendum
830 5067 934 5134 est,
953 5065 1085 5136 quia
1097 5065 1356 5136 voluptas
1377 5081 1499 5120 esse
1517 5064 1635 5121 sine
1654 5065 1818 5136 culpa
1836 5083 1949 5121 non
1971 5069 2172 5137 potest.

549 5161 671 5214 Non
713 5158 867 5214 enim
917 5158 987 5213 de
1032 5158 1405 5214 fornicatione
1443 5160 1528 5216 vel
1572 5160 1641 5215 de
1686 5160 1964 5215 adulterio
2007 5161 2177 5215 natus

548 5255 731 5309 fuerat
777 5253 874 5324 qui
919 5251 1181 5308 dicebat:
1230 5273 1257 5303 ‹‹
1304 5255 1442 5308 Ecce
1485 5253 1642 5308 enim
1685 5255 1743 5309 in
1784 5253 2178 5326 iniquitatibus

547 5355 854 5420 conceptus
875 5364 1021 5418 sum,
1046 5351 1104 5403 et
1129 5347 1188 5402 in
1210 5348 1451 5418 peccatis
1479 5349 1704 5420 peperit
1730 5366 1820 5404 me
1844 5354 2029 5403 mater
2046 5364 2178 5403 mea

549 5444 717 5513 (Psal.
750 5460 800 5512 L,
824 5445 896 5511 7).
928 5464 955 5490 ››
987 5441 1097 5506 Qui
1131 5441 1284 5496 enim
1314 5441 1374 5496 in
1413 5442 1804 5514 iniquitatibus
1840 5444 2177 5514 conceptum

549 5554 608 5592 se
637 5541 889 5603 noverat,
912 5552 946 5590 a
971 5536 1178 5591 delicto
1207 5553 1264 5591 se
1296 5541 1494 5594 natum
1523 5536 1808 5607 gemebat,
1832 5536 1966 5608 quia
1990 5539 2179 5608 portat

547 5632 716 5685 arbor
760 5631 817 5685 in
856 5646 1017 5684 ramo
1061 5631 1363 5685 humorem
1406 5630 1544 5700 vitii,
1577 5645 1748 5701 quem
1776 5629 1952 5684 traxit
1984 5646 2052 5685 ex
2085 5647 2174 5684 ra-

549 5724 701 5792 dice;
727 5724 788 5777 in
820 5723 1027 5794 quibus
1052 5728 1248 5778 tamen
1269 5723 1455 5778 verbis
1479 5740 1594 5778 non
1628 5723 2029 5779 admistionem
2051 5740 2178 5779 con-

543 5815 750 5885 jugum
778 5815 1134 5885 iniquitatem
1163 5817 1444 5887 nominat,
1471 5817 1568 5870 sed
1597 5816 1782 5887 ipsam
1809 5817 2068 5873 videlicet
2085 5835 2180 5873 vo-

551 5909 841 5977 luptatem.
876 5908 1312 5962 Commistiones
1361 5910 1513 5964 enim
1544 5915 1675 5964 sunt
1703 5911 1895 5965 multae
1923 5916 1976 5965 et
2009 5912 2172 5966 licitae

2277 4688 2572 4761 positionis
2599 4687 2948 4759 acciperent;
2974 4703 3117 4758 quos
3138 4685 3373 4739 omnino
3394 4700 3507 4738 non
3529 4683 3914 4755 perciperent.

2277 4783 2384 4838 nisi
2411 4782 2568 4854 prius
2598 4781 2842 4836 mundos
2869 4797 2965 4836 eos
3005 4779 3176 4835 David
3204 4796 3237 4833 a
3267 4777 3603 4833 mulieribus
3637 4778 3916 4832 fateretur

2278 4878 2326 4947 (Ι
2344 4881 2470 4946 Reg.
2503 4893 2611 4946 xxx,
2639 4876 2711 4947 4).
2745 4877 2898 4930 Tunc
2941 4877 3132 4929 autem
3176 4873 3260 4927 vir
3301 4873 3398 4943 qui
3438 4877 3569 4943 post
3616 4871 3913 4926 admistio-

2278 4987 2411 5025 nem
2442 4970 2699 5042 conjugis
2739 4969 2886 5024 lotus
2919 4985 3067 5040 aqua
3107 4967 3298 5034 fuerit,
3330 4965 3503 5020 etiam
3541 4981 3724 5019 sacrae
3755 4980 3908 5019 com-

2276 5065 2565 5120 munionis
2607 5063 2945 5134 mysterium
2992 5062 3143 5116 valet
3185 5061 3459 5132 accipere,
3491 5075 3625 5114 cum
3657 5059 3714 5112 ei
3753 5059 3910 5129 juxta

2277 5159 2620 5231 praeﬁnitam
2647 5157 3009 5223 sententiam,
3039 5156 3214 5210 etiam
3241 5153 3538 5209 ecclesiam
3569 5153 3800 5208 licuerit
3825 5153 3908 5204 in-

2276 5258 2448 5309 trare.

2349 5349 2703 5415 Interrogatio
2732 5347 3045 5416 Augustini.
3075 5375 3141 5384 -
3167 5343 3227 5399 Si
3253 5346 3378 5415 post
3406 5342 3764 5407 illusionem,
3790 5356 3910 5411 quae

2279 5458 2380 5514 per
2407 5441 2693 5496 somnium
2719 5441 2861 5496 solet
2883 5440 3157 5506 accidere,
3180 5438 3268 5492 vel
3295 5453 3502 5508 corpus
3531 5435 3760 5490 Domini
3787 5434 3912 5505 qui-

2279 5537 2415 5592 libet
2442 5535 2695 5607 accipere
2723 5535 2931 5600 valeat,
2956 5535 3040 5588 vel
3067 5533 3115 5588 si
3146 5531 3426 5599 sacerdos,
3449 5545 3612 5584 sacra
3646 5529 3915 5600 mysteria

2278 5630 2592 5686 celebrare.

2352 5726 2638 5796 Responsio
2680 5724 2941 5793 Gregorii.
2974 5751 3042 5764 —-
3075 5724 3142 5778 Et
3166 5721 3398 5794 quidem
3439 5718 3547 5772 hoc
3585 5718 3918 5772 Testamen-

2280 5822 2407 5873 tum
2438 5818 2638 5874 veteris
2683 5818 2847 5889 legis,
2880 5817 3026 5872 sicut
3071 5817 3130 5870 in
3179 5812 3455 5886 superiori
3503 5810 3754 5883 capitulo
3795 5809 3914 5880 jam

2283 5913 2546 5977 diximus,
2570 5913 2849 5984 pollutum
2876 5912 3032 5981 dicit,
3052 5915 3105 5967 et
3132 5910 3239 5964 nisi
3269 5910 3446 5963 lotum
3469 5922 3642 5978 aqua,
3665 5905 3716 5958 ei
3735 5919 3918 5975 usque
