4092 6192
222 279 354 331 H20

1456 279 1922 334 DECRETALII’M
1967 281 2347 336 COLLECTIO.

3457 294 3584 347 ΙΙΤο

210 387 284 439 ad
315 402 614 457 vesperum
642 387 858 441 intrare
887 389 1177 443 ecclesiam
1216 405 1332 443 non
1373 389 1655 443 concedit.
1687 387 1851 452 Quod
1873 401 1932 471 Α
1951 387 2011 442 in
2039 388 2414 444 delectatione
2444 393 2652 461 trahat,
2690 410 2795 448 nec
2825 399 3019 450 tamen
3042 396 3237 453 anima
3265 397 3450 454 eidem
3483 401 3582 456 de-

209 483 408 534 tamen
421 480 742 552 specialiter
753 481 825 535 ad
837 481 1647 554 illumpopulum,spirita1iter
1659 484 1852 537 autem

209 572 560 644 intelligens,
585 573 691 628 sub
708 575 908 630 eodem
931 575 1222 630 intellectu
1243 576 1480 648 accipiet
1494 593 1607 647 quo
1628 576 1852 648 prmfati

209 683 437 734 sumus,
468 668 600 739 quia
625 669 785 740 quasi
813 685 917 740 per
942 670 1230 724 somnium
1253 670 1512 725 illuditur
1537 671 1656 741 qui,
1673 676 1852 726 tenta-

207 760 375 816 tusin
389 761 774 832 immunditia,
793 763 954 818 vanis
970 763 1317 835 imaginibus
1337 765 1394 820 in
1417 764 1852 837 cogitationibus

209 856 568 926 inquinatur.
594 856 704 912 Sed
725 857 998 912 lavandus
1017 861 1103 912 est
1129 875 1299 930 aqua,
1328 863 1390 913 ut
1409 859 1605 930 culpas
1633 860 1849 931 cogita-

208 950 386 1003 tionis
411 949 676 1021 lacrymis
699 951 908 1007 abluat.
943 953 1010 1006 Et
1035 951 1144 1008 nisi
1167 953 1324 1024 prius
1344 953 1494 1025 ignis
1520 954 1851 1009 tentationis

211 1043 530 1110 recesserit,
559 1060 720 1099 reum
742 1061 802 1099 se
831 1046 991 1116 quasi
1019 1063 1199 1118 usque
1227 1047 1300 1102 ad
1325 1063 1625 1119 vesperam
1645 1063 1852 1120 cogno-

207 1141 351 1191 seat.
378 1137 489 1192 Sed
521 1142 603 1192 est
629 1138 690 1192 in
719 1138 918 1193 eadem
949 1139 1211 1196 illusione
1237 1141 1553 1196 necessaria
1583 1141 1748 1196 valde
1773 1141 1852 1196 di-

205 1232 440 1299 scretio,
469 1248 594 1303 quia
637 1233 921 1288 subtiliter
960 1250 1200 1305 pensare
1248 1235 1474 1305 debeat,
1525 1253 1591 1290 ex
1634 1252 1747 1308 qua
1791 1252 1850 1291 re

206 1326 437 1380 accidat
479 1327 658 1381 menti
701 1328 1059 1384 dormientis.
1091 1328 1408 1400 Aliquando
1433 1330 1590 1384 enim
1622 1347 1692 1385 ex
1721 1346 1848 1385 cra-

205 1419 367 1490 pula,
397 1419 706 1490 aliquando
738 1437 808 1475 ex
846 1426 1068 1476 naturae
1096 1423 1507 1493 superﬂuitate,
1544 1423 1851 1495 aliquando

205 1530 276 1566 ex
309 1513 660 1584 cogitatione
691 1515 952 1585 contigit,
973 1516 1282 1588 aliquando
1314 1533 1415 1588 per
1434 1517 1847 1572 inﬁrmitatem.

209 1609 278 1662 Et
305 1608 536 1679 quidem
568 1625 698 1663 cum
727 1625 794 1664 ex
823 1612 1042 1664 naturae
1063 1611 1451 1681 superﬂuitate
1495 1612 1582 1666 vel
1609 1611 1848 1666 infirmi-

207 1705 328 1757 tate
351 1703 557 1770 evenit,
583 1703 818 1758 omnino
835 1704 958 1758 haac
979 1704 1162 1759 illusio
1187 1721 1304 1759 non
1332 1708 1416 1760 est
1431 1705 1851 1776 timenda,quia

207 1797 380 1862 hanc,
405 1796 601 1851 animo
646 1798 955 1867 nesciente,
988 1799 1285 1870 pertulisse
1319 1799 1506 1870 magis
1541 1799 1850 1854 dolendum

207 1894 297 1943 est
328 1907 502 1961 quam
540 1891 753 1946 fecisse.
789 1893 928 1947 Cum
972 1909 1104 1946 vero
1132 1893 1278 1948 ultra
1305 1893 1544 1947 modum
1569 1893 1852 1964 appetitus

206 1985 364 2055 gula:
397 1985 456 2038 in
493 1987 784 2041 sumendis
822 1986 1109 2042 alimentis
1153 1987 1390 2058 rapitur,
1436 1991 1606 2059 atque
1642 1986 1851 2042 idcirco

204 2079 524 2134 humorum
553 2082 910 2152 receptacula
943 2083 1271 2152 gravantur,
1300 2081 1475 2136 habet
1495 2081 1698 2136 exinde
1729 2081 1851 2136 ani-

208 2191 345 2228 mus
367 2173 616 2244 aliquem
643 2179 886 2242 reatum,
918 2191 1036 2230 non
1064 2177 1251 2230 tamen
1278 2192 1461 2248 usque
1492 2176 1566 2230 ad
1593 2175 1848 2247 prohibi-

203 2268 426 2322 tionem
470 2268 821 2339 percipiendi
868 2269 1048 2324 sancti
1090 2270 1367 2341 mysterii,
1418 2271 1502 2324 vel
1550 2269 1850 2324 missarum

206 2361 486 2416 solemnia
534 2363 876 2430 celebrandi,
911 2379 1042 2418 cum
1081 2364 1316 2418 fortasse
1367 2367 1468 2418 aut
1510 2363 1628 2418 dies
1675 2363 1851 2418 festus

206 2455 410 2527 exigit,
427 2459 525 2510 aut
537 2457 803 2511 exhibere
825 2458 1188 2528 mysterium,
1205 2475 1306 2528 pro
1329 2474 1394 2512 eo
1410 2459 1561 2529 quod
1586 2457 1850 2512 sacerdos

203 2550 354 2604 alius
380 2550 439 2604 in
483 2551 605 2604 loco
655 2549 834 2617 deest,
871 2551 992 2622 ipsa
1022 2551 1321 2606 necessitas
1365 2551 1672 2622 compellit.
1705 2553 1847 2606 Nam

206 2644 258 2697 si
287 2644 493 2698 adsunt
528 2643 621 2698 alii
651 2643 748 2714 qui
775 2644 1014 2715 implere
1040 2644 1421 2699 ministerium
1447 2645 1692 2711 valeant,
1715 2644 1846 2698 illu-

207 2739 293 2791 sio
323 2755 427 2808 pro
465 2738 692 2809 crapula
739 2737 910 2804 facta,
943 2755 976 2792 a
1006 2738 1378 2810 perceptione
1408 2738 1548 2793 sacri
1589 2738 1850 2809 mysterii

206 2831 516 2902 prohibere
547 2848 660 2886 non
689 2832 874 2901 debet,
909 2832 1006 2886 sed
1039 2832 1108 2886 ab
1134 2832 1526 2887 immolatione
1553 2831 1697 2886 sacri
1723 2849 1846 2904 my-

205 2925 367 2980 sterii
397 2925 680 2981 abstinere
720 2927 806 2997 (ut
836 2925 1101 2997 arbitror)
1130 2926 1422 2981 humiliter
1461 2926 1647 2993 debet,
1677 2926 1722 2980 si
1761 2931 1846 2981 ta-

204 3037 346 3074 men
375 3019 632 3073 animum
661 3019 996 3074 dormientis
1023 3023 1218 3091 turpes
1242 3020 1688 3092 imaginationes
1715 3035 1846 3074 con~

204 3119 528 3168 cusserunt.
568 3115 707 3167 Nam
759 3119 892 3168 sunt
934 3115 1143 3185 quibus
1180 3115 1260 3168 ita
1291 3114 1626 3184 plerumque
1663 3113 1850 3168 illusio

205 3207 481 3274 nascitur,
513 3212 573 3261 ut
605 3224 800 3261 eorum
835 3208 1060 3262 animus
1082 3208 1250 3262 etiam
1279 3208 1338 3261 in
1370 3223 1572 3261 somno
1597 3207 1849 3278 corporis

206 3301 447 3372 positus,
465 3302 726 3372 turpibus
757 3301 1266 3371 imaginationibus
1295 3318 1411 3355 non
1439 3301 1702 3356 fcedetur.
1728 3300 1848 3365 Qua

205 3395 266 3449 in
308 3411 369 3450 re
396 3411 575 3448 unum
617 3394 694 3449 ibi
724 3394 1075 3458 ostenditur;
1110 3395 1228 3466 ipsa
1254 3411 1414 3449 mens
1449 3411 1564 3449 non
1596 3411 1713 3462 rea,
1741 3411 1847 3450 nec

205 3496 400 3544 tamen
443 3505 545 3543 suo
583 3487 797 3558 judicio
840 3488 1039 3557 libera,
1086 3505 1218 3542 cum
1264 3505 1343 3556 se,
1385 3488 1488 3543 etsi
1528 3488 1846 3544 dormiente

204 3600 466 3655 corpore,
497 3582 639 3636 nihil
665 3581 928 3636 meminit
951 3581 1174 3650 vidisse,
1199 3585 1390 3636 tamen
1420 3582 1479 3636 in
1506 3582 1714 3652 vigiliis
1729 3599 1846 3638 cor-

205 3677 365 3749 poris
407 3675 674 3730 meminit
715 3676 772 3730 in
820 3676 1131 3747 ingluviem
1177 3676 1465 3730 cecidisse.
1510 3676 1566 3732 Si
1603 3692 1734 3732 vero
1777 3693 1844 3731 ex

202 3771 361 3842 turpi
379 3769 722 3842 cogitatione
741 3769 1080 3824 dormientis
1097 3769 1279 3824 oritur
1289 3769 1474 3824 illusio
1489 3770 1844 3840 dormientis,

203 3868 367 3936 patet
409 3864 598 3918 animo
625 3868 814 3918 reatus
844 3880 979 3918 suus
1004 3863 1183 3930 videt;
1221 3863 1431 3919 etenim
1457 3881 1489 3918 a
1517 3881 1627 3935 qua
1653 3865 1847 3920 radice

203 3958 528 4030 inquinatio
547 3958 642 4012 illa
659 3957 1017 4028 processerit,
1035 3957 1167 4029 quia
1189 3958 1341 4029 quod
1352 3958 1623 4029 cogitavit
1641 3958 1844 4027 sciens,

202 4053 318 4108 hoc
343 4053 576 4123 pertulit
605 4051 876 4106 nesciens.
907 4051 1016 4106 Sed
1043 4051 1400 4122 pensandum
1429 4055 1513 4106 est
1539 4052 1661 4123 ipsa
1689 4053 1844 4124 cogi-

205 4148 347 4201 tatio
373 4151 562 4201 utrum
609 4146 667 4200 in
709 4144 1099 4216 suggestione,
1132 4161 1205 4199 an
1232 4144 1292 4199 in
1320 4145 1714 4215 delectatione,
1747 4163 1844 4214 an,

203 4240 358 4311 quod
398 4240 580 4311 majus
624 4244 731 4308 est,
761 4240 819 4293 in
861 4238 1074 4310 peccati
1106 4254 1385 4293 consensu
1416 4239 1703 4295 ceciderit.
1733 4240 1849 4295 Tri-

205 4335 316 4388 bus
343 4334 496 4387 enim
523 4333 709 4388 modis
735 4333 1005 4403 impletur
1035 4348 1207 4387 omne
1236 4336 1552 4403 peccatum,
1582 4333 1848 4389 videlicet

203 4427 594 4498 suggestione,
629 4427 1026 4494 delectatione,
1075 4442 1372 4481 consensu.
1421 4426 1724 4499 Suggestio
1761 4430 1847 4482 est

1870 1774 1927 1846 B

1871 3146 1924 3220 C

1951 482 2241 537 lectationi
2270 486 2603 540 consentiat.
2635 488 2719 555 Et,
2744 504 2875 542 cum
2919 505 3051 545 caro
3097 491 3218 547 sine
3250 491 3445 548 anima
3483 494 3582 550 de-

1951 575 2146 630 lectari
2173 582 2440 648 nequeat,
2473 580 2594 651 ipse
2622 583 2812 636 tamen
2841 582 3088 652 animus,
3120 586 3304 640 carnis
3332 589 3587 660 volupta-

1953 670 2102 724 tibus
2132 671 2436 739 reluctans,
2466 673 2526 727 in
2555 675 2932 732 delectatione
2958 679 3170 733 carnali
3199 680 3387 752 aliquo
3412 684 3583 738 modo

1951 764 2167 835 ligatur
2208 765 2440 836 invitus,
2492 773 2554 822 ut
2596 769 2647 824 ei
2691 786 2760 824 ex
2807 771 3028 828 ratione
3071 775 3432 843 contradicat,
3479 794 3584 830 nec

1951 859 2278 926 consentiat,
2310 865 2366 915 et
2398 864 2588 917 tamen
2617 863 2983 921 delectatione
3013 865 3220 944 ligatus
3267 869 3357 938 sit,
3389 870 3485 924 sed
3511 872 3582 925 li-

1953 955 2149 1023 gatum
2191 970 2249 1009 se
2286 955 2658 1010 vehementer
2686 956 3042 1028 ingemiscat.
3075 961 3236 1015 Unde
3264 965 3321 1017 et
3348 963 3440 1019 ille
3467 980 3580 1019 cm.-

1954 1047 2104 1101 lestis
2147 1047 2427 1102 exercitus
2473 1050 2796 1121 praecipuus
2841 1051 3004 1106 miles
3053 1055 3316 1124 gemebat
3342 1056 3580 1113 dicens:

1955 1159 1981 1192 «
2012 1139 2186 1196 Video
2207 1141 2376 1196 aliam
2405 1143 2593 1214 legem
2622 1145 2682 1198 in
2703 1145 2976 1200 membris
3000 1147 3142 1202 meis
3162 1155 3581 1220 repugnantem

1950 1235 2068 1305 legi
2095 1235 2302 1290 mentis
2328 1252 2493 1305 mem,
2527 1241 2584 1292 et
2609 1237 2898 1310 captivum
2923 1255 3016 1294 me
3041 1241 3342 1297 ducentem
3369 1244 3426 1297 in
3455 1247 3582 1315 lege

1952 1329 2189 1400 peccati,
2219 1346 2348 1401 qua).
2381 1334 2464 1385 est
2503 1331 2560 1385 in
2590 1332 2866 1387 membris
2896 1334 3039 1388 meis
3079 1337 3244 1399 (Rom.
3281 1353 3373 1406 vu,
3410 1340 3517 1407 23).
3553 1364 3579 1388 ››
3665 1389 3674 1394 .

1951 1422 2006 1478 Si
2037 1426 2232 1478 autem
2259 1425 2510 1495 captivus
2531 1429 2655 1480 erat
2678 1425 2914 1481 minime
2932 1429 3247 1498 pugnabat,
3279 1430 3376 1485 sed
3405 1428 3585 1502 etpu~

1953 1517 2182 1587 gnabat.
2206 1519 2556 1590 Quapropter
2580 1522 2636 1574 et
2663 1520 2912 1590 captivus
2942 1527 3080 1590 erat,
3108 1527 3165 1577 et
3190 1524 3442 1595 captivus
3469 1543 3585 1581 non

1954 1615 2092 1677 erat,
2122 1614 2177 1665 et
2217 1613 2529 1683 pugnabat.
2566 1613 2741 1685 Igitur
2789 1615 2901 1685 legi
2950 1616 3160 1671 mentis
3204 1619 3320 1685 lex,
3352 1636 3479 1691 quae
3525 1621 3583 1675 in

1950 1704 2222 1759 membris
2248 1709 2350 1772 est,
2381 1706 2757 1778 repugnabat.
2781 1707 2835 1762 Si
2857 1712 3052 1764 autem
3079 1711 3393 1781 pugnabat,
3417 1714 3586 1785 capti-

1952 1814 2052 1851 vus
2075 1815 2192 1852 non
2235 1801 2378 1852 erat.
2413 1801 2551 1854 Ecce
2581 1799 2657 1854 ita
2687 1805 2771 1855 est
2799 1801 2997 1869 homo,
3027 1805 3089 1856 ut
3118 1803 3199 1857 ita
3225 1804 3492 1876 dixerim,
3529 1811 3586 1861 et

1951 1892 2206 1964 captivus
2235 1896 2292 1947 et
2321 1892 2491 1958 liber;
2521 1892 2666 1947 liber
2695 1909 2758 1948 ex
2795 1896 3019 1965 justitia
3049 1913 3224 1968 quam
3252 1898 3455 1970 diligit,
3486 1917 3580 1954 ca-

1951 1986 2136 2057 ptivus
2162 2003 2231 2041 ex
2253 1986 2620 2041 delectatione
2650 2004 2822 2060 quam
2850 1994 3040 2060 portat
3069 1991 3294 2047 invitus.

2042 2105 2235 2174 Incipit
2258 2103 2493 2172 synodus
2520 2105 2762 2190 Romano
2789 2104 2975 2161 habita
3005 2124 3040 2161 a
3065 2107 3316 2177 Gregorio
3342 2127 3494 2181 papa

2665 2192 2865 2246 pnmo.

2023 2268 2316 2338 Regnante
2345 2268 2404 2322 in
2433 2271 2776 2341 perpetuum
2804 2271 3043 2327 Domino
3065 2277 3260 2328 nostro
3279 2277 3406 2330 Jesu
3427 2277 3584 2332 Chri-

1952 2364 2058 2427 sto,
2091 2361 2446 2433 temporibus
2473 2362 2710 2434 piissimi
2733 2380 2796 2418 ac
2823 2365 3171 2422 serenissimi
3198 2368 3418 2424 domini
3436 2372 3585 2425 Mau-

1950 2454 2094 2523 ricii,
2145 2460 2201 2510 et
2247 2455 2548 2511 Theodosii
2597 2457 2824 2526 Tiberii,
2875 2461 3282 2531 Augustorum,
3325 2464 3582 2534 ejusdem

1950 2549 2165 2603 domini
2213 2549 2463 2604 Mauricii
2508 2551 2739 2622 imperii
2788 2569 2940 2608 anno
2993 2557 3076 2622 l3,
3129 2555 3442 2612 indictione
3497 2562 3583 2626 l3,

1948 2643 2146 2714 quinta
2173 2643 2267 2698 die
2292 2645 2503 2698 mensis
2538 2645 2690 2713 Julii,
2717 2648 3018 2718 Gregorius
3048 2665 3214 2720 papa,
3246 2667 3438 2706 coram
3490 2670 3582 2707 sa-

1949 2737 2265 2792 cratissimo
2295 2737 2448 2793 beati
2472 2739 2624 2794 Petri
2646 2741 2891 2812 apostoli
2919 2758 3175 2814 corpore,
3209 2761 3338 2799 cum
3365 2746 3580 2817 episco-

1948 2829 2036 2901 pis
2066 2831 2333 2886 omnibus
2377 2833 2649 2888 Romana:
2699 2834 2957 2889 Ecclesiae
2987 2839 3044 2891 et
3066 2837 3412 2909 presbyteris
3441 2841 3582 2895 resi-

1951 2923 2112 2992 dens,
2157 2925 2472 2980 astantibus
2514 2926 2867 2996 diaconibus,
2897 2932 2955 2983 et
2983 2933 3188 2985 cuncto
3215 2931 3367 2987 clero
3395 2932 3537 2987 dixit
3571 2951 3582 2988 :

1949 3018 2012 3071 In
2043 3021 2236 3073 sancta
2263 3019 2369 3074 hac
2397 3021 2654 3076 Romana
2683 3022 2946 3091 Ecclesia,
2971 3023 3059 3077 cui
3087 3024 3277 3078 divina
3298 3025 3582 3097 dispensa-

1950 3111 2031 3165 tio
2059 3129 2303 3182 przeesse
2333 3130 2422 3168 me
2449 3115 2643 3183 voluit,
2681 3116 2897 3171 dudum
2931 3119 3282 3173 consuetudo
3313 3123 3396 3174 est
3424 3121 3584 3176 valde

1949 3205 2414 3275 reprehensibilis
2454 3211 2671 3276 exorta,
2705 3213 2772 3263 ut
2810 3209 3041 3281 quidam
3091 3211 3162 3264 ad
3211 3212 3349 3266 sacri
3391 3213 3586 3268 altaris

1950 3299 2284 3369 mysterium
2329 3305 2583 3356 cantores
2628 3302 2934 3373 eligantur,
2965 3308 3019 3358 et
3049 3304 3106 3356 in
3137 3304 3466 3360 diaconatus
3491 3324 3582 3361 or-

1948 3391 2080 3446 dine
2107 3392 2391 3448 constituti
2421 3395 2799 3450 modulationi
2827 3396 2980 3451 vocis
3001 3397 3328 3465 inserviant,
3351 3415 3494 3469 quos
3513 3401 3582 3454 ad

1947 3486 2367 3557 praedicationis
2410 3488 2660 3543 ofﬁcium
2711 3494 2766 3544 et
2811 3490 3300 3561 eleemosynarum
3333 3493 3582 3547 studium

1948 3596 2144 3635 vacare
2192 3581 2560 3652 congruebat.
2603 3583 2761 3638 Unde
2802 3582 2866 3638 ﬁt
2909 3583 3247 3656 plerumque
3279 3591 3340 3641 ut
3377 3586 3447 3640 ad
3495 3605 3579 3641 sa-

1948 3691 2110 3729 crum
2140 3675 2523 3730 ministerium
2551 3677 2688 3731 dum
2717 3677 2929 3732 blanda
2953 3694 3056 3732 vox
3084 3679 3379 3750 quaeritur,
3402 3681 3580 3752 quaeri

1947 3785 2199 3839 congrua
2219 3769 2330 3824 vita
2353 3770 2695 3842 negligatur,
2716 3775 2774 3826 et
2799 3778 3018 3839 cantor,
3046 3773 3310 3828 minister
3334 3775 3578 3842 Domini,

1947 3863 2202 3918 moribus
2228 3864 2571 3931 stimuletur,
2603 3882 2735 3919 cum
2761 3867 3035 3937 populum
3057 3866 3290 3922 vocibus
3318 3869 3578 3924 delectet.

1946 3959 2062 4024 Qua
2091 3957 2161 4011 de
2193 3974 2254 4012 re
2283 3958 2548 4029 praesenti
2571 3959 2799 4014 decreto
2825 3960 3128 4029 constituo,
3152 3965 3214 4015 ut
3232 3961 3288 4015 in
3315 3962 3447 4017 sede
3474 3963 3580 4018 hac

1947 4051 2087 4105 sacri
2112 4051 2307 4106 altaris
2327 4052 2572 4107 ministri
2593 4055 2824 4107 cantare
2847 4071 2960 4108 non
2989 4053 3254 4121 debeant,
3282 4057 3579 4128 solumque

1950 4144 2298 4215 Evangelicze
2318 4145 2577 4201 lectionis
2597 4146 2849 4202 officium
2867 4147 3020 4202 inter
3038 4147 3339 4204 missarum
3370 4151 3576 4206 solem-

1949 4239 2045 4294 nia
2093 4240 2396 4294 exsolvant.
2445 4240 2695 4295 Psalmos
2742 4258 2876 4296 vero
2924 4258 2989 4296 ac
3035 4243 3279 4315 reliquas
3315 4243 3580 4300 lectiones

1945 4349 2146 4388 censeo
2175 4350 2279 4404 per
2306 4333 2694 4404 subdiaconos,
2727 4335 2812 4390 vel
2841 4336 2886 4390 si
2922 4337 3226 4391 necessitas
3256 4337 3453 4409 exigit,
3480 4356 3582 4409 per

1945 4425 2196 4481 minores
2231 4427 2460 4481 ordines
2487 4427 2765 4482 exhiberi.
2798 4429 2855 4484 Si
2888 4430 3014 4499 quis
3038 4433 3227 4484 autem
3254 4436 3448 4486 contra
3476 4433 3580 4485 hoc

201 4521 361 4594 quod
385 4521 449 4575 fit
474 4537 579 4593 per
601 4520 918 4586 diabolum;
949 4520 1250 4576 delectatio
1278 4537 1383 4592 per
1411 4536 1672 4590 carnem;
1706 4537 1844 4576 con-
1865 4520 1926 4592 D
1951 4519 2240 4574 decretum
2271 4537 2467 4574 meum
2497 4520 2690 4575 venire
2721 4522 3048 4589 tentaverit,
3077 4523 3378 4577 anathema
3406 4523 3494 4578 sit.
3517 4526 3581 4578 Et

202 4631 406 4671 sensus
432 4631 533 4686 per
560 4613 824 4685 spiritum
857 4631 870 4668 :
897 4613 1030 4686 quia
1052 4631 1182 4668 cum
1207 4613 1459 4686 primum
1481 4616 1705 4686 culpam
1725 4631 1840 4670 ser-

201 4726 352 4781 pens
377 4709 677 4780 suggessit,
707 4711 816 4764 Eva
848 4709 1003 4762 velut
1049 4724 1182 4763 caro
1223 4708 1503 4764 delectata
1528 4713 1630 4776 est,
1664 4709 1843 4764 Adam

201 4819 341 4858 vero
385 4804 539 4857 velut
589 4803 820 4873 spiritus
872 4801 1180 4856 consensit.
1228 4803 1294 4856 Et
1339 4802 1722 4856 necessarium
1762 4807 1846 4858 est

203 4912 421 4967 magna
439 4896 774 4951 discretione
800 4895 950 4950 inter
969 4895 1420 4966 suggestionem,
1451 4900 1506 4949 et
1526 4895 1844 4950 delectatio-

201 5007 343 5044 nem
368 4995 537 5061 atque
563 5006 901 5044 consensum
917 4988 1171 5060 judicem
1189 4989 1272 5042 sui
1295 4988 1536 5059 prodere
1561 4988 1840 5045 animum.

200 5087 347 5140 Cum
377 5083 528 5137 enim
563 5083 844 5154 malignus
883 5082 1114 5154 spiritus
1151 5086 1450 5152 peccatum
1488 5083 1747 5152 suggerit
1783 5083 1842 5137 in

201 5180 423 5243 mente,
441 5177 487 5231 si
512 5178 668 5231 nulla
687 5177 897 5248 peccati
925 5175 1223 5231 delectatio
1245 5176 1521 5246 sequitur,
1551 5180 1841 5246 peccatum

203 5271 446 5326 omnino
495 5273 886 5343 perpetratum
924 5286 1040 5324 non
1080 5275 1182 5325 est.
1224 5271 1364 5325 Cum
1405 5285 1535 5324 vero
1576 5269 1844 5324 delectari

199 5381 338 5420 caro
363 5365 616 5436 coeperit,
639 5369 775 5418 tunc
807 5366 1102 5435 peccatum
1132 5363 1331 5434 incipit
1364 5363 1536 5416 nasci.
1562 5362 1621 5417 Si
1649 5368 1844 5418 autem

201 5460 377 5516 etiam
415 5459 486 5513 ad
515 5458 946 5513 consensionem
979 5474 1046 5512 ex
1081 5457 1493 5512 deliberatione
1524 5455 1840 5526 descendit,

200 5560 343 5609 tunc
380 5558 675 5623 peccatum
704 5552 1069 5624 cognoscitur
1108 5550 1324 5623 perﬁci.
1375 5553 1436 5604 In
1481 5550 1843 5621 suggestione

199 5647 382 5719 igitur
401 5646 614 5718 peccati
644 5646 870 5701 initium
898 5651 1001 5715 est,
1028 5645 1087 5700 in
1115 5644 1494 5700 delectatione
1523 5643 1845 5698 nutrimen-

201 5749 353 5806 tum,
377 5741 434 5795 in
458 5757 733 5795 consensu
762 5740 1056 5812 perfectio.
1075 5741 1141 5794 Et
1159 5755 1310 5809 saepe
1331 5737 1613 5809 contingit
1634 5740 1697 5791 ut
1715 5737 1840 5803 hoc,

200 5835 356 5910 quod
387 5834 674 5906 malignus
700 5834 928 5907 spiritus
961 5833 1203 5889 seminat
1228 5833 1285 5887 in
1314 5832 1678 5906 cogitatione,
1711 5847 1841 5886 caro

1947 4613 2366 4684 responderunt
2393 4630 2629 4668 omnes:
2665 4615 2984 4669 Anathema
3015 4615 3103 4669 sit.

2015 4706 2377 4761 Verecundus
2407 4722 2534 4760 mos
2559 4711 2789 4778 torpore
2809 4705 3226 4762 indiscretionis
3250 4708 3498 4774 inolevit,
3517 4717 3582 4766 ut

1946 4801 2116 4870 hujus
2163 4799 2313 4854 sedis
2358 4799 2715 4872 pontificibus
2757 4801 2827 4855 ad
2869 4805 3082 4856 secreta
3129 4800 3299 4856 cubili
3358 4805 3581 4859 servitia

1944 4894 2068 4948 laici
2099 4893 2261 4964 pueri
2293 4911 2358 4949 ac
2385 4894 2681 4949 saeculares
2708 4893 3112 4966 obsequantur.
3147 4897 3212 4950 Et
3238 4912 3368 4951 cum
3401 4903 3579 4969 pasto-

1947 4989 2021 5042 ris
2051 4987 2162 5041 vita
2202 5004 2323 5042 esse
2354 4988 2641 5058 discipulis
2671 5004 2902 5059 semper
2944 4989 3149 5044 debeat
3188 4990 3244 5044 in
3287 4993 3576 5062 exemplo,

1944 5083 2278 5152 plerumque
2307 5081 2494 5135 clerici
2526 5081 2712 5151 qualis
2750 5081 2808 5135 in
2838 5086 3055 5137 secreto
3081 5084 3152 5138 sit
3180 5085 3290 5138 vita
3316 5085 3403 5138 sui
3435 5102 3576 5155 pon-

1945 5175 2107 5229 tificis
2138 5174 2416 5242 nesciunt,
2448 5191 2624 5246 quam
2645 5179 2860 5243 tamen,
2887 5179 2950 5230 ut
2977 5177 3190 5232 dictum
3219 5182 3319 5245 est,
3352 5179 3580 5231 saecula-

1944 5284 2032 5323 res
2056 5267 2217 5340 pueri
2246 5268 2452 5323 sciunt.
2488 5269 2564 5323 De
2593 5285 2706 5340 qua
2730 5285 2792 5324 re
2816 5270 3082 5342 prassenti
3115 5271 3342 5325 decreto
3369 5270 3575 5324 consti-

1942 5368 2039 5416 tuo
2081 5365 2147 5416 ut
2191 5361 2427 5434 quidam
2474 5378 2540 5416 ex
2588 5363 2811 5418 clericis
2853 5364 2939 5419 vel
2988 5363 3158 5418 etiam
3185 5379 3250 5416 ex
3281 5364 3578 5417 monachis

1943 5455 2100 5510 electi
2122 5454 2439 5510 ministerio
2461 5455 2706 5512 cubiculi
2729 5457 3063 5529 pontificalis
3083 5455 3488 5526 obsequantur,
3517 5464 3578 5511 ut

1944 5550 2008 5615 is,
2038 5549 2138 5621 qui
2163 5549 2221 5604 in
2256 5551 2375 5604 loco
2407 5553 2492 5606 est
2518 5551 2837 5623 regiminis,
2866 5549 3074 5604 habeat
3107 5551 3275 5603 testes
3315 5549 3454 5603 tales
3481 5550 3576 5622 qui

1944 5658 2133 5698 veram
2178 5644 2300 5714 ejus
2337 5644 2396 5698 in
2427 5650 2640 5699 secreto
2688 5642 3171 5698 conversationem
3209 5642 3452 5713 videant,
3480 5644 3574 5715 qui

1943 5751 2009 5789 ex
2039 5735 2255 5792 visione
2285 5737 2481 5791 sedula
2513 5736 2838 5806 exemplum
2870 5735 3154 5806 profectus
3185 5739 3430 5790 sumant.

2013 5829 2374 5886 Consuetudo
2408 5846 2545 5884 nova
2591 5831 2645 5882 in
2675 5828 2912 5883 ecclesia
2950 5829 3051 5883 hac
3095 5831 3149 5882 et
3195 5829 3352 5885 valde
3383 5847 3576 5904 repre-
