4092 6192
489 291 608 343 1131

1380 283 1661 337 ΔΡΡΕΝΙ).
1704 283 1788 336 ΑΙ)
1827 282 1984 335 8ᾹΞΟ.
2033 281 2116 333 IX.
2148 307 2214 318 ——
2257 279 2496 333 ISIDORI
2535 277 2956 334 MERCATORIS

3721 276 3858 327 “3‘2

482 395 772 450 hensibilis
801 393 1010 463 erupit,
1033 398 1091 446 ut
1109 409 1240 446 cum
1263 396 1512 445 rectores
1539 389 1586 460 ej
1598 406 1659 444 us
1682 389 2007 460 patrimonii
2029 403 2116 440 ur-
2140 400 2198 472 Α
2220 402 2344 440 mus
2370 385 2441 440 ad
2469 385 2878 456 omnipotentis
2905 384 3000 440 Dei
3028 383 3316 438 servitium
3361 381 3666 446 festinare,
3696 387 3764 434 ut
3790 380 3862 434 ab

482 490 631 542 bana
656 487 743 541 vel
775 485 981 540 rustica
1025 484 1243 556 praedia
1273 483 1406 554 jure
1448 483 1558 537 illis
1596 486 1924 553 competere
1955 496 2117 551 posse

481 580 860 652 suspicantur,
899 579 1076 634 ﬁscali
1119 593 1281 632 more
1325 577 1520 632 titulos
1560 575 1910 647 imprimant,
1951 579 2118 644 atque

481 677 608 742 hoc,
638 674 789 745 quod
819 675 1140 744 competere
1171 670 1517 742 pauperibus
1549 670 1854 735 testimant,
1883 684 2000 722 non
2024 667 2116 738 ju-

482 768 652 836 dicio,
681 767 780 822 sed
811 765 1076 822 manibus
1105 765 1431 821 defendant.

552 864 620 918 Et
645 879 774 917 cum
802 878 905 933 per
927 859 1325 931 praedicatores
1346 874 1478 913 suos
1507 857 1719 913 Veritas
1741 857 1889 912 dicat
1920 875 1933 911 :
1970 876 1992 904 «
2026 855 2116 908 Ni-

481 957 563 1012 hil
608 973 712 1028 per
742 954 1172 1010 contentionem
1215 952 1436 1022 (Philip.
1469 969 1527 1019 ιι,
1556 953 1629 1021 2),
1659 971 1686 1002 ››
1722 951 1892 1005 etiam
1932 950 2120 1021 ipsum

480 1046 742 1117 litigiosa:
779 1042 1161 1098 contentionis
1199 1041 1415 1095 malum
1458 1040 1897 1107 transcenditur,
1939 1044 1996 1094 et
2032 1054 2120 1093 res

481 1139 771 1210 quaelibet,
799 1154 932 1192 cum
961 1136 1278 1192 aestimatur
1303 1134 1553 1189 ecclesiae
1580 1151 1742 1206 posse
1769 1136 2118 1204 competere,

481 1234 534 1287 vi
561 1235 810 1287 tenetur.
845 1230 1091 1286 Proinde
1122 1228 1387 1300 praesenti
1419 1229 1643 1283 decreto
1665 1227 1969 1294 constituo,
1990 1225 2123 1281 utsi

483 1327 609 1398 quis
629 1325 1142 1381 ecclesiasticorum
1174 1341 1427 1397 unquam
1459 1323 1654 1378 titulos
1683 1337 1895 1393 ponere
1926 1321 2040 1375 sive
2061 1320 2120 1374 in

484 1420 717 1488 rustico,
746 1419 861 1473 sive
883 1419 942 1474 in
975 1419 1198 1474 urbano
1224 1419 1440 1491 praedio
1468 1434 1568 1472 sua
1601 1419 1803 1487 sponte
1836 1431 2116 1486 praesum-

485 1514 678 1586 pserit,
711 1513 1014 1568 anathema
1043 1513 1133 1568 sit.
1162 1515 1229 1567 Et
1248 1511 1664 1583 responderunt
1693 1525 1894 1564 omnes
1925 1526 1936 1562 2
1967 1511 2120 1562 Ana-

485 1609 682 1662 thema
709 1607 798 1662 sit.

557 1703 607 1756 Is
636 1704 829 1756 autem
856 1701 952 1772 qui
981 1703 1180 1771 prmest
1212 1699 1484 1768 ecclesias,
1515 1699 1562 1752 si
1607 1699 1715 1753 hoc
1749 1698 1831 1751 vel
1858 1697 1977 1767 ipse
2002 1695 2124 1751 ﬁeri

486 1794 760 1865 praecipit,
783 1793 869 1848 vel
891 1793 1012 1848 sine
1039 1809 1140 1847 sua
1160 1792 1543 1864 praeceptione
1569 1791 1785 1846 factum
1813 1789 1990 1859 digna
2015 1805 2117 1860 pu-
2147 1772 2201 1844 Β

489 1889 610 1942 nire
657 1886 1155 1942 animadversione
1205 1885 1539 1957 neglexerit,
1587 1884 1897 1939 anathema
1936 1883 2026 1936 sit.
2061 1884 2126 1938 Et

489 1981 907 2052 responderunt
932 1996 1129 2036 omnes
1167 1997 1178 2034 :
1207 1981 1524 2036 Anathema
1550 1979 1640 2033 sit.

557 2075 714 2130 Sicut
743 2075 1014 2146 indignos
1043 2090 1144 2128 nos
1186 2090 1287 2145 per
1323 2073 1471 2128 beati
1514 2072 1664 2127 Petri
1694 2072 1930 2143 apostoli
1962 2086 2121 2124 reve-

487 2169 731 2224 rentiam
763 2184 924 2222 mens
944 2167 1203 2222 ﬁdelium
1229 2169 1556 2233 veneratur,
1579 2166 1659 2219 ita
1689 2168 1940 2220 nostram
1963 2164 2123 2218 inﬁr-

488 2263 746 2318 mitatem
768 2261 931 2315 decet
951 2259 1312 2330 semetipsam
1333 2275 1557 2330 semper
1586 2274 1914 2330 agnoscere,
1943 2261 1999 2311 et
2023 2258 2125 2311 im-

489 2371 680 2426 pensae
708 2353 812 2407 sibi
846 2353 1228 2408 venerationis
1258 2369 1433 2407 onera
1461 2352 1766 2406 declinare.
1809 2353 1888 2405 Ex
1929 2367 2127 2406 amore

489 2449 698 2519 quippe
721 2446 974 2502 fidelium
997 2446 1165 2516 hujus
1186 2445 1335 2500 sedis
1359 2445 1672 2500 rectoribus
1694 2461 1819 2499 mos
1845 2445 1993 2499 ultra
2013 2459 2127 2498 me-

489 2542 660 2597 ritum
692 2540 900 2612 erupit,
942 2545 1008 2594 ut
1044 2555 1173 2594 cum
1214 2556 1414 2594 eorum
1445 2555 1682 2610 corpora
1713 2539 2006 2593 liumanda
2033 2537 2128 2592 de-

489 2637 776 2702 feruntur,
796 2634 919 2688 hinc
938 2632 1255 2688 dalmaticis
1273 2637 1597 2703 contegant,
1622 2631 1853 2687 easdem
1871 2631 2128 2686 dalmati-

492 2746 601 2795 cas,
654 2745 758 2800 pro
806 2727 1116 2782 sanctitatis
1160 2726 1494 2794 reverentia,
1542 2725 1767 2780 sibimet
1804 2724 2129 2797 partiendas

492 2822 736 2893 populus
761 2820 997 2887 scindat,
1023 2824 1077 2875 et
1103 2836 1232 2874 cum
1265 2820 1456 2874 adsint
1473 2819 1650 2874 multa
1681 2819 1854 2873 sacris
1881 2819 2129 2888 corpori-

491 2917 593 2970 bus
619 2915 1000 2986 apostolorum
1028 2897 1461 2984 martyrumque
1488 2912 1784 2979 velamina,
1803 2918 1858 2966 et
1881 2929 1913 2966 a
1939 2928 2130 2982 pecca-

493 3015 679 3063 torum
709 3024 949 3079 corpore
977 3006 1225 3062 sumitur
1271 3007 1419 3077 quod
1450 3023 1552 3078 pro
1579 3022 1785 3077 magna
1814 3005 2130 3060 reverentia

491 3106 826 3158 reservetur.
854 3103 930 3156 De
953 3117 1068 3173 qua
1099 3117 1159 3155 re
1180 3101 1445 3171 praesenti
1475 3100 1704 3155 decreto
1734 3099 2033 3166 constituo,
2063 3104 2128 3154 ut
2147 3141 2202 3214 Ο

953 3195 1192 3214 mh”:
1218 3194 1492 3214 μημιεω,
1533 3210 1727 3214 _______
1768 3193 1830 3214 -.ι
1857 3193 2097 3214 μνη,-

491 3197 786 3261 feretrum,
810 3211 922 3266 quo
951 3195 1197 3249 Romani
1216 3194 1496 3266 pontiﬁcis
1526 3210 1731 3265 corpus
1763 3193 1832 3248 ad
1853 3193 2128 3265 sepelien-

491 3290 627 3343 dum
670 3289 914 3355 ducitur,
946 3287 1104 3342 nullo
1138 3289 1392 3360 tegmine
1425 3289 1656 3343 veletur.
1698 3289 1876 3353 Quam
1912 3287 2128 3342 decreti

493 3382 606 3437 mei
632 3399 828 3437 curam
852 3398 1050 3453 gerere
1082 3382 1228 3436 sedis
1255 3382 1425 3451 hujus
1454 3381 1814 3452 presbyteros
1839 3398 1903 3436 ac
1936 3381 2124 3435 diaco-

492 3494 593 3531 nos
623 3493 942 3532 censemus.
995 3475 1054 3531 Si
1101 3476 1228 3546 quis
1279 3492 1412 3530 vero
1445 3493 1510 3529 ex
1555 3492 1755 3530 eorum
1793 3474 1994 3529 ordine
2021 3475 2128 3529 hoc

491 3569 676 3643 281
715 3586 911 3624 curare
929 3569 1268 3640 neglexerit,
1292 3569 1604 3624 anathema
1624 3569 1712 3624 sit.
1738 3570 1803 3625 Et
1825 3569 2129 3640 responde—

489 3669 626 3718 runt
653 3679 851 3717 omnes
882 3679 895 3717 :
926 3663 1245 3719 Anathema
1271 3662 1361 3716 sit.

563 3757 865 3828 Antiquam
886 3757 1124 3811 Patrum
1147 3757 1408 3827 regulam
1429 3771 1696 3827 sequens,
1715 3756 1858 3811 nihil
1877 3772 2130 3827 unquam

495 3851 565 3905 de
581 3849 1038 3905 ordinationibus
1065 3849 1464 3921 accipiendum
1486 3866 1605 3905 esse
1626 3851 1926 3919 constituo,
1945 3865 2130 3921 neque

496 3961 562 3998 ex
603 3943 826 3998 datione
867 3942 1046 4014 pallii,
1095 3959 1278 4014 neque
1327 3960 1397 3997 ex
1439 3943 1738 3998 traditione
1783 3943 2128 4012 chartarum,

496 4053 684 4108 neque
724 4053 791 4092 ex
834 4053 900 4090 ea
936 4053 1109 4107 quam
1137 4053 1284 4091 nova
1316 4053 1417 4108 per
1443 4036 1818 4091 ambitionem
1845 4037 2131 4092 simulatio

496 4131 713 4184 invenit
755 4130 1134 4201 appellatione
1182 4130 1423 4200 pastelli.
1459 4130 1601 4195 Quia
1629 4131 1782 4186 enim
1814 4131 2132 4186 ordinando

498 4224 763 4294 episcopo
782 4223 1035 4293 pontifex
1053 4239 1291 4278 manum
1308 4223 1576 4294 imponit,
1597 4224 1984 4295 evangelicam
2000 4241 2132 4279 vero

498 4315 799 4370 lectionem
843 4315 1104 4370 minister
1147 4316 1302 4386 legit,
1332 4316 1781 4371 conﬁrmationis
1804 4333 1937 4371 vero
1968 4318 2134 4389 hujus

497 4409 799 4481 epistolam
827 4409 1088 4464 notarius
1122 4409 1336 4476 scribit,
1366 4409 1511 4464 sicut
1539 4410 1867 4482 pontiﬁcem
1897 4428 2134 4466 manum

2222 481 2478 534 humana
2508 479 2775 534 servitute
2819 477 2986 533 liberi
3014 478 3073 532 in
3103 476 3292 531 divino
3332 475 3608 546 mysterio
3635 474 3864 528 valeant

2221 574 2281 628 in
2307 573 2668 628 monasteriis
2704 570 3042 628 conversari.
3075 570 3235 635 Quod
3275 570 3320 624 si
3368 568 3579 640 passim
3620 568 3860 622 dimitti-

2221 683 2368 736 mus,
2399 667 2664 722 omnibus
2689 665 2950 738 fugiendi
2978 663 3338 720 ecclesiastici
3356 663 3508 735 juris
3538 661 3862 717 dominium

2222 761 2572 817 occasionem
2603 761 2946 832 praebemus.
2979 758 3034 816 Si
3075 775 3208 813 vero
3247 757 3601 825 festinantes,
3633 755 3708 809 ad
3734 771 3862 809 om-

2221 855 2527 926 nipotentis
2555 855 2656 909 Dei
2689 854 2980 911 servitium
3024 854 3248 908 incaute
3287 852 3631 917 retinemus,
3665 849 3746 903 illi
3779 849 3864 902 in-

2222 949 2483 1004 venimur
2510 965 2722 1020 negare
2750 948 3016 1020 quaedam
3045 947 3143 1018 qui
3169 946 3325 1001 dedit
3344 945 3560 1000 omnia.
3589 943 3751 998 Unde
3777 959 3866 995 ne-

2221 1059 2373 1099 cesse
2410 1047 2494 1098 est
2539 1046 2619 1110 ut,
2657 1043 2704 1097 si
2731 1043 2858 1114 quis
2905 1059 2973 1096 ex
2999 1042 3144 1113 juris
3190 1039 3548 1095 ecclesiastici
3594 1037 3868 1092 servitute

2221 1138 2292 1191 ad
2324 1137 2420 1190 Dei
2449 1136 2742 1191 servitium
2789 1136 3038 1191 converti
3067 1135 3372 1202 desiderat,
3405 1132 3688 1204 probetur
3714 1131 3871 1200 prius

2223 1232 2282 1286 in
2329 1231 2468 1285 laico
2513 1229 2708 1285 habitu
2755 1231 3112 1297 constitutus,
3142 1232 3198 1282 et
3225 1228 3270 1282 si
3297 1243 3488 1282 mores
3515 1225 3674 1279 illius
3701 1230 3870 1294 atque

2223 1324 2577 1380 conversatio
2595 1324 2744 1379 bono
2764 1323 3048 1378 desiderio
3068 1321 3216 1376 illius
3236 1320 3638 1376 testimonium
3655 1319 3868 1381 ferunt,

2223 1419 2434 1489 absque
2469 1419 2580 1473 ulla
2608 1418 2950 1473 retractione
2982 1417 3192 1472 servire
3223 1416 3280 1470 in
3305 1413 3666 1470 monasterio
3695 1412 3873 1466 omni-

2223 1513 2442 1584 potenti
2485 1511 2727 1568 Domino
2757 1511 3137 1583 permittatur,
3171 1515 3226 1565 et
3253 1510 3323 1564 ab
3353 1509 3615 1563 humano
3645 1507 3873 1561 servitio

2222 1605 2366 1661 liber
2395 1605 2638 1673 recedat,
2671 1605 2768 1677 qui
2801 1621 2904 1676 pro
2932 1605 3122 1660 divino
3151 1602 3424 1674 obsequio
3466 1600 3871 1656 districtiorem

2226 1699 2414 1754 subire
2443 1699 2663 1770 appetit
2688 1699 3038 1754 servitutem.

2225 1819 2422 1886 Incipit
2471 1819 2696 1887 epistola
2739 1817 2927 1872 Felicis
2968 1817 3170 1872 Sicilia
3213 1817 3447 1887 episcopi
3492 1818 3693 1868 sancto
3754 1813 3872 1866 Gre-

2547 1891 2696 1958 gorio
2729 1904 2886 1958 papa:
2923 1890 3285 1942 Romanorum
3310 1885 3540 1940 directas.

2300 1983 2534 2037 Domino
2581 1982 2906 2037 beatissimo
2954 1986 3012 2035 et
3058 1978 3382 2034 honorabili
3434 1983 3638 2033 sancto
3703 1978 3872 2040 Patri,

2229 2077 2525 2142 GREGORIO,
2557 2077 2717 2130 FELix
2745 2080 2936 2130 vestrae
2966 2074 3161 2128 salutis
3189 2079 3430 2128 amator.

2301 2170 2640 2226 Beatissimae
2655 2172 2856 2224 vestrae
2872 2167 3085 2234 salutis,
3107 2184 3168 2222 ac
3187 2167 3499 2222 sanctitatis
3528 2167 3672 2236 jura
3701 2183 3875 2237 penes

2229 2266 2408 2320 Deum
2439 2267 2569 2318 sunt
2595 2263 2914 2330 manifesta,
2959 2262 3096 2316 dum
3135 2260 3642 2332 praedicationibus
3671 2260 3876 2315 scilicet

2229 2357 2565 2430 apostolicis,
2600 2363 2657 2412 et
2686 2357 2958 2411 doctrinae
2988 2373 3137 2411 verae
3182 2355 3312 2410 fidei
3351 2356 3582 2409 cultura
3609 2355 3875 2409 universa

2228 2447 2444 2518 repleta
2475 2447 2546 2500 sit
2566 2451 2738 2513 terra,
2771 2462 2873 2517 per
2899 2445 3223 2499 divinorum
3263 2449 3455 2498 tamen
3481 2443 3874 2498 eruditionem

2229 2540 2604 2611 eloquiorum,
2623 2544 2806 2594 vestra
2817 2539 3132 2593 instruente
3143 2536 3535 2592 admonitione
3549 2537 3878 2591 exhortato-

2228 2635 2311 2688 ria
2337 2632 2819 2704 superzediﬁcatur
2845 2632 3160 2687 orthodoxa
3194 2631 3398 2687 Christi
3425 2631 3702 2696 Ecclesia,
3737 2647 3877 2702 apo-

2229 2727 2425 2782 stolica
2446 2727 2804 2781 institutione
2826 2726 3066 2780 fundata
3088 2731 3144 2780 et
3161 2743 3193 2780 a
3217 2725 3478 2779 ﬁdelibus
3497 2725 3775 2780 Patribus
3791 2725 3882 2779 ﬁr-

2231 2821 2482 2876 missime
2495 2820 2781 2875 roborata.
2798 2821 2881 2875 Ad
2894 2836 3068 2892 quam
3086 2837 3179 2874 om
3190 2837 3288 2873 nes
3303 2819 3623 2874 beatissimi
3638 2819 3884 2890 apostoli

2230 2915 2349 2987 pari
2373 2914 2608 2970 honoris
2639 2919 2695 2968 et
2724 2914 3014 2985 potestatis
3041 2913 3324 2968 consortio
3350 2912 3607 2984 praediti,
3638 2913 3883 2985 populo-

2230 3025 2355 3064 rum
2387 3007 2622 3079 agmina
2651 3010 3064 3075 convertentes,
3097 3006 3190 3079 pie
3216 3011 3526 3077 sancteque
3561 3027 3590 3057 «
3623 3007 3699 3061 de
3731 3011 3886 3061 tene-

2229 3103 2346 3157 bris
2374 3102 2442 3157 ad
2471 3102 2666 3156 lumen
2695 3102 2858 3171 (Petr.
2891 3118 2949 3171 ιι,
2982 3101 3035 3171 9)
3068 3121 3096 3152 »
3129 3101 3198 3156 de
3223 3103 3382 3172 lapsu
3411 3100 3782 3156 inﬁdelitatis
3814 3102 3886 3155 ad

2226 3212 2422 3251 veram
2463 3195 2654 3262 ﬁdem,
2699 3196 2768 3251 de
2798 3200 2978 3250 morte
3016 3195 3086 3249 ad
3125 3195 3298 3250 vitam
3333 3195 3629 3263 homines,
3671 3195 3886 3250 divinae

2227 3289 2743 3361 praedestinationis
2794 3289 2979 3361 gratia
3019 3289 3326 3360 praescitos,
3359 3287 3713 3342 salutaribus
3744 3306 3886 3360 pras-

2228 3383 2401 3454 ceptis
2433 3399 2496 3437 ac
2524 3383 2752 3437 monitis
2790 3383 3203 3454 perduxerunt.
3243 3383 3498 3446 Quorum
3541 3387 3885 3438 sanctorum

2229 3477 2618 3548 apostolorum
2663 3481 2844 3531 vestra
2895 3476 3218 3531 fraternitas
3259 3475 3599 3530 honoranda
3636 3493 3887 3548 sequens

2229 3570 2451 3636 merita,
2501 3574 2558 3625 et
2598 3571 2906 3642 perfectius
2946 3569 3190 3640 implens
3233 3569 3511 3640 exempla,
3563 3571 3884 3625 Ecclesiam

2230 3665 2326 3719 Dei
2373 3680 2598 3718 morum
2645 3664 2945 3735 probitate,
2977 3669 3033 3720 et
3061 3667 3290 3719 actuum
3333 3664 3640 3718 sanctitate
3667 3665 3884 3719 conde-

2231 3761 2405 3825 corat,
2436 3762 2492 3814 et
2531 3757 2642 3812 ﬁde
2689 3775 2843 3813 sacra
2887 3757 3332 3829 Christianisque
3369 3756 3636 3812 moribus
3662 3759 3884 3829 vigens,

2232 3869 2361 3924 qua:
2385 3851 2506 3907 fieri
2533 3853 2645 3908 Deo
2673 3852 2878 3923 placita
2907 3851 3184 3922 praecipit,
3220 3850 3420 3905 studiis
3455 3851 3885 3921 pontiﬁcalibus

2233 3946 2626 4001 indesinenter
2671 3949 2962 4016 operatur,
3013 3949 3068 4000 et
3115 3945 3352 4016 perﬁcit,
3394 3961 3633 4000 servans
3674 3945 3885 4000 divina:

2231 4041 2374 4110 legis
2399 4043 2707 4112 praecepta,
2737 4040 2868 4112 quia
2897 4061 2922 4089 ‹‹
2951 4056 3067 4094 non
3100 4039 3384 4094 auditores
3407 4039 3553 4108 legis
3575 4040 3728 4109 justi
3757 4047 3886 4094 sunt

2231 4134 2382 4204 apud
2415 4135 2616 4201 Deum,
2652 4155 2679 4182 »
2710 4134 2854 4188 sicut
2878 4137 3070 4188 narrat
3096 4133 3412 4204 Apostolus,
3448 4155 3476 4180 ‹‹
3504 4134 3607 4187 sed
3638 4134 3885 4188 factores

2232 4227 2376 4298 legis
2413 4227 2876 4298 justiﬁcabuntur
2919 4227 3086 4296 (Rom.
3127 4243 3187 4295 ιι,
3235 4229 3339 4292 13).
3384 4246 3410 4273 ››
3459 4227 3593 4280 Haec
3646 4228 3884 4297 quidem

2232 4321 2594 4387 meditantes,
2623 4321 2910 4392 perlatum
2938 4324 3040 4389 est,
3071 4321 3215 4375 sicut
3241 4336 3274 4373 a
3304 4319 3656 4391 quibusdam
3707 4321 3886 4375 Roma

2232 4414 2611 4480 venientibus,
2654 4430 2750 4467 vos
2791 4413 3126 4485 Augustino,
3183 4413 3471 4468 consodali
3515 4418 3744 4480 nostro,
3788 4430 3886 4485 per

497 4521 615 4560 non
645 4503 826 4573 decet,
861 4519 1030 4576 quam
1063 4502 1309 4575 imponit
1337 4503 1605 4573 vendere,
1640 4503 1717 4558 ita
1742 4504 2020 4572 minister,
2045 4504 2132 4559 vel
2154 4513 2212 4585 D
2234 4506 2622 4562 venerabilem
2655 4507 3014 4562 sanctitatem
3063 4509 3312 4562 vestram
3355 4507 3726 4577 postmodum
3764 4509 3884 4579 epi-

496 4597 748 4654 notarius
770 4615 887 4653 non
915 4597 1105 4667 debet,
1126 4597 1184 4651 in
1207 4596 1566 4653 ordinatione
1593 4598 1643 4670 ej
1654 4615 1734 4668 us,
1759 4615 1954 4655 vocem
1972 4615 2136 4654 suam

497 4696 598 4747 aut
628 4693 913 4748 calamum
955 4691 1304 4748 venundare.
1336 4693 1442 4746 Pro
1469 4692 1827 4749 ordinatione
1861 4709 2019 4764 ergo,
2050 4693 2136 4748 vel

496 4787 686 4857 pallio,
715 4804 816 4841 seu
855 4787 1086 4854 chartis,
1119 4790 1290 4858 atque
1328 4786 1578 4857 pastello,
1610 4787 1877 4842 eumdem
1907 4787 2004 4858 qui
2039 4804 2134 4840 or-

497 4877 781 4933 dinandus
822 4887 925 4949 est,
968 4881 1055 4934 vel
1097 4879 1411 4945 ordinatus,
1457 4880 1688 4934 omnino
1739 4880 1956 4950 aliquid
2004 4880 2137 4935 dare

499 4971 794 5043 prohibeo.
829 4975 908 5028 Ex
949 4973 1236 5044 praedictis
1279 4974 1448 5029 rebus
1477 4974 1524 5028 si
1551 4973 1676 5046 quis
1719 4973 1932 5045 aliquid
1979 4990 2133 5028 com-

501 5065 655 5120 modi
701 5066 1077 5136 appellatione
1128 5067 1376 5137 exigere,
1429 5069 1513 5123 vel
1554 5073 1745 5139 petere
1797 5068 1938 5122 forte
1985 5084 2132 5139 pras-

499 5158 824 5230 sumpserit,
879 5158 937 5212 in
972 5159 1226 5215 districto
1271 5161 1687 5234 omnipotentis
1735 5161 1828 5217 Dei
1873 5161 2134 5217 examine

499 5253 680 5308 reatui
726 5252 1036 5324 subjaceat.
1082 5254 1129 5308 ls
1158 5258 1350 5308 autem
1393 5256 1492 5325 qui
1531 5255 1821 5310 ordinatus
1855 5256 2060 5325 fuerat,
2091 5255 2134 5309 si

499 5363 613 5401 non
644 5362 713 5401 ex
739 5345 964 5418 placito,
988 5363 1176 5418 neque
1205 5351 1456 5415 exactus,
1491 5354 1589 5404 aut
1624 5349 1855 5420 petitus,
1886 5355 2012 5419 post
2042 5365 2131 5403 ac-

496 5444 691 5511 ceptas
717 5441 942 5495 chartas
972 5445 1027 5497 et
1053 5439 1290 5512 pallium
1322 5440 1528 5496 offerre
1572 5442 1786 5513 aliquid
1813 5442 2041 5497 cuilibet
2070 5458 2133 5497 ex

495 5535 647 5588 clero
679 5534 876 5605 gratiae
908 5534 1305 5590 tantummodo
1331 5551 1498 5589 causa
1523 5536 1786 5603 voluerit,
1820 5537 1927 5590 hoc
1958 5535 2132 5608 accipi

494 5626 651 5680 nullo
698 5628 868 5682 modo
909 5629 1297 5700 prohibemus,
1327 5629 1463 5702 quia
1506 5629 1629 5701 ejus
1673 5629 1885 5685 oblatio
1924 5631 2132 5685 nullam

492 5721 674 5790 culpae
706 5722 982 5778 maculam
1013 5724 1242 5796 ingerit,
1278 5741 1404 5796 qua:
1447 5741 1516 5779 ex
1546 5723 1876 5795 accipientis
1918 5725 2131 5779 ambitu

491 5827 607 5866 non
651 5815 936 5885 processit.
985 5819 1184 5873 Multos
1213 5835 1278 5873 ex
1309 5818 1688 5876 ecclesiastica
1730 5817 1943 5874 familia
1969 5819 2127 5874 novi-

2237 4617 2404 4672 scopo
2431 4601 2751 4672 Anglorum
2776 4601 2933 4670 genti
2961 4601 3248 4667 ordinato,
3280 4606 3337 4656 et
3373 4601 3508 4654 illuc
3532 4600 3781 4668 directo,
3812 4607 3887 4656 at-

2236 4711 2346 4766 que
2375 4694 2570 4766 Anglis
2602 4693 2913 4765 scripsisse,
2942 4711 3086 4766 quos
3115 4693 3252 4748 olim
3278 4695 3348 4749 ad
3375 4693 3546 4749 fidem
3579 4711 3887 4750 conversos

2238 4805 2338 4860 per
2353 4805 2450 4843 vos
2465 4789 2858 4860 cognovimus,
2876 4792 2939 4842 ut
2951 4792 3148 4859 quarta
3161 4788 3438 4860 progenie
3452 4788 3757 4857 conjuncti
3771 4806 3884 4844 non

2237 4884 2596 4953 separentur.
2632 4881 2770 4946 Quae
2812 4881 3163 4936 consuetudo
3205 4882 3421 4937 dudum
3445 4881 3505 4936 in
3535 4881 3668 4950 illis,
3697 4884 3880 4937 autin

2236 4976 2356 5031 istis
2388 4975 2663 5046 partibus,
2694 4975 2925 5046 quando
2950 4991 3065 5030 una
3083 4975 3371 5030 vobiscum
3399 4975 3468 5029 ab
3487 4975 3740 5030 infantia
3774 4993 3878 5030 nu-

2237 5069 2402 5124 tritus
2429 5072 2596 5140 atque
2624 5069 2855 5123 edoctus
2891 5068 2994 5137 fui,
3027 5085 3146 5124 non
3183 5074 3325 5136 erat,
3350 5085 3454 5123 nec
3493 5070 3550 5122 in
3575 5069 3708 5124 ullis
3744 5086 3881 5140 prae-

2237 5163 2596 5219 decessorum
2617 5166 2935 5216 vestrorum
2956 5162 3198 5218 decretis
3217 5168 3315 5217 aut
3333 5162 3686 5233 reliquorum
3709 5180 3878 5232 gene-

2236 5256 2448 5326 raliter,
2491 5255 2579 5310 vel
2626 5255 2946 5326 specialiter
2993 5258 3226 5312 Patrum
3275 5256 3549 5312 institutis
3592 5257 3735 5328 legi,
3785 5262 3879 5311 aut

2237 5351 2507 5405 hactenus
2533 5350 2604 5404 ab
2637 5349 2765 5404 ullis
2794 5349 3144 5421 sapientibus
3170 5365 3290 5405 esse
3316 5366 3650 5405 concessum
3683 5350 3876 5415 didici,

2235 5443 2336 5498 sed
2365 5459 2593 5515 semper
2639 5459 2820 5515 usque
2863 5442 3174 5514 septimum
3204 5443 3441 5514 originis
3470 5459 3588 5497 suae
3629 5444 3876 5514 gradum

2236 5538 2339 5593 hoc
2367 5554 2400 5592 a
2427 5535 2635 5592 sanctis
2679 5537 3131 5593 antecessoribus
3160 5537 3378 5605 vestris,
3409 5542 3464 5592 et
3489 5538 3718 5592 caeteris
3758 5555 3878 5592 san-

2235 5631 2338 5685 ctis
2381 5629 2657 5698 Patribus,
2698 5633 2818 5685 tam
2856 5631 2917 5685 in
2962 5630 3189 5686 Nictena
3232 5630 3446 5702 synodo
3493 5646 3675 5702 quam
3718 5638 3772 5684 et
3819 5632 3872 5682 in

2236 5725 2360 5780 aliis
2389 5724 2596 5780 sanctis
2621 5724 2871 5780 conciliis
2913 5725 3272 5797 congregatis
3302 5724 3511 5779 servari
3554 5724 3763 5780 debere
3793 5741 3873 5777 re-

2234 5819 2379 5892 peri,
2431 5822 2484 5875 et
2525 5836 2555 5874 a
2599 5823 2747 5874 recte
2791 5819 3144 5889 viventibus,
3196 5836 3259 5873 ac
3309 5819 3486 5873 Deum
3539 5817 3871 5874 timentibus
