4092 6192
182 302 315 351 1133

1426 295 1897 353 DECRETALIUM
1936 295 2326 351 COLI.ECTIO.

3417 304 3549 355 11πὶ

175 404 509 459 hominibus
557 404 809 459 studiose
855 405 1154 476 przevideri
1198 407 1456 477 cognovi.
1495 408 1640 461 Dum
1686 407 1808 461 haec
1831 403 2120 488 Aubique
2147 403 2461 474 lsetiﬁcans,
2495 422 2609 476 qua
2650 406 2877 476 gloriosi
2905 412 3113 462 sanctae
3147 408 3405 463 Ecclesia
3439 411 3541 463 Pa-

174 498 472 554 nubiscum
503 498 892 564 versabantur,
929 515 1312 570 supervenere
1359 505 1414 554 et
1441 499 1552 554 alia
1579 500 1648 555 de
1684 500 1808 571 qui-

174 595 280 647 bus
326 591 709 648 necessarium
755 592 920 646 nobis
967 593 1192 648 videtur
1230 599 1473 649 vestram
1519 595 1813 650 consulere

172 685 592 741 auctoritatem.
643 687 1002 741 Devenerunt
1039 687 1249 759 quippe
1298 688 1368 743 ad
1414 705 1517 743 nos
1558 691 1678 742 tam
1708 689 1807 742 Be-

173 781 434 836 nedictus
477 780 832 836 Siracusanae
880 781 1143 836 Ecclesize
1192 783 1512 854 episcopus,
1544 799 1715 854 quam
1759 787 1813 837 et

171 875 268 929 alii
296 875 504 929 fratres
533 874 714 929 nostri
746 875 1021 946 equidem
1050 875 1440 948 lacrymantes
1469 893 1532 931 ac
1561 877 1810 933 dicentes

174 985 276 1039 per
299 968 599 1024 saeculares
626 975 684 1024 et
725 967 896 1024 laicos
939 969 1111 1024 nimis
1158 986 1215 1026 se
1251 987 1372 1025 esse
1412 971 1690 1039 turbatos,
1724 977 1806 1027 at-

173 1079 284 1133 que
317 1063 514 1116 animo
555 1062 798 1117 afﬂictos
826 1079 998 1134 super
1028 1064 1424 1118 immoderatis
1468 1065 1684 1120 actibus
1712 1082 1804 1119 eo-

173 1173 326 1224 rum,
349 1173 455 1227 pro
477 1156 682 1228 quibus
703 1161 760 1211 et
778 1155 968 1228 aliqua
988 1157 1194 1212 merita
1214 1158 1293 1213 eis
1315 1158 1806 1230 impingebantur.

172 1252 318 1305 Sunt
353 1249 524 1304 etiam
575 1249 837 1320 quedam
887 1250 1138 1306 ecclesia:
1174 1251 1233 1306 in
1281 1254 1477 1306 nostra
1523 1253 1810 1323 provincia

173 1360 350 1414 super
388 1359 634 1414 quarum
681 1343 1199 1400 consecrationibus
1251 1345 1560 1413 dubitatur,
1591 1351 1647 1400 et
1689 1350 1809 1402 tam

174 1444 408 1509 propter
433 1454 627 1492 rerum
653 1437 1054 1510 antiquitatem
1081 1455 1254 1510 quam
1276 1445 1332 1495 et
1350 1443 1584 1512 propter
1610 1458 1808 1496 earum

173 1532 476 1586 custodum
524 1531 830 1600 incuriam,
878 1533 1132 1588 nescitur
1175 1539 1366 1588 utrum
1423 1534 1692 1590 dedicata:
1738 1536 1809 1590 ab

173 1627 455 1697 episcopis
489 1625 702 1680 fuerint
726 1642 941 1696 necne;
971 1643 1140 1699 super
1167 1628 1374 1700 quibus
1409 1629 1678 1684 omnibus
1707 1647 1809 1685 nos

171 1739 202 1773 a
232 1724 420 1775 vestra
465 1720 780 1789 sanctitate,
813 1737 878 1774 ac
903 1723 1103 1776 vestrze
1150 1722 1301 1776 sedis
1346 1724 1685 1779 auctoritate
1717 1725 1806 1778 in-

1914 499 2028 550 tres
2055 497 2288 568 propria
2330 503 2387 552 et
2431 497 2688 569 piissima
2734 499 3021 570 dogmata,
3050 501 3110 555 in
3160 507 3387 556 {eterna
3420 503 3548 557 vita:

1912 589 2136 645 ﬁrmam
2165 591 2554 647 haereditatem
2601 593 2907 664 pradicare
2948 600 3282 652 noscuntur.
3312 597 3381 651 Et
3413 597 3547 651 sub-

1913 685 2143 755 scriptio
2174 701 2186 739 :
2216 686 2566 742 Incolumem
2609 704 2728 758 vos,
2763 691 2820 742 et
2864 689 2983 743 Deo
3029 689 3322 760 placitum,
3353 694 3548 745 sancte

1912 779 2081 834 Pater
2104 781 2337 834 Patrum
2359 783 2616 836 orantem
2641 798 2746 853 pro
2771 782 2958 853 nobis,
2983 783 3252 839 Dominus
3269 784 3548 841 custodiat

1914 871 1970 926 in
2004 888 2207 928 aevum.
2241 876 2443 929 Amen.

1984 991 2319 1060 Rescriptum
2362 994 2539 1045 sancti
2583 992 2827 1075 Gregorii
2864 1009 3029 1063 papa
3073 997 3236 1050 Felici
3276 995 3474 1051 Sicilia:

2596 1077 2860 1133 episcopo.

1986 1155 2164 1209 Fratri
2203 1155 2676 1212 reverendissimo
2722 1157 2899 1212 FELICl
2948 1160 3302 1230 coepiscopo,
3330 1161 3543 1214 Gnsco-

1912 1264 2034 1304 ltlL’S
2063 1265 2254 1303 servus
2282 1265 2578 1304 servorum
2603 1251 2724 1306 Dei.

1983 1343 2167 1414 Caput
2211 1347 2495 1412 nostrum,
2529 1345 2679 1416 quod
2728 1350 2814 1400 est
2857 1347 3130 1415 Christus,
3176 1347 3248 1402 ad
3294 1349 3402 1402 hoc
3448 1366 3548 1403 sua

1912 1436 2172 1491 membra
2183 1453 2284 1490 nos
2298 1453 2417 1491 esse
2431 1438 2694 1506 voluit,ut
2708 1455 2808 1510 per
2819 1440 2868 1511 ej
2879 1440 3172 1512 uslargam
3188 1441 3544 1510 charitatem,

1912 1535 1968 1585 et
1990 1529 2164 1584 fidem
2193 1547 2372 1584 unum
2398 1547 2502 1586 nos
2523 1531 2581 1586 in
2609 1549 2669 1586 se
2699 1549 2906 1604 corpus
2929 1533 3200 1590 efﬁceret.
3225 1536 3323 1590 Cui
3345 1536 3421 1591 ita
3444 1553 3549 1592 nos

1912 1623 2210 1678 adhaerere
2243 1624 2522 1691 convenit,
2556 1630 2619 1680 ut
2640 1627 2773 1698 quia
2801 1626 2924 1680 sine
2956 1627 3077 1699 ipso
3105 1628 3248 1683 nihil
3282 1646 3400 1685 esse
3427 1647 3548 1702 pos-

1909 1734 2124 1785 sumus,
2153 1733 2256 1788 per
2281 1717 2469 1789 ipsum
2500 1735 2619 1774 esse
2660 1720 2942 1791 possimus
2973 1721 3128 1793 quod
3170 1722 3432 1778 dicimur.
3462 1725 3546 1778 Ab

171 1814 314 1868 strui
339 1830 660 1884 precamur.
682 1816 749 1870 Et
770 1817 962 1868 utrum
989 1831 1054 1869 ea
1073 1832 1222 1886 quae,
1248 1817 1395 1870 sicut
1413 1817 1806 1888 praediximus,
1828 1793 1886 1865 B
1909 1828 2038 1866 arce
2069 1811 2267 1882 capitis
2311 1812 2469 1867 nulla
2498 1829 2589 1867 res
2618 1830 2721 1868 nos
2761 1813 2994 1881 dividat,
3027 1831 3096 1869 ne
3124 1815 3194 1870 ab
3226 1834 3294 1871 eo
3327 1817 3392 1886 (si
3424 1818 3546 1888 ejus

171 1924 267 1960 vos
295 1907 534 1978 praefato
561 1907 852 1963 consodali
879 1913 1074 1964 nostro
1101 1910 1419 1981 Augustino
1447 1911 1731 1983 episcopo,
1756 1915 1812 1966 et

172 2002 485 2073 Anglorum
517 2003 675 2072 genti
705 2002 990 2074 scripsisse
1015 2003 1340 2059 audivimus
1371 2004 1686 2075 specialiter
1707 2005 1806 2074 eis,

170 2113 243 2150 an
271 2095 623 2166 generaliter
648 2095 913 2151 omnibus
951 2097 1162 2168 scripta
1193 2103 1325 2153 sunt
1357 2099 1580 2170 scriptis
1611 2100 1810 2154 vestris

167 2189 351 2244 imbui
382 2189 710 2261 quaerimus,
742 2194 800 2245 et
827 2191 895 2246 de
925 2191 1028 2246 hac
1060 2189 1175 2246 sive
1209 2192 1278 2246 de
1311 2193 1434 2246 aliis
1466 2193 1811 2264 praescriptis

171 2284 344 2338 rebus
370 2283 617 2354 pleniter
641 2283 939 2340 informari
965 2285 1251 2357 cupimus.
1280 2287 1388 2340 Nos
1411 2286 1565 2341 enim
1591 2303 1654 2341 ea
1681 2303 1808 2358 qua!

167 2377 441 2448 legimus,
470 2381 527 2432 et
559 2378 850 2433 observari
893 2396 927 2433 a
969 2379 1234 2435 fidelibus
1277 2380 1652 2451 cognovimus
1691 2397 1807 2435 non

169 2471 547 2542 increpando,
571 2472 719 2542 quod
745 2472 908 2541 absit,
933 2473 1089 2527 vobis
1119 2473 1524 2544 significamus,
1549 2474 1645 2529 sed
1671 2474 1809 2546 quid

168 2565 604 2636 rationabiliter,
637 2569 694 2620 et
730 2565 974 2622 fideliter
1017 2583 1190 2637 super
1235 2566 1325 2621 his
1365 2567 1660 2622 observare
1704 2567 1804 2622 de-

169 2659 436 2727 beamus,
450 2659 816 2731 requirimus.
837 2661 904 2715 Et
921 2661 1194 2732 quoniam
1218 2677 1332 2715 non
1352 2661 1643 2716 modicum
1657 2677 1809 2715 mur-

169 2769 306 2807 mur
332 2769 503 2824 super
527 2754 632 2807 hac
660 2770 719 2808 re
754 2753 1050 2808 nobiscum
1085 2758 1354 2822 versatur,
1386 2754 1522 2826 quid
1568 2771 1806 2826 respon-

169 2847 310 2902 dere
338 2847 627 2915 fratribus,
660 2852 715 2901 et
756 2848 1101 2918 coepiscopis
1154 2849 1364 2903 nostris
1410 2849 1740 2914 debeamus,
1775 2867 1808 2903 a

168 2941 332 2996 vobis
362 2942 523 3012 quasi
544 2958 577 2995 a
598 2941 783 3012 capite
812 2957 1152 3012 responsum
1183 2943 1514 3013 quaerimus,
1541 2959 1610 2997 ne
1638 2959 1810 3013 super

169 3035 257 3088 his
289 3034 564 3104 ancipites
595 3051 1016 3102 remaneamus,
1044 3039 1146 3089 aut
1183 3052 1448 3090 murmur
1477 3037 1658 3091 ullum
1689 3040 1807 3091 tam

167 3129 378 3184 nostris
406 3128 760 3200 temporibus
790 3145 962 3200 quam
991 3130 1226 3199 posteris
1254 3130 1406 3184 inter
1434 3147 1557 3197 nos,
1585 3135 1640 3185 et
1671 3130 1808 3185 alios

167 3228 492 3291 remaneat,
525 3238 832 3293 rumorque
879 3228 1081 3292 vester,
1111 3224 1205 3294 qui
1253 3240 1483 3294 semper
1532 3223 1714 3278 bonus
1752 3228 1808 3278 et

168 3317 426 3387 optimus
457 3315 585 3384 fuit,
619 3315 1063 3370 detractionibus
1091 3317 1392 3386 laceretur,
1417 3316 1503 3371 vel
1529 3317 1804 3372 subroda-

169 3416 284 3477 tur,
315 3414 413 3464 aut
453 3425 666 3464 nomen
707 3415 978 3478 vestrum,
1009 3410 1160 3481 quod
1205 3410 1368 3478 absit,
1402 3411 1804 3482 supervenien-

165 3504 322 3558 tibus
366 3502 722 3574 temporibus
784 3503 1233 3573 blasphemetur.
1283 3505 1393 3558 Nos
1439 3509 1630 3560 autem
1678 3522 1806 3575 qua:

167 3603 327 3652 recta
352 3601 485 3651 sunt
516 3601 745 3651 auctore
772 3596 884 3651 Deo
914 3597 1116 3651 humili
1147 3597 1317 3652 corde
1347 3601 1658 3666 servantes,
1694 3616 1807 3653 uno

165 3690 395 3745 vinculo
423 3689 718 3745 charitatis
745 3689 898 3744 vobis
941 3689 1255 3757 constricti,
1286 3693 1535 3745 vestram
1573 3691 1802 3762 religio-

167 3799 308 3840 nem
337 3783 396 3837 in
426 3783 691 3837 omnibus
719 3782 912 3838 ﬁdeles
958 3782 1175 3838 alumni
1223 3783 1610 3854 defendentes,
1644 3802 1675 3838 a
1707 3801 1801 3839 vo-

165 3879 256 3932 bis
303 3893 429 3948 quae
473 3881 622 3931 recta
682 3882 815 3932 sunt
869 3876 1200 3948 quaerimus.
1251 3877 1470 3932 Scimus
1523 3877 1698 3946 enim,
1747 3882 1807 3933 ut

165 3987 402 4042 semper
417 3975 625 4025 sancta).
639 3970 788 4025 sedis
806 3971 1097 4042 praesules,
1113 3971 1300 4040 primo
1322 3971 1584 4042 apostoli,
1601 3972 1806 4027 deinde

166 4081 518 4120 successores
569 4081 768 4119 eorum
811 4064 1073 4119 fecerunt
1111 4082 1204 4118 vos
1236 4065 1572 4120 universalis
1615 4065 1802 4122 Eccle-

166 4160 290 4226 siae,
351 4163 408 4213 et
457 4158 706 4212 maxime
759 4157 1152 4229 episcoporum
1225 4157 1322 4230 qui
1379 4159 1524 4213 oculi
1577 4165 1806 4230 propter

165 4251 714 4324 contemplationem
732 4254 790 4306 et
805 4250 1246 4322 speculationem
1270 4256 1562 4319 vocantur,
1577 4253 1806 4308 Domini

164 4362 368 4400 curam
395 4361 617 4416 gerere,
645 4361 710 4399 ac
740 4345 808 4400 de
837 4344 1111 4416 religione
1134 4351 1190 4400 et
1219 4347 1343 4416 lege
1372 4348 1558 4400 vestra
1578 4346 1803 4401 assidue

165 4438 420 4510 cogitare
453 4437 595 4492 sicut
621 4438 893 4508 scriptum
919 4442 1004 4493 est
1033 4455 1046 4492 :
1094 4461 1119 4486 «
1157 4439 1357 4492 Beatus
1382 4438 1469 4492 vir
1495 4439 1592 4510 qui
1618 4439 1802 4493 medi-

1910 1905 2234 1960 membrum
2273 1922 2394 1960 esse
2446 1907 2784 1978 refugimus)
2835 1908 3247 1980 relinquamur,
3290 1916 3347 1965 et
3394 1912 3548 1966 velut

1911 1998 2112 2068 dejecti
2157 1999 2227 2054 de
2271 1999 2382 2054 vite
2426 2000 2691 2071 palmites
2736 2017 3076 2058 arescamus.
3128 2005 3197 2058 Ut
3249 2020 3388 2075 ergo
3436 2005 3545 2060 Re-

1912 2091 2221 2163 demptoris
2263 2093 2438 2148 nostri
2488 2093 2873 2149 habitaculum
2923 2113 3043 2151 esse
3091 2113 3441 2165 mereamur,
3483 2100 3542 2153 in

1909 2185 2209 2241 dilectione
2241 2186 2419 2258 ipsius
2446 2191 2566 2242 toto
2593 2189 2799 2244 mentis
2826 2189 3014 2244 studio
3044 2207 3395 2260 maneamus,
3423 2192 3543 2264 ipse

1910 2295 2158 2350 namque
2184 2279 2264 2334 ait
2287 2297 2299 2334 :
2329 2303 2354 2328 «
2381 2280 2486 2345 Qui
2513 2281 2704 2351 diligit
2730 2299 2845 2351 me,
2872 2299 3193 2339 sermonem
3216 2301 3412 2340 meum
3433 2303 3546 2340 ser-

1910 2372 2083 2441 vabit,
2117 2377 2171 2428 et
2197 2375 2364 2428 Pater
2394 2390 2558 2430 meus
2585 2375 2789 2447 diliget
2819 2393 2974 2444 eum,
3006 2383 3062 2432 et
3087 2378 3160 2432 ad
3187 2395 3322 2433 eum
3353 2381 3545 2435 venie-

1911 2481 2062 2534 mus,
2093 2469 2148 2521 et
2174 2467 2532 2522 mansionem
2562 2469 2716 2540 apud
2754 2486 2884 2524 eum
2916 2471 3192 2526 faciemus
3218 2471 3393 2543 (Joan.
3429 2491 3540 2540 xiv,

1909 2562 2019 2628 23).
2064 2580 2086 2610 ι
2130 2561 2328 2632 Exegit
2372 2578 2510 2634 ergo
2561 2563 2784 2618 dilectio
2822 2569 2942 2633 tua,
2971 2565 3150 2620 frater
3187 2566 3542 2639 charissime,

1908 2657 1973 2707 ut
2008 2669 2075 2709 ex
2124 2655 2458 2710 auctoritate
2497 2656 2646 2710 sedis
2690 2657 3010 2728 apostolica:
3055 2659 3164 2713 tuis
3207 2660 3546 2717 deberemus

1914 2748 2186 2802 consultis
2234 2749 2603 2820 respondere.
2640 2751 2802 2814 Quod
2848 2751 2979 2807 licet
3023 2769 3138 2808 non
3178 2753 3416 2824 prolixe,
3445 2757 3545 2811 sed

1911 2841 2189 2896 succincte
2223 2858 2395 2912 agere
2427 2843 2843 2913 festinaremus,
2866 2849 3100 2917 propter
3130 2847 3406 2918 quasdam
3435 2849 3544 2902 im-

1911 2935 2314 3006 portunitales,
2347 2953 2477 3008 quae
2503 2938 2714 2992 nostris
2743 2938 3193 3010 impedientibus
3223 2943 3466 3012 peccatis
3487 2943 3546 2997 in

1910 3045 2014 3084 nos
2045 3046 2445 3100 supervenere,
2475 3030 2587 3086 tuis
2623 3037 2814 3088 tamen
2847 3033 2971 3088 haec
3020 3051 3124 3105 per
3158 3035 3377 3107 reliqua
3416 3053 3546 3090 san-

1909 3127 2135 3178 ctorum
2176 3125 2408 3178 Patrum
2443 3124 2705 3179 instituta
2741 3125 2940 3180 studiis
2985 3128 3316 3199 perquirere
3357 3130 3542 3199 latius,

1911 3219 1967 3272 et
1989 3216 2334 3286 investigare
2361 3217 2789 3272 committimus.
2818 3219 2938 3273 Non
2972 3221 3128 3275 enim
3164 3227 3351 3292 potest
3381 3240 3544 3278 mens

1906 3309 2098 3363 attrita
2127 3309 2394 3364 oneribus
2420 3313 2590 3381 atque
2614 3310 3140 3382 importunitatibus
3169 3322 3541 3386 praagravata,

1905 3407 2129 3458 tantum
2153 3402 2286 3456 boui
2313 3419 2605 3474 peragere,
2631 3409 2913 3476 quantum
2934 3405 3214 3461 delectata
3238 3411 3293 3462 et
3313 3425 3542 3480 oppres-

1907 3495 2160 3550 sionibus
2205 3496 2407 3551 soluta.
2441 3497 2559 3551 Non
2597 3513 2736 3568 ergo
2763 3498 2866 3552 ista
2897 3498 2968 3552 ob
2996 3499 3053 3553 id
3085 3500 3449 3571 pertulimus,
3481 3508 3540 3556 ut

1907 3588 2030 3644 hinc
2063 3593 2120 3643 et
2148 3588 2258 3644 alia
2285 3605 2412 3660 qua:
2444 3591 2758 3646 necessaria
2795 3591 2917 3647 fore
2962 3593 3403 3664 cognoverimus
3431 3598 3542 3649 tua:

1907 3682 2194 3738 sanctitati
2220 3683 2465 3738 velimus
2497 3683 2806 3756 denegare,
2835 3685 2928 3740 sed
2964 3689 3024 3740 ut
3048 3687 3199 3758 quod
3230 3688 3322 3743 hic
3353 3688 3542 3744 minus

1905 3776 2211 3843 invenitur,
2238 3777 2403 3832 latius
2432 3778 2776 3848 inquiratur.
2811 3780 2891 3834 Ex
2921 3780 3100 3834 tribus
3127 3781 3282 3836 enim
3313 3786 3537 3853 aposto-

1905 3869 2075 3924 licam
2103 3871 2314 3941 sedem,
2348 3871 2405 3924 in
2455 3888 2566 3942 qua
2613 3871 2780 3926 alitus
2808 3889 2866 3927 es
2897 3876 2953 3928 et
2998 3874 3250 3943 edoctus,
3280 3875 3539 3948 capitulis

1906 3964 2306 4019 consulendam
2329 3965 2813 4036 praadecessorum
2841 3971 3070 4021 tuorum
3090 3984 3334 4039 sequens
3353 3985 3540 4024 exem-

1905 4057 2018 4128 pla,
2051 4057 2360 4126 credidisti,
2391 4058 2446 4112 id
2493 4063 2598 4128 est,
2627 4060 2695 4114 de
2743 4060 3256 4132 consanguinitatis
3299 4065 3536 4135 conjun-

1905 4151 2111 4219 ctione,
2144 4154 2201 4205 et
2235 4151 2302 4206 de
2345 4152 2642 4208 vexatione
2688 4153 3084 4225 episcoporum
3126 4172 3159 4208 a
3195 4155 3451 4224 subditis,
3486 4165 3540 4212 et

1907 4245 1976 4299 de
2010 4244 2378 4300 ecclesiarum
2427 4246 2778 4302 dubitatione
2828 4249 3343 4304 consecrationum.
3379 4251 3536 4315 Quod

1904 4339 2082 4410 igitur
2108 4338 2305 4409 scripsi
2331 4340 2665 4411 Augustino,
2696 4341 3010 4411 Anglorum
3053 4343 3210 4412 genti
3249 4344 3531 4416 episcopo,

1907 4432 2141 4486 alumno
2174 4431 2435 4486 videlicet
2461 4436 2524 4486 ut
2547 4433 2866 4488 recordaris
2893 4440 3010 4503 tuo,
3039 4435 3108 4489 de
3139 4437 3535 4508 consanguini-

163 4533 383 4588 tabitur
411 4531 470 4586 in
505 4533 632 4602 lege
681 4531 911 4586 Domini
958 4531 1049 4586 die
1098 4548 1161 4586 ac
1209 4537 1370 4587 nocte
1397 4532 1562 4604 (Psal.
1597 4551 1636 4601 ι,
1663 4533 1736 4603 2).
1774 4556 1798 4580 ››
1825 4539 1881 4610 D
1904 4525 2031 4580 tatis
2057 4525 2478 4596 conjunctione,
2507 4526 2614 4596 ipsi
2642 4532 2697 4580 et
2724 4527 3040 4598 Anglorum
3083 4528 3239 4598 genti
3271 4546 3397 4600 qum
3431 4547 3533 4584 nu-

164 4627 306 4692 Qua:
334 4625 629 4681 meditatio
657 4641 774 4680 non
801 4624 1043 4680 lectione
1080 4642 1184 4698 per
1211 4626 1454 4697 figuram
1488 4626 1803 4682 litterarum

161 4723 394 4776 tantum
436 4722 760 4790 conspecta,
791 4719 888 4774 sed
935 4718 1285 4774 exuberante
1329 4719 1388 4774 in
1418 4719 1576 4775 vobis
1600 4720 1804 4776 Christi

167 4814 381 4887 gratia,
407 4814 467 4868 in
492 4817 678 4868 vestra
716 4812 1079 4884 cognoscitur
1108 4813 1454 4868 conscientia
1497 4814 1801 4869 immobili-

166 4913 256 4962 ter
295 4907 482 4962 insita.
538 4905 873 4961 Nullatenus
928 4906 997 4962 de
1039 4909 1225 4962 vestro
1272 4906 1442 4961 corde
1504 4908 1804 4962 recedente

166 5003 299 5073 lege
347 5000 576 5070 Christi,
625 5005 681 5054 et
718 4999 942 5070 justitia
989 4999 1212 5054 Domini
1261 5006 1632 5069 sacrosancta,
1664 5001 1807 5055 sicut

169 5097 229 5150 in
269 5093 505 5166 psalmis
551 5093 687 5148 dicit
721 5094 1004 5165 Propheta
1036 5111 1049 5148 :
1083 5113 1110 5145 «
1149 5093 1222 5148 Os
1257 5094 1398 5164 justi
1440 5093 1808 5149 meditabitur

169 5187 538 5260 sapientiam,
570 5192 626 5242 et
653 5188 852 5258 lingua
891 5187 1012 5258 ejus
1054 5174 1322 5258 loquetur
1357 5187 1661 5258 judicium.
1695 5189 1804 5242 Lex

171 5282 273 5337 Dei
301 5281 426 5352 ejus
453 5281 512 5335 in
541 5282 709 5337 corde
736 5281 917 5353 ipsius
947 5280 1110 5350 (Psal.
1153 5297 1338 5350 xxxvr,
1370 5283 1456 5348 30,
1484 5282 1596 5348 31),
1632 5301 1657 5330 ››
1692 5297 1806 5335 non

171 5378 526 5443 atramento,
561 5374 660 5430 sed
708 5374 907 5446 spiritu
952 5374 1053 5429 Dei
1100 5373 1210 5428 vivi
1240 5374 1437 5430 vestris
1482 5374 1540 5428 in
1589 5375 1809 5429 arcanis

169 5469 525 5541 conscripta;
575 5485 692 5525 non
741 5468 920 5540 igitur
957 5467 1017 5523 in
1067 5467 1272 5524 tabulis
1315 5468 1572 5539 lapideis,
1614 5469 1709 5523 sed
1750 5469 1806 5522 in

171 5563 382 5618 tabulis
433 5561 639 5618 cordis.
698 5562 1123 5634 Exstinguatur,
1173 5578 1424 5628 oramus,
1468 5562 1667 5617 vestris
1718 5579 1806 5616 sa-

173 5656 546 5726 pientissimis
588 5655 894 5728 responsis,
945 5660 1001 5710 et
1045 5655 1262 5710 auxiliis
1311 5655 1498 5709 omnis
1544 5654 1807 5709 tenebra-

177 5767 306 5804 rum
355 5750 558 5822 caligo,
587 5755 651 5804 ut
700 5750 899 5804 lucifer
942 5749 1104 5804 nobis
1147 5747 1508 5819 resplendeat
1555 5765 1656 5819 per
1692 5766 1806 5817 vos,

179 5844 538 5899 sanctissime
592 5846 773 5914 Pater,
827 5849 884 5898 et
927 5842 1246 5914 dogmatica
1303 5841 1560 5897 deﬁnitio
1612 5858 1812 5899 omnes

1904 4639 2008 4694 per
2034 4623 2104 4678 ad
2133 4623 2303 4678 ﬁdem
2336 4629 2589 4692 venerat,
2619 4639 2690 4678 ne
2717 4640 2748 4677 a
2774 4623 2924 4678 bono
2955 4625 3106 4696 quod
3136 4630 3405 4695 coeperat,
3423 4643 3537 4682 me-

1905 4717 2118 4771 tuendo
2147 4717 2482 4782 austeriora,
2517 4716 2829 4781 recederet,
2859 4717 3176 4787 specialiter
3202 4722 3260 4772 et
3290 4736 3404 4773 non
3438 4737 3533 4790 ge-

1905 4809 2174 4863 neraliter
2199 4811 2420 4864 cazteris
2446 4826 2540 4864 me
2575 4809 2862 4880 scripsisse
2908 4827 3214 4882 cognoscas
3247 4830 3259 4866 ε
3300 4813 3453 4868 unde
3483 4820 3540 4870 et

1906 4902 2049 4956 mihi
2084 4902 2270 4956 omnis
2297 4904 2557 4958 Romana
2596 4902 2792 4957 civitas
2836 4903 2996 4958 testis
3044 4904 3254 4959 existit.
3288 4907 3396 4962 Nec
3440 4908 3535 4962 illa

1907 4997 2228 5051 intentione
2255 4996 2366 5050 illis
2383 4996 2588 5068 scripta
2618 4997 2900 5065 mandavi,
2928 5002 2987 5052 ut
3009 5003 3133 5068 post
3158 5000 3328 5055 ﬁrma
3348 5002 3535 5057 radice

1907 5090 1964 5144 in
2003 5090 2114 5144 fide
2157 5106 2380 5144 summe
2411 5089 2649 5157 solidati,
2683 5090 2728 5143 si
2773 5089 2919 5145 infra
2957 5092 3250 5164 propriam
3294 5110 3534 5150 consan-

1909 5183 2249 5255 guinitatem
2275 5183 2492 5238 inventi
2520 5183 2731 5238 fuerint
2757 5201 2872 5238 non
2897 5190 3252 5256 separentur,
3270 5191 3368 5241 aut
3388 5188 3537 5241 infra

1907 5277 2199 5332 affinitatis
2226 5276 2462 5343 lineam,
2493 5276 2547 5332 id
2578 5282 2682 5344 est,
2712 5295 2893 5350 usque
2925 5279 2998 5334 ad
3027 5279 3326 5350 septimam
3359 5296 3532 5348 gene-

1907 5370 2192 5426 rationem
2222 5369 2676 5442 conjungantur;
2708 5373 2804 5427 sed
2849 5372 3034 5427 adhuc
3064 5373 3190 5426 illos
3217 5373 3536 5442 neophytos

1910 5465 2213 5521 existentes
2253 5463 2564 5535 smpissime
2607 5465 2763 5534 prius
2811 5482 2906 5521 eos
2950 5463 3141 5518 illicita
3188 5465 3448 5531 cdocere,
3479 5470 3536 5518 et

1909 5558 2094 5614 verbis
2125 5575 2189 5613 ac
2213 5557 2486 5630 exemplis
2514 5558 2816 5625 instruere,
2844 5562 2900 5612 et
2918 5574 3047 5627 qua:
3074 5562 3203 5627 post
3230 5557 3299 5612 de
3330 5557 3536 5612 talibus

1911 5653 2151 5724 egerint,
2177 5651 2589 5707 rationabiliter
2609 5656 2666 5707 et
2694 5650 2940 5705 ﬁdeliter
2960 5649 3259 5704 excludere
3287 5654 3533 5720 oportet.

1911 5748 2048 5802 Nam
2085 5748 2247 5816 juxta
2287 5746 2617 5817 Apostolum
2650 5744 2746 5814 qui
2774 5743 2853 5796 ait
2883 5760 2895 5796 :
2930 5766 2956 5790 ‹ι
3004 5745 3110 5797 Lac
3151 5743 3306 5798 vobis
3335 5750 3532 5816 potum

1913 5840 2039 5896 dedi
2068 5857 2181 5896 non
2215 5856 2402 5895 escam
2439 5841 2481 5892 ll
2504 5841 2621 5895 Cor.
2655 5853 2733 5903 ιιι,
2762 5835 2837 5906 2),
2873 5859 2899 5884 υ
2936 5836 3045 5892 ista
3082 5835 3192 5892 illis
3225 5839 3395 5894 modo
3423 5855 3536 5894 non
