4092 6192
465 263 599 320 1433

1356 269 1634 322 AI’PEND.
1679 269 1764 321 AD
1803 266 1958 321 SIEC.
2005 267 2088 320 ΙΧ.
2120 297 2184 304 —~
2228 266 2465 322 lSlDORl
2506 267 2926 323 MERCATORIS

3703 272 3850 324 “36

459 377 715 447 posteris,
751 380 811 428 ut
840 392 1011 446 supra
1049 375 1262 430 dictum
1305 381 1410 443 est,
1440 376 1791 447 temporibus
1839 374 2090 430 tenenda
2117 387 2176 459 Α
2195 375 2320 445 bus,
2351 381 2450 431 aut
2479 377 2986 448 vituperationibus
3014 376 3309 444 dilanient,
3334 341 3765 447 perpendentes
3789 379 3855 431 il-

464 468 826 535 indulsimus,
860 485 932 522 ne
960 468 1175 523 bonum
1212 469 1364 540 quod
1408 467 1638 523 inﬁrma
1680 469 1865 522 adhuc
1903 469 2095 522 radice

461 563 783 633 plantatum
809 567 949 631 erat,
984 565 1299 632 emeretur,
1333 563 1433 617 sed
1470 565 1720 632 coeptum
1749 562 2093 627 firmaretur,

462 661 520 710 et
545 672 725 726 usque
777 656 848 710 ad
876 655 1284 726 perfectionem
1321 657 1721 711 custodiretur.
1769 656 1932 724 Sane,
1963 655 2008 708 si
2039 655 2096 708 in

462 750 554 804 his
581 765 740 803 secus
771 766 944 821 quam
973 750 1273 804 debuimus
1302 750 1518 820 aliquid
1548 749 1791 820 egimus,
1823 766 1940 803 non
1971 766 2098 819 pro-

462 847 594 914 pter
631 843 815 914 ipsam
858 843 915 896 in
963 844 1221 898 futurum
1267 844 1624 911 servandam,
1655 843 1752 898 sed
1792 843 2088 897 commise-

462 937 641 992 rando
667 943 856 993 actum
884 953 1004 992 esse
1035 953 1358 1008 cognoscas.
1393 937 1552 991 Unde
1579 941 1635 990 et
1662 939 1867 990 testem
1896 937 2097 991 invoca

465 1033 670 1098 Deum,
706 1032 803 1102 qui
848 1011 1221 1103 cogitationes
1265 1031 1525 1084 omnium
1572 1030 1729 1084 novit
1772 1030 2093 1096 hominum,

470 1125 688 1195 «"cujus
730 1125 899 1179 etiam
948 1125 1122 1178 oculis
1167 1123 1357 1178 omnia
1405 1123 1562 1178 nuda
1611 1126 1765 1190 sunt,
1795 1126 1852 1177 et
1903 1127 2099 1193 aperta

467 1220 648 1288 (Hebr.
685 1236 756 1288 IV,
794 1219 900 1289 l3).
935 1240 961 1267 ››
993 1219 1132 1272 Nam
1181 1218 1230 1272 si
1271 1235 1339 1272 ea
1369 1218 1724 1272 destruerem
1772 1234 1898 1288 quae
1937 1221 2096 1271 ante-

468 1329 713 1367 cessores
775 1313 952 1367 nostri
1013 1315 1353 1379 statuerunt,
1405 1328 1521 1365 non
1578 1314 1954 1378 constructor,
2002 1311 2100 1366 sed

470 1422 689 1461 eversor
741 1423 859 1460 esse
893 1407 1044 1476 juste
1088 1405 1513 1476 comprobarer,
1554 1407 1795 1460 testante
1840 1405 2101 1459 Veritatis

469 1516 623 1566 voce,
652 1516 779 1570 quae
806 1500 881 1554 ait
916 1516 928 1553 :
968 1521 994 1549 «
1023 1499 1204 1553 Omne
1253 1515 1496 1569 regnum
1540 1500 1598 1552 in
1626 1516 1685 1552 se
1713 1498 1953 1553 divisum
1986 1515 2100 1552 non

473 1593 641 1648 stabit
669 1593 816 1663 (Luc.
849 1610 922 1661 χι,
957 1596 1060 1662 l7),
1093 1616 1119 1641 ››
1166 1596 1224 1646 et
1264 1593 1448 1647 omnis
1493 1593 1750 1659 scientia,
1790 1597 1847 1646 et
1879 1594 1960 1646 lex
2000 1593 2099 1647 ad-

474 1703 699 1741 versum
733 1703 791 1742 se
817 1687 995 1741 divisa
1023 1687 1347 1742 destruetur
1370 1704 1382 1752 ;
1415 1686 1659 1757 ideoque
1689 1702 1916 1740 necesse
1939 1689 2022 1740 est
2043 1691 2104 1739 ut

2197 470 2294 524 lud
2323 470 2651 541 exemplum
2692 471 2898 537 Marize,
2929 471 3062 542 quia
3090 487 3192 541 pro
3235 487 3300 524 eo
3342 471 3495 542 quod
3525 487 3633 541 pro
3666 472 3852 542 Moysi

2195 563 2407 618 famulo
2436 564 2661 618 Domini
2688 570 2923 636 prOpter
2951 565 3347 635 Ethiopissam
3379 565 3629 618 detraxit
3652 567 3847 634 (Nam.

2197 674 2292 724 χιι,
2330 659 2397 726 l),
2429 659 2886 713 immundissima
2918 659 3072 729 lepra
3116 659 3358 712 multata
3398 659 3471 712 sit
3511 659 3697 726 (Ibid.,
3732 660 3849 725 10).

2199 753 2265 805 Et
2291 751 2443 805 aliud
2469 751 2779 805 Psalmistze
2810 768 2823 805 :
2854 771 2879 802 «
2917 751 3093 805 Nolite
3123 756 3356 821 tangere
3384 752 3633 805 christos
3663 768 3851 810 meos.

2199 845 2327 898 etin
2352 845 2644 916 prOphetis
2666 845 2805 899 meis
2831 845 3002 899 nolite
3025 844 3328 915 malignari
3345 845 3512 912 (Psal.
3543 859 3655 911 Civ,
3681 848 3794 915 15).
3820 866 3847 890 ιλ

2198 940 2265 992 Et
2295 938 2353 992 in
2398 940 2524 1008 lege
2568 939 2758 992 divina
2804 939 3014 1009 legitur
3046 957 3058 992 ε
3096 961 3120 986 «ι
3155 938 3271 992 Diis
3301 955 3417 992 non
3460 939 3764 1002 detrahes,
3797 949 3854 992 et

2198 1031 2445 1102 principi
2476 1033 2668 1103 populi
2697 1032 2778 1086 tui
2804 1049 2922 1086 non
2950 1031 3251 1087 maledices
3281 1032 3472 1101 (Exod.
3505 1049 3647 1097 xm,
3678 1035 3794 1100 28).
3823 1057 3848 1077 ξι

2202 1126 2358 1181 Unde
2389 1126 2550 1180 valde
2586 1126 3020 1197 prmvidendum
3052 1129 3135 1180 est
3170 1125 3410 1180 subditis
3451 1130 3570 1179 tam
3622 1127 3855 1180 clericis

2199 1236 2374 1291 quam
2419 1219 2591 1289 laicis,
2641 1236 2712 1274 ne
2777 1221 3198 1290 episcoporum,
3243 1225 3342 1274 aut
3398 1219 3856 1291 praepositorum

2201 1329 2435 1368 suorum
2455 1313 2633 1368 vitam
2654 1313 3076 1384 reprehendere
3100 1313 3369 1380 audeant,
3399 1331 3493 1379 ne,
3516 1314 3677 1368 unde
3697 1315 3857 1368 mala

2205 1406 2585 1478 redarguunt,
2609 1407 2741 1462 inde
2772 1424 2875 1478 per
2895 1407 3155 1462 elationis
3183 1407 3499 1478 impulsum
3527 1407 3586 1462 in
3617 1409 3858 1478 profun-

2206 1500 2368 1555 diora
2407 1506 2766 1571 mergantur.
2813 1501 3178 1556 Admonendi
3223 1505 3353 1555 sunt
3381 1501 3560 1555 etiam
3591 1518 3688 1568 ne,
3720 1519 3856 1555 cum

2205 1595 2397 1665 culpas
2451 1595 2887 1666 przepositorum
2935 1612 3168 1650 suorum
3216 1595 3602 1660 considerant,
3650 1602 3859 1649 contra

2206 1705 2301 1743 eos
2329 1689 2659 1743 audaciores
2686 1689 2842 1753 fiant,
2873 1689 2968 1743 sed
3009 1690 3086 1742 sic
3131 1705 3328 1743 eorum
3360 1705 3539 1759 prava
3569 1689 3726 1760 apud
3758 1706 3847 1742 se~

476 1781 831 1836 concorditer
858 1781 1052 1836 omnia
1097 1784 1306 1835 statuta
1351 1784 1680 1834 sanctorum
1726 1781 1958 1834 Patrum
2002 1795 2101 1832 no-
2126 1757 2182 1828 B
2208 1783 2479 1853 metipsos
2506 1782 2839 1853 dijudicent,
2862 1785 2926 1837 ut
2943 1783 3130 1837 divino
3151 1783 3354 1837 timore
3381 1783 3684 1837 constricti
3705 1783 3856 1836 ferre

476 1882 722 1929 strorum
749 1878 1071 1944 teneamus,
1096 1875 1237 1928 nihil
1268 1891 1368 1945 per
1394 1875 1817 1928 contentionem
1847 1876 2104 1943 agentes,

478 1970 575 2024 sed
599 1969 668 2024 ad
696 1985 866 2024 omne
888 1969 1141 2023 studium
1162 1969 1328 2023 bonae
1350 1967 1663 2023 devotionis
1687 1967 2004 2034 unanimes,
2030 1967 2109 2020 di-

477 2064 621 2117 vinis
655 2068 712 2118 et
738 2063 1063 2134 apostolicis
1108 2061 1628 2129 constitutionibus,
1661 2061 1968 2115 auxiliante
1999 2062 2104 2115 Do-

479 2157 655 2225 mino,
687 2173 1008 2227 pareamus.
1058 2157 1100 2211 0
1143 2172 1315 2226 quam
1363 2155 1510 2209 bona
1557 2160 1640 2209 est
1677 2155 1942 2221 Charitas,
1983 2170 2110 2224 quas

483 2250 738 2305 absentia
779 2266 881 2321 per
915 2248 1250 2320 imaginem,
1284 2247 1582 2318 praesentia
1615 2248 1844 2302 sibimet
1887 2247 2112 2302 exhibet

481 2360 585 2414 per
607 2359 884 2409 amorem,
910 2342 1087 2396 divisa
1111 2342 1258 2408 unit,
1289 2342 1522 2396 confusa
1543 2341 1786 2406 ordinat,
1811 2340 2112 2411 inaequalia

483 2438 677 2506 sociat,
695 2437 1022 2508 imperfecta
1038 2437 1430 2491 consummat!
1458 2435 1642 2500 Quam
1669 2439 1822 2489 recte
1845 2435 2113 2506 praedica-

485 2536 572 2586 tor
602 2532 867 2603 egregius
896 2554 921 2580 «
952 2531 1240 2585 vinculum
1285 2529 1656 2601 perfectionis
1685 2529 1814 2597 (Col.
1850 2545 1928 2595 Ill,
1964 2528 2048 2598 14)
2081 2550 2107 2576 ››

482 2632 663 2693 vocat,
703 2626 838 2695 quia
883 2625 1114 2680 virtutes
1160 2625 1393 2695 quidem
1440 2626 1662 2677 caeteras
1705 2622 2112 2693 perfectionem

487 2723 789 2790 generant,
818 2719 916 2773 sed
944 2724 1137 2772 tamen
1158 2734 1253 2772 eas
1285 2717 1527 2772 Charitas
1555 2716 1715 2787 ligat,
1736 2719 1798 2770 ut
1823 2716 1894 2770 ab
1917 2732 2111 2770 aman-

485 2813 557 2866 tis
617 2827 814 2866 amore
859 2811 1087 2866 dissolvi
1137 2811 1461 2881 nequeant!
1511 2811 1605 2864 His
1655 2811 1760 2864 rite
1819 2809 2116 2880 perpensis

487 2905 817 2958 charitative
837 2905 957 2974 jam
988 2903 1152 2958 dictis
1182 2904 1411 2969 indulsi,
1440 2920 1543 2957 nec
1581 2907 1929 2974 praeceptum
1961 2903 2112 2970 dedi,

491 2997 590 3051 sed
618 2997 934 3066 consilium,
966 3013 1152 3068 neque
1189 2996 1469 3067 regulam,
1499 2996 1558 3050 in
1595 2996 1682 3050 his
1722 2997 1959 3067 posteris
1989 2996 2118 3050 ullis

489 3091 799 3146 tenendam
845 3091 1078 3157 tradidi,
1126 3090 1227 3144 sed
1264 3091 1333 3145 de
1382 3089 1602 3144 duobus
1644 3090 1924 3160 periculis,
1966 3091 2118 3161 quod

489 3185 707 3239 facilius
753 3185 822 3238 sit
865 3185 1187 3254 vitandum,
1231 3183 1474 3239 ostendi.
1526 3185 1581 3239 Si
1629 3184 1803 3254 igitur
1848 3185 1904 3237 in
1955 3184 2120 3238 rebus

491 3278 848 3333 saecularibus
888 3295 1057 3332 suum
1089 3277 1292 3350 cuique
1329 3278 1425 3348 jus
1452 3282 1509 3331 et
1539 3277 1804 3349 proprius
1829 3278 1966 3332 ordo
1999 3294 2117 3331 ser-

491 3373 713 3428 vandus
751 3379 852 3439 est,
884 3375 1096 3443 quanto
1140 3373 1329 3442 magis
1358 3370 1418 3426 in
1463 3370 1844 3426 ecclesiasticis
1885 3371 2117 3442 disposi-

492 3468 762 3533 tionibus,
790 3467 944 3521 nulla
972 3466 1142 3521 debet
1169 3465 1362 3519 induci
1391 3465 1668 3531 confusio,
1698 3482 1770 3520 ne
1802 3465 1878 3519 ibi
1905 3465 2119 3519 discor-

495 3564 588 3616 dia
608 3563 791 3616 locum
815 3561 1088 3626 inveniat,
1109 3560 1260 3614 unde
1286 3559 1442 3630 pacis
1463 3559 1673 3613 debent
1691 3559 1841 3613 bona
1858 3558 2124 3629 procede-

497 3675 553 3709 re
566 3657 593 3709 ‘2
615 3655 775 3720 Quod
792 3655 893 3708 hac
910 3654 1133 3709 ratione
1153 3653 1490 3722 servabitur,
1504 3652 1549 3706 si
1570 3652 1712 3707 nihil
1727 3652 2014 3723 potestati,
2031 3653 2124 3706 sed

495 3754 678 3805 totum
699 3747 958 3819 aequitati
979 3748 1264 3802 tribuitur.
1284 3745 1477 3819 282
1504 3746 1866 3817 Quapropter
1881 3746 2124 3800 multum

496 3861 591 3898 cor
619 3846 878 3897 nostrum
923 3840 1314 3912 magnitudini
1359 3846 1556 3894 vestra:
1602 3841 1940 3911 congaudet,
1975 3840 2124 3909 quod

497 3939 573 3992 sic
598 3954 695 3992 vos
722 3937 779 3991 in
800 3936 998 3991 vestris
1018 3936 1234 3989 actibus
1265 3935 1547 3989 studiosos
1580 3934 1916 3998 invenimus,
1939 3936 2004 3987 ut
2031 3949 2126 3987 vos

497 4036 553 4086 et
579 4031 754 4086 nostri
783 4047 977 4084 curam
1008 4029 1281 4097 habeatis,
1311 4032 1368 4082 et
1405 4029 1538 4082 talia
1585 4028 1907 4082 suscitando
1936 4028 2123 4097 inqui-

498 4141 622 4178 rere
664 4123 959 4189 studeatis,
993 4128 1274 4192 quatenus
1305 4125 1363 4174 et
1407 4121 1540 4175 talia
1580 4121 1758 4188 vobis,
1787 4137 1904 4174 non
1943 4121 2128 4175 solum

497 4218 648 4288 apud
677 4215 940 4271 homines
968 4215 1228 4284 gloriam,
1262 4215 1362 4268 sed
1392 4218 1449 4268 et
1477 4215 1628 4285 apud
1675 4213 2125 4284 omnipotentem

501 4313 680 4364 Deum
714 4307 952 4380 prtemia
978 4307 1258 4362 mercedis
1283 4307 1596 4378 inquirant.

569 4404 1036 4473 Caeterum'super
1049 4402 1344 4456 vexatione
1359 4400 1782 4471 episcoporum,
1807 4400 1878 4454 de
1901 4417 2012 4471 qua
2028 4417 2131 4455 nos

2167 2685 2172 2690 _
2215 2641 2311 2681 eos
2351 2625 2513 2680 nobis
2557 2626 2804 2697 praetulit
2846 2626 3138 2680 obviamus
3188 2627 3353 2694 (Rom.
3389 2642 3509 2693 xui,
3564 2629 3642 2694 2).

2206 1876 2308 1930 sub
2342 1877 2422 1931 eis
2455 1877 2664 1948 jugum
2709 1876 3046 1930 reverentia:
3091 1893 3209 1931 non
3248 1882 3539 1940 recusent,
3571 1877 3854 1948 quoniam

2207 1970 2354 2024 facta
2383 1970 2802 2040 episcoporum,
2827 1970 2915 2024 vel
2943 1970 3382 2041 praepositorum
3411 1971 3529 2024 oris
3557 1971 3754 2040 gladio
3773 1971 3855 2023 fe-

2208 2064 2411 2118 rienda
2453 2079 2568 2118 non
2617 2067 2769 2131 sunt,
2804 2063 2974 2117 etiam
3004 2079 3133 2117 cum
3177 2067 3329 2118 recte
3366 2063 3854 2134 reprehendenda

2209 2157 2524 2226 videantur,
2555 2158 2830 2229 quoniam
2858 2175 2891 2211 a
2924 2157 3436 2229 praedecessoribus
3479 2157 3721 2222 nostris,
3742 2163 3799 2211 et
3831 2175 3859 2208 a

2211 2250 2446 2320 reliquis
2474 2252 2666 2306 multis
2688 2252 2895 2306 sanctis
2918 2255 3191 2306 statutum
3222 2251 3342 2304 fore
3368 2251 3776 2322 cognovimus,
3801 2258 3860 2303 ut

2211 2361 2340 2398 oves
2362 2349 2616 2414 pastores
2633 2361 2764 2400 suos
2784 2345 2984 2400 leviter
3004 2363 3121 2400 non
3152 2344 3609 2417 reprehendant,
3631 2361 3741 2398 nec
3765 2361 3860 2398 eos

2212 2438 2519 2504 criminari,
2563 2441 2650 2492 vel
2701 2455 2965 2493 accusare
2998 2442 3385 2509 praesumant,
3436 2439 3576 2509 quia
3621 2455 3762 2492 cum
3805 2440 3857 2492 in

2212 2533 2532 2602 praepositis
2563 2533 2768 2587 nostris
2795 2532 3196 2603 delinquimus,
3223 2533 3346 2601 ejus
3371 2531 3733 2586 ordinationi
3765 2533 3859 2602 qui

3699 2626 3860 2680 Unde

2214 2720 2424 2790 Moyses
2454 2736 2585 2773 cum
2620 2726 2819 2775 contra
2847 2737 2905 2774 se
2945 2725 3000 2773 et
3029 2722 3217 2774 Aaron
3258 2719 3539 2790 populum
3584 2719 3865 2790 conqueri

2215 2814 2590 2884 cognovisset,
2609 2815 2688 2867 ait
2708 2831 2720 2867 :
2747 2834 2772 2865 (ι
2797 2815 2906 2867 Nos
2929 2813 3083 2868 enim
3103 2813 3239 2884 quid
3266 2813 3500 2867 sumus?
3521 2814 3636 2866 Nec
3658 2818 3866 2866 contra

2217 2924 2318 2961 nos
2365 2912 2449 2961 est
2503 2923 2766 2960 murmur
2811 2909 3086 2974 vestrum,
3130 2907 3222 2961 sed
3281 2911 3481 2960 contra
3543 2906 3866 2959 Dominum

2219 2999 2413 3071 (Exod.
2444 3016 2554 3066 xvx,
2574 3002 2648 3071 8).
2682 3022 2707 3048 ››
2741 3001 3093 3072 Quapropter
3119 2999 3468 3055 admonendi
3488 3005 3627 3054 sunt
3647 2999 3867 3053 subditi

2217 3094 2514 3165 utriusque
2564 3094 2776 3148 ordinis
2809 3095 2934 3161 viri,
2972 3100 3035 3148 ut
3075 3111 3203 3147 cum
3247 3093 3666 3163 magistrorum
3725 3094 3868 3147 facta

2220 3187 2590 3258 conspiciunt,
2627 3188 2698 3241 ad
2736 3203 2834 3242 cor
2863 3204 3029 3241 suum
3063 3186 3318 3255 redeant,
3347 3191 3402 3240 et
3429 3186 3499 3240 de
3529 3202 3750 3240 eorum
3780 3188 3865 3239 in—

2221 3280 2640 3352 crepationibus
2655 3297 2771 3335 non
2789 3284 3156 3351 praesumant,
3177 3299 3203 3331 «
3224 3279 3357 3350 quia
3373 3296 3488 3334 non
3508 3283 3600 3333 est
3620 3280 3870 3350 discipu-

2221 3375 2307 3428 lus
2349 3389 2516 3444 super
2562 3374 2921 3444 magistrum,
2956 3379 3297 3428 nec‘servus
3343 3388 3518 3442 super
3559 3372 3868 3427 dominum

2223 3483 2390 3521 suum
2412 3469 2626 3536 (Matth.
2652 3485 2706 3533 x,
2727 3469 2836 3536 24).
2855 3489 2880 3515 ››
2904 3469 2981 3522 Dc
3004 3467 3424 3522 dedicationum
3445 3482 3584 3520 vero
3607 3467 3872 3521 ecclesia-

2223 3577 2353 3614 rum
2373 3560 2723 3616 dubitatione
2743 3578 2914 3632 super
2925 3578 3036 3632 qua
3051 3577 3152 3614 nos
3171 3561 3320 3615 inter
3334 3565 3545 3614 caetera
3566 3561 3868 3614 consulere

2223 3654 2495 3720 voluistis,
2529 3655 2638 3708 hoc
2665 3672 2758 3708 vos
2785 3654 2889 3708 rite
2919 3659 3111 3709 tenere
3147 3653 3361 3708 debetis
3387 3653 3545 3724 quod
3593 3654 3668 3707 ab
3714 3659 3869 3708 ante-

2227 3747 2540 3802 cessoribus
2584 3749 2792 3802 nostris
2840 3747 3114 3802 traditum
3156 3747 3496 3818 accepimus,
3546 3746 3608 3800 id
3661 3752 3775 3815 est,
3819 3753 3871 3799 ut

2226 3841 2446 3912 quoties
2471 3846 2588 3896 tam
2622 3841 2691 3896 de
2719 3841 3000 3912 baptismo
3044 3841 3390 3912 aliquorum,
3418 3840 3508 3894 vel
3560 3841 3866 3895 conﬁrma-

2226 3935 2403 3998 tione,
2432 3951 2605 4005 quam
2633 3941 2690 3988 et
2712 3935 2780 3988 de
2804 3935 3166 3989 ecclesiarum
3193 3933 3622 3988 consecratione
3653 3934 3872 3988 dedica-

2227 4030 2450 4084 tionum
2470 4030 2529 4084 in
2549 4029 2788 4100 dubium
2815 4030 3075 4098 habetur,
3101 4032 3159 4084 et
3186 4045 3291 4082 nec
3318 4028 3564 4098 scriptis,
3580 4045 3690 4082 nec
3715 4030 3868 4083 testi-

2228 4124 2333 4178 bus
2359 4127 2511 4177 certa
2540 4124 2683 4177 ratio
2711 4123 2972 4189 habetur,
3006 4129 3199 4178 utrum
3231 4122 3519 4193 baptizati,
3547 4123 3643 4176 vel
3674 4121 3871 4176 conﬁr-

2230 4217 2389 4284 mati,
2418 4217 2533 4270 sive
2561 4217 2811 4271 ecclesiae
2849 4219 3193 4271 consecratae
3235 4217 3364 4283 sint,
3397 4219 3462 4269 ut
3503 4215 3872 4286 baptizentur

2229 4311 2390 4380 tales,
2441 4327 2506 4364 ac
2561 4311 2999 4375 conﬁrmentur,
3051 4316 3221 4380 atque
3271 4310 3526 4363 ecclesias
3579 4311 3871 4363 canonica:

2231 4404 2583 4468 dedicantur,
2617 4421 2687 4458 ne
2733 4403 2858 4457 talis
2907 4403 3185 4457 dubitatio
3234 4402 3396 4455 ruina
3434 4401 3710 4456 fidelibus
3758 4403 3869 4464 ﬁat,

501 4498 796 4554 consulere
821 4495 1093 4564 voluistis,
1116 4495 1322 4550 scimus
1340 4494 1472 4566 quia
1497 4493 1668 4548 nullis
1695 4495 1804 4548 vita
1826 4495 2131 4565 prsesulum
2151 4495 2210 4566 Ι)
2234 4497 2504 4568 quoniam
2530 4513 2647 4551 non
2685 4500 3039 4550 monstratur
3083 4497 3350 4550 iteratum
3382 4495 3533 4565 quod
3561 4512 3681 4549 non
3718 4495 3878 4550 certis

500 4591 823 4664 perturbari
855 4590 1061 4646 debeat
1099 4589 1439 4656 excessibus,
1471 4589 1605 4658 quia
1627 4588 1789 4642 valde
1832 4586 2130 4658 indignum

500 4689 584 4740 est
609 4690 674 4740 ut
702 4685 764 4739 hi
789 4685 886 4756 qui
916 4683 1112 4740 throni
1140 4684 1238 4738 Dei
1267 4685 1561 4750 vocantur,
1592 4682 1786 4752 aliqua
1813 4681 2069 4736 motione
2101 4699 2134 4736 a

500 4779 732 4850 reliquis
775 4780 860 4833 vel
903 4778 1145 4833 subditis
1186 4777 1520 4840 turbentur;
1555 4776 1832 4846 quoniam
1873 4776 1915 4829 si
1962 4775 2132 4829 David

500 4889 701 4943 regum
741 4872 1086 4942 justissimus
1113 4872 1172 4925 in
1219 4871 1373 4937 Saul,
1407 4886 1578 4941 quem
1621 4869 1917 4924 constabat
1939 4871 2057 4940 jam
2103 4887 2133 4922 a

501 4965 741 5020 Domino
771 4965 1136 5036 reprobatum
1167 4971 1223 5019 et
1248 4965 1532 5035 abjectum
1559 4980 1700 5030 esse,
1733 4979 1970 5017 manum
1998 4964 2130 5017 mit-

502 5068 622 5114 tere
652 5076 764 5113 non
811 5058 1171 5129 praesumpsit
1197 5058 1246 5128 (Ι
1272 5061 1396 5127 Reg.
1426 5074 1574 5126 xxnv,
1608 5058 1680 5126 7),
1714 5061 1925 5127 quanto
1954 5057 2134 5127 magis

500 5153 814 5208 cavendum
839 5158 940 5216 est,
966 5168 1038 5205 ne
1068 5168 1302 5205 manum
1332 5151 1716 5219 detractionis,
1739 5155 1836 5204 aut
1860 5151 2135 5220 vitupera-

501 5247 671 5316 tonis,
688 5247 801 5300 sive
825 5245 1266 5307 indiscretionis,
1288 5249 1385 5299 aut
1410 5244 1880 5300 dehonorationis
1899 5245 2134 5315 quidam

501 5341 728 5396 mittant
757 5341 813 5394 in
841 5344 1081 5394 unctum
1111 5338 1354 5404 Domini,
1387 5339 1467 5392 vel
1498 5339 1555 5392 in
1586 5338 1986 5410 prmdicatores
2007 5355 2130 5392 san-

501 5439 604 5489 cta:
631 5433 910 5500 Ecclesiae,
941 5433 1076 5504 quia
1107 5449 1305 5486 eorum
1336 5433 1575 5498 vexatio,
1604 5432 1718 5486 sive
1756 5431 2031 5485 detractio
2063 5432 2134 5485 ad

500 5527 788 5582 Christum
833 5526 1104 5597 pertinet,
1131 5526 1290 5597 cujus
1331 5526 1447 5579 vice
1479 5525 1537 5578 in
1584 5525 1823 5578 Ecclesia
1853 5524 2135 5594 legatione

501 5621 820 5690 funguntur
849 5621 922 5689 (II
949 5622 1067 5677 Cor.
1097 5637 1149 5686 v,
1177 5618 1310 5690 20)?
1342 5618 1502 5674 Unde
1543 5633 1906 5689 summopere
1937 5634 2132 5671 caven-

504 5712 640 5765 dum
672 5717 758 5766 est
782 5713 1046 5767 omnibus
1070 5713 1331 5767 ﬁdelibus
1375 5728 1444 5766 ne
1470 5711 1743 5777 clanculo,
1773 5717 1870 5764 aut
1914 5711 2134 5780 publice

505 5804 834 5876 episcopum
865 5823 1050 5874 suum,
1071 5807 1124 5860 id
1149 5811 1252 5868 est,
1275 5812 1506 5861 unctum
1535 5805 1758 5862 Domini
1781 5797 2135 5860 detractioni—

2233 4590 2455 4645 indiciis
2471 4590 2791 4644 ostenditur
2811 4590 2916 4644 rite
2935 4595 3247 4660 peractum.
3269 4589 3395 4642 Haec
3413 4604 3536 4652 nos,
3550 4588 3876 4642 adminicu-

2233 4685 2383 4738 lante
2413 4683 2602 4738 divina
2634 4684 2815 4755 gratia
2844 4683 2924 4738 ita
2967 4687 3163 4738 tenere
3195 4682 3480 4753 cupimus,
3512 4681 3789 4753 vobisque
3818 4687 3872 4734 ut

2235 4776 2560 4848 postulastis
2589 4782 2784 4831 tenere
2815 4782 2871 4831 et
2897 4776 3101 4830 docere
3130 4775 3495 4838 mandamus,
3519 4780 3577 4829 et
3607 4791 3675 4830 ea
3696 4791 3826 4846 qua:
3849 4793 3877 4826 a

2235 4871 2438 4925 sanctis
2463 4870 2723 4924 Patribus
2749 4875 2881 4924 ante
2913 4887 3014 4923 nos
3042 4874 3176 4924 sunt
3208 4872 3438 4935 statuta,
3460 4884 3579 4922 non
3613 4872 3874 4938 proterve

2237 4965 2680 5034 interrumpere,
2701 4964 2797 5018 sed
2822 4963 3066 5018 ﬁdeliter
3081 4979 3308 5017 servare
3331 4961 3703 5017 mandamus.
3728 4961 3872 5017 Unde

2238 5057 2632 5129 Redemptoris
2664 5057 2842 5112 nostri
2877 5057 3328 5112 misericordiam
3357 5061 3766 5124 exoramus,ut
3784 5071 3871 5107 sua

2236 5151 2389 5205 vobis
2420 5151 2478 5205 in
2516 5150 2780 5205 omnibus
2829 5150 3010 5221 gratia
3059 5149 3407 5220 sutfragetur
3435 5154 3494 5202 et
3535 5148 3743 5202 effectu
3786 5164 3872 5200 vos

2235 5245 2473 5314 implere
2526 5244 2741 5298 tribuat
2791 5244 2941 5314 quod
2997 5243 3140 5297 velle
3196 5242 3485 5296 concessit.
3536 5242 3868 5311 Progeniem

2235 5355 2367 5392 vero
2394 5354 2552 5392 suam
2572 5353 3047 5408 unumquemque
3079 5336 3149 5391 de
3178 5336 3267 5390 his
3295 5335 3394 5406 qui
3423 5333 3672 5389 ﬁdeliter
3700 5335 3870 5388 edocti

2237 5435 2293 5484 et
2311 5433 2436 5501 jam
2464 5431 2626 5484 firma
2653 5431 2841 5485 radice
2869 5430 3106 5501 p’lantati
3136 5433 3309 5496 stant,
3331 5428 3679 5483 inconvulss:
3702 5443 3870 5497 usque

2233 5525 2300 5578 ad
2329 5524 2632 5595 septimam
2670 5523 2972 5578 observare
3016 5522 3379 5578 decernimus
3418 5523 3866 5592 generationem,

2234 5623 2288 5672 et
2312 5618 2568 5687 quandiu
2595 5633 2652 5672 se
2676 5623 2992 5687 agnoscunt
3017 5617 3288 5671 afﬁnitate
3309 5615 3666 5687 propinquos
3689 5615 3755 5668 ad
3777 5614 3867 5666 hu-

2225 5712 2321 5781 jus
2347 5711 2564 5782 copulze
2594 5729 2708 5766 non
2735 5711 3002 5766 accedere
3035 5711 3388 5772 societatem,
3414 5727 3518 5763 nec
3552 5726 3680 5762 eam
3706 5722 3865 5778 quam

2237 5805 2438 5877 aliquis
2464 5824 2524 5862 ex
2550 5807 2777 5877 propria
2807 5805 3300 5877 consanguinitate
3323 5804 3626 5874 conjugem
3650 5801 3862 5862 habuit,
