4092 6192
289 351 418 403 H37

1515 353 1978 409 DECRETALIUM
2017 353 2402 411 COLLECTIO.

3510 364 3641 418 H38

273 464 364 516 vel
395 463 581 534 aliqua
606 462 801 518 illicita
828 463 1137 534 pollutione
1157 464 1461 518 maculavit
1486 465 1543 517 in
1565 465 1901 535 conjugium
1927 478 1985 549 Α
2005 465 2195 520 cordia
2233 467 2600 520 collaudetur.
2629 467 2808 538 Cujus
2850 468 3004 522 vobis
3050 467 3245 523 adesse
3276 472 3640 541 praesentiam

272 557 483 610 ducere
511 556 612 610 ulli
644 556 897 626 profecto
933 557 1382 612 Christianorum
1428 557 1556 612 licet
1581 557 1667 611 vel
1695 557 1901 622 licebit,

273 649 415 720 quia
459 649 704 704 incestus
735 656 820 704 est
859 651 985 704 talis
1025 651 1223 720 coitus,
1256 655 1311 705 et
1342 651 1738 706 abominabilis
1765 652 1903 716 Deo,

271 748 331 798 et
354 743 574 798 cunctis
608 743 770 798 bonis
800 745 1151 800 hominibus.
1188 747 1536 799 lnccstuosos
1573 761 1708 798 vero
1747 745 1904 798 nullo

271 837 530 908 conjugii
581 838 812 893 nomine
854 839 1228 910 deputandos,
1262 842 1320 892 et
1351 856 1384 893 a
1413 839 1620 894 sanctis
1651 838 1905 892 Patribus

273 932 494 986 dudum
526 935 801 987 statutum
822 948 942 986 esse
973 933 1215 1004 legimus
1243 950 1275 986 a
1303 934 1414 987 Deo
1435 934 1700 986 nolumus
1725 949 1827 986 nos
1845 933 1904 986 in

274 1025 384 1079 hac
410 1041 470 1079 re
504 1042 537 1079 a
568 1026 783 1080 cateris
809 1026 1078 1081 fidelibus
1103 1026 1471 1097 reprehendi,
1502 1027 1630 1097 quia
1665 1019 1818 1096 quod
1847 1027 1903 1079 in

273 1119 365 1172 his
413 1119 494 1172 illi
523 1120 836 1190 Anglorum
880 1121 1039 1191 genti
1081 1121 1443 1186 indulsimus,
1497 1137 1610 1174 non
1660 1120 1901 1174 formam

271 1212 486 1281 dando,
525 1213 621 1268 sed
652 1213 1188 1281 considerationem,
1227 1231 1300 1268 ne
1342 1214 1776 1270 Christianitatis
1811 1215 1906 1268 bo-

274 1322 418 1359 num
443 1307 594 1378 quod
633 1311 919 1378 caperent
955 1307 1356 1380 imperfectum
1398 1307 1750 1363 dimitterent
1778 1307 1901 1379 egi-

275 1417 425 1454 IDUS.

347 1494 492 1558 Quia
515 1509 652 1565 ergo
685 1496 790 1549 hac
814 1496 873 1549 in
904 1511 964 1550 re
992 1499 1150 1550 tanto
1185 1496 1486 1550 commoda
1512 1494 1904 1550 retributionis

270 1593 620 1655 accrescunt,
651 1592 869 1659 quanto
899 1592 955 1642 et
984 1589 1240 1644 studium
1267 1588 1478 1643 laboris
1505 1592 1768 1659 augetur,
1799 1605 1901 1660 pa-

273 1685 442 1736 terna
465 1698 565 1736 vos
589 1681 891 1737 dulcedine
922 1683 1244 1751 salutantes,
1269 1683 1571 1738 hortamur
1596 1685 1656 1735 ut
1677 1699 1900 1754 prapo-

270 1775 379 1829 sita
435 1776 882 1846 opportunitatis
938 1776 1254 1846 occasione,
1307 1776 1368 1830 in
1417 1779 1605 1830 vestra
1655 1775 1904 1830 efﬁcacia

2007 559 2051 612 si
2081 559 2201 613 hac
2235 559 2622 624 observabitis,
2648 561 2862 628 scitote,
2885 563 3016 631 quia
3035 561 3306 632 scriptum
3338 568 3458 618 est:
3489 567 3644 621 «Ubi

2007 651 2218 706 fuerint
2249 653 2359 707 duo
2389 654 2471 707 vel
2508 657 2624 707 tres
2651 655 2986 726 congregati
3032 656 3091 708 in
3122 656 3352 711 nomine
3382 675 3531 725 meo,
3560 659 3641 714 ibi

2005 761 2102 800 ero
2128 746 2186 799 in
2217 747 2407 800 medio
2436 763 2631 801 eorum
2664 749 2876 815 (Matth.
2912 765 3062 816 xvm,
3096 751 3205 820 20).
3239 772 3265 799 »
3299 751 3354 806 Si
3380 768 3517 823 ergo
3546 753 3642 806 ad-

2008 855 2127 893 esse
2163 839 2454 910 dignatur,
2484 840 2579 894 ubi
2606 841 2718 896 duo
2747 843 2832 896 vel
2863 846 2975 898 tres
3008 848 3161 912 sunt,
3209 849 3427 915 quanto
3455 847 3640 918 magis

2009 949 2120 986 non
2149 933 2334 988 deerit
2353 933 2447 987 ubi
2472 933 2661 1004 plures
2682 936 3026 990 conveniunt
3048 938 3411 994 sacerdotes?
3427 942 3493 995 Et
3513 941 3639 1012 qui-

2007 1025 2141 1080 dem
2158 1027 2692 1098 quiaadbibendum
2713 1028 2800 1082 bis
2820 1029 2879 1083 in
2898 1047 3049 1084 anno
3073 1031 3380 1087 concilium
3401 1035 3635 1088 Patrum

2006 1120 2078 1174 sit
2107 1121 2322 1191 regulis
2349 1121 2677 1176 institutum
2702 1138 2815 1176 non
2843 1124 2996 1192 latet,
3030 1124 3132 1178 sed
3164 1143 3234 1181 ne
3264 1126 3410 1182 forte
3451 1127 3641 1199 aliqua

2005 1214 2292 1268 excusatio
2322 1215 2412 1280 sit,
2441 1215 2619 1269 semel
2650 1215 3012 1271 decernimus
3049 1221 3408 1290 congregari,
3436 1224 3503 1275 ut
3532 1238 3633 1276 ex-

2004 1307 2352 1376 spectatione
2382 1308 2607 1362 concilii
2629 1309 2771 1362 nihil
2800 1326 3061 1379 pravum,
3083 1311 3226 1366 nihil
3255 1319 3639 1382 praesumetur

2004 1399 2289 1455 illicitum.
2315 1402 2457 1455 Nam
2478 1402 2842 1473 plerumque,
2884 1403 2988 1458 etsi
3016 1421 3132 1459 non
3163 1422 3354 1460 amore
3374 1406 3632 1476 justitia,

2003 1499 2158 1548 metu
2199 1499 2395 1549 tamen
2433 1495 2867 1550 examinationis
2893 1497 3210 1553 abstinetur
3239 1499 3308 1554 ab
3336 1500 3441 1555 hoc
3474 1501 3629 1571 quod

2003 1588 2262 1641 omnium
2292 1592 2489 1642 notum
2539 1592 2625 1642 est
2652 1605 2816 1660 posse
2849 1590 3150 1661 displicere
3183 1592 3416 1663 judicio.
3463 1596 3637 1661 Hanc,

2001 1681 2178 1735 frater
2189 1681 2484 1736 charissim
2494 1682 2972 1749 e,observantiam
2986 1686 3191 1740 nostris
3205 1687 3637 1758 relinquendam

2003 1776 2243 1845 posteris
2286 1779 2599 1830 teneamus.
2647 1779 2881 1834 Certum
2935 1779 3146 1849 quippe
3191 1783 3294 1848 est,
3339 1781 3473 1850 quia
3501 1782 3546 1834 si
3580 1782 3637 1834 in

273 1869 494 1924 enixius
519 1869 808 1924 elaborare
835 1870 1123 1937 studeatis,
1143 1870 1387 1941 atquein
1410 1869 1596 1924 modis
1615 1869 1899 1938 omnibus,
1926 1847 1978 1918 Β
2002 1872 2124 1921 toto
2177 1868 2344 1922 corde
2393 1870 2693 1939 praceptis
2737 1887 2840 1924 nos
2885 1871 3226 1926 salutaribus
3271 1889 3636 1943 occupamus,

270 1968 338 2016 ut
363 1961 627 2033 possibile
656 1962 829 2018 fuerit
854 1963 1113 2017 omnium
1135 1962 1320 2017 studio
1341 1979 1512 2034 agere
1530 1962 1899 2029 contendatis,

270 2059 553 2125 quatenus
596 2056 958 2126 pradicabile
999 2056 1354 2110 desiderium
1396 2060 1646 2111 vestrum
1694 2055 1901 2110 auxilio

270 2148 534 2203 omnium
585 2149 891 2220 adjuvante
937 2150 1175 2204 Domino
1225 2149 1578 2221 compleatis.
1628 2150 1739 2204 Nec
1798 2151 1903 2203 hoc

269 2258 502 2313 quoque
529 2243 590 2298 in
610 2243 714 2296 hac
738 2243 1131 2298 sollicitudinis
1152 2246 1310 2313 parte
1332 2243 1727 2312 relinquimus,
1750 2242 1903 2313 quod

267 2352 470 2391 omnes
509 2337 813 2392 incestuosi
853 2354 887 2390 a
929 2336 1226 2391 liminibus
1258 2342 1471 2391 sancta
1502 2335 1761 2391 Ecclesia
1792 2336 1905 2389 sint

270 2429 597 2500 separandi,
625 2446 804 2501 usque
833 2431 970 2484 dum
1015 2446 1117 2500 per
1147 2429 1594 2484 satisfactionem
1642 2429 1904 2499 precibus

269 2523 632 2577 sacerdotum
688 2523 878 2578 eidem
932 2527 1139 2577 sanctae
1191 2523 1449 2577 Ecclesia
1498 2522 1764 2576 canonice
1823 2538 1904 2575 re-

269 2616 667 2694 concilientur.
700 2619 844 2672 Sunt
865 2617 1017 2671 enim
1049 2616 1183 2670 mali
1211 2615 1552 2687 segregandi
1578 2632 1610 2669 a
1639 2616 1824 2681 bonis,
1849 2621 1903 2669 et

266 2710 451 2781 iniqui
495 2727 528 2763 a
556 2710 745 2780 justis,
794 2714 856 2764 ut
901 2709 1102 2765 saltem
1145 2709 1352 2764 rubore
1391 2725 1492 2763 suo
1531 2708 1904 2763 conscientias

267 2820 402 2857 suas
436 2809 866 2874 recognoscant,
920 2807 976 2858 et
1015 2807 1417 2858 convertantur
1458 2820 1491 2856 a
1535 2803 1905 2874 pravitatibus

266 2897 406 2952 suis.
433 2901 507 2953 Ac
538 2897 583 2951 si
613 2897 1032 2969 incorrigibiles
1059 2896 1431 2968 apparuerint
1466 2902 1845 2967 segregentur
1873 2913 1904 2949 a

267 2991 534 3046 fidelibus
561 3007 741 3062 usque
770 2992 838 3046 ad
867 2992 1330 3060 satisfactionem,
1354 2992 1521 3062 juxta
1543 2990 1765 3044 Domini
1792 2991 1901 3044 sal-

265 3085 480 3139 vatoris
508 3085 868 3152 sententiam,
898 3085 995 3156 qui
1021 3085 1171 3140 inter
1195 3089 1404 3139 catera
1433 3085 1502 3138 de
1529 3087 1802 3155 peccante
1843 3085 1902 3138 in

265 3196 328 3234 se
347 3179 520 3233 fratre
535 3179 611 3233 ait
635 3197 647 3233 :
671 3200 698 3228 «
721 3178 777 3234 Si
799 3179 1118 3251 peccaverit
1139 3179 1196 3232 in
1219 3183 1274 3233 te
1297 3179 1478 3233 frater
1501 3181 1651 3243 tuus,
1676 3178 1898 3247 corripe
1923 3216 1978 3289 Ο

264 3289 401 3328 eum
428 3273 576 3327 inter
603 3277 658 3327 te
687 3278 744 3327 et
769 3273 956 3344 ipsum
979 3273 1179 3327 solum.
1217 3272 1275 3326 Si
1313 3275 1368 3326 te
1391 3272 1635 3326 audierit
1654 3271 1903 3325 lucratus

264 3367 379 3421 eris
411 3366 646 3422 fratrem
672 3373 858 3422 tuum.
888 3367 945 3421 Si
964 3371 1019 3422 te
1040 3383 1154 3421 non
1179 3365 1440 3432 audierit,
1479 3364 1684 3419 adhibe
1712 3369 1903 3418 tecum

268 3476 455 3515 unum
474 3460 558 3514 vel
585 3461 747 3528 duos,
781 3465 843 3516 ut
867 3461 929 3515 in
958 3476 1056 3514 ore
1085 3461 1330 3515 duorum
1359 3458 1442 3513 vel
1469 3458 1642 3512 trium
1666 3457 1902 3512 testium

270 3557 384 3608 stet
436 3569 608 3608 omne
657 3554 912 3608 verbum.
959 3554 1119 3618 Quod
1157 3554 1202 3607 si
1241 3570 1354 3607 non
1396 3551 1636 3607 audierit
1667 3569 1784 3620 eos,
1815 3550 1903 3604 dic

267 3648 546 3702 Ecclesia.
597 3649 652 3703 Si
703 3652 897 3702 autem
942 3647 1244 3702 Ecclesiam
1276 3663 1393 3701 non
1419 3645 1678 3712 audierit,
1715 3645 1784 3700 sit
1801 3645 1903 3700 tibi

267 3741 415 3795 sicut
445 3742 703 3796 ethnicus
729 3745 785 3796 et
814 3742 1147 3813 publicanus
1193 3741 1405 3808 (Matth.
1444 3756 1598 3803 mil,
1643 3741 1837 3806 l5-l7).
1874 3759 1900 3789 ι)

271 3835 368 3889 His
391 3851 528 3906 ergo
552 3839 608 3890 et
627 3835 819 3889 multis
840 3835 965 3889 aliis
995 3839 1325 3889 sanctorum
1347 3835 1580 3887 Patrum
1603 3833 1904 3888 auctorita-

267 3928 422 3982 tibus
451 3934 583 3982 sunt
606 3929 741 3982 mali
774 3945 804 3982 a
837 3928 1000 3982 bonis
1031 3927 1350 3999 separandi,
1384 3943 1453 3981 ne
1493 3931 1730 3997 pereant
1763 3926 1904 3995 justi

271 4039 377 4092 pro
395 4021 636 4091 injustis,
662 4021 806 4075 sicut
822 4021 1092 4093 scriptum
1117 4025 1203 4076 est
1227 4038 1239 4074 :
1267 4042 1294 4071 ‹‹
1307 4020 1481 4074 Periit
1490 4020 1676 4090 justus
1697 4035 1800 4089 pro
1822 4019 1903 4073 in-

260 4117 421 4185 justo
447 4116 496 4185 (I
516 4118 657 4170 Petr.
693 4131 772 4182 ιιι,
805 4118 909 4185 18).
944 4138 972 4163 ››
1005 4115 1178 4168 Debet
1205 4114 1359 4168 enim
1387 4129 1612 4183 semper
1643 4112 1903 4166 discretio

268 4207 394 4262 fieri
433 4209 582 4262 inter
628 4209 810 4263 bonos
841 4214 898 4262 et
923 4208 1123 4276 malos,
1159 4207 1300 4262 sicut
1327 4211 1412 4261 est
1441 4206 1589 4260 inter
1618 4205 1813 4259 hados
1849 4209 1905 4259 et

266 4319 418 4356 oves.
470 4302 764 4357 Manifesta
812 4318 1040 4373 quoque
1086 4305 1313 4372 peccata
1360 4316 1474 4353 non
1512 4303 1644 4352 sunt
1687 4298 1903 4353 occulta

265 4395 627 4466 correptione
655 4395 974 4467 purganda,
1002 4395 1104 4449 sed
1131 4393 1326 4465 palam
1345 4397 1477 4446 sunt
1504 4391 1783 4462 arguendi
1803 4393 1902 4462 qui

266 4490 454 4559 palam
481 4495 705 4558 nocent,
742 4491 802 4542 ut
832 4489 969 4543 dum
1012 4492 1210 4559 aperta
1233 4485 1574 4558 purgatione
1603 4488 1900 4550 sanantur,

2003 1978 2232 2015 omnem
2251 1961 2512 2016 vitiorum
2526 1963 2711 2018 labem
2725 1963 3087 2034 effugiemus.
3103 1967 3460 2036 Quapropter
3474 1984 3639 2037 opor-

2003 2058 2102 2121 tet,
2133 2060 2195 2109 ut
2225 2055 2448 2109 enixius
2477 2055 2537 2109 in
2565 2057 2785 2110 cunctis
2811 2057 3094 2112 studiosos
3137 2075 3231 2112 vos
3259 2059 3409 2113 circa
3439 2060 3640 2114 fratres

2002 2153 2172 2218 atque
2199 2149 2478 2219 subjectos
2505 2150 2840 2217 ostendatis,
2869 2155 2933 2204 ut
2960 2168 3154 2206 omnes
3183 2158 3258 2219 te,
3290 2153 3422 2224 quia
3444 2153 3636 2208 nobis-

2003 2258 2134 2295 cum
2161 2243 2327 2296 alitus
2359 2259 2419 2296 es
2450 2248 2619 2313 atque
2643 2247 2851 2298 sancta
2894 2245 3162 2299 Romana
3199 2247 3461 2302 Ecclesia
3489 2264 3638 2318 pra-

2003 2335 2326 2406 ceptoribus
2355 2353 2558 2406 parere
2600 2337 2924 2407 apostolica
2958 2338 3103 2393 sedis
3128 2343 3414 2411 pracepta
3443 2341 3639 2396 multi-

2003 2429 2213 2500 plicare
2245 2429 2716 2501 apertissimeque
2741 2433 2876 2485 nota
2897 2432 3083 2486 facere
3111 2437 3476 2503 cognoscant,
3505 2435 3640 2505 quia

2003 2521 2158 2593 quod
2207 2522 2532 2592 specialiter
2571 2523 2692 2593 tibi,
2722 2528 2779 2577 et
2805 2523 3046 2579 fratrum
3090 2531 3319 2580 tuorum
3349 2527 3633 2594 charitati,

2003 2621 2066 2670 ut
2095 2619 2206 2670 tua
2227 2616 2430 2670 littera
2453 2615 2851 2685 innotuerunt,
2869 2619 3118 2674 consulta
3139 2620 3454 2687 scribimus,
3470 2638 3644 2692 gene-

2001 2708 2195 2764 raliter
2225 2709 2490 2764 omnibus
2526 2713 2722 2766 tenere
2758 2712 3121 2767 mandamus.
3160 2713 3316 2769 Circa
3354 2715 3637 2785 subjecto-

2002 2819 2132 2857 rum
2159 2807 2350 2858 autem
2378 2807 2534 2857 actus
2562 2804 2886 2859 fraternitas
2912 2809 3096 2860 vestra
3128 2807 3201 2860 sit
3230 2807 3508 2879 vigilans;
3550 2824 3640 2862 ve-

2002 2901 2183 2951 strum
2211 2896 2322 2950 illis
2338 2898 2662 2968 exemplum
2685 2897 3004 2965 instructio,
3035 2904 3093 2954 et
3119 2901 3230 2955 vita
3250 2901 3525 2973 magistra
3545 2903 3634 2968 sit,

2001 2990 2214 3060 lingua
2233 2993 2437 3044 vestra
2453 2991 2847 3046 exhortatione
2866 2992 3088 3048 discant
3103 2993 3260 3065 quod
3279 2998 3557 3064 metuant,
3583 3001 3639 3050 et

2004 3083 2314 3137 doceantur
2337 3084 2486 3154 quod
2513 3083 2774 3154 diligant,
2801 3090 2862 3140 ut
2881 3086 3018 3140 dum
3032 3088 3244 3142 talendi
3267 3089 3465 3143 crediti
3484 3089 3640 3143 lucra

2003 3176 2478 3246 multiplicantur,
2506 3178 2566 3231 in
2597 3177 2688 3232 die
2717 3179 3128 3247 retributionis,
3151 3186 3437 3237 annuente
3453 3183 3642 3236 divina

2004 3270 2189 3339 gratia
2214 3270 2410 3324 audire
2435 3271 2771 3326 mereamini
2798 3289 2810 3326 :
2833 3293 2861 3321 ‹‹
2878 3274 3054 3344 Euge,
3077 3290 3234 3329 serve
3258 3275 3404 3330 bone
3427 3278 3483 3330 et
3500 3276 3638 3330 ﬁde-

2003 3363 2071 3417 lis
2094 3380 2107 3417 :
2134 3363 2286 3417 intra
2307 3363 2367 3417 in
2397 3363 2668 3434 gaudium
2695 3365 2923 3420 Domini
2943 3367 3024 3420 tui
3052 3368 3268 3436 (Matth.
3301 3386 3432 3434 xxv,
3462 3371 3572 3439 21).
3609 3392 3635 3417 ››

2002 3457 2208 3512 Curam
2236 3462 2513 3528 praterea
2543 3458 2612 3513 de
2641 3459 2908 3513 omnibus
2929 3475 3056 3530 qua
3075 3460 3229 3515 vobis
3258 3462 3497 3533 aliisque
3523 3463 3636 3516 fra-

2005 3549 2184 3604 tribus
2215 3551 2442 3618 nostris,
2477 3557 2532 3606 et
2557 3552 2906 3622 generaliter
2933 3553 3151 3608 cunctis
3180 3571 3283 3625 pro
3307 3555 3633 3609 illicitarum

2005 3659 2196 3698 rerum
2211 3644 2594 3715 prohibitione
2615 3645 2945 3717 scripsimus
2965 3647 3180 3702 habere
3205 3665 3302 3702 vos
3323 3666 3424 3720 per
3443 3650 3636 3704 omnia

2003 3754 2412 3808 cognoscamus
2466 3755 2593 3809 qua
2647 3740 2804 3793 omni
2859 3741 3049 3795 studio
3105 3742 3377 3812 omnique
3433 3743 3634 3797 annisu

2003 3846 2229 3886 necesse
2276 3835 2380 3900 est,
2431 3836 2496 3886 ut
2525 3832 2898 3887 fraternitatis
2928 3840 3126 3888 vestra.
3167 3835 3458 3906 vigilantia
3484 3853 3638 3890 com-

2003 3925 2291 3995 pleantur,
2315 3927 2486 3995 atque
2510 3925 2703 3980 omnia
2721 3926 2834 3980 illic
2857 3943 2983 3997 qua
3005 3945 3105 3998 pro
3125 3929 3445 3983 animarum
3460 3931 3638 3984 salute

2006 4017 2332 4088 scripsimus
2352 4018 2593 4074 fideliter
2621 4026 3045 4087 recenseantur,
3072 4025 3349 4092 quatenus
3378 4039 3480 4094 per
3504 4024 3633 4088 hoc,

2004 4117 2060 4165 et
2088 4127 2185 4165 vos
2215 4112 2399 4166 zelum
2430 4116 2704 4181 vestrum,
2739 4117 2796 4167 et
2833 4114 3079 4183 qualiter
3113 4114 3273 4169 vobis
3303 4115 3499 4170 illicita
3531 4116 3637 4170 dis-

2002 4204 2242 4274 pliceant
2269 4205 2595 4272 ostendatis,
2625 4211 2682 4260 et
2710 4223 2814 4261 nos
2837 4207 3054 4261 utiliter
3083 4208 3392 4278 providisse
3422 4210 3521 4280 qui
3545 4226 3637 4264 vc-

2003 4301 2176 4352 stram
2204 4299 2274 4352 ad
2295 4299 2404 4353 hoc
2425 4316 2544 4370 pra
2565 4299 2780 4354 cateris
2801 4317 3104 4371 personam
3126 4301 3425 4373 elegimus,
3451 4304 3636 4358 videa-

2004 4407 2154 4445 mur.
2201 4391 2577 4463 Omnipotens
2611 4398 2806 4448 autem
2848 4394 2990 4448 Deus
3036 4411 3136 4448 sua
3160 4411 3258 4449 vos
3280 4396 3636 4467 protectione

2004 4483 2307 4552 custodiat,
2338 4485 2734 4556 honoremque
2761 4492 3113 4558 praceptum
3132 4504 3226 4543 vos
3245 4488 3501 4543 moribus
3519 4505 3633 4543 ser-

261 4583 323 4636 hi
352 4583 452 4653 qui
478 4599 571 4636 eos
602 4582 884 4637 imitando
919 4581 1298 4653 deliquerant,
1338 4580 1716 4650 corrigantur.
1758 4579 1904 4632 Dum
1924 4585 1984 4658 D
2010 4591 2137 4630 vare
2169 4577 2458 4632 concedat.
2483 4580 2681 4633 Amen.

263 4675 424 4729 enim
441 4691 589 4729 unus
610 4675 932 4746 corripitur,
951 4674 1183 4746 plurimi
1202 4672 1602 4728 emendantur.
1623 4673 1689 4726 Et
1706 4671 1907 4726 melius

265 4771 352 4821 est
384 4773 444 4822 ut
480 4785 584 4839 pro
613 4769 924 4823 multorum
954 4768 1258 4822 salvatione
1289 4783 1437 4821 unus
1469 4765 1904 4830 condemnetur,

265 4877 443 4931 quam
486 4877 590 4932 per
624 4861 790 4916 unius
833 4861 1123 4917 licentiam
1154 4860 1318 4914 multi
1350 4858 1762 4930 periclitentur.
1793 4858 1903 4912 Nec

264 4953 478 5007 mirum
525 4954 569 5007 si
607 4954 756 5009 inter
793 4955 1051 5009 homines
1079 4954 1198 5008 hac
1227 4953 1376 5007 ratio
1408 4951 1745 5017 custoditur,
1774 4966 1905 5004 cum

267 5048 416 5100 inter
454 5046 723 5116 jumenta
749 5047 870 5101 hac
899 5047 1022 5101 fieri
1063 5061 1318 5116 persape
1356 5043 1776 5116 cognoscimus.
1811 5044 1901 5096 Et-

269 5140 425 5193 enim
454 5156 582 5210 qua
609 5139 877 5206 scabiem,
912 5143 1010 5194 aut
1035 5139 1436 5211 impetiginem
1471 5137 1679 5192 habere
1707 5136 1900 5190 viden-

270 5238 383 5296 tur,
433 5238 772 5303 separantur
814 5251 847 5287 a
888 5234 1058 5299 sanis,
1102 5249 1170 5288 ne
1203 5233 1430 5286 illorum
1474 5229 1672 5285 morbo
1702 5232 1903 5283 cateia

268 5326 634 5395 damnentur,
664 5327 752 5380 vel
778 5329 1043 5398 pereant.
1076 5326 1260 5381 Satius
1287 5341 1426 5395 ergo
1457 5327 1520 5377 ut
1545 5322 1676 5376 mali
1708 5328 1904 5391 aperte

267 5419 652 5490 corrigantur,
684 5436 857 5491 quam
886 5436 990 5491 pro
1022 5419 1134 5473 illis
1163 5419 1299 5473 boni
1327 5422 1580 5489 pereant.
1614 5415 1778 5470 Unde
1804 5432 1900 5467 vo-

265 5513 476 5565 luimus
501 5529 595 5566 vos
625 5529 822 5567 omnes
852 5515 910 5567 in
937 5529 1120 5567 unum
1149 5511 1453 5566 convenire
1485 5509 1800 5581 episc0pos,
1845 5515 1903 5562 ut

268 5606 339 5658 de
368 5604 752 5661 incidentibus
778 5607 956 5661 causis
986 5606 1082 5660 fiat
1109 5605 1460 5675 disceptatio,
1489 5609 1546 5658 et
1574 5601 1814 5656 salubris
1835 5602 1902 5655 de

268 5699 648 5754 ecclesiastica
702 5700 1094 5754 observatione
1156 5697 1400 5766 collatio,
1441 5702 1726 5768 quatenus
1765 5695 1900 5749 dum

269 5808 374 5859 per
402 5792 506 5845 hoc
533 5799 588 5846 ct
628 5795 906 5863 praterita
936 5793 1312 5862 corrigantur,
1341 5796 1398 5845 et
1426 5790 1678 5859 regulam
1711 5789 1902 5842 futura

270 5885 606 5956 suscipiunt,
623 5888 987 5958 omnipotens
1002 5887 1208 5958 ubique
1227 5885 1497 5940 Dominus
1515 5885 1758 5938 fratrum
1772 5898 1903 5937 conv

2079 5021 2366 5102 Quantum
2410 5022 2832 5102 conjiciendum
2882 5033 2969 5081 est
2995 5029 3436 5102 ex__prafatione
3461 5048 3637 5102 quam

2005 5093 2138 5148 huic
2168 5093 2329 5164 Operi
2360 5094 2670 5164 praposuit
2698 5095 2964 5164 Isidorus,
2993 5093 3256 5155 collectio
3279 5093 3639 5157 decretorum

2006 5165 2403 5230 conciliorum,
2459 5182 2523 5242 ac
2550 5167 2930 5242 _sancti_onum
2979 5170 3346 5240 pontificum,
3403 5189 3532 5242 qua
3578 5174 3638 5228 in

2005 5252 2185 5314 unum
2212 5236 2590 5314 comportavit
2609 5237 2902 5310 presbyter
2920 5236 3226 5314 et—collegit
3242 5236 3395 5297 idem
3416 5236 3635 5313 auctor,

2005 5307 2098 5362 hic
2127 5307 2430 5361 clauditur.

2077 5377 2331 5454 Reliqua
2349 5394 2484 5454 vero
2506 5379 2945 5454 constitutiones
2965 5399 3093 5452 qua
3108 5386 3453 5454 sequuntur,
3484 5385 3634 5441 vide-

2005 5451 2149 5522 licet
2182 5449 2442 5522 Gregorii
2481 5449 2743 5519 minoris,
2779 5449 3062 5522 Vitaliahi,
3102 5449 3344 5522 Martini,
3376 5449 3636 5522 Gregorii

2003 5519 2175 5594 tertii,
2203 5537 2267 5574 ac
2298 5519 2594 5594 zachariae,
2622 5523 3018 5577 Romanorum
3049 5519 3422 5594 pontificum,
3465 5519 3539 5581 ob
3581 5529 3639 5583 id

2002 5592 2253 5665 praefata
2279 5591 2596 5665 collectioni
2627 5594 2898 5664 apposita
2923 5591 3216 5665 sunt—quia
3234 5591 3452 5653 veteres
3478 5599 3638 5653 codi-

2002 5662 2092 5717 Ces
2113 5663 2196 5740 ita
2215 5662 2442 5740 habent.
2467 5662 2740 5740 Auctore's
2757 5665 2897 5740 item
2923 5662 3169 5740 illarum,
3194 5683 3369 5740 quam
3390 5669 3640 5740 plurima

2003 5733 2238 5815 egregia
2266 5736 2438 5815 atque
2454 5734 2740 5815 praeclara
2771 5736 3032 5815 Ecclesia
3059 5733 3444 5815 contulerunt,
3475 5741 3639 5815 utin-

2003 5803 2242 5879 dignum
2265 5803 2529 5879 duxerim
2550 5808 2669 5879 tam
2691 5805 3008 5879 insignium
3027 5810 3338 5879 prasulum
3358 5803 3479 5868 acta
3501 5813 3635 5870 obli-

2002 5876 2198 5946 terari,
2228 5877 2399 5946 atque
2424 5875 2704 5946 prateriri
2731 5875 2962 5932 intacta.
