4092 6192
429 304 560 357 1139

539 465 875 520 INCIPIUNT
914 465 1222 523 DECRETA
1259 466 1580 522 GREGORII
1620 466 1918 525 MINORIS.

495 604 540 652 1.
588 599 657 653 Ut
701 599 891 654 nullus
933 599 1143 655 audeat
1179 601 1570 673 presbyteram
1605 601 1664 657 in
1711 601 2043 673 conjugium

421 693 644 747 ducere.

488 790 539 840 ‘2.
573 788 728 852 Item,
755 787 824 840 de
857 787 1115 841 diacona.

486 884 538 936 3.
583 881 746 947 Item,
789 880 858 935 de
895 883 1173 936 monacha
1211 898 1382 954 quam
1432 884 1529 938 Dei
1571 884 1828 938 ancillam
1858 885 2045 956 appel-

414 975 552 1029 lant.
747 977 754 983 ’

485 1070 537 1124 4.
569 1070 728 1136 Item,
763 1068 833 1122 de
859 1074 1167 1124 commatre
1196 1070 1494 1141 spirituali.

571 1164 732 1230 Item,
757 1163 826 1218 de
853 1163 1040 1219 fratris
1067 1179 1259 1218 uxore.

486 1260 536 1310 6.
569 1258 728 1323 Item,
756 1257 825 1311 de
849 1262 1036 1328 nepte.

483 1355 536 1405 7.
565 1351 728 1418 Item,
760 1350 828 1405 de
853 1366 1116 1418 noverca,
1147 1356 1246 1405 aut
1275 1367 1446 1406 nuru.

486 1446 537 1496 8.
570 1443 734 1511 Item,
770 1444 840 1498 de
869 1444 1223 1499 consobrina.

488 1539 538 1590 9.
573 1538 735 1604 Item,
769 1538 836 1592 de
867 1537 1098 1610 propria
1122 1538 1486 1610 cognatione,
1525 1541 1611 1593 vel
1643 1556 1813 1611 quam
1841 1557 2045 1611 cogna-

416 1634 503 1682 tus
526 1629 740 1686 habuit.

492 1727 574 1780 10.
605 1725 676 1779 Ut
705 1724 931 1779 viduam
960 1742 1130 1782 nemo
1158 1728 1380 1782 furetur
1399 1728 1455 1781 in
1487 1744 1738 1782 uxorem.

491 1822 574 1872 11.
604 1819 762 1888 Item,
798 1823 858 1872 ut
875 1819 1155 1891 virginem
1178 1838 1347 1875 nemo
1366 1821 1590 1875 furetur
1610 1821 1666 1875 in
1685 1837 1935 1876 uxorem.

493 1914 572 1966 12.
605 1913 678 1966 De
706 1913 1059 1985 aruspicibus
1083 1915 1169 1968 vel
1204 1914 1672 1984 incantatoribus,
1716 1932 1815 1969 seu
1857 1915 2040 1986 phila-

416 2005 618 2060 cteriis.

488 2084 568 2154 I3.
599 2101 677 2155 De
702 2101 1000 2172 praeceptis
1023 2101 1281 2156 Ecclesia:
1309 2101 1695 2156 observandis.

490 2194 572 2246 14.
611 2194 684 2248 De
711 2194 962 2249 Adriano
993 2194 1109 2250 ﬁlio
1139 2195 1460 2249 Exhilarati.

495 2289 578 2341 I5.
610 2287 683 2342 De
715 2287 1028 2358 Epiphania
1058 2288 1314 2343 diacona.

491 2382 570 2433 16.
604 2382 674 2435 Ut
692 2381 880 2435 nullus
911 2382 1117 2436 audeat
1145 2399 1438 2436 assensum
1469 2382 1740 2437 tribuere.

489 2479 573 2528 17.
606 2476 683 2529 De
716 2491 874 2530 coma
905 2475 1092 2530 clerici
1122 2493 1236 2530 non
1268 2476 1589 2531 relaxanda.

487 2569 548 2622 In
604 2570 835 2625 nomine
889 2569 1117 2624 Domini
1171 2570 1485 2639 salvatoris,
1544 2570 1643 2623 Dei
1687 2569 1862 2624 nostri
1915 2570 2042 2623 Jesu

413 2662 637 2728 Christi,
673 2663 991 2734 imperante
1020 2664 1260 2718 Domino
1289 2664 1542 2735 piissimo
1562 2667 1814 2734 Augusto
1837 2665 2041 2730 Leone,

419 2774 450 2810 a
473 2757 588 2811 Deo
609 2761 874 2812 coronato
897 2774 1108 2828 magno
1131 2763 1186 2812 et
1200 2758 1434 2828 paciﬁco
1455 2759 1800 2829 imperatore
1817 2773 1970 2811 anno
1989 2759 2040 2822 6,

421 2855 544 2920 post
572 2851 928 2905 consulatum
957 2867 1092 2906 vero
1124 2852 1246 2921 ejus
1271 2867 1418 2905 anno
1452 2857 1530 2918 I7,
1563 2851 1658 2906 sed
1686 2855 1742 2906 et
1763 2851 2041 2905 Constan-

412 2943 534 2997 tino
563 2943 910 3014 imperatore
945 2944 1067 3014 ejus
1097 2944 1214 2998 tilio
1251 2960 1399 2998 anno
1428 2949 1481 3013 2,
1511 2959 1708 2998 mense
1733 2943 1928 3014 Aprili,
1962 2943 2044 2996 in-

416 3035 659 3091 dictione
686 3037 737 3103 4,
771 3037 1105 3108 praesidente
1135 3037 1485 3091 sanctissimo
1516 3037 1790 3108 Gregorio
1814 3041 2038 3108 aposto-

413 3130 521 3184 lico
547 3146 696 3200 papa
724 3130 784 3184 in
814 3129 1040 3185 basilica
1070 3131 1220 3185 beati
1249 3131 1396 3186 Petri
1414 3131 1814 3202 Apostolorum
1839 3130 2044 3202 princi-
2063 3166 2116 3238 Ο

414 3224 498 3294 pis
524 3227 657 3278 ante
686 3224 1119 3291 confessionem,
1148 3224 1567 3279 considentibus
1598 3225 1774 3279 etiam
1805 3224 2038 3280 sanctis-

412 3317 570 3372 simis
585 3317 867 3388 episcopis
880 3318 1120 3388 Agnello
1137 3318 1502 3385 Ferentinati,
1527 3317 1766 3389 Agnello
1789 3317 2036 3384 Sutrino,

411 3413 625 3466 Joanne
657 3411 1064 3481 Belliternensi,
1111 3411 1428 3466 'I‘riburatio
1463 3411 1682 3479 Filaris,
1716 3411 1892 3466 Vitale
1915 3411 2040 3466 Ala-

411 3505 583 3574 trino,
613 3505 904 3560 Anastasio
930 3505 1244 3575 Tiburtino,
1280 3506 1613 3576 Opportuno
1641 3505 2037 3573 Maurianensi,

413 3600 632 3654 Joanne
659 3599 917 3668 Blerano,
942 3599 1283 3653 Mauriciano
1312 3599 1490 3666 Sabis,
1517 3598 1754 3653 Wiliarit
1773 3599 2044 3653 Narmen-

409 3692 476 3760 si,
529 3692 772 3762 Georgio
816 3693 1135 3759 Portuensi,
1176 3693 1374 3764 Sergio
1419 3693 1771 3761 Prenestino,
1816 3692 2038 3748 Tiberio

410 3786 574 3841 Silvae
629 3787 912 3854 Candidas,
962 3788 1124 3841 Petro
1161 3787 1482 3854 Camerino,
1528 3783 1806 3857 GregOrio
1844 3784 2037 3860 283

409 3880 718 3951 Anagniae,
741 3881 1048 3936 Sinderedo
1075 3880 1499 3952 archiepiscopo
1527 3881 1770 3952 Spamte,
1795 3880 2037 3952 Georgio

411 3975 598 4045 Nepae,
632 3973 838 4029 Sedulo
875 3975 1144 4046 episcopo
1179 3974 1504 4043 Britanniae,
1538 3975 1753 4030 Joanne
1792 3973 2035 4045 Signias,

412 4068 684 4139 Fergusto
751 4069 1011 4139 episcopo
1055 4068 1275 4135 Scotim,
1327 4069 1554 4124 Andrea
1598 4068 1928 4135 Albanensi,
1984 4071 2040 4121 et

408 4161 662 4216 Maurino
692 4161 955 4228 Palmari,
990 4179 1088 4215 seu
1117 4162 1534 4216 venerabilibus
1558 4161 1924 4233 presbyteris,
1951 4161 2034 4216 Si-

410 4253 596 4307 sinnio
616 4255 854 4320 Joanne,
878 4254 1016 4308 item
1031 4255 1264 4321 Joanne,
1283 4255 1580 4320 Eustratio,
1601 4255 1860 4325 Georgio,
1888 4255 2038 4307 Tala-

405 4347 508 4414 sio,
536 4346 770 4414 Marino,
793 4349 1190 4419 Constantino,
1209 4348 1505 4418 Gregorio,
1534 4350 1767 4414 Joanne,
1792 4346 2032 4418 Epipha-

407 4441 520 4511 nio,
555 4441 789 4510 Marino,
828 4443 1064 4508 Joanne,
1097 4446 1152 4496 et
1183 4443 1423 4508 Joanne,
1466 4441 1780 4496 astantibus
1811 4457 2036 4512 quoque

1321 306 1600 361 APPEND.
1642 308 1729 360 AD
1765 309 1924 361 δέξω.
1965 308 2048 360 [Χ.
2083 336 2147 344 ——
2187 306 2422 362 ISIDORI
2457 304 2879 361 MERCATOIUS

2065 425 2122 497 Α
2143 414 2273 480 tior,
2307 416 2478 484 atque
2516 412 2690 467 nimis
2730 413 2979 480 tabesco,
3024 428 3095 464 ne
3124 410 3445 482 serpentina
3473 410 3780 464 calliditate

3642 302 3782 356 1140

2145 507 2318 579 (quod
2364 507 2523 577 absit)
2576 507 2815 561 leviores
2862 521 3119 577 quosque
3164 504 3431 576 decipiat,
3474 505 3589 558 Deo
3641 520 3779 565 vero

2144 603 2367 656 favente
2412 600 2788 656 sollicitudine
2830 600 3014 654 nimia
3039 598 3191 668 freti,
3241 598 3496 653 animam
3527 597 3779 669 aequiore

2145 700 2336 750 mente
2364 694 2555 749 divino
2577 694 2873 766 juvamine
2903 710 3007 764 pro
3036 695 3216 748 salute
3247 692 3510 746 omnium
3543 691 3779 745 studere

2144 789 2435 855 debemus,
2451 793 2515 843 ut
2529 788 2821 843 inconfuso
2837 789 2994 843 vultu
3013 804 3129 842 non
3143 787 3212 843 de
3226 786 3421 841 fraude
3435 786 3779 856 cujusquam

2143 883 2386 954 perculsi
2405 883 2665 938 assistere
2694 885 2907 937 aeterno
2920 881 3101 953 judici
3128 897 3478 946 mereamur,
3493 883 3552 934 et
3581 895 3782 934 vocem

2143 977 2339 1032 audire
2353 977 2704 1048 inquientem
2723 994 2735 1030 :
2760 996 2788 1027 «
2801 978 2978 1047 Euge,
2993 993 3153 1031 serve
3164 975 3332 1040 bone,
3347 978 3404 1029 et
3414 973 3626 1040 ﬁdelis,
3645 973 3783 1044 quia

2144 1087 2318 1142 super
2330 1087 2505 1141 pauca
2523 1069 2678 1124 fuisti
2700 1069 2907 1137 ﬁdelis,
2931 1086 3101 1141 supra
3119 1070 3298 1123 multa
3319 1071 3374 1124 te
3394 1067 3748 1123 constituam
3766 1085 3776 1120 :

2144 1165 2290 1219 intra
2316 1164 2375 1218 in
2405 1163 2679 1235 gaudium
2709 1163 2929 1219 Domini
2958 1163 3046 1218 tui
3069 1164 3284 1232 (Matth.
3313 1178 3436 1230 xxv,
3465 1161 3615 1229 21).»
3643 1161 3781 1214 Hinc

2145 1274 2394 1328 namque
2442 1260 2528 1312 est
2572 1258 2722 1328 quod
2768 1257 3146 1328 ingemiscens
3189 1256 3313 1311 dico
3349 1255 3537 1320 :Quia
3581 1255 3780 1326 populi

2144 1351 2446 1407 Christiani
2495 1352 2717 1423 aliquos
2757 1367 2861 1424 per
2906 1350 3262 1422 provinciam
3300 1349 3474 1406 Italiae
3522 1365 3778 1403 commo-

2145 1447 2354 1512 rantes,
2393 1445 2564 1500 audio
2614 1450 2828 1501 temere
2874 1449 3074 1502 contra
3119 1443 3458 1521 catholicam
3495 1442 3696 1506 ﬁdem,
3728 1444 3784 1496 et

2145 1541 2373 1594 Patrum
2401 1542 2608 1594 statuta
2643 1544 2892 1610 patrare,
2927 1539 3004 1592 ita
3027 1542 3092 1593 ut
3122 1540 3233 1592 Deo
3263 1543 3507 1592 sacratas
3537 1535 3783 1591 feminas

2145 1633 2350 1688 ducere
2377 1637 2730 1704 praesumant
2747 1633 3034 1701 mulieres,
3059 1637 3119 1687 et
3137 1632 3486 1704 propinquas
3503 1646 3572 1684 co
3581 1631 3680 1701 nju
3688 1629 3780 1698 gio

2146 1727 2379 1783 socient.
2433 1727 2594 1791 Quod
2637 1732 3024 1798 Opportunum
3067 1728 3153 1780 est
3197 1724 3436 1797 spiritali
3479 1727 3783 1794 amputare

2065 1795 2120 1865 Β
2146 1838 2435 1888 mucrone,
2466 1825 2634 1892 atque
2663 1795 2933 1875 s—i‘vestra:
2949 1821 3132 1891 placet
3151 1795 3434 1874 sanctitati
3463 1834 3476 1872 :
3507 1816 3782 1871 radicitus

2144 1914 2324 1980 evelli,
2355 1931 2424 1969 ne
2452 1930 2614 1985 seges
2638 1914 2776 1968 boni
2793 1913 3056 1985 agricolae
3086 1912 3428 1967 zizaniorum
3459 1911 3631 1965 mista
3649 1910 3781 1963 hor-

2143 2008 2401 2062 rentibus
2424 2007 2647 2062 frutetis
2672 2007 2983 2062 sordescat.
3009 2005 3361 2062 Sanctissimi
3382 2004 3658 2076 episc0pi,
3682 2021 3783 2057 seu

2142 2101 2495 2155 venerabiles
2516 2101 2941 2172 responderunt
2973 2117 2985 2156 :
3018 2101 3157 2155 Vere
3179 2099 3579 2170 cognoscimus
3602 2098 3786 2168 gratia

2144 2195 2319 2249 sancti
2342 2195 2581 2264 Spiritus
2618 2210 2713 2248 cor
2748 2195 3095 2266 apostolatus
3132 2193 3302 2249 vestri
3329 2209 3693 2258 succensum,
3731 2198 3789 2246 et

2143 2291 2206 2342 ut
2230 2287 2500 2343 radicitus
2522 2291 2694 2343 tantae
2713 2288 2956 2343 miserias
2976 2289 3268 2359 squalores
3287 2304 3320 2342 a
3339 2286 3597 2342 ﬁdelium
3621 2303 3786 2340 men-

2145 2382 2294 2436 tibus
2337 2381 2729 2453 detergantur,
2766 2386 2822 2436 et
2863 2382 2998 2452 quia
3041 2382 3244 2436 vulnus
3281 2380 3504 2451 corpori
3535 2381 3785 2434 inﬁxum

2143 2476 2297 2531 aditu
2322 2475 2450 2529 talis
2476 2475 2721 2530 miseriae
2756 2475 3014 2530 obserato
3054 2475 3286 2551 salutari
3326 2473 3586 2528 antidoto
3626 2490 3788 2528 cure-

2144 2573 2258 2638 tur,
2291 2569 2435 2624 sicut
2471 2569 2621 2623 bene
2654 2567 2956 2639 pra'visum
2985 2573 3070 2623 est
3103 2567 3502 2623 interdictione
3535 2569 3782 2623 anathe-

2145 2661 2332 2732 matis,
2363 2679 2435 2716 ne
2462 2662 2652 2717 denuo
2683 2663 2786 2731 hoc
2813 2661 3091 2733 quispiam
3111 2662 3421 2731 Romanus,
3451 2661 3786 2732 Longobar-

2143 2757 2267 2824 dus,
2299 2757 2386 2811 vel
2408 2756 2796 2829 cujuscunque
2817 2756 2888 2810 sit
2908 2757 3114 2827 gentis,
3139 2755 3397 2826 sacrique
3419 2754 3786 2826 baptismatis

2145 2851 2298 2905 unda
2313 2851 2462 2905 lotus
2481 2853 2741 2917 attentet,
2766 2853 2830 2904 ut
2847 2866 2965 2905 non
2987 2849 3126 2904 tanti
3146 2849 3352 2920 piaculi
3378 2849 3528 2903 mole
3550 2866 3788 2920 oppres-

2143 2960 2237 2998 sus
2262 2943 2768 3015 praecipitationem
2795 2943 3031 3009 incidat,
3053 2948 3153 2998 aut
3177 2943 3449 3014 voragine
3478 2949 3790 3013 mergatur

2141 3037 2476 3109 iniquitatis,
2523 3037 2683 3093 vitari
2745 3037 2968 3104 debeat,
3018 3041 3186 3108 atque
3235 3036 3508 3091 radicitus
3555 3038 3785 3092 evellet.

2142 3133 2272 3185 Post
2295 3131 2442 3186 hanc
2469 3131 2728 3186 omnium
2764 3147 3069 3186 consonam
3099 3130 3533 3201 responsionem
3570 3131 3790 3201 Grego-

2141 3224 2258 3278 rius
2285 3225 2625 3295 apostolicus
2645 3241 2796 3297 papa
2816 3229 2946 3279 ante
2970 3241 3172 3295 corpus
3195 3229 3582 3279 memoratum
3606 3241 3788 3278 vene-

2142 3317 2330 3372 rabilis
2375 3317 2676 3373 Christiani
2722 3318 3112 3390 apostolorum
3153 3317 3426 3389 principis
3481 3316 3792 3373 inferendo

2143 3411 2486 3467 sententiam
2512 3411 2652 3467 dixit
2675 3429 2687 3466 :

2212 3566 2252 3620 I.
2303 3564 2357 3619 Si
2407 3565 2532 3636 quis
2576 3565 2966 3636 presbyteram
3021 3563 3246 3618 duxerit
3292 3563 3352 3617 in
3408 3563 3787 3634 conjugium,

2142 3658 2454 3714 anathema
2479 3659 2568 3714 sit.
2611 3661 2678 3714 Et
2725 3657 3142 3729 responderunt
3177 3673 3373 3712 omnes
3407 3674 3420 3710 :
3455 3657 3791 3712 Anathema

2141 3752 2229 3806 sit.

2214 3870 2277 3923 II.
2319 3867 2377 3922 Si
2412 3868 2538 3938 quis
2568 3867 2864 3922 diaconam
2891 3869 2949 3922 in
2981 3868 3315 3939 conjugium
3347 3867 3604 3935 duxerit,
3637 3885 3785 3922 ana-

2138 3962 2335 4017 thema
2355 3960 2444 4016 sit.
2472 3963 2537 4015 Et
2556 3962 2977 4032 responderunt
2998 3978 3198 4016 omnes
3226 3961 3390 4017 tertio
3417 3979 3431 4016 :
3455 3962 3788 4017 Anathema

2141 4056 2229 4109 sit.

2213 4166 2295 4222 IlI.
2325 4166 2385 4221 Si
2409 4166 2534 4238 quis
2560 4167 2904 4221 monacham
2928 4183 3102 4238 quam
3125 4167 3223 4220 Dei
3243 4166 3510 4221 ancillam
3533 4168 3790 4239 appella-

2137 4275 2286 4328 mus,
2308 4259 2366 4314 in
2383 4259 2716 4331 conjugium
2739 4260 2978 4328 duxerit,
3002 4260 3304 4314 anathema
3327 4259 3419 4315 sit.
3447 4261 3517 4315 Et
3543 4275 3787 4332 respon-

2139 4351 2347 4408 derunt
2365 4369 2564 4408 omnes
2590 4353 2760 4408 tertio
2789 4369 2801 4408 :
2833 4353 3150 4408 Anathema
3180 4353 3270 4408 sit.

2209 4466 2296 4518 IV.
2330 4465 2384 4521 Si
2417 4465 2544 4536 quis
2565 4469 2940 4518 commatrem
2968 4463 3277 4535 spiritalem
3307 4463 3536 4518 duxerit
3563 4465 3625 4518 in
3652 4482 3789 4520 con-

407 4535 757 4604 diaconibusa
803 4537 968 4589 Ρείιό
1010 4535 1434 4601 δΤθῘῙίάίδθοῘλο)
1482 4535 1725 4606 Georgio
1761 4535 2028 4602 ΟΜδθδο»
2053 4539 2111 4610 D
2127 4557 2376 4628 jugium,
2396 4535 2709 4612 anathema
2730 4557 2819 4610 sit.
2836 4556 3331 4628 Etresponderunt
3346 4571 3550 4611 omnes
3575 4559 3785 4613 tertio:

408 4646 507 4683 seu
533 4629 856 4697 Benedicto,
891 4629 977 4684 vel
1010 4634 1212 4684 cuncto
1234 4630 1406 4695 clero,
1431 4629 1742 4700 Gregorius
1762 4628 2040 4684 sanctissi-

410 4738 555 4789 mus,
600 4737 664 4776 ac
710 4721 1072 4777 beatissimus
1107 4739 1275 4793 papa,
1319 4725 1452 4776 ante
1492 4738 1695 4792 corpus
1725 4721 2039 4776 beatissimi

408 4814 554 4868 Petri
583 4814 640 4870 in
667 4816 882 4886 synodo
909 4816 1161 4871 residens
1182 4815 1326 4870 dixit
1359 4833 1370 4869 :

476 4908 618 4962 Cum
647 4907 824 4963 simus
850 4908 1157 4964 Dominicaa
1182 4908 1364 4980 plebis
1393 4924 1641 4979 superna
1669 4908 2039 4963 miseratione

409 5007 670 5071 rectores,
699 5002 998 5057 studiosius
1025 5019 1126 5056 nos
1157 5003 1423 5057 convenit
1452 5003 1548 5056 Dei
1576 5001 1901 5073 praesidium
1935 5018 2039 5072 pro

407 5114 600 5151 eorum
641 5113 792 5168 saepe
826 5096 1074 5168 rogitare
1120 5097 1318 5166 salute,
1349 5113 1420 5152 ne
1451 5097 1521 5151 de
1554 5096 1784 5150 creditis
1802 5095 2037 5150 frustra-

411 5190 591 5262 tisque
625 5189 797 5261 (quod
839 5189 998 5259 absit)
1027 5189 1328 5244 animabus
1357 5189 1578 5244 insidiis
1616 5189 1841 5260 antiqui
1869 5188 2042 5243 hostis

409 5291 541 5338 ante
571 5289 859 5355 pastorem
901 5281 1181 5352 omnium,
1210 5283 1317 5337 nisi
1348 5283 1615 5338 succedat
1640 5281 2043 5354 praeveniendo

409 5378 478 5432 de
529 5377 757 5434 offensis
810 5377 1106 5446 correctio,
1159 5375 1468 5432 districtam
1507 5393 1786 5447 cogamur
1825 5376 2042 5430 solvere

413 5471 711 5539 rationem,
735 5471 987 5542 dumque
1019 5471 1312 5542 perpendo
1346 5471 1432 5525 vel
1451 5470 1519 5525 ad
1546 5469 1805 5524 animum
1833 5468 2042 5522 reduco

410 5569 622 5635 quanta
668 5565 1170 5636 circumspectione
1227 5581 1333 5618 nos
1379 5566 1641 5635 oporteat
1692 5561 2043 5634 invigilando

413 5659 611 5711 contra
640 5659 724 5712 sui
751 5659 1022 5730 cujusque
1048 5657 1275 5712 sceleris
1301 5655 1620 5727 nequitiam
1644 5655 1893 5722 obviare,
1925 5657 1982 5708 ct
2001 5656 2043 5708 si

414 5749 646 5817 quando
691 5749 950 5804 insilierit
982 5751 1052 5803 ad
1087 5749 1505 5821 pcrturbandas
1534 5747 1792 5802 fidelium
1825 5751 2047 5803 mentes

421 5839 700 5908 adjutorio
741 5858 986 5912 superno
1025 5842 1159 5896 ictui
1201 5842 1323 5912 ejus
1363 5841 1624 5897 resistere
1652 5840 1813 5897 valde
1844 5857 2049 5899 concu-

2137 4651 2462 4704 Anathema
2481 4650 2572 4705 sit.

2211 4762 2272 4814 V.
2323 4761 2379 4816 Si
2428 4762 2556 4832 quis
2598 4761 2783 4816 fratris
2813 4777 3047 4816 uxorem
3078 4761 3302 4815 duxerit
3334 4761 3392 4815 in
3418 4761 3787 4834 conjugium,

2138 4855 2446 4909 anathema
2475 4854 2563 4909 sit.
2599 4856 2666 4908 Et
2700 4855 3117 4925 responderunt
3153 4870 3357 4908 omnes
3395 4873 3408 4909 :
3457 4856 3793 4912 Anathema

2139 4949 2228 5003 sit.

2212 5061 2296 5114 VI.
2327 5060 2381 5114 Si
2409 5059 2534 5130 quis
2559 5062 2792 5130 neptem
2824 5059 3051 5113 duxerit
3076 5059 3133 5113 in
3161 5059 3514 5130 conjugium,
3549 5061 3790 5116 anathe-

2141 5169 2233 5207 ma
2278 5153 2369 5208 sit.
2416 5154 2482 5207 Et
2528 5152 2947 5222 responderunt
2991 5167 3191 5207 omnes
3217 5152 3426 5208 tertio:
3461 5154 3792 5209 Anathema

2143 5247 2232 5301 sit.

2216 5359 2319 5412 VII.
2343 5359 2397 5414 Si
2429 5358 2556 5430 quis
2580 5373 2909 5425 novercam,
2939 5361 3038 5412 aut
3061 5373 3274 5412 nurum
3301 5357 3530 5414 duxerit
3561 5359 3624 5414 in
3653 5375 3792 5415 con-

2136 5451 2364 5522 jugium
2387 5451 2697 5506 anathema
2717 5452 2807 5507 sit.
2831 5453 2897 5506 Et
2921 5451 3340 5524 responderunt
3357 5467 3558 5509 omnes
3581 5455 3789 5510 tertio:

2144 5545 2465 5600 Anathema
2492 5546 2582 5600 sit.

2216 5659 2353 5714 VIII.
2397 5659 2453 5716 Si
2485 5659 2611 5731 quis
2635 5659 3040 5715 consobrinam
3067 5659 3292 5714 duxerit
3323 5658 3380 5713 in
3411 5659 3786 5730 conjugium,

2147 5753 2455 5810 anathema
2485 5753 2572 5808 sit.
2603 5754 2672 5808 Et
2699 5753 3120 5826 responderunt
3149 5768 3348 5808 omnes
3376 5754 3545 5808 tertio
3581 5771 3592 5807 :
3626 5757 3784 5807 Ana-

2148 5845 2340 5902 thema
2363 5846 2452 5902 sit.
