4092 6192
283 310 408 363 1141

1519 314 1985 369 DECRETALIUM
2026 314 2412 370 COLLECTIO.

3513 317 3641 371 1142

351 420 431 472 IX.
467 417 527 473 Si
565 419 690 490 quis
733 419 802 473 de
841 420 1069 490 propria
1107 422 1464 491 cognatione,
1494 423 1578 477 vel
1607 438 1780 494 quam
1809 439 1904 477 co-
1929 434 1988 507 Α
2008 439 2326 494 eorumque
2355 425 2753 495 episcOporum
2775 424 3057 478 manibus.
3075 423 3254 494 Igitur
3273 427 3400 495 post
3419 421 3641 494 aliquos

277 518 484 581 gnatus
533 511 751 580 habuit,
790 512 1020 568 duxerit
1061 530 1318 585 uxorem,
1357 517 1663 571 anathema
1712 517 1801 571 sit.
1843 517 1909 571 Et

273 606 690 678 responderunt
716 623 915 662 omnes
938 608 1106 664 tertio
1138 625 1150 663 :
1185 610 1500 665 Anathcma
1528 611 1619 666 sit.

348 713 410 766 X.
451 710 506 766 Si
538 710 662 782 quis
692 711 919 766 viduam
954 712 1173 767 furatus
1212 713 1382 768 fuerit
1431 714 1490 768 in
1540 729 1793 779 uxorem,
1822 716 1906 770 vel

274 804 631 860 consentiens
650 805 724 872 ei,
743 805 1048 862 anathema
1074 806 1164 862 sit.
1181 807 1249 862 Et
1275 807 1694 878 responderunt
1708 825 1907 863 omnes

275 899 448 954 tertio
480 916 492 953 :
523 899 843 955 Anathema
866 900 956 955 sit.

345 1003 428 1058 XI.
454 1001 508 1057 Si
535 1002 660 1073 quis
683 1001 986 1072 virginem,
1017 1003 1126 1057 nisi
1159 1003 1608 1074 desponsaverit,
1633 1005 1904 1075 rapuerit,

271 1096 360 1151 vel
398 1095 615 1149 furatus
659 1095 832 1150 fuerit
882 1096 940 1150 in
988 1113 1244 1163 uxorem,
1293 1097 1379 1150 vel
1423 1097 1787 1152 consentiens
1833 1097 1904 1165 ei,

270 1189 579 1244 anathema
614 1189 704 1245 sit.
734 1192 802 1245 Et
830 1189 1252 1261 responderunt
1278 1206 1477 1245 omnes
1510 1191 1675 1245 tertio
1711 1208 1722 1244 :
1758 1195 1905 1246 Ana-

271 1283 468 1338 thema
496 1283 589 1337 sit.

345 1387 452 1440 XII.
529 1386 582 1441 Si
658 1387 786 1458 quis
861 1387 1082 1452 ariolos,
1157 1387 1463 1458 aruspices,
1527 1387 1907 1443 incantatores

271 1480 679 1546 observaverit,
710 1485 810 1535 aut
859 1480 1222 1551 phylacteriis
1261 1497 1396 1535 usus
1437 1481 1630 1546 fuerit,
1667 1482 1903 1536 anathe-

269 1590 365 1628 ma
390 1574 482 1628 sit.
519 1575 586 1628 Et
633 1573 1044 1645 responderunt
1087 1591 1284 1629 omnes
1329 1575 1499 1630 tertio
1532 1592 1544 1629 :
1581 1575 1906 1630 Anathema

271 1669 362 1722 sit.

345 1771 475 1826 XIII.
506 1771 560 1827 Si
587 1769 714 1842 quis
743 1771 801 1825 in
828 1787 1179 1843 quamquam
1214 1776 1440 1844 partem
1468 1776 1662 1827 nostra
1686 1789 1900 1844 praece-

268 1869 369 1936 pta
397 1867 530 1918 ante
566 1864 771 1918 emissa
801 1864 1127 1935 apostolicae
1173 1865 1421 1920 ecclesia:
1469 1866 1539 1920 de
1567 1865 1817 1934 Olivetis,
1848 1869 1904 1920 et

269 1958 410 2013 locis
436 1957 669 2013 diversis
698 1959 1085 2028 temeraverit,
1117 1962 1174 2013 et
1200 1975 1312 2014 non
1340 1959 1398 2014 in
1425 1959 1690 2014 omnibus
1718 1961 1904 2015 obser-

269 2052 504 2120 vaverit,
518 2053 826 2106 anathema
847 2053 938 2107 sit.
953 2054 1021 2108 Et
1041 2053 1463 2124 responderunt
1485 2069 1684 2108 omnes
1703 2055 1898 2109 tertio:

269 2147 585 2202 Anathema
611 2145 700 2200 sit.

341 2250 471 2304 XIV.
515 2248 797 2303 Adrianus
853 2250 1002 2304 ﬁlius
1064 2250 1389 2318 Exhilarati,
1435 2251 1531 2322 qui
1580 2256 1708 2322 post
1757 2269 1900 2323 prae-

268 2342 466 2396 stitum
523 2347 943 2398 sacramentum
993 2343 1304 2416 apostolica
1357 2344 1707 2400 confessione
1753 2346 1901 2418 Epy-

270 2436 541 2507 phaniam
585 2437 882 2491 diaconam
918 2436 1112 2492 illicito
1153 2454 1292 2492 ausu
1337 2437 1396 2492 in
1432 2454 1670 2493 uxorem
1707 2439 1901 2506 habet,

271 2530 582 2584 anathema
608 2531 698 2584 sit.
727 2532 795 2585 Et
824 2531 1242 2602 responderunt
1277 2547 1474 2587 omnes
1506 2532 1674 2588 tertio
1702 2549 1715 2587 :
1748 2535 1901 2587 Ana-

274 2623 471 2678 thema
497 2625 587 2679 sit.

345 2727 453 2780 XV.
483 2727 815 2798 Epyphania
844 2727 1106 2795 diacona,
1141 2743 1267 2798 quaa
1293 2731 1423 2798 post
1449 2727 1788 2798 praedictum
1815 2745 1901 2782 sa-

272 2828 628 2874 cramentum
658 2837 788 2875 cum
815 2821 1070 2876 Adriano
1105 2821 1409 2876 Exhilarati
1440 2821 1556 2876 ﬁlio
1584 2822 1723 2892 fuga
1748 2822 1907 2894 lapsa

271 2916 356 2966 est
376 2912 434 2966 in
452 2929 710 2981 uxorem,
729 2914 1036 2968 anathema
1053 2914 1145 2968 sit.
1178 2915 1243 2968 Et
1265 2913 1686 2985 responderunt
1704 2931 1906 2970 omnes

273 3007 442 3060 tertio
477 3023 490 3060 :
519 3007 839 3062 Anathema
867 3007 955 3062 sit.

346 3111 475 3164 XVI.
517 3110 572 3165 Si
609 3111 734 3181 quis
776 3112 827 3164 ei
869 3109 927 3165 in
963 3115 1080 3166 tam
1129 3111 1344 3166 crudeli
1393 3115 1522 3166 actu
1567 3128 1904 3167 consensum

271 3204 535 3274 praebuit,
564 3205 872 3259 anathema
900 3205 988 3259 sit.
1020 3207 1085 3261 Et
1110 3205 1527 3276 responderunt
1554 3222 1753 3261 omnes
1787 3209 1901 3262 ter—
1926 3191 1980 3266 Ο

277 3297 351 3352 tio
383 3315 396 3351 :
424 3297 742 3353 Anathema
776 3298 887 3352 sit..

347 3401 495 3455 XVII.
526 3400 586 3456 Si
613 3400 740 3471 quis
767 3417 832 3455 ex
856 3401 1072 3456 clericis
1118 3402 1456 3456 relaxaverit
1487 3418 1731 3470 comam,
1765 3419 1903 3457 ana-

273 3493 468 3548 thema
494 3487 583 3550 sit.
606 3495 672 3549 Et
692 3495 1109 3566 responderunt
1136 3511 1334 3551 omnes
1359 3495 1523 3552 tertio
1548 3513 1560 3551 :
1588 3497 1907 3552 Anathema

272 3588 362 3642 sit.

344 3707 412 3761 Et
422 3706 744 3776 subscriptio
757 3725 773 3761 :
789 3705 1092 3778 Gregorius
1107 3706 1406 3778 episcopus
1417 3706 1906 3779 catholicaz,atque

270 3799 591 3870 apostolicaa
612 3801 880 3855 Romanae
910 3799 1193 3869 Ecclesiaz,
1210 3799 1344 3854 huic
1363 3799 1671 3854 constituto
1689 3816 1722 3854 a
1741 3799 1906 3856 nobis

271 3893 636 3964 promulgata
677 3893 1002 3964 subscripsi.
1043 3892 1322 3964 Agnellus
1354 3893 1650 3965 episcopus
1699 3899 1904 3948 sanctae

273 3985 532 4041 Ecclesiae
560 3987 1001 4042 Ferentiniensis
1027 3986 1159 4042 huic
1185 3987 1489 4042 constituto
1513 4003 1544 4041 a
1571 3987 1736 4042 nobis
1769 4003 1902 4059 pro-

275 4079 530 4149 mulgato
543 4080 864 4152 subscripsi;
879 4083 1121 4136 Joannes
1132 4080 1369 4136 humilis
1385 4080 1683 4152 episcopus
1696 4085 1906 4136 sanctas

271 4173 532 4228 Ecclesia:
558 4174 979 4242 Beliternensis,
1007 4173 1142 4229 huic
1185 4174 1496 4230 constituto
1523 4191 1556 4228 a
1585 4174 1746 4229 nobis
1772 4191 1902 4247 pro-

273 4268 530 4337 mulgato
550 4267 877 4340 subscripsi.
902 4270 969 4324 Et
986 4268 1177 4324 cieteri
1205 4268 1455 4340 episcopi
1480 4284 1720 4323 numero
1745 4270 1829 4336 14,
1848 4275 1905 4324 et

273 4361 499 4416 diaconi
546 4377 785 4417 numero
822 4363 876 4427 4,
905 4361 994 4418 die
1036 4363 1223 4418 Nonas
1257 4361 1482 4433 Aprilis,
1511 4361 1821 4418 indictione
1847 4363 1899 4418 4.

417 4571 753 4628 INCIPIUNT
793 4572 1136 4628 EPISTOL/E
1167 4572 1504 4628 VITALIANI
1543 4574 1754 4628 PAPfE.

344 4738 671 4792 VITALIANUS
697 4737 996 4809 episcopus
1023 4754 1218 4793 servus
1243 4754 1534 4794 servorum
1571 4738 1693 4808 Dei,
1721 4740 1904 4793 PAULO

268 4829 690 4902 archiepiscopo
719 4831 998 4887 Cretensi.

342 4923 573 4978 Decimo
636 4941 788 4980 nono
836 4925 926 4981 die
978 4926 1188 4980 mensis
1268 4925 1585 4981 Decembris
1652 4941 1902 4997 praesen-

268 5018 340 5072 tis
401 5018 727 5073 indictionis
791 5023 876 5088 ll,
931 5021 1177 5074 Joannes
1251 5020 1548 5092 episcopus
1613 5020 1903 5091 Lampeon

267 5111 430 5166 urbis
475 5112 627 5166 intra
669 5112 961 5168 basilicam
1005 5113 1390 5169 venerabilem
1441 5114 1589 5169 beati
1634 5114 1906 5186 principis

268 5204 666 5276 apostolorum
720 5207 867 5262 Petri
931 5208 1098 5263 nobis
1145 5207 1349 5262 obtulit
1396 5207 1757 5280 petitionem,
1804 5224 1906 5279 per

266 5315 444 5370 quam
487 5316 590 5353 nos
635 5299 839 5355 obnixe
880 5300 1204 5372 postulavit,
1233 5306 1402 5372 atque
1430 5301 1770 5372 conjuravit,
1804 5317 1906 5372 per

266 5391 603 5463 terribilem,
636 5394 923 5465 inquiens,
971 5394 1277 5450 adventum
1321 5395 1520 5466 magni
1572 5395 1691 5462 Dei,
1734 5397 1905 5466 atque

266 5485 576 5541 Salvatoris
619 5487 800 5542 nostri
836 5489 965 5543 Jesu
995 5488 1222 5557 Christi,
1257 5494 1321 5544 ut
1364 5489 1678 5543 secundum
1718 5504 1899 5542 sacra-

267 5578 517 5634 tissimos
563 5596 833 5650 canones,
884 5582 1253 5654 institutaque
1299 5587 1624 5636 sanctorum
1671 5583 1904 5635 Patrum

265 5672 390 5742 ejus
433 5690 615 5729 causa:
666 5675 938 5730 meritum
983 5676 1411 5746 requireremus
1459 5679 1515 5729 et
1557 5674 1902 5729 sententiam

264 5768 786 5838 promulgaremus.
835 5768 1052 5824 Obtulit
1100 5769 1248 5824 illico
1283 5773 1339 5824 et
1377 5767 1718 5822 sententiam
1749 5768 1903 5838 apud

267 5865 429 5914 tuam
461 5861 876 5918 fraternitatem
904 5863 1240 5930 confectam,
1263 5853 1756 5934 subscriptamque
1779 5861 1902 5932 ejus

2010 516 2130 571 dies
2160 517 2231 572 ad
2276 517 2399 588 ejus
2432 533 2628 588 preces
2676 517 2943 572 facientes
2988 517 3308 572 coacervari
3349 519 3556 571 costum
3580 517 3640 571 in

2011 611 2114 666 hac
2142 611 2283 666 urbe
2308 612 2566 666 Romana
2599 610 2922 666 antistitum
2955 610 3215 677 fecimus,
3243 614 3309 665 ut
3347 611 3641 666 nobiscum

2009 705 2366 760 considentes
2429 709 2486 760 et
2535 705 2734 776 petitio
2783 705 3041 776 ejusdem
3090 704 3362 776 episcopi,
3413 708 3469 758 et
3517 706 3643 759 acta

2009 798 2435 854 sacerdotaliter
2482 803 2980 870 cognoscerentur.
3029 799 3174 854 Dum
3217 814 3353 870 ergo
3397 801 3542 853 esset
3581 798 3639 852 in

2008 893 2113 948 hac
2139 894 2397 948 Romana
2425 893 2564 946 urbe
2595 897 2937 964 congregata
2976 892 3182 948 eadem
3229 891 3482 964 synodus
3519 892 3639 962 epi-

2007 1003 2312 1058 sc0porum
2367 1003 2472 1058 pro
2537 985 2868 1057 hujusmodi
2932 987 3163 1057 negotio
3220 985 3505 1042 audiendo
3557 986 3643 1040 vel

2007 1081 2285 1146 faciendo,
2309 1081 2505 1135 statim
2533 1079 2698 1135 nobis
2718 1079 2983 1134 nuntiata
3009 1082 3140 1134 sunt
3169 1080 3423 1151 ejusdem
3451 1095 3642 1135 exem-

2007 1173 2188 1245 plaria
2227 1173 2464 1228 actionis
2488 1190 2520 1228 a
2545 1178 2644 1228 tua
2691 1173 3045 1229 fraternitate
3091 1174 3322 1241 directa,
3350 1189 3478 1245 quia
3517 1190 3638 1227 sus-

2006 1269 2276 1340 cipientes
2309 1273 2482 1339 atque
2525 1268 2888 1323 conferentes
2929 1266 3173 1321 invicem
3207 1267 3285 1321 ita
3316 1266 3641 1323 invenimus

2006 1362 2285 1417 contineri
2327 1362 2386 1416 in
2424 1361 2611 1416 verbis
2653 1364 2710 1415 et
2755 1360 3034 1429 sensibus,
3063 1361 3208 1415 sicut
3235 1376 3301 1415 ea
3327 1377 3453 1432 quas
3479 1359 3644 1414 nobis

2005 1456 2275 1527 praefatus
2303 1455 2603 1528 episcopus
2637 1455 2922 1510 obtulerat
2959 1454 3274 1525 subscripta
3314 1470 3491 1508 manu
3518 1455 3639 1524 epi-

2000 1567 2301 1621 scoporum
2336 1553 2394 1604 et
2424 1552 2536 1604 tua;
2568 1548 2906 1604 dilectionis.
2953 1549 3340 1613 Quamobrem
3375 1547 3640 1602 admirati

1999 1660 2212 1710 sumus,
2243 1645 2378 1716 quia
2409 1660 2512 1715 per
2538 1659 2705 1698 suum
2731 1643 3000 1697 clericum
3032 1643 3178 1696 hanc
3208 1642 3364 1696 vobis
3399 1641 3639 1696 minime

2003 1737 2292 1792 direxerit.
2340 1737 2400 1792 Si
2438 1737 2594 1792 enim
2640 1737 2872 1791 forsitan
2920 1740 3148 1807 tempus
3190 1736 3298 1790 hoc
3350 1735 3642 1806 prohibuit

1924 1819 1979 1892 B
2003 1831 2410 1902 incongruum,
2432 1847 2534 1886 cur
2554 1831 2766 1902 absque
2794 1847 2897 1885 suo
2925 1829 3131 1901 scripto
3153 1829 3302 1884 hanc
3332 1845 3509 1900 usque
3535 1845 3640 1883 nos

2003 1925 2241 1980 minime
2273 1925 2582 1980 direxerit?
2608 1925 2865 1996 Cumque
2885 1924 3162 1978 recensita
3189 1926 3334 1977 esset
3363 1921 3643 1977 sententia

2004 2035 2193 2073 coram
2252 2019 2458 2074 nostris
2529 2018 2801 2074 fratribus
2875 2017 3170 2089 episcOpis,
3229 2015 3410 2070 visum
3478 2015 3642 2070 nobis

2005 2113 2196 2184 eisque
2222 2115 2326 2182 est,
2350 2113 2505 2184 quod
2535 2129 2648 2167 non
2678 2112 2993 2167 secundum
3024 2112 3289 2166 timorem
3309 2110 3428 2176 Dei,
3453 2125 3640 2180 neque

2004 2206 2320 2261 secundum
2345 2206 2604 2261 instituta
2629 2208 2858 2260 Patrum
2887 2220 3189 2275 sacrosque
3214 2219 3463 2258 canones
3489 2203 3641 2274 ejus-

2007 2300 2137 2355 dem
2160 2301 2392 2355 Joannis
2416 2300 2682 2355 antistitis
2710 2301 3001 2370 Lampeon
3031 2305 3116 2354 est
3143 2314 3311 2354 causa
3337 2297 3561 2368 cognita
3584 2301 3644 2352 et

2005 2394 2334 2462 terminata,
2381 2395 2468 2448 vel
2519 2393 2835 2465 pmnalibus
2882 2393 3161 2448 submissa
3205 2392 3328 2463 ejus
3374 2407 3636 2463 persona.

2005 2490 2308 2560 Propterea
2353 2505 2470 2543 non
2513 2489 2712 2543 leviter
2757 2487 3070 2542 contristati
3121 2502 3338 2554 sumus,
3385 2485 3640 2540 maxime

2005 2582 2138 2654 quia
2172 2587 2228 2636 et
2265 2582 2369 2637 sub
2399 2582 2654 2638 custodia
2693 2582 2900 2636 missus
2945 2581 3100 2637 idem
3133 2583 3380 2636 Joannes
3407 2580 3640 2635 antistes

2007 2678 2299 2748 Lampeon
2325 2677 2542 2744 diebus,
2572 2681 2628 2732 et
2656 2677 2858 2730 exinde
2889 2675 3276 2730 adducebatur
3301 2675 3359 2729 in
3391 2678 3634 2730 secreta-

2007 2771 2154 2825 rium
2169 2774 2280 2824 tuae
2297 2770 2689 2836 fraternitatis,
2705 2775 2768 2824 ut
2785 2769 2940 2841 quod
2953 2769 3143 2836 velles,
3158 2769 3366 2841 inquit,
3382 2770 3640 2839 loquere-

2007 2870 2117 2932 tur,
2141 2881 2205 2919 ac
2229 2880 2425 2919 rursus
2445 2865 2548 2918 sub
2571 2864 2833 2919 custodia
2859 2863 3174 2918 ducebatur
3194 2863 3266 2918 ad
3293 2861 3636 2928 clausuram,

2008 2958 2171 3013 sicuti
2210 2958 2380 3013 habet
2406 2957 2682 3013 confessio
2728 2957 3046 3012 defensoris
3077 2962 3188 3012 tuae
3235 2954 3553 3012 dilectionis
3581 2954 3641 3009 in

2007 3052 2289 3107 sententia
2317 3052 2387 3107 ab
2419 3069 2488 3107 eo
2525 3052 2689 3107 facta.
2722 3054 2959 3124 Insuper
2987 3055 3044 3106 et
3085 3050 3418 3106 hortabatur
3443 3051 3641 3104 contra

2006 3162 2291 3200 canonum
2315 3147 2475 3216 jussa
2507 3151 2816 3217 contraque
2852 3145 3046 3216 legum
3079 3145 3338 3199 instituta
3366 3143 3638 3210 existens,

2009 3242 2071 3294 ut
2096 3239 2258 3294 daret
2295 3239 2707 3310 ﬁdejussorem.
2739 3229 2959 3307 Deinde
3003 3238 3306 3309 oportebat
3331 3242 3492 3292 tuam
3519 3237 3637 3292 fra-

2009 3333 2334 3389 ternitatem
2350 3333 2662 3388 secundum
2681 3348 2967 3386 canonum
2985 3332 3238 3402 vigorem
3255 3335 3508 3401 tempore
3527 3346 3640 3401 quo

2007 3445 2064 3482 se
2092 3427 2251 3498 petiit
2285 3426 2358 3482 ad
2384 3443 2490 3481 nos
2523 3426 2717 3481 venire
2749 3442 2882 3480 eum
2914 3425 3207 3480 absolvere
3253 3424 3363 3479 tuis
3398 3423 3634 3490 litteris;

2007 3538 2178 3592 quem
2196 3539 2312 3576 non
2332 3521 2518 3576 solum
2537 3520 2763 3575 noluisti
2787 3519 3061 3574 canonice
3082 3518 3373 3574 absolvere
3393 3517 3464 3572 ad
3487 3517 3639 3587 prin-

2005 3616 2145 3687 cipis
2179 3616 2568 3687 apostolorum
2614 3614 2830 3679 limina,
2861 3613 2962 3668 sed
3001 3613 3183 3682 magis
3207 3611 3555 3684 respondisti
3586 3611 3637 3665 ei

2006 3709 2355 3776 indecenter,
2371 3708 2671 3780 inquiens:
2695 3707 2831 3780 quia
2857 3723 2973 3762 non
2995 3710 3390 3778 competenter
3408 3705 3636 3778 quaaris.

2005 3804 2141 3866 Quae
2169 3817 2306 3874 ergo
2338 3802 2519 3857 sancti
2558 3806 2871 3856 sanxerunt
2903 3803 3093 3857 Patres
3118 3799 3440 3856 indecentia
3467 3800 3640 3854 sunt?

2005 3899 2090 3950 An
2119 3896 2398 3967 placentia
2425 3896 2530 3950 tibi
2557 3895 2821 3950 decentia
2848 3895 3024 3950 sunt?
3045 3896 3223 3959 Quem
3243 3894 3420 3964 igitur
3440 3893 3640 3964 praafa-

2007 3995 2129 4044 tum
2167 3991 2444 4045 Joannem
2479 3989 2791 4044 antistitem
2825 4004 2987 4059 teque
3031 3987 3440 4058 inculpabilem
3471 4001 3632 4057 repe-

2005 4083 2233 4151 rientes,
2260 4084 2423 4154 juxta
2460 4087 2679 4137 textum
2719 4081 3020 4137 sententias
3049 4099 3081 4136 a
3108 4086 3163 4136 te
3189 4080 3353 4135 nobis
3383 4079 3635 4144 directae,

2006 4178 2244 4233 fecimus
2289 4177 2586 4232 nobiscum
2616 4193 2748 4232 cum
2795 4175 3073 4248 episcopis
3111 4175 3184 4230 ad
3216 4173 3514 4228 missarum
3545 4189 3634 4227 so-

2005 4271 2217 4326 lemnia
2242 4271 2301 4325 in
2323 4270 2587 4326 ecclesias
2614 4270 2711 4326 Dei
2742 4269 3082 4341 prmcedere.
3114 4271 3311 4340 Itaque
3339 4266 3638 4322 statuimus

2007 4368 2065 4419 et
2089 4364 2388 4420 firmamus
2415 4381 2517 4436 per
2541 4365 2712 4436 hujus
2735 4368 2941 4420 nostra;
2967 4362 3362 4436 praeceptionis
3389 4359 3636 4416 auctori-

2007 4462 2182 4513 tatem
2209 4458 2400 4513 omnia
2425 4475 2553 4530 quaa
2602 4476 2634 4512 a
2665 4462 2720 4514 te
2750 4464 2958 4530 tuaque
2997 4457 3210 4528 synodo
3242 4459 3439 4510 contra
3465 4470 3631 4508 cano-

1923 4565 1980 4635 D
2001 4568 2141 4606 num
2169 4552 2449 4618 instituta,
2473 4555 2785 4623 contraque
2806 4552 2999 4622 legum
3033 4550 3278 4617 decreta,
3310 4553 3486 4618 gesta,
3508 4563 3637 4601 con-

2006 4644 2220 4700 fectave
2248 4649 2398 4714 sunt,
2427 4647 2510 4699 vel
2541 4645 2885 4700 sententiam
2927 4643 3346 4714 promulgatam
3371 4640 3637 4696 adversus

2007 4755 2138 4793 eum
2154 4738 2351 4792 inania
2369 4743 2426 4792 et
2439 4754 2611 4792 vacua
2632 4753 2774 4803 esse,
2789 4735 2888 4790 sed
2914 4734 3193 4807 quidquid
3213 4734 3481 4790 claruerit
3501 4750 3634 4790 eum

2007 4831 2436 4887 damniﬁcatum
2466 4831 2837 4902 ejusdemque
2871 4829 3165 4884 ecclesiam
3186 4846 3218 4883 a
3244 4845 3560 4900 quoquam,
3585 4834 3640 4884 et

2007 4931 2103 4981 tua
2131 4925 2357 4981 dilectio
2387 4925 2555 4980 faciat
2582 4924 2768 4990 reddi,
2791 4939 2894 4995 per
2923 4923 3117 4977 omnia
3138 4939 3476 4978 conservans
3501 4938 3633 4976 eum

2005 5019 2220 5090 absque
2247 5019 2492 5088 damno;
2516 5018 2948 5074 denominatum
2971 5016 3125 5072 enim
3145 5018 3423 5072 Joannem
3441 5020 3636 5087 utpote

2007 5113 2368 5168 innocentem
2397 5113 2756 5178 existentem,
2779 5128 2909 5166 cum
2946 5111 3247 5184 pcenitenti
3277 5115 3468 5165 nostra
3500 5125 3638 5180 prte-

2005 5206 2265 5277 ceptione
2294 5205 2643 5260 absolvimus
2671 5205 2824 5274 hinc,
2861 5210 2921 5260 ut
2952 5206 3096 5261 sicut
3137 5206 3326 5260 caeteri
3357 5207 3469 5257 tua;
3497 5202 3633 5257 dile-

2005 5299 2204 5354 ctionis
2234 5299 2505 5370 episcopi,
2535 5303 2591 5354 et
2620 5300 2668 5354 is
2697 5316 2812 5354 suae
2847 5300 3100 5354 ecclesiae
3133 5296 3469 5353 utilitatibus
3507 5312 3638 5350 cum

2007 5394 2105 5448 Dei
2121 5409 2396 5464 peragere
2415 5393 2617 5448 timore
2645 5409 3048 5464 sacrarumque
3074 5391 3400 5462 regularum
3419 5389 3639 5444 institu-

2005 5487 2158 5542 tione
2174 5486 2377 5542 debeat
2392 5503 2615 5541 morem
2627 5528 2640 5540 .
2661 5487 2972 5558 Oportebat
2990 5484 3256 5555 denique,
3275 5483 3636 5539 dilectissime

2003 5581 2201 5646 frater,
2241 5580 2541 5652 oportebat
2586 5597 2690 5634 nos
2728 5579 2935 5634 similia
2981 5577 3260 5632 similibus
3299 5576 3632 5632 retribuere.

2005 5674 2114 5728 Sed
2163 5675 2284 5728 haec
2332 5673 2518 5745 magis
2562 5689 2664 5745 per
2705 5673 3086 5743 ignorantiam
3131 5671 3437 5742 opinamur
3477 5676 3636 5742 gesta

2005 5784 2122 5822 esse
2151 5783 2322 5839 quam
2355 5784 2456 5838 per
2481 5767 2868 5822 calliditatem.
2900 5768 3206 5838 Propterea
3234 5781 3362 5837 quze
3384 5764 3636 5836 praecipi-

2005 5878 2130 5916 mus
2151 5861 2250 5916 tibi
2279 5861 2595 5917 secundum
2625 5863 2823 5928 Deum,
2845 5867 2901 5915 ct
2925 5866 3159 5933 propter
3181 5859 3481 5916 Dominum
3503 5864 3638 5915 tme-
