4092 6192
454 296 586 348 1143

449 419 558 473 que
586 419 859 475 peragere
883 405 1118 474 synodo,
1153 406 1314 460 stude
1358 406 1508 460 illico
1547 422 1840 478 peragere,
1872 424 1944 462 ne
1971 424 2066 462 co-
2092 419 2151 488 Α

447 513 654 566 gamur
677 512 791 550 non
831 497 1304 569 misericorditer,
1333 499 1432 555 sed
1461 500 1779 556 secundum
1807 501 2076 557 virtutem

446 590 954 646 sacratissimorum
1027 609 1312 648 canonum
1377 595 1716 650 conversari.
1787 595 2077 666 Scriptum

447 701 690 756 namque
723 690 838 740 est:
860 708 888 735 «
911 687 1181 742 Dominus
1201 687 1387 759 inquit
1411 705 1423 743 :
1448 691 1630 756 Petre,
1655 689 1849 760 rogavi
1873 706 1974 760 pro
1995 694 2075 758 te,

445 784 506 834 ut
563 795 682 834 non
739 779 1007 835 deficeret
1081 782 1222 836 fides
1299 786 1414 848 tua,
1475 788 1533 837 et
1606 787 1668 838 tu
1741 783 2073 854 aliquando,

443 889 748 928 conversus
789 875 1066 928 conﬁrma
1119 877 1326 930 fratres
1368 881 1494 930 tuos
1533 876 1680 946 (Luc.
1721 893 1855 946 xxu,
1890 878 2010 947 32);
2047 901 2071 926 »

445 971 500 1022 et
521 985 750 1023 rursum
781 987 792 1024 :
820 990 848 1021 «
873 969 1270 1041 Quodcunque
1304 971 1588 1041 ligaveris,
1621 973 1804 1040 Petre,
1822 971 1881 1025 in
1901 977 2074 1038 terra,

443 1063 551 1116 erit
570 1063 810 1134 ligatum
835 1063 893 1118 in
913 1065 1072 1131 coelo,
1092 1068 1149 1118 et
1173 1064 1555 1135 quodcunque
1576 1065 1806 1120 solveris
1825 1065 1882 1119 in
1905 1067 2074 1132 terra,

441 1156 551 1210 erit
576 1156 824 1212 solutum
853 1161 909 1213 et
936 1159 996 1212 in
1029 1159 1167 1213 coelo
1198 1159 1410 1226 (Matth.
1440 1175 1552 1228 xw,
1583 1159 1686 1229 19).
1720 1182 1746 1208 ››
1770 1161 2076 1230 Postquam

439 1264 570 1304 vero
600 1253 852 1304 nostram
893 1251 1340 1322 praeceptionem
1386 1256 1485 1306 tua
1541 1252 1765 1307 dilectio
1803 1252 2078 1323 relegerit

440 1343 587 1397 hanc
615 1344 914 1414 poenitenti
945 1345 1203 1415 portitori
1231 1346 1466 1400 Joannis
1511 1346 1763 1417 episcopi
1800 1346 2078 1400 nimirum

443 1437 650 1491 reddat
669 1454 773 1508 pro
802 1439 887 1492 sui
906 1439 1279 1509 ejusdemque
1300 1439 1558 1495 Ecclesiae
1578 1439 1915 1495 munitione.
1939 1440 2078 1495 Data

442 1530 530 1584 die
558 1547 611 1586 v1
643 1532 1033 1588 Kalendarum
1066 1533 1380 1604 Septemb.,
1413 1533 1721 1589 indictione
1748 1533 2073 1590 undecima.

923 1683 952 1735 Ι
954 1685 1056 1735 tem
1090 1683 1313 1751 epistola
1343 1682 1596 1751 ejusdem.

511 1815 839 1870 VITALIANUS
876 1817 1047 1871 VAANI
1097 1815 1443 1871 cubiculario
1493 1821 1550 1872 et
1602 1817 1886 1888 imperiali
1911 1781 2152 1873 char-B

440 1907 671 1962 tulario.

509 2002 748 2072 Semper
809 2004 1078 2058 celsitudo
1129 2008 1315 2059 vestra
1378 2006 1484 2076 piis
1544 2006 1871 2060 hominibus
1925 2023 2071 2077 prte-

439 2095 563 2150 buit
633 2113 973 2151 concursum
1000 2140 1013 2164 ,
1091 2115 1425 2169 semperque
1499 2099 2076 2171 irreprehensibiliter

437 2188 754 2244 viventibus
780 2189 980 2245 tribuit
1003 2191 1246 2246 libenter
1265 2208 1454 2262 opem.
1480 2192 1730 2264 Ideoque
1751 2209 2072 2264 congruum

439 2283 807 2354 praevidimus
842 2301 948 2355 per
972 2285 1282 2356 praesentia
1308 2288 1504 2340 nostra
1550 2286 1758 2357 scripta
1791 2288 2072 2342 Joannem

439 2376 756 2432 antistitem
785 2377 1049 2432 Ecclesiae
1074 2379 1432 2450 Lampensis,
1458 2379 1579 2434 sitae
1601 2379 1864 2435 ininsula
1887 2381 2069 2448 Creta,

439 2471 494 2524 ei
538 2471 598 2525 in
630 2471 895 2526 omnibus
939 2473 1364 2540 commendare,
1398 2478 1682 2544 quatenus
1729 2474 1923 2529 divina
1967 2491 2073 2545 ope

439 2565 670 2635 praevia,
690 2564 923 2636 ejusque
945 2565 1208 2621 suffultus
1237 2566 1508 2638 suffragio
1527 2569 1711 2622 valeat
1731 2568 1802 2623 ad
1818 2571 2071 2622 sanctam

436 2657 698 2714 celeriter
728 2675 981 2715 remeare
1009 2660 1334 2715 Ecclesiam.
1363 2663 1469 2716 Per
1493 2661 1888 2733 Septembrem
1916 2662 2071 2717 enim

436 2769 696 2808 mensem
739 2756 1083 2824 praesentem
1127 2754 1444 2810 undecima
1491 2755 1816 2810 indictionis
1865 2756 1924 2809 in
1968 2756 2074 2810 hac

437 2847 698 2901 Romana
724 2846 866 2901 urbe
893 2846 966 2900 ad
1004 2849 1398 2918 apostolorum
1440 2849 1617 2904 nostri
1647 2848 1912 2903 culminis
1936 2865 2068 2920 pro-

438 2943 720 2994 tectorum
750 2939 956 2994 limina
985 2941 1240 3007 veniens,
1272 2941 1480 2997 obtulit
1520 2942 1685 2996 nobis
1734 2942 2070 3013 petitionem

438 3048 540 3104 per
560 3048 734 3104 quam
761 3033 1091 3105 suppliciter
1115 3039 1378 3105 precatus
1401 3038 1488 3090 est
1515 3052 1636 3105 nos,
1655 3041 1720 3091 ut
1745 3037 1868 3107 ejus
1888 3053 2072 3091 causan

1341 297 1625 353 AI’I‘END.
1669 298 1754 350 Al)
1792 297 1955 351 S/EC.
2001 298 2088 350 1X.
2118 325 2184 335 ·-
2227 298 2462 354 lSlDOlll
2504 299 2929 355 MERCATORIS

3689 307 3814 360 Hii

2444 410 2574 463 Item
2599 409 2836 478 ejusdem
2865 409 2938 464 ad
2966 410 3198 464 Paulum
3224 410 3544 466 Cretensem.

2249 513 2581 566 VITALIANUS
2618 513 2798 568 PAULO
2826 511 3093 584 episcopo
3120 513 3396 569 Cretensi.

2250 605 2331 660 Ad
2345 605 2734 677 cognitionem
2748 611 2860 661 tuae
2879 606 3199 662 dilectionis
3219 624 3541 680 congruum
3555 612 3815 681 praevidi~

2177 716 2305 753 mus
2319 699 2652 770 perducere,
2668 715 2733 754 eo
2749 699 2900 771 quod
2912 702 3160 755 Joannes
3177 702 3471 773 episcopus
3487 703 3818 776 Lampensis

2177 794 2438 848 Ecclesiae
2464 793 2630 848 nobis
2657 795 3022 864 suggesserit,
3043 812 3298 851 asserens
3325 798 3476 867 quod
3498 799 3622 867 ejus
3640 815 3814 869 paro-

2177 888 2320 941 chire
2349 887 2696 958 pertinentia
2717 889 3058 944 monasteria
3086 907 3288 956 unum,
3311 891 3464 962 quod
3487 892 3815 962 appellaba-

2177 986 2271 1036 tur
2295 982 2476 1048 Palea,
2512 986 2567 1036 et
2613 982 2882 1051 alterum,
2914 984 3070 1053 quod
3121 989 3352 1040 vocatur
3396 986 3607 1051 ArsiIIi,
3640 1003 3676 1039 a
3725 992 3818 1040 tua

2177 1075 2423 1130 Ecclesia
2467 1091 2587 1130 esse
2621 1076 2836 1130 invasa.
2881 1076 3129 1148 Ideoque
3173 1080 3221 1133 si
3268 1078 3341 1134 ita
3372 1082 3478 1148 est,
3510 1079 3816 1134 hortamur

2177 1173 2337 1223 tuam
2386 1168 2778 1224 charissimam
2821 1169 3260 1240 fraternitatem,
3290 1177 3354 1226 ut
3392 1173 3463 1239 ei,
3497 1173 3816 1228 secundum

2176 1263 2453 1317 terminos
2480 1268 2808 1318 sanctorum
2840 1280 3148 1334 canonum,
3183 1266 3423 1322 reddere
3464 1266 3656 1333 faciat,
3685 1268 3817 1338 quia

2178 1356 2484 1427 unicuique
2553 1357 2702 1428 quod
2760 1358 2981 1428 justum
3038 1364 3123 1414 est
3161 1359 3421 1414 volumus
3464 1362 3814 1428 conservari,

2177 1449 2422 1505 maxime
2463 1467 2497 1504 a
2544 1451 2752 1506 nostris
2794 1452 3086 1507 fratribus.
3131 1453 3517 1524 Cognovimus
3566 1455 3817 1525 denique

2176 1544 2333 1614 quod
2361 1544 2594 1615 quidam
2625 1545 2919 1614 diaconus,
2950 1546 3184 1600 nomine
3207 1548 3479 1615 Joannes,
3507 1553 3813 1619 postquam

2177 1640 2540 1692 consecratus
2566 1643 2650 1694 est
2677 1637 2940 1694 minister
2979 1640 3290 1711 accepisset
3331 1657 3589 1709 uxorem,
3620 1645 3679 1697 et
3703 1658 3816 1696 non

2178 1732 2364 1787 solum
2391 1732 2518 1801 hoc,
2550 1732 2647 1787 sed
2675 1733 2735 1787 in
2765 1733 2984 1787 duabus
3008 1734 3267 1789 Ecclesiis
3303 1735 3539 1790 militet.
3568 1735 3817 1806 Ideoque

2177 1826 2224 1879 si
2261 1826 2340 1880 ita
2369 1828 2472 1894 est,
2502 1826 2611 1880 hoc
2640 1832 2737 1882 tua
2781 1826 3150 1882 dilectissime
3196 1828 3527 1884 fraternitas
3572 1846 3679 1901 pro
3720 1829 3816 1883 Dei

2177 1935 2375 1974 amore
2418 1919 2687 1990 corrigat,
2718 1935 2788 1975 ne
2819 1920 3007 1976 denuo
3039 1921 3367 1992 hujusmodi
3410 1922 3573 1978 nefas
3613 1939 3815 1994 prove-

2176 2013 2298 2067 niat
2337 2013 2410 2067 ad
2438 2012 2618 2067 instar
2647 2013 2796 2068 male
2833 2014 3160 2069 viventium.
3195 2015 3406 2071 Deinde
3443 2017 3821 2088 cognovimus

2174 2107 2328 2178 quod
2357 2106 2672 2177 quemdam
2699 2107 2994 2175 curialem,
3017 2109 3253 2164 nomine
3289 2111 3687 2181 Eulampium,
3716 2112 3816 2166 ha-

2174 2200 2307 2256 beat
2321 2199 2483 2271 quasi
2496 2199 3031 2256 consiliarium.Non
3052 2201 3208 2257 enim
3222 2207 3287 2257 ut
3298 2203 3460 2258 nobis
3474 2208 3820 2276 suggestum

2175 2297 2278 2360 est,
2308 2309 2441 2348 eum
2471 2296 2692 2349 constat
2719 2310 2840 2350 esse
2866 2295 3035 2350 bonae
3053 2295 3204 2350 vitae.
3234 2296 3330 2351 Ille
3351 2297 3505 2352 enim
3533 2298 3820 2369 quotidie,

2175 2393 2236 2441 ut
2260 2387 2460 2456 fertur,
2483 2387 2632 2443 inter
2651 2387 2856 2443 fratres
2888 2388 3106 2444 zizania
3136 2389 3402 2457 seminat,
3425 2394 3491 2445 ut
3516 2391 3592 2446 de
3617 2408 3822 2447 eorum

2175 2481 2457 2536 discordia
2477 2481 2832 2552 marsupium
2851 2481 3105 2554 impleat.
3132 2483 3538 2553 Quamobrem,
3553 2485 3601 2539 si
3616 2485 3696 2539 ita
3719 2491 3821 2553 est,

2174 2575 2477 2629 hortamur
2502 2579 2663 2630 tuam
2690 2575 3107 2631 fraternitatem
3128 2593 3260 2631 eum
3283 2594 3316 2632 a
3337 2593 3396 2632 se
3427 2578 3743 2649 projicere,
3761 2585 3826 2634 ut

2174 2669 2294 2739 ejus
2321 2668 2516 2741 opinio
2546 2685 2739 2724 coram
2771 2670 2904 2737 Deo,
2935 2673 2994 2724 et
3022 2670 3349 2726 hominibus
3383 2671 3614 2728 ﬂoreat.
3651 2674 3818 2737 Data,

2174 2766 2236 2817 ut
2264 2779 2455 2834 supra.

2659 2837 2789 2890 Item
2816 2836 3046 2905 epistola
3075 2835 3327 2905 ejusdem.

2245 2941 2568 2996 VITALIANUS
2596 2939 2841 2995 GEORGIO
2872 2941 3136 3012 episcOpo
3167 2942 3534 3013 Syracusano.

2245 3034 2406 3090 Gesta
2430 3033 2544 3088 sive
2573 3034 2915 3089 sententiam
2947 3051 2982 3089 a
3025 3039 3122 3089 tua
3151 3034 3507 3090 fraternitate
3539 3035 3827 3093 directam

437 3127 709 3181 meritum
774 3132 1186 3198 cognoscentes
1261 3129 1534 3184 canonice
1608 3130 2067 3186 terminaremus.
2093 3152 2147 3226 Ο
2174 3127 2535 3183 dilectissimo
2554 3127 2670 3182 ﬁlio
2695 3131 2893 3182 nostro
2918 3128 3232 3184 Gaudentio
3253 3129 3603 3201 primicerio,
3619 3131 3737 3186 sibi
3756 3132 3826 3186 ab

440 3220 658 3276 Obtulit
687 3221 930 3293 denique
960 3222 1123 3277 nobis
1150 3226 1209 3278 et
1229 3224 1575 3278 sententiam
1605 3241 1776 3296 quam
1807 3225 2067 3296 promul-

438 3315 592 3385 gavit
621 3315 741 3386 ejus
767 3317 1238 3387 metropolitanus
1265 3333 1395 3372 cum
1423 3318 1539 3372 suis
1567 3319 1846 3390 episcopis
1878 3319 2072 3374 adver-

437 3424 532 3462 sus
554 3410 823 3464 eumdem
846 3411 1144 3480 Joannem,
1169 3411 1365 3465 volens
1393 3428 1525 3466 eum
1549 3413 1849 3467 ostendere
1873 3428 2068 3484 repre-

437 3502 795 3569 hensibilem,
829 3521 934 3575 per
961 3521 1134 3576 quam
1163 3521 1297 3559 eum
1319 3510 1516 3560 contra
1536 3521 1824 3562 canonum
1849 3507 2072 3562 decreta

437 3597 755 3667 peanalibus
797 3598 1080 3653 submisit.
1113 3599 1285 3670 Cujus
1330 3600 1622 3670 exemplar
1651 3603 1708 3654 et
1751 3599 1908 3654 idem
1951 3601 2072 3671 ejus

439 3690 906 3761 metropolitanus
962 3692 1126 3747 nobis
1170 3692 1393 3747 direxit.
1447 3694 1751 3764 Propterea
1796 3693 2071 3749 facientes

437 3785 777 3857 congregari
807 3785 1100 3857 episcopos
1123 3787 1183 3840 in
1215 3787 1318 3841 hac
1348 3787 1506 3854 urbe,
1530 3787 1653 3858 ejus
1679 3803 1847 3842 causa
1871 3791 1957 3844 est
1975 3805 2070 3843 co-

438 3879 617 3948 gnita,
660 3879 870 3933 relecta
917 3880 1180 3936 videlicet
1218 3880 1491 3952 petitione
1536 3881 1677 3951 ejus.
1724 3882 1792 3936 Et
1837 3882 2072 3953 praefata

436 3973 722 4028 sententia
738 3973 810 4027 ab
829 3973 1033 4029 eodem
1045 3974 1488 4046 metropolitano
1511 3974 1630 4046 ejus
1652 3974 1818 4030 nobis
1837 3975 2070 4047 directa,

436 4065 619 4120 visum
667 4066 829 4120 nobis
875 4070 979 4135 est,
1025 4084 1144 4123 non
1206 4069 1522 4124 secundum
1581 4084 1772 4123 sacros
1826 4086 2072 4124 canones

437 4159 701 4213 eamdem
715 4176 837 4214 esse
853 4163 1197 4216 sententiam
1219 4163 1659 4233 promulgatam,
1680 4163 1925 4233 ideoque
1945 4179 2071 4218 eam

436 4251 671 4307 inanem
698 4256 868 4322 atque
897 4253 1090 4326 284
1119 4271 1350 4310 vacuam
1379 4255 1682 4309 statuimus
1712 4256 1852 4324 fore,
1875 4256 2068 4311 decer-

438 4350 638 4401 nentes
687 4347 959 4402 eumdem
1001 4349 1284 4403 Joannem
1324 4349 1685 4404 innocentem
1729 4349 1990 4417 existere,
2018 4354 2074 4405 et

436 4439 646 4512 absque
673 4440 865 4511 aliqua
889 4441 1058 4514 culpa
1081 4459 1215 4496 eum
1245 4443 1317 4497 ab
1340 4443 1464 4514 ejus
1484 4443 1844 4514 metropolita
1872 4445 2073 4515 quaeri-

2170 3221 2420 3276 antistite
2465 3221 2748 3276 Cretensis
2791 3221 2989 3276 insulze
3053 3222 3447 3278 transmissam
3495 3240 3604 3295 pro
3645 3241 3826 3279 causa

2172 3314 2762 3386 episcopiLampensis
2781 3315 3035 3370 Ecclesia!
3052 3317 3826 3387 suscepimus.Quamobrem

2173 3407 2441 3463 admirati
2485 3424 2706 3475 sumus,
2735 3425 2837 3462 cur
2862 3409 3006 3480 ipse,
3041 3409 3325 3465 Cretensis
3369 3410 3611 3466 antistes
3652 3413 3827 3467 nobis

2170 3506 2267 3557 aut
2293 3519 2398 3574 per
2425 3519 2592 3557 suum
2621 3502 2894 3557 clericum
2925 3503 3071 3558 hanc
3102 3503 3340 3560 minime
3384 3504 3688 3572 direxerit,
3724 3513 3827 3561 aut

2171 3613 2274 3667 per
2300 3613 2400 3650 sua
2419 3596 2630 3666 scripta
2650 3613 2765 3650 non
2787 3596 3123 3652 indicaverit
3142 3613 3269 3668 quae
3293 3601 3455 3652 erant
3476 3601 3823 3654 necessaria.

2171 3690 2443 3745 Praefatus
2472 3690 2628 3746 enim
2664 3692 2907 3746 Joannes
2936 3691 3271 3762 Lampensis
3315 3691 3583 3747 Ecclesia:
3613 3693 3821 3764 hujus-

2172 3785 2326 3838 modi
2357 3784 2698 3839 sententiam
2725 3801 2900 3838 manu
2929 3784 3052 3854 ejus
3079 3785 3484 3856 metropolita,
3515 3786 3822 3859 episeopo-

2171 3894 2416 3950 rumque
2446 3878 2841 3948 subscriptam,
2871 3895 3001 3933 cum
3035 3895 3135 3932 sua
3158 3879 3322 3933 nobis
3351 3879 3564 3934 obtulit
3585 3881 3821 3951 petitio-

2171 3989 2264 4040 ne,
2296 3972 2587 4044 postulans
2614 3988 2731 4026 sum
2761 3988 2945 4026 causae
2975 3972 3249 4028 meritum
3277 3973 3555 4028 canonice
3575 3976 3822 4046 requiri.

2169 4066 2340 4137 Cujus
2367 4065 2632 4137 precibus
2657 4065 2822 4135 moti,
2848 4082 2954 4137 pro
2982 4065 3079 4122 tali
3104 4081 3165 4120 re
3187 4066 3245 4120 in
3273 4066 3380 4120 hac
3401 4066 3547 4122 urbe
3576 4068 3824 4123 fecimus

2172 4159 2513 4232 congregari
2551 4159 2853 4230 synodum,
2889 4163 2952 4214 ut
2990 4164 3432 4231 cognosceretur
3477 4160 3819 4231 hujusmodi

2170 4253 2488 4325 negotium.
2544 4253 2800 4323 Cumque
2853 4258 3004 4308 esset
3048 4255 3413 4325 congregata,
3455 4254 3674 4310 relecta
3737 4259 3822 4310 est

2172 4347 2448 4402 nimirum
2481 4346 2678 4418 petitio
2702 4347 2938 4401 Joannis
2964 4346 3240 4417 praesulis,
3259 4363 3322 4400 ac
3351 4348 3644 4403 sententia
3663 4365 3700 4402 a
3721 4355 3822 4404 tua

2171 4442 2385 4496 directa
2415 4439 2786 4496 fraternitate.
2817 4439 3032 4504 Quibus
3062 4440 3226 4495 nobis
3256 4440 3451 4512 eisque
3484 4441 3677 4497 visum
3712 4447 3819 4510 est,

442 4551 574 4590 mur
616 4535 909 4604 subivisse,
941 4553 1112 4608 quem
1157 4537 1362 4592 merito
1410 4537 1757 4592 absolvimus
1797 4538 1866 4593 ad
1909 4555 2069 4594 suam
2089 4521 2148 4594 D
2171 4551 2289 4590 non
2317 4535 2632 4589 secundum
2657 4532 3068 4588 sacratissimos
3093 4549 3357 4604 canones,
3379 4549 3573 4607 neque
3603 4553 3820 4592 secun-

436 4630 742 4684 Ecclesiam
772 4631 1018 4702 regredi,
1052 4631 1361 4687 scribentes
1393 4631 1517 4703 ejus
1544 4632 1747 4703 saepius
1775 4632 2070 4687 nominato

437 4723 834 4793 metropolita,
856 4729 920 4779 ut
940 4742 1070 4796 qua:
1097 4741 1202 4796 per
1222 4725 1642 4797 simplicitatem
1667 4725 1925 4797 egeritin
1947 4726 2070 4797 ejus

435 4831 738 4884 personam
766 4821 962 4873 contra
989 4835 1276 4874 canonum
1316 4819 1562 4886 decreta,
1590 4821 1778 4874 essent
1807 4835 1986 4874 vacua
2013 4825 2070 4875 et

435 4907 643 4963 inania.
660 4910 935 4966 Eumdem
951 4911 1142 4983 itaque
1154 4913 1454 4982 Joannem,
1468 4916 1534 4966 ut
1550 4911 1765 4967 dictum
1786 4916 1889 4980 est,
1902 4912 2070 4968 antis-

439 5001 599 5057 titem
615 5007 816 5058 vestra:
835 5005 1058 5060 eximiae
1086 5005 1347 5060 charitati
1373 5022 1477 5078 per
1492 5006 1592 5060 has
1614 4987 1829 5061 nostras
1849 5006 2069 5062 litteras

434 5097 924 5165 commendantes,
950 5099 1082 5153 hinc
1103 5099 1477 5168 absolvimus;
1504 5100 1575 5155 ad
1593 5105 1778 5155 vestra
1794 5099 2068 5155 nimirum

435 5190 861 5246 ambulatumm
906 5191 1164 5264 vestigia,
1195 5197 1256 5247 ut
1294 5193 1495 5250 exinde
1539 5210 1734 5248 rursus
1777 5210 1908 5249 cum
1952 5194 2068 5249 suis

431 5285 654 5356 scriptis
693 5302 822 5340 eum
855 5287 1147 5341 absolvere
1177 5287 1421 5355 festinet,
1447 5304 1776 5359 quaesumus
1804 5289 1875 5343 ad
1906 5304 2066 5342 suam

430 5379 756 5447 Ecclesiam,
774 5381 1240 5435 commendantes
1269 5397 1400 5436 eum
1423 5382 1629 5453 quibus
1647 5381 2070 5453 praeviderit,ut

430 5472 640 5528 illtesus
650 5473 851 5528 debeat
864 5491 1006 5529 esse.
1021 5475 1282 5530 Profecto
1301 5476 1458 5530 enim
1475 5493 1585 5530 una
1601 5491 1827 5531 mecum
1848 5491 1915 5529 cu
1924 5475 2067 5529 nctis

433 5565 632 5622 diebus
661 5568 790 5623 vitae
821 5585 958 5636 suae,
989 5572 1046 5624 et
1074 5568 1193 5640 ipse
1223 5585 1324 5640 pro
1355 5574 1554 5623 vestrae
1581 5568 2068 5624 excellentissima:

431 5659 720 5715 charitatis
750 5661 1124 5732 prosperitate
1153 5679 1218 5716 ac
1257 5662 1625 5733 longaevitate
1672 5661 2068 5732 deprecabitur

436 5753 759 5808 Dominum.
807 5755 943 5809 Data
993 5755 1083 5810 die
1127 5772 1176 5808 γι
1228 5756 1347 5810 Kal.
1399 5756 1559 5810 Febr.
1613 5754 1915 5810 indictione
1961 5771 2063 5809 un-

438 5842 674 5897 decima.

2172 4629 2311 4683 dum
2337 4627 2593 4683 instituta
2620 4629 2850 4683 Patrum
2877 4643 2997 4682 esse
3025 4628 3223 4682 eadem
3255 4632 3419 4699 gesta
3445 4629 3822 4702 promulgata

2169 4721 2440 4776 adversus
2463 4719 2953 4792 prmnominatum
2984 4721 3273 4791 Lampeon
3299 4720 3565 4776 Ecclesiae
3592 4722 3820 4794 episco-

2169 4831 2326 4886 pum.
2373 4815 2582 4870 ldcirco
2630 4814 2980 4870 decrevimus
3021 4831 3146 4868 eam
3192 4830 3296 4886 per
3334 4817 3549 4870 nostra:
3596 4833 3819 4888 praeces

2168 4909 2376 4981 ptionis
2402 4908 2798 4964 auctoritatem
2825 4924 2947 4963 esse
2981 4907 3210 4963 inanem
3237 4913 3293 4964 et
3320 4925 3588 4978 vacuam,
3623 4910 3819 4964 absol-

2168 5007 2360 5059 ventes
2389 5019 2522 5058 eum
2544 5002 2618 5058 ad
2647 5019 2806 5057 suam
2836 5001 3145 5057 Ecclesiam
3169 5017 3426 5058 remeare
3452 5019 3588 5057 cum
3621 5008 3818 5059 nostra

2168 5096 2549 5170 praeceptione
2592 5095 2666 5150 ad
2713 5095 2984 5151 eumdem
3017 5095 3139 5166 ejus
3176 5095 3611 5167 metropolitam
3643 5097 3814 5152 facta.

2167 5191 2405 5262 Ideoque
2442 5205 2508 5245 eo
2535 5189 2645 5244 illic
2677 5189 2749 5244 ad
2779 5192 2937 5244 tuam
2965 5188 3384 5244 fraternitatem
3425 5189 3818 5261 conjungente

2169 5285 2222 5339 ei
2264 5285 2344 5340 ita
2387 5288 2712 5350 concurrat,
2764 5287 2826 5338 ut
2873 5299 3004 5337 cum
3063 5282 3267 5338 litteris
3329 5283 3820 5339 commendatitiis

2169 5377 2390 5433 domini
2435 5375 2897 5432 excellentissimi
2925 5375 3098 5430 Vaani
3129 5375 3229 5430 filii
3279 5376 3456 5431 nostri
3496 5375 3818 5448 imperialis

2167 5471 2492 5526 cubicularii
2506 5475 2562 5526 et
2572 5469 2900 5525 ehartularii
2921 5470 2993 5524 ad
3009 5485 3172 5524 suam
3195 5469 3506 5524 Ecclesiam
3529 5486 3817 5542 prospere

2167 5568 2504 5620 revertatur.
2539 5564 2674 5619 Viva
2703 5563 2859 5618 enim
2887 5579 3022 5618 voce
3050 5579 3153 5634 pro
3195 5579 3295 5617 sua
3322 5579 3494 5617 causa
3522 5563 3818 5618 subtiliter

2167 5665 2281 5716 tuae
2302 5658 2667 5725 fraternitati,
2686 5658 2824 5713 dum
2844 5657 2913 5712 ab
2935 5673 3000 5712 ea
3019 5656 3323 5728 requisitus
3337 5655 3533 5724 fuerit,
3551 5657 3814 5728 profecto

2167 5753 2464 5820 indicabit,
2498 5752 2802 5807 ostendens
2829 5751 2880 5806 ei
2911 5750 3204 5822 exemplar
3227 5750 3500 5822 praecepti
3527 5751 3708 5806 nostri
3734 5750 3810 5805 ad

2171 5848 2494 5904 Cretensem
2516 5845 2940 5919 metropolitam
2963 5844 3181 5900 directi.
3201 5845 3528 5917 Propterea,
3546 5843 3810 5916 Sylvinus
