4092 6192
315 359 451 412 1143

1528 354 1996 414 DECRETALIUM
2036 359 2426 416 COLLECTIO.

3544 365 3678 418 1146

308 465 415 518 tibi
442 464 1354 536 intimabitomniapraedicata,nc
1368 466 1600 521 modum
1625 467 1948 540 transgredi
1968 480 2022 552 Α
2049 469 2286 523 missum
2317 469 2589 524 delictum
2635 468 2821 524 divina
2869 471 3050 540 gratia
3078 470 3438 542 exstinguere
3469 472 3676 526 valeat.

307 559 630 613 litterarum
658 575 1043 614 cerneremur.
1069 560 1202 614 Data
1229 561 1292 614 ut
1321 577 1507 630 supra.

419 707 778 762 EXEMPLAR
818 707 1168 763 EPISTOL/E
1205 708 1486 763 MARTINI
1525 709 1720 762 ΡΛΡᾹΞ
1760 711 1848 763 AD

965 801 1313 856 AMANDUM.

381 935 756 989 Dilectissimo
788 935 942 989 fratri
978 939 1210 990 AMANDO
1241 936 1535 991 MARTINUS.

380 1029 768 1082 Fraternitatis
791 1032 901 1083 tua!
921 1029 1109 1082 studio
1130 1029 1350 1099 pietatis
1376 1033 1708 1100 congestam
1740 1029 1941 1099 episto-

307 1124 422 1176 lam
437 1121 1056 1192 suscipientes,animos
1067 1125 1290 1177 nostros
1303 1123 1550 1177 relevare
1563 1123 1942 1194 cognoscitur.

307 1215 529 1287 Quippe
541 1215 810 1287 quoniam
819 1216 1001 1286 ,bujus
1013 1216 1207 1270 saeculi
1221 1216 1550 1287 fluctivagas
1561 1221 1730 1288 atque
1744 1215 1946 1270 transi-

307 1310 474 1363 torias
500 1309 815 1380 despiciens
839 1309 1260 1379 oblectationes,
1289 1309 1390 1365 illa
1413 1327 1542 1382 qua:
1579 1314 1856 1381 perpetua
1891 1314 1947 1364 et

303 1403 573 1457 sublimia
599 1403 752 1457 dona
778 1420 880 1474 pro
902 1403 1140 1458 Domino
1173 1404 1286 1458 Deo
1314 1408 1511 1458 nostro
1539 1403 1827 1474 obsequiis
1850 1403 1946 1456 tri-

304 1495 562 1550 buuntur
604 1500 874 1567 appetere
916 1501 1134 1551 certum
1187 1502 1287 1551 est.
1333 1499 1409 1552 Ex
1449 1496 1723 1551 relatione
1772 1496 1946 1567 igitur

297 1589 464 1659 juxta
511 1593 772 1644 tenorem
825 1593 938 1643 tuae
990 1589 1358 1644 fraternitatis
1413 1589 1696 1660 epistolae,
1754 1590 1946 1644 latoris

307 1684 692 1753 praesentium,
713 1683 972 1738 laborum
991 1686 1224 1738 tuorum
1246 1687 1533 1738 certamen
1553 1683 1942 1755 cognovimus,

305 1793 373 1831 ex
433 1776 640 1848 quibus
702 1777 940 1832 ccelestis
1003 1777 1204 1849 patriai
1263 1793 1494 1833 assensu
1526 1819 1540 1844 ,
1603 1777 1945 1832 humilitatis

307 1847 591 1925 mentibus
606 1875 778 1941 atque
795 1847 1056 1927 contritis
1073 1871 1426 1943 corporibus,
1443 1871 1603 1925 vobis
1623 1871 1944 1926 futurorum
1964 1847 2020 1919 B

306 1963 643 2035 gaudiorum
685 1965 977 2036 largienda
1025 1969 1158 2020 sunt
1201 1981 1460 2020 munera.
1517 1966 1658 2019 Nam
1703 1982 1834 2020 cum
1875 1965 1946 2019 sit

304 2058 448 2112 nulli
501 2059 911 2130 comparationi
965 2059 1202 2114 omnino
1254 2058 1673 2130 corequandum
1724 2059 1876 2131 quod
1913 2076 1946 2113 a

304 2152 566 2207 Creatore
597 2156 789 2206 nostro
831 2169 936 2224 pro
976 2152 1139 2207 bonis
1179 2153 1420 2208 servitiis
1457 2157 1941 2224 recompensatur,

306 2250 442 2304 dum
463 2250 622 2304 brevi
648 2253 819 2321 atque
850 2267 1022 2320 parvo
1051 2251 1326 2322 temporis
1352 2250 1535 2322 spatio
1563 2251 1844 2305 finiuntur
1868 2250 1945 2305 la-

306 2344 490 2411 bores,
533 2361 674 2416 quos
702 2361 804 2414 pro
850 2345 1149 2400 dilectione
1199 2345 1377 2416 ipsius
1414 2346 1782 2413 sustinemus,
1809 2361 1940 2400 con-

305 2437 647 2493 sideratione
675 2438 956 2509 refrigerii
987 2456 1092 2494 nos
1121 2443 1344 2510 oportet
1388 2439 1588 2494 libenti
1632 2439 1829 2494 animo
1856 2441 1941 2493 to-

305 2532 490 2586 lerare
523 2532 818 2602 praesentis
843 2532 974 2587 vitae
996 2532 1305 2604 angustias.
1336 2532 1448 2587 Sed
1476 2536 1753 2604 quantum
1785 2532 1944 2587 nobis

307 2625 572 2680 laborum
592 2630 906 2681 vestrorum
927 2626 1184 2698 operatio
1210 2642 1478 2698 magnam
1503 2626 1697 2698 gaudii
1719 2626 1945 2681 uberta-

307 2724 422 2774 tem
443 2719 679 2790 inducit,
705 2723 927 2775 tantum
948 2737 1052 2792 pro
1078 2720 1285 2775 duritia
1306 2721 1658 2776 sacerdotum
1680 2719 1864 2791 gentis
1885 2720 1944 2774 il-

307 2813 417 2867 lius
442 2813 812 2880 conterimur,
841 2814 992 2885 quod
1024 2813 1351 2886 postpositis
1373 2813 1566 2869 salutis
1595 2829 1712 2868 suae
1739 2813 1940 2868 suffra-

308 2907 434 2978 giis,
462 2914 633 2978 atque
654 2907 1033 2979 redemptoris
1054 2907 1230 2962 nostri
1251 2907 1481 2962 servitia
1501 2907 1940 2975 contemnendo,

308 2999 570 3054 vitiorum
617 3001 910 3055 fcetoribus
952 3001 1342 3071 ingravantur,
1371 3000 1577 3072 quibus
1615 3001 1686 3054 ad
1729 3017 1944 3071 praepa-

307 3094 543 3148 randam
570 3095 830 3164 salutem,
854 3093 1320 3165 quandoquidem
1345 3098 1570 3148 tantum
1589 3110 1696 3148 nos
1717 3109 1944 3149 necesse

308 3191 392 3242 est
424 3187 760 3258 importunis
796 3187 1296 3259 praedicationibus
1325 3187 1626 3243 imminere
1664 3191 1942 3259 quantum
1965 3219 2018 3292 Ο

311 3297 414 3335 nos
430 3282 698 3352 perfecta:
721 3281 1123 3353 negotiationis
1143 3281 1489 3336 creditorum
1511 3280 1673 3344 nobis
1697 3281 1939 3336 talento-

309 3391 437 3428 rum
471 3375 720 3446 duplicat
749 3375 1082 3451 assignatio,
1100 3377 1272 3446 atque
1294 3375 1602 3430 Dominicis
1621 3375 1851 3429 vocibus
1871 3375 1943 3429 ad

307 3468 727 3539 suscipiendam
756 3469 878 3540 ejus
909 3468 1168 3540 requiem
1197 3469 1499 3539 persuadet
1525 3468 1780 3523 assertio.
1807 3468 1944 3538 Sug-

307 3565 532 3632 gestum
565 3565 651 3616 est
682 3577 928 3634 namque
958 3562 1125 3617 nobis
1171 3578 1238 3617 eo
1275 3562 1430 3633 quod
1481 3561 1818 3634 presbyteri,
1847 3576 1943 3616 seu

306 3656 546 3717 diaconi,
592 3656 797 3728 aliique
828 3655 1186 3711 sacerdotalis
1230 3655 1399 3710 ofﬁcii
1444 3659 1572 3726 post
1615 3672 1744 3710 suas
1786 3655 1940 3710 ordi-

310 3750 567 3804 nationes
589 3749 650 3803 in
677 3751 895 3821 lapsum
927 3749 1324 3821 inquinentur,
1357 3753 1414 3803 et
1439 3754 1743 3820 propterea
1766 3749 1944 3804 nimio

308 3859 556 3898 mcerore
593 3843 1015 3898 fraternitatem
1060 3842 1319 3914 astringi,
1368 3843 1624 3913 velleque
1665 3843 1944 3913 pastorale

310 3937 649 4008 obsequium
695 3953 799 4009 pro
847 3953 1050 3991 eorum
1076 3935 1402 3991 obedientia
1431 3937 1736 4007 deponere,
1767 3938 1825 3991 et
1855 3952 1944 3990 vo-

309 4031 586 4086 cationem
615 4031 976 4103 episcopatus
1026 4029 1308 4084 laboribus
1340 4029 1573 4101 eligere,
1618 4033 1676 4084 et
1721 4029 1946 4085 silentio

309 4129 482 4197 atque
507 4125 622 4180 otio
648 4124 823 4180 vitam
849 4124 1082 4196 degere,
1117 4140 1292 4195 quam
1322 4124 1383 4178 in
1410 4124 1498 4178 bis
1513 4139 1642 4195 quia
1671 4123 1773 4178 tibi
1792 4139 1944 4178 com-

310 4220 483 4275 missa
503 4224 635 4274 sunt
661 4235 1016 4290 permanere,
1039 4217 1262 4272 dicente
1288 4217 1529 4272 Domino
1553 4234 1566 4272 :
1588 4219 1831 4272 «Beatus
1847 4218 1944 4289 qui

309 4314 750 4385 perseveraverit
782 4329 959 4385 usque
984 4312 1044 4366 in
1071 4311 1248 4366 finem
1273 4312 1488 4382 (Matth.
1517 4328 1570 4378 x,
1596 4311 1706 4381 22).
1732 4333 1760 4360 »
1783 4311 1944 4366 Unde

309 4424 560 4480 namque
590 4408 754 4462 beata
779 4405 1220 4478 perseverantia,
1249 4405 1359 4460 nisi
1385 4406 1453 4460 de
1480 4404 1687 4460 virtute
1717 4405 1941 4476 patien-

308 4504 423 4570 tiae,
467 4503 603 4574 quia
647 4501 964 4556 secundum
1025 4499 1398 4572 apostolicam
1457 4499 1943 4570 praedicationem,

2047 563 2098 618 Si
2129 563 2284 618 enim
2317 564 2455 617 tales
2495 563 2805 635 quaerimus
2848 564 2918 618 ad
2959 581 3148 618 sacros
3189 564 3415 619 ordines
3445 582 3676 636 promo-

2045 657 2274 722 vendos,
2307 657 2510 727 quibus
2554 659 2709 711 nulla
2755 674 2918 728 ruga,
2945 659 3281 729 nullumque
3321 659 3448 714 vitae
3491 663 3681 713 conta-

2047 751 2207 820 gium
2247 751 2574 820 praepediat,
2623 757 2838 822 quanto
2889 751 3088 822 magis,
3122 752 3168 805 si
3213 757 3338 822 post
3383 752 3682 806 ordinatio-

2045 861 2177 899 nem
2205 861 2364 898 suam
2393 844 2673 915 quispiam
2701 845 2759 898 in
2801 845 2963 916 lapsu
2998 845 3285 914 ceciderit,
3323 850 3380 900 et
3409 848 3675 917 praevari-

2044 937 2278 992 cationis
2323 942 2549 1008 peccato
2593 937 3056 1008 deprehendatur
3101 939 3394 1006 obnoxius,
3440 940 3677 994 omnino

2045 1030 2466 1101 prohibendum
2515 1035 2600 1086 est
2649 1048 2777 1085 cum
2834 1032 3098 1086 manibus
3154 1033 3466 1101 lutulentis,
3509 1036 3680 1103 atque

2045 1125 2291 1196 pollutus
2319 1125 2657 1196 mysterium
2688 1131 2896 1180 nostrae
2939 1127 3133 1181 salutis
3169 1129 3445 1193 tractare;
3492 1127 3677 1198 sitque

2044 1218 2371 1289 hujusmodi
2399 1235 2624 1289 semper
2646 1219 2808 1288 juxta
2827 1235 3116 1274 sacrorum
3141 1235 3422 1274 canonum
3453 1221 3679 1275 decreta

2041 1312 2102 1366 in
2138 1313 2241 1366 hac
2279 1312 2395 1365 vita
2423 1312 2736 1383 depositus,
2782 1317 2842 1366 ut
2881 1313 2951 1366 ab
2996 1313 3092 1367 illo
3141 1313 3239 1384 qui
3278 1315 3486 1368 mentis
3533 1315 3675 1368 inte-

2045 1406 2219 1460 rioria
2233 1411 2534 1475 scrutatur,
2558 1406 2899 1478 nullumque
2922 1407 2992 1460 de
3016 1407 3216 1461 ovibus
3231 1423 3419 1462 errare
3441 1423 3682 1478 congau-

2045 1499 2156 1565 det,
2199 1499 2335 1553 dum
2368 1499 2656 1570 aspexerit
2695 1500 2973 1555 sinceram
3014 1501 3407 1572 paenitentiam
3435 1501 3575 1571 ejus,
3622 1501 3682 1555 in

2045 1592 2283 1646 terribili
2316 1593 2532 1663 judicio
2573 1593 2780 1648 habeat
2825 1593 3275 1649 reconciliatum.
3309 1595 3556 1665 Ideoque
3586 1594 3685 1648 itc-

2045 1702 2173 1739 rum
2218 1687 2511 1741 hortamur
2540 1686 2876 1741 charitatem
2919 1693 3098 1755 tuam,
3139 1688 3399 1758 exemplo
3435 1689 3557 1758 ejus
3585 1691 3683 1759 qui

2045 1796 2147 1850 pro
2176 1780 2339 1835 nobis
2368 1781 2483 1850 pati
2521 1787 2576 1835 et
2603 1781 2750 1835 mori
2780 1781 2975 1850 voluit,
3011 1784 3305 1851 promptos
3340 1797 3435 1835 vos
3461 1781 3518 1834 in
3547 1797 3681 1835 cun-

2045 1874 2146 1928 etis
2166 1874 2287 1944 ejus
2317 1874 2560 1929 servitiis
2585 1891 2938 1945 permanere.
2966 1876 3154 1946 Neque
3198 1891 3298 1928 nos
3327 1875 3518 1945 pigeat
3541 1878 3683 1929 tem-

2047 1969 2263 2038 porales
2289 1969 2572 2022 cruciatus
2599 1985 2702 2039 pro
2741 1968 2945 2024 Christi
2976 1969 3206 2023 nomine
3237 1967 3538 2034 sustinere,
3583 1969 3680 2022 sed

2047 2061 2440 2116 emolumenta
2483 2063 2691 2116 futurae
2735 2063 3216 2117 remunerationis
3271 2062 3438 2133 hujus
3493 2063 3680 2116 smculi

2045 2155 2372 2210 vexationes
2412 2157 2659 2211 tolerare
2691 2157 3084 2227 persuadeant.
3118 2155 3404 2226 Scriptum
3434 2172 3680 2227 namque

2045 2255 2162 2304 est:
2193 2271 2218 2297 ‹‹
2242 2249 2385 2312 Quid
2415 2249 2726 2304 retribuam
2755 2249 2993 2304 Domino
3021 2266 3126 2320 pro
3154 2250 3418 2305 omnibus
3438 2265 3566 2321 quae
3600 2267 3681 2304 re-

2046 2343 2244 2397 tribuit
2271 2342 2457 2397 mihi?
2505 2343 2747 2398 Calicem
2789 2343 3048 2398 salutaris
3074 2343 3365 2414 accipiam,
3391 2349 3447 2399 et
3469 2359 3680 2398 nomen

2046 2436 2267 2490 Domini
2309 2436 2584 2491 invocabo
2627 2437 2790 2507 (Psal.
2823 2453 2946 2504 cxv,
2980 2438 3085 2506 l2).
3122 2459 3148 2484 ››
3197 2439 3441 2491 Tantum
3468 2438 3620 2492 enim
3650 2455 3684 2491 a

2045 2529 2208 2584 nobis
2230 2529 2496 2601 exigitur,
2531 2534 2812 2601 quantum
2850 2547 3147 2601 possumus
3167 2531 3481 2586 fumulatus
3500 2531 3681 2585 nostri

2044 2624 2315 2695 obsequio
2361 2625 2746 2690 commodare,
2781 2641 3025 2695 cumque
3053 2630 3277 2695 cuncta,
3304 2641 3432 2696 quas
3457 2642 3489 2678 a
3516 2625 3679 2680 nobis

2045 2718 2115 2772 ad
2143 2717 2542 2773 confortandos
2565 2717 2932 2773 fraternitatis
2959 2722 3161 2774 vestrm
3176 2718 3395 2774 animos
3422 2723 3682 2790 poterant

2046 2811 2376 2877 ministrari,
2413 2812 2690 2883 largiente
2728 2829 2990 2883 supernas
3020 2811 3330 2882 majestatis
3356 2813 3676 2880 clementia,

2045 2905 2200 2960 vobis
2229 2905 2444 2960 fuerint
2470 2905 2670 2976 procul
2699 2905 2871 2960 dubio
2902 2905 3290 2972 manifestata;
3322 2909 3494 2960 restat
3521 2908 3586 2960 ut
3611 2906 3679 2960 de

2044 2999 2185 3068 aliis,
2219 3015 2345 3071 qua:
2377 3016 2479 3053 nos
2510 3015 2615 3070 per
2640 3015 2740 3053 sua
2768 2998 2979 3069 scripta
3007 2999 3311 3067 consuluit,
3345 2998 3680 3054 fraternitati

2045 3098 2242 3148 vestrae
2289 3093 2700 3164 signiﬁcemus.
2739 3092 3036 3148 Credimus
3075 3093 3230 3146 enim
3256 3092 3329 3146 ad
3361 3109 3456 3147 vos
3489 3109 3681 3163 perve-

2047 3187 2214 3254 nisse,
2257 3187 2547 3258 quomodo
2584 3188 2643 3241 in
2674 3185 3108 3242 conturbatione
3137 3190 3306 3241 rectae
3336 3186 3488 3253 fidei,
3516 3191 3572 3242 et
3595 3203 3680 3241 ca-

2044 3281 2265 3335 tholicae
2297 3281 2556 3336 Ecclesiae
2585 3279 3028 3348 conculcatione,
3055 3283 3187 3334 ante
3216 3280 3318 3334 hos
3345 3281 3472 3351 plus
3491 3281 3681 3334 minus

2043 3373 2370 3445 quindecim
2407 3390 2608 3439 annos,
2636 3390 2669 3427 a
2698 3373 2919 3444 Sergio,
2953 3372 3091 3427 falso
3122 3373 3384 3444 episcopo
3412 3374 3682 3428 Constan-

2046 3467 2437 3538 tinopolitano,
2488 3468 2544 3521 in
2587 3466 2795 3521 auxilio
2820 3466 3081 3521 habente
3126 3469 3261 3520 tunc
3297 3468 3679 3537 imperantem

2046 3560 2383 3628 Heraclium,
2414 3561 2764 3615 exsecranda
2792 3565 2848 3614 et
2872 3559 3253 3614 abominanda
3284 3559 3514 3615 haeresis
3546 3562 3675 3631 pul-

2045 3655 2262 3723 lulavit,
2312 3659 2369 3709 et
2407 3654 2966 3726 Apollinaristarum,
3013 3657 3070 3709 et
3110 3653 3564 3720 Severianorum,
3625 3659 3682 3709 et

2043 3748 2603 3814 Eutichianistarum,
2635 3753 2805 3819 atque
2846 3747 3287 3802 Manichaeorum
3327 3763 3548 3803 errores
3588 3764 3676 3803 re-

2045 3847 2316 3907 novante;
2347 3858 2522 3913 quam
2543 3858 2832 3896 successor
2861 3841 2910 3912 ej
2921 3859 2984 3895 us
3003 3841 3252 3912 Pyrrhus
3273 3841 3538 3912 idemque
3555 3841 3677 3912 epi-

2045 3953 2267 4006 scopus,
2296 3936 2392 4008 qui
2425 3935 2752 3990 ambitionis
2796 3935 2944 3990 fastu
2991 3935 3679 4006 Constantinopolitanam

2046 4029 2238 4085 sedem
2266 4029 2527 4100 arripuit,
2551 4030 2609 4083 in
2642 4028 2891 4084 deterius
2920 4029 3092 4083 auxit.
3117 4031 3222 4083 Pro
3243 4045 3355 4100 qua
3383 4045 3442 4084 re
3474 4029 3682 4100 saepius

2046 4123 2354 4195 apostolica
2412 4123 2575 4178 sedes
2613 4123 3094 4194 persuasionibus,
3153 4123 3679 4192 contestationibus,

2045 4223 2213 4290 atque
2232 4216 2726 4288 increpationibus
2752 4216 3018 4287 plurimis
3045 4216 3344 4271 admonuit
3367 4233 3464 4272 eos
3490 4223 3684 4288 quate-

2049 4328 2154 4365 nus
2179 4311 2249 4365 ab
2274 4310 2674 4381 hujuscemodi
2699 4326 2892 4365 errore
2922 4311 3273 4375 recederent,
3297 4315 3354 4364 et
3382 4310 3456 4364 ad
3483 4309 3682 4365 lumen

2048 4405 2267 4476 pietatis
2307 4420 2374 4459 ex
2403 4421 2516 4475 quo
2547 4404 2687 4474 lapsi
2718 4407 2853 4458 sunt
2882 4409 3218 4459 remearent.
3255 4405 3322 4458 Et
3356 4421 3473 4458 non
3501 4407 3680 4459 solum

2047 4499 2182 4570 quia
2226 4498 2330 4552 hoc
2376 4499 2561 4552 facere
2606 4498 2927 4552 nullatenus
2957 4497 3276 4564 voluerunt,
3319 4497 3418 4551 sed
3446 4501 3504 4551 et
3532 4515 3681 4552 nunc

311 4620 335 4644 σε
369 4612 568 4652 omnes
595 4595 693 4666 qui
712 4595 996 4650 voluerint
1021 4595 1079 4648 in
1110 4593 1333 4649 Christo
1359 4594 1449 4664 pie
1475 4593 1661 4648 vivere
1689 4609 1946 4664 persecu-
1965 4591 2023 4663 Ι)
2047 4607 2330 4646 successor
2392 4591 2514 4660 ejus
2576 4591 2780 4644 Paulus
2832 4593 3143 4644 temerator
3197 4589 3329 4643 fidei
3387 4589 3683 4661 episcopus

307 4691 488 4746 tiones
533 4690 831 4762 patiuntur
860 4689 935 4760 (II
965 4690 1099 4744 Tim.
1131 4704 1210 4754 in,
1253 4687 1358 4758 t2).
1394 4709 1420 4735 η
1473 4687 1741 4759 Ideoque,
1771 4688 1946 4742 frater

308 4785 658 4850 charissime,
690 4800 809 4838 non
851 4799 952 4838 vos
994 4781 1364 4836 afﬂictionum
1405 4781 1733 4837 amaritudo
1773 4799 1807 4836 a
1835 4781 1944 4852 piae

313 4878 518 4933 mentis
544 4880 740 4933 vestrae
776 4877 1068 4948 proposito
1095 4879 1340 4931 coarctet
1368 4875 1651 4944 incedere,
1694 4874 1946 4930 conside-

312 4989 446 5027 rans
482 4977 695 5044 quanta
730 4988 832 5043 pro
861 4971 1231 5036 absolutione,
1277 4969 1479 5038 nostri,
1527 4974 1583 5024 et
1610 4968 1946 5024 liberatione

310 5067 545 5122 Creator
597 5066 986 5136 Dominusque
1041 5069 1238 5120 noster
1289 5063 1609 5135 pertulerit,
1669 5062 1946 5134 quibusve

311 5160 677 5216 contumeliis
707 5176 764 5215 se
805 5159 1168 5215 afficiendum
1195 5157 1514 5224 tradiderit,
1545 5162 1606 5211 ut
1639 5173 1740 5211 nos
1769 5173 1803 5211 a
1832 5155 1948 5210 vin-

311 5255 451 5310 culis
478 5254 771 5326 potestatis
816 5253 1112 5308 diabolicze
1158 5252 1438 5308 liberaret.
1489 5253 1798 5322 Propterea
1827 5252 1948 5306 nul-

313 5350 532 5405 latenus
590 5349 649 5404 in
706 5347 1036 5420 hujusmodi
1084 5351 1310 5418 peccato
1359 5344 1819 5416 delinquentibus
1875 5344 1947 5397 ad

311 5442 762 5498 destructionem
795 5457 1077 5496 canonum
1117 5439 1380 5494 exhibeas
1405 5438 1874 5510 compassionem.

385 5538 527 5591 Nam
551 5536 650 5608 qui
681 5535 856 5592 semel
882 5539 1009 5607 post
1034 5550 1198 5589 suam
1226 5533 1646 5587 ordinationem
1683 5531 1740 5584 in
1786 5530 1950 5601 lapsu

314 5630 603 5700 ceciderit,
652 5630 920 5700 deinceps
961 5629 1088 5700 jam
1121 5626 1409 5697 depositus
1455 5626 1582 5694 erit,
1617 5624 1950 5695 nullumque

315 5725 558 5793 gradum
587 5724 888 5780 sacerdotii
936 5721 1147 5795 poterit
1190 5719 1445 5790 adipisci,
1478 5719 1577 5772 sed
1608 5717 1853 5772 sufﬁciat
1900 5717 1950 5773 ei

316 5818 813 5874 lamentationibus
853 5817 1196 5887 ﬂetibusque
1227 5813 1485 5881 assiduis,
1513 5827 1807 5884 quousque
1851 5811 1946 5866 ad-

318 5913 535 5982 vixerit,
587 5915 643 5967 in
688 5913 885 5968 eadem
939 5910 1270 5983 poenitentia
1319 5908 1648 5980 perdurare,
1696 5911 1761 5961 ut
1800 5922 1951 5962 com-

2045 4684 2714 4754 Constantinopolitanus
2755 4683 2912 4737 aliud
2956 4682 3201 4753 nequius
3243 4683 3588 4754 excogitavit
3621 4685 3682 4739 in

2047 4778 2375 4850 praejudicio
2422 4777 2713 4832 catholicae
2756 4776 2887 4831 fidei
2932 4792 3232 4846 conamen,
3280 4777 3438 4848 quasi
3481 4795 3611 4849 quae
3653 4795 3685 4833 a

2047 4872 2554 4944 praedecessoribus
2593 4871 2705 4925 suis
2748 4870 3012 4925 hazretice
3039 4871 3290 4941 exposita
3330 4872 3560 4926 fuerant
3593 4873 3685 4928 de-

2047 4972 2288 5034 struens,
2319 4970 2375 5022 et
2411 4964 2767 5036 imperialem
2799 4969 3000 5036 typum
3043 4965 3317 5038 sacrilego
3347 4983 3486 5022 ausu
3513 4967 3686 5022 totius

2047 5061 2281 5132 plenum
2321 5059 2577 5131 perfidiae
2626 5075 2658 5112 a
2703 5058 3146 5114 clementissimo
3187 5060 3446 5132 principe
3494 5065 3685 5114 nostro

2049 5155 2170 5210 fieri
2201 5154 2502 5224 persuasit,
2530 5153 2589 5206 in
2631 5169 2745 5224 quo
2791 5154 3224 5225 promulgatum
3258 5159 3361 5221 est,
3393 5160 3456 5208 ut
3483 5170 3683 5207 omnes

2048 5248 2245 5320 populi
2265 5247 2568 5304 Christiani
2589 5246 2824 5301 credere
2845 5247 3189 5316 debuissent;
3205 5248 3442 5318 ideoque
3455 5263 3682 5301 necesse

2049 5342 2371 5409 habuimus,
2400 5357 2473 5395 ne
2500 5357 2605 5412 pro
2633 5341 2882 5412 quadam
2900 5341 3254 5412 negligentia
3283 5346 3338 5394 et
3363 5341 3685 5395 animarum

2051 5436 2394 5492 detrimento
2425 5452 2552 5507 quae
2581 5434 2744 5489 nobis
2775 5435 3096 5490 commissa;
3139 5439 3273 5487 sunt
3319 5433 3500 5504 culpae
3527 5437 3685 5488 reatu

2049 5530 2456 5600 astringamur,
2486 5534 2694 5584 emtum
2731 5527 3057 5599 generalem
3096 5527 3339 5580 fratrum
3383 5531 3438 5581 et
3479 5527 3685 5598 episco-

2049 5640 2253 5695 porum
2285 5629 2613 5679 nostrorum
2657 5623 2716 5677 in
2763 5623 2870 5674 hac
2909 5621 3161 5674 Romana
3185 5619 3414 5674 civitate
3445 5637 3681 5691 congre-

2053 5734 2206 5789 gare.
2221 5720 2479 5782 Quorum
2494 5714 2798 5788 przesentia
2813 5716 3266 5768 memoratorum
3285 5713 3684 5769 hiereticorum

2051 5810 2324 5866 scelerosa
2343 5809 2660 5878 conscripta
2679 5805 2998 5862 examinata
3024 5807 3194 5878 atque
3221 5805 3508 5862 denudata
3530 5813 3682 5876 sunt,

2054 5909 2111 5958 et
2125 5905 2429 5977 apostolico
2452 5918 2742 5967 mucrone,
2758 5903 3105 5973 l’atrumque
3127 5900 3547 5957 definitionibus
3567 5917 3683 5966 uno
