4092 6192
520 350 654 403 Hii?

1402 343 1683 398 APPEND.
1726 343 1811 397 AD
1847 343 2007 397 SxEC.
2053 342 2136 396 ΙΧ.
2171 370 2238 381 —-
2278 337 2531 396 lSlDORI
2571 333 2998 396 MERCATORIS

3713 343 3812 394 llis

518 473 638 524 ore,
669 470 894 526 unoque
914 454 1116 525 spiritu
1139 452 1665 519 condemnavimus,
1694 457 1756 506 ut
1780 455 2154 522 agnoscentes
2177 450 2472 536 AtMatth.
2519 465 2628 515 xv1,
2679 449 2801 517 19),
2865 454 2922 503 et
2963 445 3235 518 praedicto
3287 445 3488 500 vicario
3536 451 3640 515 tuo,
3684 455 3811 518 atque

513 549 764 604 universi
786 564 1058 614 errorem,
1091 548 1189 618 qui
1217 547 1275 600 in
1310 546 1388 600 eis
1420 546 1766 612 continetur,
1801 559 1997 599 eorum
2025 544 2148 615 pol-

513 643 726 697 lutione
745 642 1071 697 nullatenus
1095 641 1472 695 maculentur.
1492 639 1648 695 Unde
1673 639 2044 710 prtevidimus
2064 655 2154 691 vo-

514 736 740 791 lumina
769 739 1065 807 gestorum
1107 734 1466 806 synodalium
1502 733 1560 788 in
1590 733 1855 804 praesenti
1885 731 2043 786 vobis
2065 731 2146 785 di-

515 831 721 902 rigere,
755 845 873 886 una
918 846 1048 884 cum
1096 828 1352 900 encyclia
1381 832 1595 895 nostra,
1627 844 1697 881 ex
1724 842 1973 898 quorum
2011 825 2153 880 serie

515 924 708 979 omnia
751 923 1034 978 subtiliter
1073 921 1310 993 potestis
1352 921 1667 987 addiscere,
1697 922 1754 975 et
1790 918 2058 974 tenebras
2086 916 2151 972 il-

514 1018 702 1072 lorum
747 1017 1042 1073 nobiscum
1088 1022 1149 1071 ut
1195 1014 1296 1069 ﬁlii
1340 1014 1477 1069 lucis
1519 1013 1898 1084 exstinguere.
1940 1012 2152 1066 Idcirco

515 1113 737 1167 studeat
760 1109 1086 1165 fraternitas
1119 1115 1216 1164 tua
1246 1107 1514 1162 omnibus
1541 1107 1740 1162 eadem
1774 1107 2150 1172 innotescere,

516 1209 708 1260 uttam
721 1204 1165 1261 abominandam
1177 1202 1439 1256 haeresim
1454 1201 1748 1256 nobiscum
1771 1204 2152 1265 exsecrentur,

519 1315 806 1370 quamque
831 1315 951 1353 suae
978 1297 1174 1352 salutis
1203 1298 1559 1350 sacramenta
1592 1294 1884 1349 addiscere
1906 1294 2152 1361 valeant,

518 1397 686 1464 atque
742 1391 1001 1463 synodali
1049 1390 1412 1446 contentione
1463 1389 1718 1443 omnium
1770 1389 2011 1442 fratrum
2038 1429 2052 1454 ,
2101 1391 2156 1441 et

521 1487 987 1557 coepiscoporum
1028 1490 1356 1539 nostrorum
1398 1483 1646 1555 partium
1687 1481 1911 1536 illarum
1954 1479 2156 1534 effecta

521 1580 834 1635 secundum
872 1582 1130 1633 tenorem
1181 1577 1448 1649 encyclia:
1496 1594 1528 1630 a
1578 1575 1740 1632 nobis
1777 1575 2002 1630 directae
2040 1590 2156 1628 una

519 1689 650 1727 cum
670 1672 1037 1743 scriptoribus
1057 1672 1255 1727 vestris
1281 1671 1489 1742 scripta
1515 1669 1805 1724 nobismet
1823 1667 2157 1724 destinanda

517 1765 942 1834 concelebrent,
983 1765 1386 1820 conﬁrmantes
1417 1767 1586 1835 atque
1623 1763 2040 1817 consentientes
2079 1760 2157 1816 eis

2253 543 2671 598 successoribus
2713 543 2836 612 ejus
2877 559 2982 612 per
3024 541 3214 595 omnia
3260 539 3539 608 exhibere;
3579 539 3666 594 sed
3702 546 3746 594 et
3779 544 3809 596 si

2251 653 2536 708 agnovero
2564 635 2848 691 antistites
2875 640 3076 690 contra
3107 633 3363 688 instituta
3393 633 3612 704 antiqua
3636 639 3808 688 sancto-

2253 747 2380 785 rum
2425 733 2655 784 Patrum
2696 728 3038 797 conversari,
3080 744 3214 782 cum
3271 727 3350 782 eis
3403 726 3606 781 nullam
3650 727 3809 782 habere

2254 824 2720 879 communionem
2744 826 2842 878 aut
2871 821 3348 893 conjunctionem,
3378 821 3474 875 sed
3498 820 3661 891 magis
3682 821 3720 874 si
3741 838 3809 874 va-

2253 919 2432 984 luero,
2477 917 2780 989 prohibere
2810 916 3171 988 prohibeam,
3204 916 3252 969 si
3281 915 3470 969 minus
3492 914 3704 968 ﬁdeliter
3735 915 3809 970 Do-

2253 1011 2412 1066 mino
2461 1027 2588 1066 meo
2637 1010 2946 1083 apostolico
3002 1008 3364 1064 renuntiabo.
3419 1007 3570 1072 Quod
3614 1007 3651 1060 si
3687 1009 3811 1078 (quod

2254 1105 2426 1176 absit)
2484 1109 2684 1160 contra
2740 1105 2911 1176 hujus
2964 1102 3355 1175 permissionis
3411 1101 3600 1157 seriem
3652 1101 3812 1173 aliquid

2252 1199 2441 1256 facere
2469 1199 2724 1270 quolibet
2753 1198 2926 1253 modo
2970 1199 3054 1252 vel
3101 1197 3393 1252 occasione
3421 1199 3698 1260 tentavero,
3719 1211 3814 1248 reus

2254 1293 2514 1347 inveniar
2542 1293 2600 1346 in
2629 1296 2841 1347 aaterno
2861 1291 3079 1363 judicio
3103 1291 3382 1345 ultionem
3423 1289 3639 1343 Ananiae
3677 1292 3721 1342 et
3743 1288 3812 1342 Sa-

2254 1387 2612 1458 phira3,(Act.
2648 1403 2700 1453 v,
2731 1387 2876 1455 5-10)
2915 1385 3226 1454 incurram,
3269 1384 3368 1454 qui
3411 1383 3558 1437 vobis
3599 1383 3735 1436 etiam
3766 1381 3814 1435 de

2255 1481 2423 1535 rebus
2466 1479 2712 1551 propriis
2756 1480 3016 1534 fraudem
3071 1478 3259 1533 facere
3311 1477 3398 1532 vel
3451 1477 3636 1531 falsum
3679 1475 3814 1530 dicere

2255 1573 2740 1644 praesumpserim.
2794 1574 2904 1628 Hoc
2959 1576 3149 1628 autem
3197 1571 3507 1626 indiculum
3544 1570 3816 1624 sacramenti

2257 1684 2366 1739 ego
2388 1667 2710 1722 Bonifacius
2734 1666 2975 1738 exiguus
2995 1667 3296 1738 episcopus
3324 1682 3496 1720 manu
3521 1660 3815 1736 propriasub-

2257 1762 2474 1832 scripsi,
2507 1765 2676 1833 atque
2711 1760 2961 1832 positum
3000 1777 3169 1831 supra
3211 1759 3633 1814 sacratissimum
3666 1772 3815 1826 corpus

521 1876 650 1931 quae
690 1875 794 1930 pro
840 1859 1156 1914 orthodoxa
1183 1857 1318 1926 ﬁde,
1353 1863 1409 1912 et
1441 1857 1826 1912 destructione
1855 1854 2152 1910 haeretico-
2177 1843 2440 1926 Btuum,
2490 1860 2552 1910 ut
2588 1855 2846 1926 superius
2897 1854 3130 1926 legitur,
3190 1853 3304 1907 Deo
3366 1857 3505 1907 teste
3530 1895 3542 1916 ,
3585 1857 3634 1905 et
3673 1849 3815 1921 judice

519 1970 648 2008 rum
664 1954 908 2008 vesaniae
927 1969 1113 2024 nuper
1129 1957 1338 2007 exortae
1356 1968 1387 2005 a
1404 1951 1570 2005 nobis
1599 1953 1812 2004 statuta
1827 1953 1985 2018 sunt;
2009 1951 2066 2004 et
2081 1949 2156 2004 Si-

520 2047 824 2120 gebertum
840 2045 1427 2118 praecellentissimum
1450 2044 1631 2099 filium
1660 2048 1942 2112 nostrum,
1958 2059 2156 2113 regem

520 2141 1008 2212 Francorum,pro
1031 2157 1149 2194 suae
1176 2138 1608 2194 Christianitatis
1634 2137 1890 2192 remedio
1930 2137 2154 2191 consul-

519 2235 730 2290 tissime
774 2235 1082 2289 admonere
1113 2239 1281 2304 atque
1322 2232 1565 2304 precari,
1597 2231 1846 2302 dirigere
1886 2229 2049 2285 nobis
2087 2246 2155 2284 ex

519 2345 757 2400 corpore
784 2329 1026 2382 fratrum
1057 2332 1390 2382 nostrorum
1418 2325 1813 2380 dilectissimos
1842 2324 2154 2395 episcopos,

521 2423 620 2494 qui
674 2422 820 2477 sedis
867 2421 1196 2492 apostolica:
1235 2420 1542 2491 legatione,
1583 2419 1776 2474 divina
1813 2417 2158 2474 concedente

519 2516 948 2589 propitiatione,
979 2515 1146 2586 fungi
1177 2514 1446 2580 debeant,
1477 2517 1534 2568 et
1557 2529 1682 2584 quae
1704 2516 1900 2567 nostro
1928 2512 2158 2566 consilio

520 2615 748 2682 peracta
790 2613 922 2664 sunt
963 2625 1097 2664 cum
1135 2608 1223 2663 his
1266 2607 1633 2680 synodalibus
1663 2605 1916 2678 apicibus
1954 2606 2159 2660 nostris

521 2705 595 2759 ad
634 2703 1141 2759 clementissimum
1169 2703 1489 2774 principem
1519 2705 1781 2756 nostrum
1823 2700 1943 2755 sine
1985 2699 2158 2754 dubio

520 2803 812 2869 asportare
843 2798 1087 2867 valeant,
1118 2801 1181 2851 ut
1211 2800 1535 2852 nostrorum
1576 2795 1836 2849 laborum
1875 2793 2161 2866 particeps

523 2892 758 2946 effectus
803 2891 1084 2946 mercedis
1122 2891 1416 2944 cumulum
1463 2888 1698 2958 adipisci
1741 2887 1950 2955 valeat,
1980 2891 2034 2942 et
2075 2888 2162 2940 sui

524 2984 689 3055 regni
709 2986 1091 3055 protectorem
1108 2983 1367 3036 invenire
1385 2998 1536 3048 eum,
1552 2981 1713 3052 cujus
1731 2997 1895 3035 causa
1916 2981 2160 3051 ﬂagitari

526 3077 896 3150 dignoscitur.
939 3078 1056 3132 Hoc
1088 3092 1336 3147 namque
1365 3081 1420 3130 et
1447 3075 1506 3129 in
1539 3075 1661 3146 ejus
1688 3074 1921 3147 epistola
1952 3075 2157 3129 exhor-

523 3172 633 3226 tari
664 3188 796 3225 eum
844 3170 1233 3241 cognovimus.
1268 3169 1552 3240 Reliquias
1581 3186 1712 3224 vero
1739 3174 2060 3224 sanctorum
2092 3168 2160 3222 de

525 3265 732 3337 quibus
772 3220 1141 3336 praestantium
1168 3265 1318 3318 lator
1340 3220 1444 3318 1101s
1469 3263 1768 3318 admonuit
1804 3263 1926 3317 dari
1953 3279 2157 3334 praace-
2182 3220 2237 3295 Ο

523 3360 731 3430 pimus.
779 3360 920 3413 Nam
966 3357 1190 3413 codices
1227 3358 1352 3429 jam
1403 3357 1681 3413 exinaniti
1720 3360 1854 3412 sunt
1893 3375 1926 3411 a
1969 3363 2161 3412 nostra

523 3453 887 3522 bibliotheca,
918 3456 976 3507 et
1001 3451 1154 3506 unde
1196 3453 1329 3506 dare
1372 3452 1423 3507 ei
1465 3453 1792 3506 nullatenus
1834 3451 2158 3506 habuimus.

522 3546 918 3603 Transcribere
945 3552 1135 3601 autem
1163 3562 1277 3600 non
1305 3546 1510 3617 potuit,
1526 3547 1800 3618 quoniam
1828 3545 2164 3600 festinanter

525 3641 595 3696 de
623 3641 730 3694 hac
759 3640 983 3694 civitate
1011 3639 1209 3710 egredi
1239 3639 1691 3710 properavit.His
1711 3639 1889 3710 igitur
1916 3639 1994 3692 ita
2024 3655 2163 3709 pra:-

525 3734 712 3789 libatis
731 3751 860 3805 qua:
892 3751 922 3787 a
949 3733 1116 3788 nobis
1137 3749 1239 3804 per
1263 3734 1560 3805 epistolam
1590 3733 1748 3787 vobis
1775 3733 1985 3804 scripta
2011 3738 2160 3803 sunt,

526 3827 750 3884 effectui
782 3828 1112 3899 mancipare
1134 3827 1557 3883 fraternitatem
1578 3831 1821 3881 vestram
1844 3828 2159 3881 hortamur.

526 3923 670 3977 Deus
697 3925 752 3977 te
784 3923 1130 3977 incolumem
1158 3921 1459 3977 custodiat.
1495 3921 1859 3976 dilectissime
1884 3921 2078 3975 frater.

891 4071 1199 4126 DECRETA
1239 4069 1570 4125 GREGORII
1610 4069 1804 4124 PAPzE
1843 4069 1904 4124 Ill
1949 4070 2030 4124 ET

1153 4165 1532 4219 ZACHARUE.

598 4303 657 4356 In
718 4300 952 4356 nomine
1011 4299 1240 4354 Domini
1298 4299 1438 4365 Dei,
1497 4304 1556 4354 et
1613 4299 1915 4354 Salvatoris
1983 4301 2163 4353 nostri

523 4398 652 4453 Jesu
676 4394 901 4462 Christi,
937 4393 1256 4464 imperante
1287 4391 1523 4446 domino
1556 4393 1765 4459 Leone,
1796 4410 1829 4446 a
1860 4393 1972 4447 Deo
1999 4409 2160 4448 coro-

524 4495 659 4547 nato
673 4505 885 4561 magno
903 4488 1267 4559 imperatore,
1289 4503 1442 4542 anno
1460 4489 1636 4556 sexto,
1655 4490 1784 4557 post
1804 4488 2162 4542 consulatum

2256 1949 2497 2022 prazstiti
2555 1951 3007 2016 sacramentum,
3065 1947 3218 2019 quod
3267 1953 3324 2000 et
3374 1961 3680 2002 conservare
3723 1959 3816 2013 pro-

2257 2044 2442 2100 mitto.

2258 2195 2500 2264 Epistola
2533 2195 2779 2261 Gregorii
2807 2207 2969 2263 papa
3007 2191 3080 2246 ad
3126 2192 3470 2257 Boni/actum
3500 2188 3816 2258 presbyterum.

2329 2331 2641 2384 GREGORIUS
2666 2345 2858 2384 servus
2875 2344 3170 2383 servorum
3186 2327 3288 2382 Dei
3307 2328 3597 2382 Bomucro
3618 2323 3820 2394 religioso

2258 2423 2608 2496 presbytero.

2331 2517 2517 2588 Exigit
2596 2516 2957 2571 manifestata
3039 2514 3204 2570 nobis
3285 2514 3535 2586 religiosi
3607 2509 3820 2584 propositi

2259 2611 2341 2666 tui
2398 2611 2490 2682 pie
2539 2611 2597 2665 in
2653 2611 2878 2666 Christo
2929 2609 3225 2681 ﬂagrantis
3289 2608 3530 2664 intentio
3579 2611 3630 2662 et
3663 2620 3819 2676 appro-

2259 2706 2395 2760 bata
2444 2704 2825 2759 sincerissima
2868 2703 3002 2758 fidei
3041 2707 3153 2758 tute
3202 2703 3424 2774 perlata
3465 2702 3659 2767 relatio,
3695 2703 3741 2752 ut
3772 2696 3821 2750 ad

2260 2799 2744 2870 dispensationem
2789 2798 2944 2852 verbi
2990 2797 3163 2852 divini
3205 2797 3368 2868 cujus
3397 2813 3499 2869 per
3525 2794 3730 2872 gratiam
3755 2790 3823 2844 Dei

2260 2909 2456 2947 curam
2477 2893 2750 2961 gerimus,
2768 2896 2822 2946 te
2843 2891 3238 2946 comministro
3258 2895 3506 2944 utamur.
3529 2886 3823 2959 Experientes

2261 2986 2497 3057 provide
2523 2992 2576 3040 te
2606 2986 2675 3039 ab
2715 2985 2961 3040 infantia
3006 3001 3195 3039 sacras
3218 2984 3443 3038 litteras
3473 2980 3700 3037 didicisse
3723 2994 3821 3050 pro-

2263 3081 2555 3152 fectusque
2598 3079 2851 3134 indolem
2890 3079 2962 3133 ad
3008 3083 3388 3150 augmentum
3437 3074 3620 3132 crediti
3663 3071 3824 3127 caelitus

2260 3174 2458 3228 talenti
2494 3177 2802 3245 prospectu
2833 3172 3009 3227 divini
3040 3172 3248 3226 amoris
3277 3171 3598 3237 extendere,
3622 3165 3825 3222 videlicet

2263 3267 2508 3340 gratiam
2536 3266 2894 3338 cognationis
2919 3266 3162 3321 caelestis
3203 3265 3423 3320 oraculi
3448 3265 3505 3319 in
3531 3264 3742 3318 laborem
3765 3274 3824 3311 εει

2261 3362 2503 3416 lutifera:
2545 3361 2969 3432 praedicationis
3007 3361 3074 3414 ad
3112 3359 3584 3429 innotescendum
3623 3352 3826 3427 gentibus

2260 3455 2566 3511 incredulis
2594 3454 2980 3510 ministerium
3012 3454 3147 3509 ﬁdei
3177 3454 3416 3508 instanti
3447 3457 3640 3508 conatu
3665 3461 3825 3517 expen-

2263 3550 2417 3614 dere,
2461 3550 2812 3604 collzetamur
2846 3548 2977 3603 ﬁdei
3019 3552 3153 3615 tuas,
3184 3551 3241 3602 et
3277 3548 3559 3619 adjutores
3587 3560 3689 3600 esse
3710 3540 3826 3610 cupi-

2262 3660 2390 3698 mus
2418 3643 2613 3714 gratiaa
2640 3646 3000 3714 przerogatas.
3035 3641 3245 3696 Idcirco
3285 3641 3382 3712 qui
3427 3637 3826 3712 prmmissicoua-

2261 3742 2351 3792 tus
2395 3737 2556 3808 pium
2600 3736 2867 3792 affectum
2898 3752 3077 3807 usque
3120 3735 3190 3790 ad
3237 3735 3562 3806 apostolicae
3595 3730 3720 3787 sedis
3740 3742 3825 3782 mo-

2263 3832 2418 3886 desta
2444 3831 2780 3902 praevisione
2796 3830 3112 3901 perduxisti
3128 3831 3474 3899 consultum,
3493 3832 3551 3883 ut
3567 3823 3825 3880 membrum

2265 3942 2331 3979 ex
2355 3925 2614 3979 membro
2636 3923 2849 3996 proprii
2876 3923 3134 3994 corporis
3161 3927 3329 3994 caput
3357 3923 3640 3995 requirens
3661 3921 3826 3972 motum

2265 4019 2470 4074 mentis
2517 4019 2806 4090 probares,
2858 4018 3168 4089 capitisque
3216 4017 3456 4072 arbitrio
3498 4012 3752 4070 humiliter
3788 4021 3828 4059 se

2263 4113 2603 4168 submittens
2635 4113 2757 4184 ejus
2788 4112 3085 4167 directioni
3108 4111 3262 4182 justo
3301 4111 3531 4165 tramite
3559 4117 3824 4181 properans.

2265 4207 2532 4262 soliditati
2564 4205 2919 4277 compaginis
2949 4205 3247 4277 plenitudo
3277 4205 3502 4260 existas.
3534 4203 3650 4258 Ideo
3686 4200 3734 4252 in
3759 4210 3826 4248 n0-

2265 4301 2419 4356 mine
2447 4300 2868 4355 indivisibiliter
2909 4300 3192 4355 Trinitatis
3229 4315 3333 4370 per
3368 4301 3727 4354 inconcussam
3753 4304 3824 4342 au-

2262 4394 2586 4450 ctoritatem
2632 4393 2782 4448 beati
2812 4394 2961 4448 Petri
2995 4393 3384 4464 apostolorum
3416 4389 3682 4464 principis,
3712 4382 3828 4450 cujus

2263 4489 2538 4543 doctrinae
2589 4487 2933 4559 magisteriis
2982 4487 3410 4558 dispensatione
3467 4483 3745 4554 fungimur,
3790 4475 3829 4526 et

525 4587 668 4658 ejus,
728 4585 827 4640 sed
882 4587 940 4638 et
991 4581 1360 4638 Constantino
1399 4597 1608 4652 magno
1653 4580 1999 4652 imperatore
2041 4583 2240 4674 ejusD
2265 4583 2450 4637 locum
2483 4599 2654 4638 sacra:
2685 4582 2831 4637 sedis
2859 4581 3342 4652 administramus,
3377 4577 3695 4635 modestiam
3733 4576 3829 4624 tunc

525 4681 641 4734 ﬁlio
687 4696 836 4734 anno
866 4681 1069 4749 quarto
1103 4675 1429 4730 indictionis
1472 4678 1665 4730 sextae.
1707 4676 2004 4745 Promitto,
2051 4692 2159 4747 ego

530 4772 846 4828 Bonifacius
890 4771 1071 4842 gratia
1103 4771 1193 4825 Dei
1236 4770 1556 4841 episcopus,
1581 4769 1766 4838 vobis,
1800 4769 1968 4823 beato
1999 4771 2161 4825 Petro

526 4867 912 4938 apostolorum
958 4863 1222 4936 principi,
1274 4863 1598 4934 vicarioque
1640 4865 1755 4928 tuo,
1792 4862 1958 4917 beato
1997 4880 2161 4934 papas

523 4959 834 5030 Gregorio,
893 4957 1422 5028 successoribusque
1474 4955 1597 5026 ejus
1635 4972 1737 5027 per
1781 4957 2006 5011 Patrem
2033 4999 2048 5024 ,
2106 4961 2164 5011 et

527 5054 748 5120 Filium,
781 5055 839 5108 et
882 5051 1156 5122 Spiritum
1189 5056 1470 5117 sanctum,
1502 5049 1838 5105 Trinitatem
1868 5051 2157 5123 insepara~

523 5147 718 5215 bilem,
735 5146 920 5201 ethoc
937 5144 1372 5199 sacratissimum
1391 5160 1597 5215 corpus
1617 5147 1801 5214 tuum,
1816 5160 1909 5200 me
1930 5161 2162 5200 omnem

524 5241 718 5309 ﬁdem,
743 5243 802 5296 et
820 5239 1127 5312 puritatem
1157 5241 1368 5293 sancta:
1399 5239 1528 5294 ﬁdei
1555 5238 1843 5293 catholicae
1871 5239 2158 5306 exhibere,

523 5341 580 5392 et
605 5336 664 5390 in
691 5335 912 5391 unitate
935 5333 1190 5405 ejusdem
1213 5332 1363 5398 ﬁdei,
1394 5333 1510 5387 Deo
1531 5337 1805 5404 operante
1837 5334 2158 5404 persistere,

521 5431 580 5486 in
623 5445 734 5502 qua
771 5428 1228 5485 Christianorum
1275 5427 1424 5481 salus
1465 5442 1584 5480 esse
1631 5427 1752 5481 sine
1790 5427 1964 5482 dubio
2000 5444 2156 5482 com-

524 5525 811 5596 probatur,
843 5523 1001 5576 nullo
1033 5520 1202 5576 modo
1234 5537 1324 5576 me
1351 5524 1546 5574 contra
1587 5521 1866 5575 unitatem
1899 5537 2156 5575 commu-

520 5618 608 5672 nis
635 5621 691 5671 et
714 5615 1042 5671 universalis
1074 5615 1351 5681 Ecclesiae,
1386 5615 1664 5669 suadente
1693 5614 1987 5685 quopiam,
2019 5631 2157 5669 con-

522 5712 757 5778 sentire,
787 5711 885 5764 sed
904 5715 964 5764 ut
989 5709 1127 5776 dixi,
1154 5709 1327 5764 ﬁdem
1360 5715 1418 5764 et
1447 5708 1757 5780 puritatem
1783 5724 1968 5762 meam
1991 5712 2160 5780 atque

523 5819 862 5857 concursum
908 5802 1030 5869 tibi,
1083 5806 1140 5855 et
1183 5802 1517 5857 utilitatibus
1547 5807 1659 5856 tua:
1701 5801 1978 5871 Ecclesiae,
2010 5803 2162 5856 cuia

526 5895 769 5952 Domino
800 5896 913 5949 Deo
957 5898 1204 5966 potestas
1245 5895 1464 5967 ligandi
1506 5895 1871 5969 solvendique
1914 5895 2042 5952 data
2076 5902 2162 5952 est

2262 4676 2558 4748 religionis
2612 4675 2985 4742 instituimus,
3043 4679 3215 4747 atque
3275 4674 3646 4747 przecipimus,
3701 4669 3751 4718 αὶ
3791 4660 3830 4712 in

2261 4771 2434 4825 verbo
2467 4770 2662 4842 gratia:
2693 4770 2795 4825 Dei
2824 4786 2938 4842 quo
2965 4769 3099 4841 igne
3128 4769 3439 4838 salutifero,
3473 4781 3630 4838 quem
3657 4759 3828 4815 mittere

2262 4864 2534 4919 Dominus
2559 4865 2711 4920 venit
2750 4865 2808 4919 in
2851 4870 3066 4919 terram
3108 4864 3257 4935 (Luc.
3289 4879 3385 4929 xn,
3417 4863 3523 4929 49),
3556 4858 3742 4913 enitere
3760 4849 3828 4903 Ju-

2262 4958 2398 5014 dteis
2433 4959 2503 5014 ad
2549 4962 2747 5030 gentes
2779 4973 3147 5030 quascunque
3187 4954 3537 5011 inﬁdelitatis
3573 4962 3738 5005 errore
3759 4941 3828 4994 de-

2265 5056 2445 5106 tentas
2464 5068 2787 5124 properare,
2808 5053 2916 5107 Deo
2942 5051 3255 5117 annitente,
3281 5049 3546 5122 potueris,
3561 5038 3828 5116 mysterium

2263 5145 2427 5217 regni
2450 5146 2548 5200 Dei
2576 5163 2682 5217 per
2709 5145 3152 5201 insinuationem
3179 5145 3427 5199 nominis
3447 5138 3636 5198 Christi
3656 5129 3827 5189 Dominl

2264 5240 2441 5294 nostri
2489 5239 2743 5294 veritatis
2783 5239 3041 5295 suasione
3090 5239 3367 5310 designes,
3413 5242 3471 5292 et
3510 5249 3600 5306 per
3625 5227 3828 5301 spiritum

2261 5333 2536 5401 veritatis,
2561 5336 2615 5388 et
2637 5333 2973 5401 dilectionis,
3003 5338 3060 5388 et
3085 5332 3408 5388 sobrietatis
3435 5321 3828 5402 praedicationem

2265 5428 2557 5500 utriusque
2606 5428 2958 5482 Testamenti
3011 5427 3299 5482 mentibus
3353 5421 3588 5479 indoctis
3631 5421 3827 5471 consona

2261 5522 2478 5576 ratione
2536 5522 2924 5576 transfundas.
2984 5520 3352 5592 Disciplinam
3404 5516 3635 5586 denique
3683 5515 3825 5560 ελσε·

2260 5616 2440 5672 menti
2488 5633 2660 5688 quam
2705 5617 2774 5670 ad
2821 5615 3134 5670 mittendos
3175 5615 3287 5670 Deo
3330 5611 3534 5684 praevio
3572 5601 3827 5661 credituros

2262 5713 2454 5765 tenere
2479 5710 2706 5765 studeas
2733 5726 2796 5765 ex
2826 5709 3075 5764 formula
3105 5708 3422 5763 ofﬁciorum
3449 5704 3645 5758 sanctae
3670 5693 3824 5749 DOSW

2260 5803 2579 5875 apostolicae
2615 5803 2764 5860 sedis
2804 5803 3192 5859 instructionis
3237 5809 3344 5856 tua:
3380 5798 3558 5870 gratia
3592 5783 3824 5864 praelibal‘1

2262 5899 2522 5953 volumus
2564 5901 2624 5952 ut
2673 5898 2952 5953 intendas.
2987 5897 3148 5962 Quod
3189 5913 3321 5952 vero
3349 5890 3578 5948 actionis
3605 5875 3822 5947 susceplﬁ!
