4092 6192
320 347 449 404 Hi9

1543 343 2012 406 DECRETALIUM
2050 346 2438 404 COLLECTIO.

3536 355 3670 412 “50

309 457 412 513 tibi
429 457 623 512 deesse
646 456 1022 528 perspexeris,
1040 456 1204 512 nobis
1221 462 1284 513 ut
1297 457 1820 514 valuerisintimare
1841 475 1935 514 cu-
1957 460 2164 542 Altem
2203 460 2432 529 epistola
2463 458 2706 542 Gregorii
2730 473 2890 542 papa:
2929 461 3004 542 ad
3042 464 3350 542 universum
3376 463 3578 519 clerum
3618 469 3672 520 et

309 551 480 606 rabis.
515 551 664 605 Bene
691 552 835 605 vale.
861 551 1004 606 Data
1033 551 1162 607 Idus
1181 553 1328 622 Maii,
1360 553 1680 624 imperante
1705 554 1936 608 domino

309 645 560 716 piissimo
587 646 842 716 Augusto
867 645 1076 714 Leone,
1099 663 1131 699 a
1157 647 1270 701 Deo
1292 653 1568 702 coronato
1597 664 1805 718 magno
1825 647 1934 701 im-

306 744 594 810 peratore,
625 755 775 794 anno
803 741 833 794 3
861 739 1090 811 imperii
1119 740 1263 811 ejus,
1295 740 1603 796 indictione
1633 745 1684 795 2.

307 929 554 999 Epistola
584 928 820 998 ejusdem
849 929 924 983 ad
951 931 1242 998 episcopos,
1259 930 1618 1000 presbyteros,
1640 945 1731 985 seu
1760 930 1937 985 diaco—

660 1014 774 1059 nos,
805 1004 856 1054 et
882 1001 958 1054 ad
983 1006 1196 1055 cunctos
1233 1001 1577 1058 Christianos.

371 1166 704 1232 GREGORIUS,
723 1181 916 1221 servus
929 1183 1223 1221 servorum
1238 1165 1358 1234 Dei,
1379 1166 1654 1221 universis
1672 1183 1934 1222 reveren-

302 1259 550 1313 dissimis
570 1265 627 1314 et
646 1259 1014 1314 sanctissimis
1036 1259 1306 1314 fratribus
1326 1261 1688 1331 coepiscopis,
1711 1260 1933 1332 religio-

299 1353 396 1420 sis,
440 1353 803 1424 presbyteris,
845 1370 945 1408 seu
989 1353 1341 1423 diaconibus,
1385 1354 1643 1425 gloriosis
1671 1354 1927 1420 ducibus,

299 1447 623 1516 magniﬁcis
671 1447 956 1513 castaldis,
1001 1447 1318 1518 comitibus,
1367 1447 1542 1502 etiam
1589 1448 1672 1501 vel
1715 1448 1930 1502 cunctis

299 1540 633 1596 Christianis
660 1543 840 1596 Deum
870 1541 1224 1596 timentibus.

370 1678 821 1735 Sollicitudinem
849 1680 1091 1734 nimiam
1115 1686 1376 1751 gerentes
1405 1697 1506 1751 pro
1542 1680 1926 1752 speculatione

293 1773 524 1843 credita,
545 1774 677 1844 quia
699 1774 756 1828 in
773 1774 1038 1828 umbram
1052 1773 1252 1828 mortis
1267 1774 1484 1845 aliquas
1506 1777 1709 1844 gentes
1729 1773 1784 1828 in
1799 1775 1928 1829 Ger-

2571 532 2778 601 plebem
2804 533 3132 600 Thuringiz.

2111 646 2426 702 GREGORIUS
2455 646 2755 718 episcopus
2783 663 2980 702 servus
3008 665 3307 705 servorum
3337 650 3458 718 Dei,
3490 652 3662 719 clero,

2040 739 2250 806 ordini,
2279 745 2335 794 et
2375 739 2527 810 plebi
2568 740 2900 796 consistenti
2940 742 3237 814 Thuringi,
3288 743 3666 800 dilectissimis

2038 833 2187 902 ﬁliis,
2233 833 2291 886 in
2336 833 2577 888 Domino
2623 834 2888 889 salutem.
2938 836 3329 891 Probabilibus
3374 817 3665 894 desideriis

2035 927 2180 981 nihil
2209 926 2509 982 attulimus
2533 927 2835 995 tarditatis,
2886 929 3125 984 fratrem
3146 930 3271 1001 jam
3305 935 3362 985 et
3386 931 3665 1002 coepisco-

2035 1037 2172 1091 pum
2204 1023 2462 1075 nostrum
2500 1020 2847 1076 Bonifacium
2878 1022 3032 1076 vobis
3063 1022 3450 1079 ordinavimus
3477 1042 3661 1082 sacer-

2036 1113 2249 1183 dotem,
2279 1115 2370 1168 cui
2397 1114 2657 1169 dedimus
2682 1115 2741 1169 in
2767 1115 3047 1170 mandatis
3065 1133 3137 1171 ne
3153 1133 3409 1189 unquam
3439 1119 3663 1175 ordina-

2033 1207 2219 1262 tiones
2236 1213 2544 1279 prsesumat
2559 1208 2803 1275 illicitas,
2823 1225 2894 1264 ne
2911 1209 3230 1281 bigamum,
3253 1215 3353 1266 aut
3377 1213 3474 1283 qui
3496 1213 3663 1284 virgi-

2032 1317 2165 1356 nem
2207 1318 2322 1356 non
2367 1305 2453 1355 est
2495 1302 2729 1357 sortitus
2772 1319 3034 1369 uxorem,
3079 1319 3266 1374 neque
3306 1305 3657 1374 illiteratum,

2031 1395 2119 1449 vel
2133 1395 2192 1449 in
2205 1395 2456 1466 qualibet
2468 1395 2720 1466 corporis
2730 1400 2895 1467 parte
2911 1396 3194 1465 vitiatum,
3212 1398 3378 1452 autin
3392 1400 3663 1469 poeniten-

2030 1494 2104 1555 te,
2129 1489 2216 1543 vel
2237 1489 2429 1554 curiae,
2456 1493 2554 1543 aut
2578 1489 2812 1544 cuilibet
2830 1490 3145 1545 conditioni
3168 1490 3483 1547 obnoxium
3500 1499 3659 1549 nota-

2029 1588 2266 1652 tumque
2294 1582 2362 1636 ad
2394 1598 2578 1636 sacros
2611 1582 2838 1638 ordines
2865 1583 3156 1653 permittat
3178 1585 3469 1654 accedere,
3500 1588 3596 1642 sed
3618 1589 3662 1641 si

2031 1691 2174 1746 quos
2190 1676 2517 1746 hujusmodi
2531 1675 2677 1730 forte
2701 1676 2997 1754 repererit,
3019 1693 3133 1731 non
3150 1677 3361 1733 audeat
3373 1696 3660 1750 promove-

2030 1785 2110 1838 re,
2134 1770 2296 1824 Afros
2312 1769 2523 1840 passim
2541 1770 2612 1824 ad
2629 1769 3040 1824 ecclesiasticos
3058 1769 3288 1825 ordines
3305 1775 3660 1842 praetenden-

294 1863 504 1918 maniae
533 1864 803 1934 partibus,
833 1865 918 1918 vel
946 1865 1114 1934 plaga
1144 1863 1408 1918 orientali
1451 1847 1931 1918 Rheni’tluminis
1951 1855 2008 1927 B
2031 1866 2130 1930 tes,
2158 1863 2317 1917 nulla
2344 1863 2566 1918 ratione
2602 1863 2888 1934 suscipiat,
2911 1864 3044 1934 quia
3067 1862 3244 1935 aliqui
3264 1880 3461 1920 eorum
3482 1868 3656 1922 Mani-

291 1956 528 2028 antiquo
558 1945 716 2012 hoste
747 1957 1022 2012 suadente
1050 1973 1260 2026 errare,
1281 1960 1338 2011 et
1350 1958 1510 2029 quasi
1528 1957 1629 2010 sub
1648 1957 1926 2027 religione

289 2051 610 2105 Christiana
655 2050 937 2106 idolorum
982 2052 1220 2106 cultura:
1257 2067 1353 2105 eos
1396 2051 1605 2105 servire
1651 2051 1922 2122 cognovi-

290 2161 440 2212 mus,
492 2145 712 2216 aliquos
760 2161 913 2212 vero,
974 2146 1071 2216 qui
1116 2144 1365 2200 necdum
1405 2144 1798 2215 cognitionem
1827 2144 1924 2199 Dei

287 2238 583 2306 habentes,
625 2256 731 2293 nec
767 2239 1122 2310 baptismatis
1176 2239 1316 2293 sacri
1345 2239 1498 2293 unda
1523 2241 1655 2292 sunt
1679 2239 1798 2306 loti,
1825 2238 1924 2293 sed

289 2333 718 2404 comparatione
739 2331 1042 2387 brutorum
1067 2332 1404 2386 animalium
1424 2333 1630 2402 pagani
1649 2332 1924 2386 factorem

288 2442 407 2480 non
421 2430 861 2497 recognoscunt,
875 2426 1190 2480 necessario
1204 2442 1308 2496 pro
1322 2428 1701 2496 utrorumque
1718 2425 1924 2480 illumi-

293 2520 526 2574 natione
553 2519 623 2574 ad
655 2519 1077 2591 praedicandam
1106 2523 1276 2573 rectae
1296 2518 1426 2574 ﬁdei
1447 2519 1686 2572 verbum
1712 2520 1918 2574 harum

294 2614 630 2684 portitorem
694 2613 1041 2668 Bonifacium
1105 2613 1637 2668 reverendissimum
1684 2613 1920 2668 fratrem

285 2710 546 2761 nostrum
595 2707 924 2778 episcopum
968 2707 1118 2778 apud
1166 2707 1397 2761 easdem
1443 2710 1631 2777 partes
1669 2707 1916 2778 dirigere

285 2801 634 2869 studuimus,
679 2807 739 2855 ut
788 2807 843 2855 et
899 2801 993 2856 illa
1037 2801 1396 2872 praedicando
1440 2801 1678 2856 verbum
1720 2801 1918 2855 salutis

281 2895 461 2948 vitam
505 2894 823 2966 provideat,
867 2895 1300 2965 sempiternam,
1329 2901 1385 2949 et
1416 2894 1458 2947 si
1489 2911 1631 2965 quos
1662 2895 1803 2949 forte
1831 2895 1916 2950 vel

286 2987 616 3058 ubicunque
647 3005 678 3040 a
719 2993 872 3041 recte
915 2988 1044 3042 ﬁdei
1075 2988 1305 3042 tramite
1333 2989 1608 3042 destitisse
1634 3005 1912 3059 cognove-

281 3081 378 3148 rit,
430 3085 529 3134 aut
581 3082 788 3135 astutia
843 3081 1121 3135 diabolica
1170 3097 1464 3152 persuasos
1503 3097 1773 3136 erroneos
1821 3098 1912 3137 re-

279 3174 515 3244 pererit.
557 3175 824 3246 corrigat,
866 3179 1034 3246 atque
1066 3174 1151 3228 sui
1197 3175 1537 3229 educatione
1567 3175 1637 3229 ad
1677 3180 1912 3246 portum

279 3272 536 3339 reportet
578 3269 790 3338 salutis,
843 3286 1054 3341 eosque
1100 3286 1168 3323 ex
1201 3268 1530 3340 apostolicae
1569 3269 1715 3324 sedis
1743 3270 1914 3340 hujus

281 3363 541 3416 doctrina
565 3363 858 3433 informet,
887 3369 941 3418 et
967 3364 1025 3416 in
1055 3363 1259 3418 eadem
1291 3363 1569 3418 catholica
1621 3363 1734 3419 ﬁde
1780 3381 1910 3435 per-

278 3472 513 3510 manere
544 3457 822 3512 instituat.
850 3458 950 3512 Cui
976 3457 1274 3511 hortamur
1303 3457 1374 3512 oh
1399 3474 1660 3512 amorem
1690 3458 1911 3513 Domini

275 3551 459 3605 nostri
495 3552 626 3605 Jesu
673 3551 900 3618 Christi,
949 3557 1005 3606 et
1050 3552 1436 3622 apostolorum
1482 3552 1604 3622 ejus
1642 3568 1909 3607 reveren-

276 3643 442 3709 tiam,
473 3647 536 3698 ut
561 3645 619 3698 in
649 3645 914 3699 omnibus
940 3644 1194 3700 solatiari
1223 3645 1440 3700 nisibus
1480 3646 1610 3700 totis
1636 3647 1908 3713 debeatis,

274 3754 527 3808 eumque
557 3739 615 3792 in
645 3738 875 3793 nomine
903 3740 1036 3794 Jesu
1067 3739 1278 3794 Christi
1321 3739 1628 3811 recipiatis,
1676 3746 1740 3795 ut
1782 3742 1912 3796 scri-

275 3836 443 3904 ptum
470 3837 555 3886 est
583 3831 654 3886 de
699 3832 814 3887 suis
843 3833 1130 3904 discipulis
1160 3850 1172 3888 :
1209 3854 1236 3882 «
1265 3833 1374 3898 Qui
1404 3851 1499 3887 vos
1543 3834 1764 3906 recipit,
1795 3851 1912 3889 me-

276 3925 480 3996 recipit
513 3926 722 3995 (Matth.
755 3943 807 3996 x,
836 3928 942 3995 40).
988 3949 1014 3977 ››
1049 3928 1422 3983 Providentes
1451 3927 1681 4001 insuper
1711 3946 1906 3984 neces-

275 4019 426 4072 saria
460 4019 677 4075 itineris
720 4021 862 4091 ejus,
896 4022 1131 4076 comites
1159 4022 1480 4077 tribuentes
1509 4022 1700 4078 cibum
1733 4023 1907 4078 etiam

275 4129 346 4167 ac
375 4116 598 4183 potum,
641 4116 724 4168 vel
758 4115 802 4169 si
836 4132 949 4186 quo
988 4115 1212 4186 eguerit
1237 4117 1562 4188 largientes,
1592 4121 1654 4171 ut
1678 4133 1796 4172 uno
1825 4119 1906 4172 la-

271 4206 412 4262 bore
441 4210 499 4261 et
532 4208 683 4262 socia
712 4209 1004 4264 voluntate
1044 4227 1185 4282 opus
1212 4211 1320 4265 sibi
1347 4211 1626 4265 creditum
1662 4211 1904 4283 pietatis,

273 4306 333 4355 et
384 4302 677 4373 negotium
727 4303 942 4373 salutis,
1003 4305 1301 4359 annitente
1359 4306 1496 4375 Deo,
1554 4305 1902 4377 perﬁciatur,

270 4401 447 4466 atque
476 4397 712 4466 prtemia
739 4397 946 4451 laboris
986 4398 1281 4469 percipere
1313 4399 1672 4468 mereamini,
1718 4399 1904 4471 deque

268 4489 643 4544 conversione
690 4491 1004 4546 errantium
1047 4508 1263 4547 merces
1311 4493 1467 4547 vobis
1507 4493 1819 4548 ascribatur
1846 4494 1902 4548 in

269 4582 449 4637 caelis.
501 4583 558 4638 Si
598 4585 723 4655 quis
750 4585 941 4657 itaque
978 4586 1110 4640 huic
1138 4587 1235 4642 Dei
1267 4587 1483 4641 famulo
1510 4587 1580 4642 ad
1609 4587 1901 4642 illumina-

268 4677 491 4730 tionem
546 4678 808 4748 gentium
855 4680 924 4733 ab
957 4680 1266 4751 apostolica
1294 4686 1464 4752 atque
1493 4681 1772 4737 catholica
1806 4684 1906 4738 Dei

268 4770 521 4825 Ecclesia
546 4771 826 4827 destinato
850 4789 1144 4829 assensum
1175 4775 1261 4828 vel
1282 4792 1619 4830 concursum
1651 4777 1909 4848 prmbue-

271 4863 369 4930 rit,
419 4865 775 4920 exorantibus
807 4868 1200 4938 apostolorum
1228 4868 1580 4940 principibus
1629 4871 1910 4925 consortia

275 4960 568 5012 mereatur
603 4964 932 5015 sanctorum
975 4967 1031 5015 et
1069 4965 1387 5033 martyrum
1429 4964 1561 5017 Jesu
1592 4963 1816 5018 Christi.
1853 4964 1909 5020 Si

273 5050 403 5122 quis
458 5067 590 5107 vero
648 5053 816 5124 (quod
870 5071 987 5109 non
1041 5057 1324 5127 optamus)
1376 5057 1730 5112 adversando
1786 5058 1908 5130 ejus

272 5146 589 5215 prapedire
635 5152 871 5202 conatus
908 5149 1081 5203 fuerit
1124 5149 1399 5219 laborem,
1450 5154 1548 5206 aut
1591 5153 1906 5207 contrarius

271 5238 554 5294 exstiterit
603 5240 918 5296 ministerio
961 5241 1067 5296 sibi
1119 5243 1356 5313 credito,
1404 5261 1904 5318 successorumque

273 5331 400 5401 ejus
429 5332 701 5388 eumdem
727 5334 983 5389 laborem
1012 5335 1351 5392 intrantium
1372 5355 1442 5393 ex
1464 5339 1744 5395 sententia
1771 5340 1906 5394 divi-

273 5441 350 5478 na
399 5428 778 5482 anathematis
819 5429 1045 5484 vinculo
1083 5432 1445 5502 percellatur,
1502 5435 1559 5488 et
1613 5437 1905 5505 perpetua:

271 5518 624 5575 damnationi
649 5521 958 5593 subjaceat.
985 5525 1132 5579 Bene
1152 5525 1356 5581 valete.
1377 5527 1514 5582 Data
1531 5527 1650 5582 Kal.
1679 5530 1906 5584 Decem-

271 5611 409 5683 bris,
441 5614 762 5688 imperante
809 5617 1040 5672 domino
1078 5617 1332 5689 piissimo
1358 5624 1609 5691 Augusto
1635 5623 1842 5689 Leone,
1873 5639 1905 5676 a

277 5707 387 5761 Deo
411 5714 701 5778 coronato,
725 5727 932 5783 magno
953 5713 1320 5784 imperatore,
1344 5731 1496 5769 anno
1521 5715 1784 5787 septimo,
1808 5716 1903 5771 sed

277 5805 334 5854 et
363 5802 732 5860 Constantino
770 5821 984 5877 magno
1026 5806 1371 5878 imperatore
1404 5809 1526 5880 ejus
1569 5809 1704 5877 ﬁlio,
1753 5826 1904 5864 anno

277 5900 500 5966 quarto,
530 5897 588 5952 in
621 5898 928 5954 indictione
959 5903 1136 5956 sexta.

2028 1956 2192 2025 chzei,
2213 1957 2392 2028 aliqui
2412 1956 2742 2027 rebaptizati
2763 1956 2973 2027 saepius
2989 1960 3124 2012 sunt
3142 1958 3388 2028 probati.
3415 1959 3658 2017 Ministe-

2025 2049 2109 2103 ria
2139 2053 2311 2121 atque
2339 2055 2602 2105 ornatum
2629 2050 2900 2120 ecclesiae,
2930 2052 3014 2105 vel
3037 2051 3314 2122 quidquid
3335 2051 3477 2107 illud
3493 2059 3578 2109 est
3594 2055 3654 2109 in

2026 2144 2372 2214 patrimonio
2423 2144 2677 2215 ejusdem
2713 2161 2828 2198 non
2874 2144 3136 2198 minuere
3180 2145 3400 2200 studeat
3427 2146 3525 2202 sed
3550 2164 3651 2203 au-

2027 2253 2190 2308 gere;
2233 2238 2302 2292 de
2330 2237 2555 2292 redditu
2602 2254 2734 2293 vero
2781 2238 3049 2308 ecclesiae,
3080 2239 3168 2292 vel
3197 2239 3484 2295 oblatione
3512 2240 3650 2296 ﬁde-

2023 2330 2188 2398 lium,
2227 2334 2474 2402 quatuor
2499 2331 2666 2386 faciat
2713 2332 3026 2402 portiones,
3075 2349 3320 2404 quarum
3347 2351 3521 2389 unam
3548 2335 3652 2390 sibi

2022 2423 2142 2494 ipse
2164 2424 2425 2491 retineat,
2456 2424 2694 2479 alteram
2721 2425 2938 2479 clericis
2958 2442 3061 2496 pro
3082 2426 3402 2482 ofﬁciorum
3419 2445 3651 2483 suorum

2022 2517 2318 2573 sedulitate
2344 2518 2666 2572 distribuat.
2694 2519 2938 2572 Tertiam
2959 2519 3302 2590 pauperibus
3321 2526 3377 2575 et
3396 2524 3647 2594 peregri-

2020 2611 2128 2678 nis,
2160 2617 2420 2681 quartam
2446 2611 2832 2666 ecclesiasticis
2858 2612 3081 2666 fabricis
3105 2613 3327 2668 noverit
3351 2631 3646 2671 reservan-

2021 2705 2172 2771 dam,
2249 2705 2318 2760 de
2387 2705 2592 2777 quibus
2651 2706 2843 2760 divino
2901 2707 3010 2761 erit
3064 2707 3386 2762 redditurus
3433 2710 3648 2780 judicio

2018 2800 2323 2854 rationem.
2351 2799 2745 2855 Ordinationes
2769 2815 2903 2855 vero
2927 2799 3394 2872 presbyterorum
3417 2819 3517 2858 seu
3535 2805 3650 2859 dia-

2017 2910 2292 2948 conorum
2327 2910 2445 2948 non
2483 2893 2592 2948 nisi
2635 2893 2844 2964 quarti,
2875 2894 3123 2965 septimi,
3157 2898 3215 2948 et
3243 2895 3448 2951 decimi
3490 2914 3650 2954 men-

2017 2987 2166 3042 sium
2180 2987 2440 3058 jejuniis,
2464 2987 2564 3042 sed
2584 2991 2641 3042 et
2664 2987 2930 3056 ingressu
2954 2987 3454 3059 quadragesimali,
3479 2997 3647 3063 atque

2015 3080 2303 3136 mediante
2342 3097 2579 3152 vespere
2618 3081 2846 3136 Sabbati
2871 3082 3091 3138 noverit
3115 3082 3499 3139 celebrandas.
3543 3085 3643 3141 Sa-

2013 3176 2290 3230 crosancti
2315 3179 2508 3231 autem
2536 3175 2808 3246 baptismi
2836 3179 3261 3231 sacramentum
3293 3194 3406 3232 non
3448 3179 3559 3233 nisi
3586 3180 3646 3236 in

2015 3269 2269 3324 Paschali
2304 3268 2610 3324 festivitate
2649 3272 2706 3323 et
2747 3270 3077 3323 Pentecoste
3104 3271 3324 3326 noverit
3348 3288 3468 3328 esse
3494 3289 3643 3344 prse-

2012 3362 2286 3431 bendum,
2316 3363 2560 3433 exceptis
2600 3362 2688 3416 his
2723 3363 2841 3434 qui,
2872 3363 3071 3417 mortis
3095 3369 3335 3433 urgente
3365 3365 3642 3435 periculo,

2011 3471 2084 3510 ne
2126 3456 2187 3509 in
2222 3461 2501 3512 aeternum
2556 3458 2815 3526 pereant,
2863 3455 3068 3510 talibus
3104 3460 3329 3527 oportet
3375 3460 3643 3515 remediis

2008 3549 2328 3605 subvenire.
2379 3549 2514 3603 Huic
2561 3565 2700 3620 ergo
2745 3548 2894 3603 sedis
2932 3553 3142 3603 nostrae
3195 3553 3480 3621 praecepta
3522 3569 3639 3608 ser-

2011 3643 2164 3697 vauti
2199 3643 2414 3698 devotis
2453 3641 2656 3697 animis
2703 3642 2940 3714 obsequi
2991 3659 3093 3696 nos
3133 3647 3377 3713 oportet,
3418 3648 3480 3700 ut
3507 3645 3644 3703 irre-

2011 3736 2393 3807 prehensibile
2431 3735 2830 3807 placidumque
2876 3736 2977 3790 ﬁat
3019 3752 3225 3807 corpus
3252 3738 3513 3794 Ecclesiae
3540 3757 3644 3812 per

2009 3831 2316 3886 Dominum
2341 3833 2624 3896 nostrum,
2642 3831 2742 3901 qui
2758 3830 2894 3884 vivit
2920 3833 2980 3883 et
3006 3834 3216 3902 regnat
3240 3848 3371 3886 cum
3398 3833 3514 3889 Deo
3536 3836 3641 3890 Pa-

2008 3929 2096 3980 tre
2122 3924 2516 3996 omnipotente
2547 3927 2606 3978 et
2632 3923 2844 3995 Spiritu
2872 3927 3067 3978 sancto
3089 3940 3191 3994 per
3219 3925 3416 3981 omnia
3441 3930 3644 3984 saecula

2008 4019 2372 4074 saeculorum.
2401 4020 2547 4073 Deus
2567 4035 2662 4072 vos
2681 4017 2996 4074 incolumes
3016 4019 3312 4086 custodiat,
3345 4021 3639 4078 dilectissi-

2009 4113 2092 4166 mi
2121 4112 2241 4166 ﬁlii.
2272 4113 2408 4167 Data
2439 4112 2564 4167 Kal.
2593 4112 2857 4168 Decemb.
2882 4113 3204 4182 imperante
3235 4113 3474 4170 domino
3502 4117 3638 4187 piis-

2009 4207 2155 4261 simo
2181 4210 2436 4278 Augusto
2461 4206 2668 4277 Leone,
2698 4223 2732 4261 a
2759 4207 2877 4260 Deo
2905 4210 3195 4276 coronato,
3219 4223 3432 4280 magno
3455 4209 3638 4282 impe-

2007 4305 2218 4371 ratore,
2250 4317 2402 4356 anno
2430 4305 2482 4366 7,
2507 4301 2606 4356 sed
2627 4305 2684 4356 et
2707 4300 3076 4356 Constantino
3101 4317 3314 4373 magno
3338 4302 3641 4375 imperato-

2007 4412 2068 4451 re
2097 4396 2222 4467 ejus
2251 4395 2389 4465 ﬁlio,
2417 4412 2569 4451 anno
2591 4399 2644 4464 3,
2673 4394 2985 4451 indictione
3018 4399 3069 4450 5.

2005 4548 2137 4600 Item
2163 4545 2280 4599 alia
2311 4546 2540 4613 epistola
2572 4545 2816 4611 (ἕτεροῆί
2843 4559 3003 4614 papae
3031 4544 3108 4599 ad
3134 4545 3334 4600 clerum
3359 4551 3410 4600 et
3431 4547 3639 4616 plebem

2661 4615 2987 4682 Thuringz’w.

2081 4750 2222 4806 Viris
2241 4749 2560 4822 magniﬁcis
2579 4748 2706 4804 ﬁliis
2726 4752 2960 4819 Asnam,
2981 4749 3339 4817 GUODELANO,
3356 4751 3635 4824 MULEREO,

2009 4847 2356 4913 GUNTHARBO,
2374 4849 2644 4913 ALVALDO,
2669 4847 2726 4898 et
2746 4843 3013 4898 omnibus
3034 4844 3148 4898 Deo
3168 4845 3386 4903 dilectis
3401 4848 3639 4906 Thurin-

2011 4941 2096 5011 gis
2121 4939 2388 4995 ﬁdelibus
2414 4937 2768 5008 Christianis,
2803 4937 3120 4993 Guseomus
3144 4955 3313 5011 papa.

2079 5057 2429 5111 lnsinuatam
2457 5054 2619 5110 nobis
2640 5052 2945 5126 magniﬁce
2965 5055 3025 5109 in
3047 5055 3269 5112 Christo
3286 5057 3418 5114 ﬁdei
3437 5062 3638 5116 vestrae

2007 5150 2388 5206 constantiam
2417 5151 2815 5221 agnoscentes,
2843 5149 3000 5221 quod
3025 5150 3270 5223 paganis
3290 5154 3632 5223 compellens

2009 5245 2157 5300 tibus
2186 5261 2282 5299 vos
2307 5243 2379 5299 ad
2409 5243 2561 5299 idola
2601 5243 2843 5298 colenda
2886 5243 2999 5299 ﬁde
3038 5246 3207 5316 plena
3231 5246 3635 5316 responderitis

2006 5339 2188 5411 magis
2234 5339 2376 5394 velle
2418 5338 2658 5394 feliciter
2703 5339 2874 5406 mori,
2928 5355 3099 5409 quam
3140 5338 3312 5392 ﬁdem
3353 5341 3525 5396 semel
3575 5339 3634 5398 in

2006 5434 2229 5489 Christo
2261 5437 2553 5504 acceptam
2591 5432 2950 5504 aliquatenus
2979 5432 3204 5498 violare,
3239 5430 3418 5487 nimia
3447 5436 3632 5492 exsul-

2005 5528 2219 5584 tatione
2235 5527 2458 5599 repleti,
2479 5530 2668 5598 grates
2687 5526 2905 5582 debitas
2921 5525 3292 5596 persolvimus
3314 5527 3426 5583 Deo
3443 5535 3635 5587 nostro

2006 5625 2064 5676 et
2096 5621 2458 5694 Redemptori
2498 5621 2788 5675 bonorum
2831 5618 3086 5672 omnium
3135 5619 3413 5690 largitori.
3460 5624 3634 5696 Cujus

2005 5717 2190 5786 gratia
2216 5715 2540 5782 comitante,
2567 5731 2666 5768 vos
2684 5711 2757 5765 ad
2778 5711 3019 5766 meliora
3045 5714 3101 5766 et
3125 5712 3348 5784 potiora
3367 5721 3632 5788 optamus

2004 5810 2301 5881 proﬁcere,
2331 5814 2386 5864 et
2408 5809 2477 5862 ad
2503 5805 2962 5862 conﬁrmandum
2992 5804 3121 5860 ﬁdei
3146 5811 3347 5864 vestrae
3372 5814 3631 5883 proposi-

2005 5908 2126 5958 tam
2143 5908 2346 5958 sanctse
2364 5901 2480 5956 sedi
2501 5899 2820 5971 apostolica:
2845 5899 3122 5972 religiosis
3141 5902 3425 5960 mentibus
3447 5906 3637 5964 adhae-
