4092 6192
447 287 574 343 1151

1337 287 1621 342 APPEND.
1665 288 1751 342 AD
1789 289 1948 344 SrEC.
1994 288 2080 342 IX.
2111 317 2177 328 --
2220 289 2461 345 lSIDORl
2502 290 2923 346 MERCATORIS

3675 293 3814 346 “3'2

444 412 591 463 rere,
623 399 700 463 et,
748 399 918 466 prout
954 411 1096 466 opus
1135 395 1457 466 poposcerit
1497 411 1668 451 sacrae
1700 396 1998 468 religionis
2037 413 2071 451 a
2091 410 2144 484 Α
2173 420 2199 448 ‹‹
2233 398 2509 470 quoniam
2558 414 2739 470 prope
2773 404 2859 453 est
2893 411 3137 469 regnum
3176 397 3276 451 Dei
3312 396 3454 456 (Luc.
3493 413 3605 466 xxx,
3637 400 3749 466 31),
3785 419 3814 449 ι

435 493 746 544 memorata
765 491 962 543 sancta
982 489 1111 544 sede
1132 489 1440 560 apostolica
1461 490 1704 561 spiritali
1730 491 1991 546 omnium
2010 490 2072 546 ﬁ-

437 583 649 637 delium
677 586 863 638 matre
886 583 1154 638 solatium
1180 599 1456 655 quaerere,
1478 583 1621 638 sicut
1643 584 1807 638 decet
1821 583 1966 639 ﬁlios
1985 601 2072 639 co-

439 675 694 731 haeredes
728 677 894 747 regni
927 693 960 730 a
1000 677 1180 748 regali
1221 681 1481 748 parente.
1511 676 1815 732 Ministerio
1846 695 2069 750 quoque

439 770 731 840 praesentis
758 769 950 824 fratris
991 769 1306 824 charissimi
1349 770 1617 824 Bonifacii
1655 787 1828 841 quem
1865 771 1936 824 ad
1974 787 2073 824 vos

438 867 835 918 consecratum
856 863 1188 934 episcopum
1208 863 1266 917 in
1291 867 1440 918 sorte
1468 863 1888 934 praedicationis
1906 863 2074 918 desti-

442 956 706 1011 navimus
737 957 1060 1027 apostolicis
1097 956 1552 1011 institutionibus
1578 957 1970 1025 informatum,
1999 957 2074 1012 ad

438 1050 838 1105 instruendam
865 1050 1035 1106 ﬁdem
1062 1055 1306 1106 vestram
1339 1051 1396 1105 in
1418 1050 1684 1106 omnibus
1705 1052 1987 1120 volumus,
2019 1056 2074 1106 et

440 1145 741 1199 hortamur
763 1145 1089 1200 obedientes
1120 1145 1170 1199 ei
1203 1144 1541 1212 consentire,
1577 1145 1649 1199 ad
1679 1145 2066 1216 complemen-

441 1242 562 1292 tum
590 1239 650 1292 in
678 1238 919 1293 Domino
949 1243 1147 1293 vestrae
1177 1237 1522 1292 salvationis.

584 1362 716 1414 Item
754 1360 983 1430 epistola
1016 1361 1260 1427 Gregorii
1283 1376 1444 1431 papa
1481 1361 1556 1414 ad
1586 1362 1928 1431 Thuringios.

509 1472 820 1526 GREGORIUS
860 1486 1052 1526 servus
1092 1486 1384 1526 servorum
1431 1471 1532 1526 Dei
1565 1472 1830 1527 universo
1863 1473 2073 1543 populo

439 1563 906 1635 Thuringiorum.

514 1658 780 1712 Dominus
802 1659 962 1713 Jesus
993 1658 1250 1720 Christus
1279 1659 1448 1713 Filius
1476 1659 1596 1728 Dei,
1640 1662 1782 1715 Deus
1811 1675 1979 1714 verus
2003 1660 2074 1715 de

441 1751 906 1857 cte‘lo'descendit,
922 1752 1097 1806 factus
1113 1752 1289 1807 homo
1319 1755 1405 1807 est
1415 1769 1520 1856 pro
1534 1752 1716 1856 nobis,
1736 1753 1853 1824 pati
1876 1757 1935 1807 et
1954 1770 2076 1808 cru-
2095 1780 2151 1852 B

441 1844 591 1916 cifigi
613 1845 878 1916 dignatus
900 1849 1003 1914 est,
1025 1851 1081 1900 et
1102 1846 1372 1916 sepultus,
1391 1845 1561 1900 tertia
1587 1845 1678 1900 die
1703 1846 2014 1901 resurrexit
2040 1864 2073 1900 a

444 1939 706 2005 mortuis,
722 1943 776 1992 et
790 1938 1045 1994 ascendit
1056 1939 1114 1992 in
1131 1939 1315 2006 caelos,
1336 1938 1622 2010 discipulis
1637 1940 1813 1994 etiam
1827 1940 1941 1994 suis
1953 1957 2074 1995 sau-

442 2033 543 2086 ctis
555 2031 821 2104 apostolis
834 2032 914 2086 ait
930 2049 942 2086 :
961 2054 988 2082 «
1006 2034 1233 2099 Euntes,
1251 2033 1446 2088 docete
1462 2049 1658 2087 omnes
1679 2038 1874 2104 gentes
1885 2033 2072 2104 bapti-

442 2129 634 2180 zantes
651 2142 746 2181 eos
770 2126 830 2180 in
848 2126 1082 2180 nomine
1104 2127 1300 2193 Patris,
1321 2130 1377 2181 et
1398 2126 1540 2194 Filii,
1565 2131 1621 2181 et
1639 2127 1875 2198 Spiritus
1897 2128 2076 2182 sancti

444 2223 660 2290 (Matth.
680 2238 872 2288 xxvm,
896 2223 1000 2290 19).
1022 2243 1048 2270 ››
1071 2223 1193 2292 Ipse
1210 2221 1362 2276 enim
1381 2221 1745 2276 credentibus
1759 2223 1818 2276 in
1831 2239 1888 2277 se
1899 2222 2073 2277 vitam

442 2318 714 2368 aeternam
728 2315 990 2386 promisit
1002 2314 1177 2385 (Joan.
1199 2331 1277 2382 ιιι,
1299 2316 1406 2385 36).
1429 2315 1735 2386 Cupientes
1751 2332 1890 2387 ergo
1906 2333 1998 2370 vos
2016 2317 2076 2370 in

446 2425 515 2479 pe
527 2414 793 2478 rpetuum
808 2407 1100 2462 nobiscum
1115 2408 1362 2479 gaudere
1380 2408 1472 2462 ubi
1488 2409 1618 2463 finis
1637 2410 1826 2464 nullus
1852 2413 1955 2480 est,
1971 2427 2076 2464 nec

441 2501 752 2571 tribulatio,
775 2519 878 2556 nec
893 2502 1078 2573 aliqua
1095 2502 1436 2572 amaritudo,
1463 2503 1559 2557 sed
1577 2503 1757 2573 gloria
1786 2504 2078 2575 sempiter-

441 2613 535 2663 na,
568 2596 696 2650 ideo
726 2595 961 2651 fratrem
993 2600 1252 2650 nostrum
1277 2595 1696 2650 sanctissimum
1729 2596 2077 2651 Bonifacium

445 2691 777 2762 episcopum
802 2691 954 2761 apud
976 2707 1074 2744 vos
1098 2690 1427 2756 direximus,
1459 2694 1523 2744 ut
1544 2707 1642 2744 vos
1663 2691 1871 2746 debeat
1890 2691 2075 2762 bapti-

443 2800 587 2850 zare,
634 2789 690 2838 et
733 2784 907 2838 fidem
951 2783 1159 2838 Christi
1199 2783 1400 2838 docere
1425 2783 1576 2838 etab
1603 2801 1796 2839 errore
1827 2785 1899 2838 ad
1925 2785 2076 2839 viam

443 2876 637 2930 salutis
664 2877 960 2939 reducere,
982 2879 1044 2930 ut
1068 2877 1312 2930 salutem
1339 2876 1612 2943 habeatis,
1639 2880 1695 2931 et
1720 2877 1891 2932 vitam
1918 2882 2078 2932 aeter-

442 2986 596 3024 nam.
657 2969 763 3023 Sed
821 2986 918 3022 vos
971 2969 1021 3021 ei
1078 2969 1136 3022 in
1197 2968 1466 3022 omnibus
1518 2969 1764 3039 obedite,
1815 2976 1870 3024 et
1912 2971 2076 3038 sicut,

441 3066 671 3116 Patrem
711 3067 961 3116 vestrum
986 3061 1148 3116 illum
1179 3061 1480 3131 honorate,
1511 3066 1569 3116 et
1598 3062 1669 3116 ad
1701 3064 1824 3134 ejus
1865 3063 2076 3118 doctri-

442 3172 574 3209 nam
631 3155 802 3210 corda
861 3159 1044 3209 vestra
1093 3155 1382 3222 inclinate,
1429 3155 1564 3226 quia
1610 3156 1770 3211 illum
1814 3173 1926 3211 non
1972 3150 2151 3228 proC

442 3249 599 3302 lucro
630 3248 823 3320 aliquo
851 3248 1155 3320 temporali
1195 3249 1588 3319 conquirendo
1616 3250 1949 3317 direximus,
1977 3251 2076 3307 sed

441 3359 549 3414 pro
579 3343 736 3396 lucro
762 3341 1082 3396 animarum
1107 3347 1424 3396 vestrarum
1451 3344 1604 3414 apud
1630 3360 1728 3398 vos
1755 3360 1888 3398 eum
1916 3344 2073 3398 misi-

443 3453 570 3491 mus
598 3454 611 3490 :
649 3436 870 3507 diligite
897 3451 1034 3505 ergo
1066 3435 1394 3505 Dominum,
1414 3441 1470 3491 et
1489 3437 1548 3490 in
1581 3437 1810 3492 nomine
1831 3437 1952 3508 ejus
1971 3438 2074 3492 ba-

441 3531 716 3601 ptismum
744 3529 1032 3600 suscipite,
1063 3530 1194 3600 quia
1213 3530 1482 3584 Dominus
1502 3532 1648 3585 Deus
1677 3533 1894 3598 noster,
1927 3532 2078 3602 quod

438 3626 631 3678 oculus
660 3623 914 3678 hominis
947 3639 1246 3694 nunquam
1274 3624 1430 3692 vidit,
1477 3640 1580 3678 nec
1606 3625 1664 3678 in
1697 3642 1795 3679 cor
1822 3625 2076 3679 hominis

440 3716 712 3785 ascendit,
755 3717 1092 3788 praaparavit
1140 3717 1510 3787 diligentibus
1555 3735 1612 3772 se
1661 3718 1710 3788 (Ι
1751 3721 1868 3777 Cor.
1907 3735 1964 3786 ιι,
2000 3719 2073 3790 9).

439 3814 561 3866 Jam
592 3811 836 3866 recedite
871 3828 904 3865 a
930 3809 1122 3883 286
1142 3811 1304 3864 malis
1325 3811 1614 3882 operibus,
1643 3817 1698 3866 et
1723 3813 1875 3883 agite
1902 3813 2070 3883 bene,

443 3923 554 3960 non
586 3906 828 3960 adoretis
857 3905 1028 3972 idola,
1060 3921 1164 3959 nec
1201 3904 1508 3960 immoletis
1538 3922 1756 3974 carnes,
1801 3907 1936 3977 quia
1976 3909 2076 3961 Do-

445 4000 633 4054 minus
661 4016 777 4054 non
805 3999 1010 4070 recipit
1037 3998 1162 4053 ista.
1205 3998 1314 4053 Sed
1340 3999 1397 4053 in
1442 4000 1726 4069 omnibus,
1761 4001 2075 4055 secundum

444 4095 599 4166 quod
625 4110 720 4147 vos
749 4094 921 4147 frater
949 4098 1146 4148 noster
1174 4093 1490 4148 Bonifacius
1515 4093 1791 4164 docuerit,
1816 4095 2073 4149 observa-

443 4194 515 4252 te,
546 4193 603 4242 et
631 4187 801 4258 agite,
849 4190 906 4240 et
959 4187 1092 4240 salvi
1131 4187 1308 4254 eritis,
1350 4193 1406 4242 et
1439 4203 1554 4254 vos,
1603 4191 1660 4242 et
1686 4187 1786 4242 lilii
1817 4187 1987 4242 vestri
2017 4188 2076 4242 in

444 4280 875 4350 sempiternum.
929 4279 1115 4334 Facite
1168 4297 1306 4350 ergo
1358 4285 1416 4334 et
1449 4281 1686 4334 domum
1732 4281 1832 4334 ubi
1875 4285 1931 4335 et
1959 4281 2078 4351 ipse

445 4377 610 4428 Pater
631 4377 815 4428 vester
831 4373 1036 4428 debeat
1054 4373 1330 4442 habitare,
1349 4377 1406 4428 et
1425 4375 1696 4429 Ecclesias
1714 4374 1809 4429 ubi
1825 4374 2077 4430 debeatis

444 4485 627 4535 orare,
653 4472 719 4524 ut
745 4469 891 4522 Deus
918 4466 1077 4548 vobis
1097 4466 1394 4539 indulgeat
1420 4471 1648 4538 peccata
1669 4471 1871 4537 vestra,
1893 4471 1949 4522 et
1975 4469 2071 4523 do-

447 4569 545 4618 net
570 4562 728 4617 vobis
757 4562 931 4616 vitam
971 4566 1330 4634 perpetuam.

658 4682 790 4734 Item
809 4680 1034 4750 epistola
1061 4680 1306 4747 Gregorii
1329 4693 1486 4749 papae
1508 4678 1582 4733 ad
1603 4677 1861 4733 Saxones.

517 4797 830 4852 GREGORIUS
865 4811 1010 4866 papa
1035 4795 1299 4850 universo
1332 4795 1544 4866 populo
1577 4795 1880 4865 provinciae
1911 4794 2073 4850 Saxo-

448 4907 610 4945 num.

520 5006 548 5034 ‹‹
577 4983 940 5056 Sapientibus
981 4989 1038 5038 et
1070 4983 1471 5054 insipientibus
1499 4982 1722 5037 debitor
1753 5000 1876 5037 sum
1905 4986 2073 5052 (Rom.

448 5095 485 5146 1,
519 5079 625 5148 14),
655 5099 682 5126 ››
725 5077 928 5145 fateor,
974 5077 1316 5146 charissimi,
1359 5099 1385 5126 «
1414 5077 1608 5132 volens
1642 5093 1738 5132 vos
1768 5078 1912 5131 scire
1943 5095 2077 5149 qua-

447 5173 557 5228 lem
578 5170 1026 5226 sollicitudinem
1047 5171 1288 5225 habeam
1313 5187 1414 5242 pro
1439 5171 1599 5225 vobis
1623 5172 1752 5240 (Col.
1786 5188 1842 5237 ιι,
1871 5175 1939 5241 1),
1967 5195 1993 5220 ››
2022 5178 2079 5227 et

443 5284 549 5339 pro
583 5265 668 5320 his
699 5263 798 5335 qui
822 5262 1060 5318 verbum
1093 5263 1502 5319 exhortationis
1545 5264 1679 5320 fidei
1707 5267 1837 5320 Iesu
1873 5265 2077 5320 Christi

444 5363 833 5431 susceperunt,
862 5363 919 5413 et
945 5359 1041 5428 qui
1071 5357 1257 5412 adhuc
1285 5358 1606 5430 suscepturi
1627 5366 1778 5424 sunt,
1805 5363 1864 5413 ut
1889 5375 2078 5414 conso-

443 5455 634 5509 lentur
658 5453 832 5509 corda
864 5459 1071 5522 vestra,
1106 5453 1380 5506 instructa
1403 5452 1460 5506 in
1484 5451 1782 5517 charitate,
1805 5459 1860 5508 et
1881 5453 1938 5506 in
1962 5469 2077 5507 om-

447 5566 543 5601 nes
573 5549 792 5603 divitias
841 5545 1207 5619 plenitudinis
1245 5545 1586 5612 intellectus,
1617 5546 1676 5600 in
1721 5546 2076 5617 agnitionem

447 5642 701 5714 mysterii
747 5643 846 5697 Dei
896 5640 1075 5695 Patris
1117 5641 1245 5696 Jesu
1289 5639 1554 5696 Christi»
1605 5643 1668 5694 ut
1695 5641 1772 5695 ait
1809 5641 2078 5711 egregius

446 5738 764 5806 Apostolus,
809 5756 837 5788 «
866 5737 926 5789 in
961 5751 1073 5806 quo
1118 5739 1249 5789 sunt
1273 5751 1472 5789 omnes
1501 5734 1752 5789 thesauri
1783 5733 2078 5805 sapientiae

450 5835 504 5882 et
533 5829 782 5883 scientiae
823 5828 1344 5890 absconditi(1bid..
1379 5833 1451 5900 2).
1489 5851 1514 5876 ››
1562 5829 1672 5881 Hoc
1701 5831 1890 5882 autem
1927 5827 2073 5894 dico,

2174 499 2235 546 ut
2260 515 2286 542 (ι
2312 510 2479 547 nemo
2502 511 2598 548 vos
2631 491 2879 563 decipiat
2899 491 3144 562 amplius
3172 491 3231 545 in
3263 490 3579 546 subtilitate
3600 508 3814 546 sermo-

2172 603 2307 640 num
2340 587 2468 655 (Col.
2494 604 2554 653 ιι,
2576 589 2625 654 4)
2659 607 2684 636 ι)
2709 588 2810 641 aut
2840 586 2898 640 in
2924 601 3267 657 quocunque
3294 586 3534 639 metallo
3563 589 3812 639 vestram

2172 681 2407 734 salutem
2429 680 2694 751 quaeratis
2716 680 3019 734 adorantes
3041 678 3195 732 idola
3219 694 3393 732 manu
3413 679 3582 744 facta,
3611 695 3810 742 aurea,

2172 777 2464 844 argentea,
2503 790 2672 838 aerea,
2709 772 2948 843 lapidea,
2981 774 3069 827 vel
3097 773 3164 826 de
3191 788 3535 843 quacunque
3568 773 3812 826 materia

2175 869 2342 933 facta,
2362 867 2454 937 qui
2481 867 2711 921 falsitico
2741 866 2974 920 nomine
2996 883 3028 920 a
3051 866 3286 936 paganis
3311 866 3626 936 antiquitus
3648 867 3810 936 quasi

2175 962 2252 1014 dii
2295 961 2473 1015 vocati
2516 964 2666 1026 sunt,
2714 961 2772 1014 in
2813 960 3017 1031 quibus
3058 959 3347 1014 daemones
3392 959 3654 1013 habitare
3708 977 3812 1012 no-

2175 1059 2425 1108 scuntur.
2449 1053 2766 1117 «Quoniam
2785 1069 2982 1107 omnes
3000 1053 3078 1106 dii
3099 1052 3360 1123 gentium
3377 1051 3662 1105 daemonia
3678 1057 3814 1105 sunt

2178 1149 2340 1214 (Psal.
2371 1163 2490 1216 xcv,
2522 1150 2592 1215 5),
2628 1169 2654 1194 »
2689 1150 2750 1200 ut
2774 1147 2851 1201 ait
2877 1146 3157 1216 Propheta
3187 1163 3198 1198 :
3235 1168 3262 1193 «
3293 1145 3566 1198 Dominus
3610 1149 3814 1200 autem

2174 1241 2340 1294 caelos
2365 1241 2494 1294 fecit
2513 1240 2751 1309 (Ibid.).»
2777 1240 3112 1310 Quicunque
3134 1244 3328 1292 autem
3350 1238 3408 1291 in
3429 1237 3586 1291 vobis
3613 1253 3812 1292 susce-

2175 1338 2382 1404 perunt
2404 1333 2687 1388 Christum
2715 1333 3026 1387 Dominum
3061 1337 3342 1398 nostrum,
3371 1332 3429 1385 in
3453 1331 3576 1402 ipso
3602 1331 3811 1385 ambu-

2174 1429 2294 1482 lent
2341 1427 2597 1493 radicati,
2629 1431 2684 1481 et
2723 1425 3182 1497 supermdiﬁcati,
3220 1429 3277 1480 et
3317 1425 3642 1479 continuati
3674 1425 3813 1489 ﬁde,

2178 1541 2204 1571 «
2237 1521 2594 1575 abundantes
2637 1520 2695 1573 in
2733 1519 3045 1590 gratiarum
3076 1519 3318 1584 actione,
3362 1518 3554 1574 videte
3581 1535 3654 1572 ne
3687 1519 3815 1588 quis

2176 1631 2272 1668 vos
2307 1614 2554 1685 decipiat
2578 1613 2827 1684 amplius
2856 1629 2959 1684 per
2988 1611 3432 1684 philosophiam,
3477 1617 3539 1666 et
3580 1612 3814 1665 inanem

2176 1707 2452 1762 fallaciam
2495 1706 2628 1776 (Col.
2672 1723 2729 1774 ιι,
2772 1709 2900 1776 6-8).
2931 1728 2958 1754 ››
3001 1706 3314 1760 Astutiores
3354 1711 3487 1758 sunt
3526 1705 3685 1758 enim
3713 1704 3813 1758 filii

2549 1843 2564 1871 ,
2592 1817 2762 1871 quam
2784 1799 2885 1854 filii
2913 1799 3054 1853 lucis
3081 1801 3233 1868 (Luc.
3263 1815 3372 1864 va,
3401 1801 3473 1868 8).
3501 1798 3809 1856 Discedite.

2178 1895 2295 1961 lilii,
2323 1895 2393 1948 ab
2425 1894 2706 1949 idolorum
2735 1894 2956 1947 cultura
2997 1893 3043 1960 (I
3065 1893 3182 1947 Cor.
3219 1908 3270 1959 x,
3317 1893 3421 1962 14),
3450 1895 3505 1945 et
3538 1891 3816 1954 accedite,

2177 1995 2233 2044 et
2257 1988 2484 2043 adorate
2511 1989 2813 2042 Dominum
2843 1987 3021 2040 Deum
3047 1992 3304 2040 nostrum
3326 1985 3423 2056 qui
3453 1985 3586 2039 fecit
3606 1985 3817 2038 caelum

2176 2089 2232 2138 et
2274 2088 2506 2151 terram,
2552 2098 2711 2136 mare
2756 2087 2811 2136 et
2853 2081 3046 2136 omnia
3087 2096 3216 2151 quae
3261 2080 3320 2134 in
3347 2080 3428 2133 eis
3458 2084 3594 2132 sunt
3626 2081 3817 2147 (Apoc.

2177 2194 2284 2244 xiv,
2318 2180 2390 2246 7),
2419 2179 2476 2230 et
2505 2176 2690 2230 vultus
2721 2175 2889 2229 vestri
2921 2191 3035 2229 non
3068 2173 3422 2238 erubescent,
3468 2189 3616 2226 unus
3660 2172 3820 2226 enim

2181 2271 2449 2324 Dominus
2476 2269 2798 2338 hominum,
2823 2269 3136 2334 volucrum,
3167 2265 3637 2337 quadrupedum,
3662 2270 3720 2319 et
3743 2266 3824 2335 pi-

2176 2365 2353 2418 scium
2389 2385 2416 2413 «
2448 2363 2545 2434 qui
2573 2366 2658 2417 est
2681 2361 3012 2416 benedictus
3041 2361 3101 2414 in
3139 2361 3342 2414 saecula
3366 2359 3718 2414 saeculorum
3754 2361 3826 2427 (II

2179 2461 2294 2514 Cor.
2326 2474 2402 2522 x1,
2423 2456 2529 2527 31).
2563 2476 2589 2507 ››
2620 2455 2929 2526 Exspoliate
2960 2470 3098 2525 ergo
3137 2460 3381 2508 veterem
3417 2453 3745 2519 hominem,
3768 2458 3824 2505 et

2177 2551 2393 2606 induite
2419 2551 2704 2606 Christum
2736 2565 2968 2617 novum,
3011 2548 3364 2619 deponentes
3390 2548 3612 2613 omnia,
3647 2547 3820 2611 iram,

2179 2644 2653 2716 indignationem,
2671 2643 2970 2711 malitiam,
2992 2641 3422 2712 blasphemiam,
3442 2646 3680 2711 turpem
3701 2658 3820 2694 ser-

2177 2754 2407 2794 monem
2435 2738 2606 2792 nolite
2628 2737 2698 2790 de
2723 2753 2822 2791 ore
2840 2741 3026 2791 vestro
3048 2735 3359 2805 producere
3379 2734 3510 2804 (Col.
3539 2749 3619 2802 ιιι,
3647 2737 3820 2798 8-10).

2181 2854 2207 2882 ‹‹
2235 2832 2318 2886 Ab
2350 2831 2632 2886 idolorum
2660 2830 2815 2884 cultu
2847 2827 3112 2895 recedite,
3143 2849 3169 2877 η
3196 2829 3319 2898 jam
3347 2827 3502 2881 enim
3535 2827 3818 2898 advespe-

2178 2925 2344 2978 rascit
2375 2924 2514 2978 dies.
2547 2924 2726 2978 Nolite
2752 2939 2870 2978 esse
2898 2921 3063 2976 otiosi
3093 2922 3307 2990 (Matth.
3341 2937 3430 2986 xx,
3463 2924 3538 2987 6),
3580 2920 3683 2974 sed
3718 2938 3822 2992 po-

2177 3019 2286 3072 tius
2314 3017 2627 3089 operamini
2671 3033 2813 3088 opus
2860 3016 3096 3085 bonum,
3135 3018 3198 3068 ut
3225 3014 3480 3070 Christus
3505 3013 3740 3068 habitet
3771 3016 3825 3068 in

2176 3112 2353 3167 vobis.
2385 3133 2411 3164 «
2443 3113 2509 3166 Et
2529 3111 2907 3183 quodcunque
2936 3110 3116 3164 facitis
3137 3110 3196 3163 in
3216 3108 3411 3175 verbo,
3437 3112 3537 3162 aut
3559 3108 3620 3160 in
3645 3123 3827 3179 opere

2179 3207 2237 3261 in
2260 3207 2491 3261 nomine
2518 3205 2737 3259 Domini
2771 3204 2948 3258 nostri
2971 3205 3101 3258 Iesu
3127 3202 3334 3258 Christi
3375 3201 3561 3267 facite,
3597 3202 3823 3272 gratias

2178 3305 2413 3371 agentes
2440 3300 2549 3353 Deo
2588 3302 2645 3352 et
2683 3297 2834 3352 Patri
2861 3314 2966 3369 per
3000 3299 3186 3368 ipsum
3217 3296 3348 3364 (Col.
3384 3311 3463 3358 ιιι,
3496 3296 3604 3362 17).
3639 3317 3672 3342 ι»
3715 3296 3825 3348 Be-

2179 3399 2445 3465 spuentes
2471 3391 2807 3462 gentilitatis
2835 3394 3068 3457 sectam,
3102 3390 3341 3444 scientes
3367 3404 3466 3442 vos
3497 3388 3686 3441 Deum
3724 3389 3827 3441 ha-

2179 3488 2310 3542 bere
2364 3488 2422 3540 in
2473 3486 2644 3540 ccelis.
2695 3485 2951 3540 Orationi
2999 3485 3275 3538 instantes
3317 3484 3461 3552 (Act.
3510 3498 3587 3544 γι,
3627 3483 3711 3549 4),
3759 3483 3827 3535 ad

2177 3581 2462 3636 Christum
2489 3597 2587 3634 cor
2608 3579 2830 3650 erigite,
2859 3577 3133 3650 quoniam
3157 3592 3399 3647 magnus
3426 3579 3510 3629 est
3536 3576 3828 3629 Dominus

2177 3681 2368 3730 noster
2406 3680 2464 3728 et
2497 3673 2796 3728 laudabilis
2832 3673 3005 3726 nimis
3045 3677 3100 3726 et
3125 3669 3392 3725 terribilis
3418 3685 3592 3739 super
3618 3686 3828 3724 omnes

2179 3769 2313 3824 deos
2342 3769 2505 3835 (Psal.
2535 3783 2658 3834 xcv,
2687 3767 2761 3834 4),
2795 3788 2820 3816 ››
2857 3766 2954 3838 qui
2995 3765 3116 3820 vult
3144 3781 3346 3818 omnes
3373 3763 3555 3816 salvos
3584 3763 3739 3828 fieri,
3774 3768 3829 3816 et

2179 3863 2247 3916 ad
2275 3861 2627 3932 agnitionem
2653 3859 2907 3914 veritatis
2929 3858 3223 3930 pervenire
3247 3859 3295 3926 (Ι
3320 3859 3455 3911 Tim.
3482 3873 3541 3923 ιι,
3561 3857 3640 3927 4),
3663 3880 3693 3904 n
3719 3857 3828 3910 hoc.

2179 3959 2375 4009 autem
2396 3970 2754 4024 commoneo,
2785 3953 3010 4019 fratres,
3041 3958 3100 4006 ut
3121 3951 3452 4023 quicunque
3476 3951 3731 4004 voluerit
3758 3967 3829 4004 ex

2178 4050 2334 4103 vobis
2361 4050 2430 4103 ad
2459 4049 2750 4104 Christum
2773 4045 3049 4113 converti,
3081 4045 3236 4099 nullo
3258 4044 3433 4099 modo
3458 4059 3595 4098 eum
3624 4045 3823 4114 prohi-

2178 4143 2382 4210 beatis;
2413 4158 2600 4214 neque
2629 4143 2740 4195 vim
2769 4141 2821 4195 ei
2851 4139 3069 4194 faciatis
3091 4138 3368 4209 sculptilia
3391 4137 3662 4204 adorare,
3689 4140 3825 4210 quia

2179 4237 2435 4292 Christus
2463 4237 2582 4306 ipse
2602 4235 2873 4289 Dominus
2893 4232 3027 4287 vivit
3053 4249 3183 4286 cum
3216 4232 3328 4286 Deo
3358 4234 3518 4287 Patre
3547 4234 3821 4304 omnipo-

2176 4333 2334 4384 tente
2367 4330 2424 4384 in
2447 4329 2665 4383 unitate
2685 4328 2926 4400 Spiritus
2949 4327 3130 4382 sancti
3153 4343 3252 4397 per
3269 4325 3458 4379 omnia
3483 4326 3695 4379 saecula
3719 4343 3822 4380 saa-

2177 4425 2458 4493 culorum,
2497 4427 2696 4477 Amen.
2739 4421 3082 4487 Charissimi,
3117 4419 3346 4474 fidelem
3375 4419 3737 4485 ministrum,
3771 4426 3825 4473 et

2095 4519 2154 4591 ι)
2177 4533 2511 4573 conservum
2552 4517 2681 4570 misi
2719 4517 2787 4570 ad
2822 4533 2922 4570 vos
2950 4514 3306 4570 Bonifacium
3334 4513 3600 4580 fratrem,
3636 4520 3696 4568 et
3725 4531 3821 4567 co-

2180 4613 2508 4684 episcopum
2541 4627 2752 4676 meum,
2793 4610 2865 4663 ad
2900 4610 3005 4664 hoc
3035 4609 3222 4679 ipsum
3258 4612 3320 4660 ut
3348 4610 3661 4676 cognoscat
3692 4623 3824 4678 quae

2179 4707 2326 4760 circa
2353 4721 2449 4759 vos
2474 4709 2625 4772 sunt,
2669 4707 2727 4758 et
2751 4698 3075 4757 consoletur
3101 4701 3270 4756 corda
3296 4703 3485 4754 vestra
3512 4704 3692 4754 certe:
3724 4717 3824 4754 ex-

2181 4799 2519 4854 hortationis
2545 4798 2717 4853 verbo
2752 4798 2809 4852 in
2830 4795 3048 4852 Christo
3072 4797 3204 4850 Iesu
3233 4793 3480 4848 Domino
3509 4800 3740 4861 nostro,
3768 4798 3826 4846 ut

2178 4912 2210 4947 a
2227 4892 2503 4948 diabolica
2514 4893 2712 4948 fraude
2727 4891 2969 4958 liberati,
2983 4887 3330 4943 mereamini
3346 4887 3673 4958 adoptionis
3692 4888 3826 4941 ﬁliis

2180 4987 2504 5060 aggregari,
2552 4991 2607 5042 et
2652 4989 2713 5040 ut
2757 4985 2826 5038 ab
2883 4989 3098 5038 aeterna
3148 4982 3520 5037 damnatione
3571 4981 3820 5042 liberati.

2177 5078 2354 5132 vitam
2376 5077 2624 5131 habeatis
2643 5078 2940 5130 mternam.

2250 5173 2381 5226 Item
2411 5170 2638 5241 epistola
2664 5169 2900 5239 ejusdem
2928 5169 3005 5223 ad
3037 5169 3377 5235 Bonifacium
3411 5168 3747 5237 episcopum.

2251 5263 2739 5321 Reverendissimo
2795 5266 2852 5318 et
2905 5263 3263 5318 sanctissimo
3307 5258 3469 5315 fratri
3519 5260 3820 5314 BONIFACIO

2179 5360 2510 5431 coepiscopo
2540 5361 2849 5416 GREGORIUS
2879 5374 3070 5413 servus
3096 5370 3391 5411 servorum
3419 5353 3544 5407 Dei.

2249 5454 2486 5508 Credita:
2498 5451 2898 5523 speculationis
2910 5450 3290 5506 sollicitudine
3302 5448 3823 5519 permoti,evange—

2179 5548 2280 5602 lica
2295 5563 2523 5619 quoque
2539 5546 2896 5601 institutione
2909 5562 3022 5617 qua
3033 5545 3113 5599 ait
3125 5561 3138 5599 :
3159 5543 3491 5598 «Obsecrate
3504 5541 3819 5596 Dominum

2178 5641 2396 5708 messis,
2427 5645 2492 5695 ut
2525 5640 2709 5711 ejiciat
2727 5640 3014 5710 operarios
3034 5637 3094 5693 in
3121 5653 3365 5693 messem
3391 5652 3554 5690 suam
3582 5637 3730 5704 (Luc.
3763 5651 3815 5693 ι,

2177 5737 2251 5804 2).
2272 5757 2298 5784 ››
2318 5735 2494 5789 Tuam
2513 5733 2749 5805 proinde
2773 5733 3145 5788 reverendam
3159 5730 3580 5786 fraternitatem
3600 5728 3673 5782 ad
3699 5728 3820 5781 imi-

2180 5829 2456 5883 tationem
2480 5829 2889 5899 apostolorum,
2921 5832 2982 5883 ut
3008 5826 3247 5881 Domino
3267 5823 3507 5896 jubente
3545 5820 3814 5894 praecepti
