4092 6192
208 317 348 369 “53

1453 310 1929 369 DECRETALIUM
1967 312 2351 369 COLLECTIO.

3450 320 3585 373 1154

208 429 386 479 sunt:
422 446 450 472 ‹‹
479 424 691 479 Euntes
718 422 1026 495 praedicate
1059 422 1439 496 Evangelium
1472 422 1681 495 regni:
1716 438 1845 493 gra-
1870 435 1931 507 Α
1953 423 2009 477 in
2041 423 2164 477 talis
2208 422 2533 478 commercii
2576 425 2733 478 lucro
2777 440 2908 479 cum
2954 427 3072 478 tota
3115 424 3453 494 plaudimus
3484 428 3585 480 Ec-

205 517 282 572 tis
315 517 636 589 accepistis,
656 517 834 589 gratis
854 518 987 575 date
1006 517 1223 590 (Matth.
1246 535 1302 588 x,
1322 521 1378 586 7,
1400 515 1493 590 8)»
1519 516 1578 572 in
1594 516 1853 589 partibus

203 611 612 683 Hesperiarnm
659 612 734 667 ad
783 612 1268 668 illuminationem
1315 611 1634 668 Germaniae
1664 613 1852 683 gentis

202 704 266 758 in
297 705 500 760 umbra
529 705 728 761 mortis
764 706 1020 762 sedentis
1047 707 1194 779 (Luc.
1227 723 1266 774 1,
1295 704 1384 777 79)
1416 705 1663 777 dirigere
1698 722 1847 777 prae-

204 798 478 866 vidimus,
505 799 730 854 lucrum
779 800 913 855 inde
954 805 1022 856 ut
1063 803 1366 872 apportare
1411 800 1664 868 deberes,
1693 799 1851 871 quasi

204 908 404 948 servus
427 892 522 948 ille
552 893 621 948 de
652 893 886 965 negotio
918 894 1141 961 talenti,
1171 895 1315 949 sicut
1339 893 1614 965 scriptum
1647 896 1752 962 est,
1782 893 1848 946 ti-

208 986 321 1040 dus
338 985 405 1041 in
432 985 626 1042 futuro
667 987 883 1042 auctori
911 988 1116 1043 asserit
1140 988 1257 1042 Deo
1284 987 1502 1043 fecisse.
1530 987 1692 1051 Quod
1717 988 1852 1059 quia

207 1096 273 1135 ex
302 1080 646 1135 obedientiae
679 1098 919 1137 munere
968 1081 1354 1137 ministerium
1382 1080 1539 1136 verbi
1567 1080 1852 1136 cernimus

206 1173 459 1241 adolere,
492 1177 548 1229 et
573 1174 996 1245 praedicationis
1022 1174 1310 1246 praeconio
1340 1174 1619 1246 populum
1646 1173 1848 1228 infide-

207 1268 349 1336 lem,
376 1272 441 1322 ut
472 1268 793 1336 innotuisti,
826 1268 1152 1324 audivimus
1182 1268 1455 1337 converti,
1484 1267 1711 1323 Domini
1747 1285 1849 1339 po-

210 1361 408 1415 tentiae
435 1360 650 1432 gratias
675 1361 1010 1429 referentes,
1042 1366 1103 1417 ut
1134 1362 1251 1433 ipse
1279 1379 1313 1416 a
1335 1378 1449 1434 quo
1471 1361 1684 1416 bonum
1714 1377 1849 1432 pro-

207 1453 363 1509 cedit
394 1454 524 1523 (Jac.
557 1472 596 1522 1,
633 1456 739 1525 l7),
770 1456 827 1510 et
870 1455 942 1509 ad
982 1455 1337 1527 agnitionem
1373 1456 1493 1510 vult
1526 1471 1726 1510 omnes
1756 1471 1851 1508 ve-

206 1549 335 1603 nire
360 1548 618 1603 veritatis
647 1552 692 1617 (Ι
718 1551 856 1604 Tim.
887 1565 944 1619 11,
978 1549 1056 1620 4),
1085 1549 1187 1603 tibi
1226 1554 1506 1620 optamus,
1533 1553 1599 1603 ut
1643 1565 1848 1619 coope-

209 1645 369 1697 retur
396 1645 456 1696 et
483 1659 517 1696 a
544 1642 798 1697 tenebris
821 1643 892 1698 ad
914 1643 1103 1698 lucem
1134 1642 1414 1714 populum
1440 1642 1599 1697 illum
1622 1658 1736 1697 suae
1757 1659 1853 1713 po-

1950 515 2136 571 clesia.
2178 516 2315 571 Hinc
2346 517 2479 588 jure
2506 517 2611 573 tibi
2644 518 2787 573 sacri
2814 517 2970 589 pallii
3003 517 3310 574 direximus
3352 535 3584 587 munus,

1950 610 2104 683 quod
2132 610 2282 665 beati
2312 611 2463 666 Petri
2498 612 2738 683 apostoli
2774 611 3113 668 auctoritate
3155 612 3471 685 suscipiens
3498 614 3585 668 in-

1951 704 2165 775 duaris,
2189 707 2361 776 atque
2391 705 2545 760 inter
2573 706 3029 778 archiepiscopos
3053 722 3204 762 unus
3219 708 3334 762 Deo
3361 713 3587 763 auctore

1949 798 2313 871 praecipimus
2340 802 2406 854 ut
2430 800 2735 855 censearis.
2765 800 3025 866 Qualiter
3049 800 3207 856 enim
3230 816 3297 856 eo
3322 801 3502 856 utaris
3520 818 3586 857 ex

1950 892 2216 947 mandato
2238 893 2551 964 apostolico
2573 893 2909 949 informatus
2929 911 3259 967 cognosces,
3274 895 3349 950 ita
3368 899 3430 950 ut
3450 895 3585 950 dum

1952 987 2254 1042 missarum
2286 987 2563 1041 solemnia
2591 989 2766 1059 geris,
2790 990 2877 1043 vel
2901 989 3228 1060 episcopum
3258 991 3313 1044 te
3341 990 3565 1061 contige

1953 1080 2025 1136 rit
2054 1098 2405 1148 consecrare,
2433 1081 2530 1135 illo
2562 1082 2960 1137 tantummodo
2993 1088 3250 1154 tempore
3289 1099 3356 1138 eo
3390 1084 3584 1138 utaris.

1953 1175 2095 1240 Quia
2120 1192 2255 1229 vero
2286 1175 2503 1243 turbas,
2530 1175 2751 1230 Domini
2784 1176 2971 1247 gratia
2999 1176 3056 1229 in
3089 1176 3305 1231 eisdem
3333 1178 3591 1249 partibus

1953 1269 2025 1324 ad
2047 1271 2261 1323 rectam
2293 1268 2467 1323 fidem
2496 1270 2783 1324 asseruisti
2817 1286 3139 1338 conversas,
3163 1270 3407 1340 nequire
3427 1276 3483 1326 te
3504 1288 3590 1327 oc-

1953 1379 2182 1417 currere
2207 1362 2474 1417 omnibus
2500 1378 2567 1417 ea
2590 1378 2717 1434 quae
2746 1364 2943 1417 salutis
2967 1366 3101 1418 sunt
3120 1363 3477 1434 impendere,
3494 1368 3590 1418 aut

1951 1456 2241 1527 intimare,
2272 1472 2401 1511 cum
2422 1456 2543 1527 jam
2575 1457 2746 1528 longe
2775 1456 2999 1528 lateque
3030 1457 3215 1528 gratia
3241 1456 3445 1512 Christi
3466 1458 3589 1529 ejus

1952 1551 2092 1606 ﬁdes
2133 1551 2195 1605 in
2240 1550 2351 1605 illis
2400 1550 2657 1620 partibus
2703 1553 3074 1622 propagetur,
3119 1551 3485 1623 przecipimus
3530 1558 3592 1607 ut

1945 1645 2109 1715 juxta
2135 1660 2426 1699 sacrorum
2455 1660 2741 1699 canonum
2769 1647 3000 1713 statuta,
3032 1644 3127 1698 ubi
3157 1645 3462 1700 multitudo
3491 1661 3586 1700 ex-

208 1735 407 1791 tantia:
438 1735 813 1807 inspiratione
842 1736 1077 1792 reducat
1102 1738 1150 1808 (Ι
1172 1739 1316 1792 Petr.
1343 1754 1400 1805 11,
1424 1737 1495 1806 9).
1530 1736 1667 1791 Hinc
1694 1735 1848 1791 enim
1874 1808 1903 1809 γέ
1951 1737 2126 1793 crevit
2142 1737 2418 1806 ﬁdelium,
2441 1754 2505 1793 ex
2526 1737 2725 1809 vigore
2749 1737 3076 1808 apostolicae
3104 1737 3252 1793 sedis
3273 1737 3481 1793 debeas
3504 1755 3591 1793 or-

208 1828 365 1883 vobis
384 1845 606 1884 merces
626 1829 850 1901 copiosa
866 1830 1169 1898 credimus,
1194 1830 1346 1902 quod
1366 1830 1436 1885 ab
1458 1829 1851 1901 omnipotente
1870 1808 1928 1881 B
1952 1831 2151 1886 dinare
2178 1831 2499 1903 episcopos;
2524 1831 2619 1903 pia
2646 1835 2841 1887 tamen
2861 1832 3369 1903 contemplatione,
3391 1835 3453 1884 ut
3472 1849 3590 1887 nou

210 1922 452 1977 Domino
480 1923 795 1979 ascribatur
824 1924 883 1978 in
923 1924 1075 1979 caelis
1100 1924 1315 1990 (Matth.
1345 1940 1398 1993 v,
1437 1925 1536 1993 l2.)
1571 1944 1598 1972 ‹‹
1632 1924 1849 1978 Bonum
1952 1926 2179 1981 vilescat
2213 1923 2456 1997 dignitas
2486 1924 2861 1997 episcopatus.
2894 1925 3293 1997 Presbyterum
3340 1941 3589 1997 namque

213 2016 365 2071 enim
435 2020 751 2086 certamen,
808 2038 833 2065 ››
884 2018 928 2071 si
975 2018 1435 2089 perseveraveris,
1483 2017 1662 2089 possis
1722 2034 1853 2073 cum

211 2110 482 2181 Apostolo
511 2110 703 2166 dicere
730 2129 741 2165 :
774 2133 801 2162 «
828 2112 1071 2182 Certavi,
1104 2128 1336 2167 cursum
1363 2113 1773 2179 consummavi,
1791 2110 1851 2166 fi-

215 2204 346 2259 dem
373 2205 599 2261 servavi
625 2206 698 2276 (Π
734 2209 871 2262 Tim.
901 2222 975 2275 1v,
1006 2208 1078 2275 7).
1110 2229 1137 2255 »
1168 2207 1271 2262 Sed
1317 2210 1380 2261 ut
1417 2223 1693 2263 coronam
1721 2222 1851 2278 per-

214 2299 386 2369 cipias
416 2298 626 2355 laboris
650 2300 864 2356 insiste.
893 2300 1195 2357 Pollicetur
1224 2300 1379 2355 enim
1413 2302 1560 2355 Deus
1590 2316 1847 2373 perseve-

216 2393 469 2449 rantibus
498 2394 557 2448 in
591 2394 705 2450 fine
734 2378 997 2465 salutem,
1031 2411 1133 2451 nec
1158 2400 1215 2450 te
1242 2395 1416 2450 minae
1444 2400 1717 2461 terreant,
1746 2411 1852 2449 nec

219 2486 489 2558 dejiciant
511 2492 782 2556 terrores,
806 2489 907 2544 sed
933 2488 1106 2545 ﬁxam
1134 2488 1193 2543 in
1222 2490 1335 2544 Deo
1361 2493 1564 2545 tenens
1585 2489 1849 2544 fiduciam

215 2581 464 2636 veritatis
484 2583 720 2638 verbum
750 2583 1044 2639 denuntia.
1068 2583 1187 2638 Erit
1203 2583 1359 2638 enim
1381 2600 1446 2638 ex
1468 2582 1753 2654 adjutorio
1775 2584 1853 2638 di-

217 2675 348 2730 vino
368 2676 669 2747 perfectio,
696 2680 923 2733 tantum
951 2678 1025 2732 sit
1043 2677 1262 2733 bonum
1282 2677 1341 2731 in
1369 2677 1661 2732 voluntate
1685 2693 1847 2748 opus.

218 2770 399 2841 Igitur
418 2774 663 2841 quantos
682 2771 753 2826 ab
772 2788 962 2827 errore
984 2770 1347 2841 converteris,
1373 2771 1717 2843 syllabarum
1734 2776 1854 2826 tua-

217 2880 343 2918 rum
395 2865 673 2919 recensito
720 2868 873 2921 textu
918 2866 1306 2938 cognovimus,
1335 2865 1451 2921 laeti
1493 2865 1699 2921 uberes
1738 2866 1851 2919 Deo

217 2957 425 3028 gratias
444 2961 697 3029 agentes,
716 2959 785 3014 de
804 2961 963 3015 lucro
983 2960 1306 3015 animarum
1337 2959 1710 3015 exsultamus.
1730 2962 1855 3015 Por-

218 3068 280 3106 ro
304 3068 410 3123 pro
438 3051 701 3123 episcopo
729 3052 828 3107 illo
855 3053 953 3126 qui
978 3070 1130 3108 nunc
1158 3070 1336 3125 usque
1363 3053 1579 3109 desidia
1610 3053 1853 3124 quadam

218 3146 277 3200 in
305 3145 507 3200 eadem
540 3150 711 3218 gente
756 3147 1178 3218 pratdicationis
1208 3148 1443 3202 verbum
1480 3147 1852 3202 disseminare
1875 3184 1929 3260 Ο

219 3240 570 3311 neglexerat,
589 3248 646 3295 et
672 3257 824 3296 nunc
851 3241 961 3296 sibi
986 3246 1233 3313 partem,
1251 3243 1415 3314 quasi
1442 3241 1501 3295 in
1524 3241 1852 3312 parochiam

219 3333 514 3404 defendat,
532 3335 730 3391 Carolo
757 3335 1233 3392 excellentissimo
1263 3336 1379 3391 ﬁlio
1401 3341 1617 3404 nostro,
1639 3339 1700 3390 ut
1721 3352 1852 3390 eum

217 3432 546 3499 compescat
569 3428 900 3497 suadentes,
932 3430 1188 3503 paternis
1216 3430 1418 3486 litteris
1443 3430 1769 3502 scripsimus
1799 3434 1855 3484 et

216 3522 520 3591 credimus,
548 3524 700 3595 quod
734 3524 840 3579 hoc
866 3524 1046 3579 vetari
1086 3525 1401 3596 praecipiat.
1431 3527 1556 3597 Ipse
1583 3541 1717 3579 vero
1749 3542 1850 3596 op-

216 3620 481 3687 portune,
505 3615 837 3689 importune
864 3619 1174 3690 praedicare
1202 3635 1333 3691 qua:
1354 3623 1487 3673 sunt
1508 3619 1721 3687 salutis,
1737 3635 1853 3674 non

218 3710 445 3765 desinas
470 3710 548 3781 (ΙΙ
575 3713 711 3766 Tim.
745 3729 816 3781 1v,
844 3713 921 3783 2).
954 3712 1134 3783 Igitur
1172 3712 1480 3785 Thuringis
1524 3719 1580 3767 et
1622 3713 1851 3767 Germa-

216 3804 327 3858 nia:
351 3804 568 3875 populo
598 3821 662 3860 ea
697 3822 825 3877 qua:
852 3805 924 3860 ad
952 3806 1161 3861 animae
1210 3806 1521 3879 respiciunt
1550 3806 1853 3862 utilitatem

219 3902 275 3952 et
295 3897 535 3953 salutem
566 3898 812 3956 scribere
844 3917 959 3955 non
992 3900 1311 3969 omisimus,
1329 3901 1477 3955 inter
1496 3900 1609 3955 alia
1635 3906 1699 3955 ut
1718 3917 1851 3955 con-

218 3996 446 4046 struant
469 3992 754 4065 episcopia
786 4000 841 4049 et
876 3995 1154 4050 Ecclesias
1186 3995 1435 4050 condant
1463 3994 1851 4066 injungentes.

218 4087 341 4156 Ipse
368 4086 523 4141 enim
556 4088 654 4158 qui
689 4104 803 4142 non
833 4090 953 4143 vult
978 4094 1225 4145 mortem
1251 4089 1582 4160 peccatoris,
1612 4089 1713 4144 sed
1740 4106 1855 4144 ma-

219 4179 405 4251 gis-ut
447 4185 829 4251 convertatur,
858 4186 914 4237 et
953 4183 1098 4238 vivat
1127 4184 1337 4253 (Ezech.
1386 4200 1571 4251 xxxul,
1610 4187 1715 4254 Η),
1748 4184 1855 4238 erit

220 4273 492 4328 omnibus
510 4274 745 4330 daturus
769 4276 1192 4332 incrementum
1218 4277 1266 4348 (Ι
1283 4280 1401 4335 Cor.
1432 4292 1511 4345 111,
1536 4278 1606 4347 7).
1634 4278 1779 4332 Deus
1799 4283 1854 4331 te

216 4368 572 4424 incolumem
593 4369 894 4425 custodiat.
909 4371 1050 4426 Data
1072 4370 1256 4442 pridie
1271 4372 1459 4426 Nonas
1472 4372 1734 4427 Decemb.
1751 4372 1854 4426 im-

216 4466 455 4533 perante
480 4462 718 4518 domino
737 4463 990 4535 piissimo
1015 4467 1274 4535 Augusto
1304 4466 1492 4521 Leone
1517 4482 1550 4519 a
1567 4466 1681 4521 Deo
1701 4482 1854 4521 coro-

1953 2035 2123 2092 quem
2153 2018 2443 2090 praeterito
2487 2019 2775 2075 asseruisti
2815 2036 2967 2074 anno
3015 2019 3088 2073 ad
3132 2036 3234 2095 nps
3274 2019 3585 2086 advenisse,

1954 2117 2258 2185 nostroque
2300 2112 2519 2183 judicio
2567 2113 2742 2167 fuisse
2769 2129 2802 2166 a
2832 2114 2949 2168 suis
2989 2112 3221 2168 nefariis
3265 2113 3584 2168 absolutum

1952 2206 2266 2261 actionibus
2295 2207 2514 2273 credas,
2546 2222 2731 2278 neque
2773 2206 2934 2261 nobis
2965 2206 3343 2262 confessiones
3370 2207 3589 2278 aliquas

1951 2300 2103 2365 fecit,
2134 2316 2236 2355 nec
2268 2318 2300 2355 a
2319 2300 2511 2368 nobis,
2541 2305 2608 2355 ut
2635 2318 2769 2356 suos
2798 2300 3020 2372 expleat
3061 2300 3273 2369 libitus,
3304 2300 3590 2357 absolutus

1953 2399 2055 2462 est,
2082 2394 2178 2448 sed
2210 2395 2253 2448 si
2285 2410 2417 2449 eum
2444 2394 2623 2449 errori
2653 2395 2930 2462 deditum,
2959 2395 3111 2449 hunc
3150 2394 3468 2466 apostolicae
3497 2413 3586 2450 se-

1954 2488 2037 2543 dis
2066 2488 2281 2560 vigore,
2314 2492 2377 2543 ut
2396 2489 2562 2559 juxta
2605 2492 2935 2544 sanctorum
2975 2505 3262 2544 canonum
3290 2505 3585 2544 censuram

1953 2582 2203 2653 corrigas
2243 2582 2622 2653 praecipimus,
2652 2588 2708 2637 et
2750 2581 3038 2649 emendes,
3068 2582 3152 2637 vel
3194 2582 3238 2636 si
3285 2599 3426 2654 quos
3470 2583 3588 2638 for-

1952 2681 2097 2730 tasse
2124 2676 2261 2729 tales
2292 2675 2595 2730 inveneris.
2632 2676 2726 2730 Ille
2766 2676 2945 2745 enim,
2972 2675 3271 2748 presbyter
3312 2692 3458 2743 sum,
3490 2677 3585 2731 ait.

1955 2769 2461 2824 Commendatitias
2488 2769 2643 2841 apud
2667 2768 2849 2824 ﬁlium
2878 2772 3135 2824 nostrum
3162 2770 3427 2825 Carolum
3450 2769 3593 2825 litte-

1954 2880 2047 2918 ras
2079 2863 2329 2935 expetiit.
2377 2863 2603 2918 Nullam
2647 2862 2731 2918 illi
2775 2863 2946 2917 aliam
2988 2863 3372 2919 concessimus
3408 2863 3589 2924 licen-

1955 2958 2115 3028 tiam,
2145 2974 2319 3029 quem
2348 2956 2508 3013 vitari
2536 2957 2583 3012 si
2612 2973 2785 3029 prave
2817 2963 3183 3013 conversatur
3202 2973 3335 3013 cum
3361 2957 3594 3030 reliquis

1954 3052 2239 3120 volumus,
2262 3051 2610 3124 eosdemque
2639 3068 2780 3123 quos
2809 3069 2842 3106 a
2868 3052 3109 3123 paganis
3137 3052 3449 3123 baptizatos
3470 3070 3592 3108 esse

1956 3145 2264 3212 asseruisti,
2300 3144 2345 3199 si
2376 3145 2453 3200 ita
2498 3145 2741 3200 habetur
2769 3148 2836 3200 ut
2879 3145 3069 3200 denuo
3110 3145 3364 3217 baptizes
3392 3146 3451 3200 in
3483 3163 3590 3201 no-

1955 3239 2109 3294 mine
2134 3238 2420 3293 Trinitatis
2446 3237 2817 3293 mandamus.
2852 3238 3075 3293 Interea
3101 3244 3385 3310 agrestem
3412 3239 3591 3294 cabal-

1955 3334 2073 3388 lum
2119 3332 2440 3404 aliquantos
2483 3332 2793 3403 adjunxisti
2844 3332 3163 3401 comedere,
3194 3334 3496 3404 plerosque
3536 3339 3629 3393 et.

1956 3426 2348 3483 domesticum.
2379 3427 2492 3481 Hoc
2515 3442 2884 3498 nequaquam
2912 3426 3036 3480 fieri
3059 3426 3344 3498 deinceps,
3365 3428 3593 3481 sanctis-

1956 3522 2118 3589 sime,
2140 3520 2311 3587 sinas,
2331 3520 2531 3587 frater,
2555 3520 2652 3575 sed
2673 3519 2880 3592 quibus
2902 3519 3155 3591 potueris
3188 3520 3303 3575 Deo
3333 3520 3589 3591 juvante,

1956 3616 2140 3671 modis
2170 3631 2272 3687 per
2303 3613 2497 3670 omnia
2542 3630 2854 3685 compesce,
2885 3618 2940 3670 et
2981 3613 3217 3685 dignam
3246 3614 3328 3669 eis
3358 3614 3592 3671 indicito

1955 3709 2366 3783 paenitentiam.
2390 3708 2761 3764 Immundum
2778 3712 2863 3764 est
2875 3708 3030 3763 enim
3042 3711 3210 3779 atque
3233 3709 3591 3764 exsecrabile.

1955 3806 2063 3859 Pro
2091 3802 2437 3858 abeuntibus
2483 3802 2697 3874 quippe
2744 3803 3095 3858 consuluisse
3141 3802 3513 3873 dignosceris,
3548 3804 3593 3856 si

1955 3899 2121 3953 liceat
2150 3897 2465 3952 oblationes
2508 3896 2733 3952 offerre.
2768 3896 2975 3952 Sancta
3019 3896 3095 3951 sic
3140 3900 3291 3951 tenet
3326 3896 3590 3966 Ecclesia,

1955 3998 2019 4048 ut
2045 3993 2284 4064 quisque
2318 4008 2422 4062 pro
2460 3990 2577 4045 suis
2607 3989 2845 4045 mortuis
2872 4006 3000 4046 vere
3034 3988 3365 4045 Christianis
3394 3988 3595 4045 offerat

1958 4086 2290 4153 oblationes,
2308 4088 2481 4156 atque
2505 4084 2804 4156 presbyter
2824 4100 3020 4139 eorum
3043 4082 3385 4138 memoriam
3404 4083 3590 4139 faciat.

1956 4183 2021 4236 Et
2052 4180 2312 4253 quamvis
2349 4195 2550 4234 omnes
2593 4178 2840 4250 peccatis
2881 4177 3301 4248 subjaceamus,
3332 4179 3596 4250 congruit

1958 4280 2018 4330 ut
2044 4274 2306 4331 sacerdos
2333 4290 2437 4347 pro
2464 4271 2706 4329 mortuis
2736 4270 3032 4327 catholicis
3058 4271 3400 4328 memoriam
3426 4272 3595 4328 faciat

1956 4375 2010 4424 et
2071 4369 2404 4436 intercedat,
2464 4385 2579 4423 non
2646 4370 2839 4422 tamen
2902 4382 3007 4438 pro
3068 4365 3281 4438 impiis,
3335 4368 3593 4438 quamvis

1954 4463 2255 4519 Christiani
2302 4463 2534 4529 fuerint,
2566 4462 2676 4516 tale
2720 4461 2857 4532 quid
2900 4476 3072 4531 agere
3118 4460 3330 4516 licebit.
3364 4462 3505 4516 Nam
3538 4466 3595 4516 et

215 4559 370 4623 nato,
394 4572 604 4629 magno
628 4557 995 4630 imperatore,
1019 4576 1170 4615 anno
1195 4563 1261 4626 8;
1294 4560 1393 4615 sed
1412 4564 1468 4616 et
1486 4560 1852 4616 Constantino
1872 4561 1932 4634 D
1954 4575 2050 4614 eos
2075 4557 2171 4629 qui
2199 4572 2256 4611 se
2288 4555 2551 4610 dubitant
2578 4555 2749 4609 fuisse
2777 4553 3091 4625 baptizatos
3116 4570 3187 4608 an
3215 4569 3351 4620 non,
3375 4554 3457 4608 vel
3492 4556 3590 4626 qui

214 4666 431 4721 magno
444 4652 785 4724 imperatore
797 4653 919 4725 ejus
937 4653 1235 4723 filio,anno
1250 4654 1784 4726 quinto,indictione
1799 4658 1850 4709 8.

250 4747 503 4816 Epistola
532 4747 777 4817 Gregorii
812 4764 978 4818 papa
1002 4750 1077 4804 ad
1111 4752 1453 4817 Bonifacium
1488 4753 1812 4820 episcopum.

290 4840 778 4896 Reverendissimo
832 4846 889 4897 et
950 4842 1298 4898 sanctissimo
1348 4843 1511 4897 fratri
1564 4845 1852 4899 Bommmo

218 4934 557 5006 coepiscopo
585 4935 655 4990 ad
682 4936 1161 4993 illuminationem
1211 4937 1392 5009 gentis
1417 4936 1736 4991 Germaniae
1768 4936 1853 4990 vel

218 5028 667 5101 circumquaque
716 5029 777 5084 in
825 5030 1027 5084 umbra
1072 5031 1271 5085 mortis
1314 5030 1667 5086 morantibus
1707 5029 1851 5102 (Luc.

220 5139 262 5191 1,
280 5122 396 5193 79),
414 5122 679 5192 gentibus
703 5124 762 5178 in
779 5140 974 5180 errore
994 5124 1312 5180 constitutis
1330 5124 1400 5179 ab
1419 5125 1523 5179 hac
1544 5123 1855 5197 apostolica

220 5215 322 5269 Dei
344 5216 589 5272 Ecclesia
612 5217 848 5287 directo,
868 5218 1179 5274 Ganconws
1206 5235 1399 5273 servus
1418 5235 1709 5275 servorum
1733 5218 1850 5272 Dei.

292 5310 497 5380 Magna
536 5327 636 5365 nos
679 5310 876 5367 habuit
924 5312 1252 5383 gratulatio,
1284 5312 1446 5367 lectis
1490 5312 1855 5367 sanctissimae

217 5404 601 5460 fraternitatis
639 5410 753 5461 tua:
798 5406 1022 5474 litteris,
1053 5423 1184 5461 cum
1215 5408 1273 5461 in
1300 5408 1400 5474 eis,
1430 5407 1642 5462 relecta
1687 5406 1851 5475 serie,

216 5498 423 5552 fuisset
460 5503 750 5569 repertum
796 5500 1023 5555 Domini
1054 5502 1232 5555 nostri
1270 5501 1401 5555 Jesu
1441 5500 1647 5557 Christi
1674 5499 1855 5571 gratia

213 5591 506 5664 plurimos
525 5596 580 5647 te
597 5610 628 5647 a
655 5594 974 5665 gentilitate
1001 5598 1058 5649 et
1081 5610 1271 5650 errore
1291 5595 1362 5649 ad
1384 5610 1527 5649 vera:
1547 5593 1682 5648 ﬁdei
1702 5592 1857 5665 agni-

214 5686 447 5741 tionem
461 5688 828 5743 convertisse.
846 5688 1005 5753 Quod
1027 5689 1162 5760 quia
1181 5687 1375 5742 divina
1389 5687 1741 5742 institutione
1763 5688 1858 5742 do-

213 5796 424 5836 cemur
449 5779 510 5835 in
542 5781 845 5852 parabolis,
876 5782 964 5837 cui
991 5782 1242 5854 quinque
1273 5781 1479 5837 talenta
1506 5781 1719 5837 credita
1740 5781 1856 5836 fue~

212 5877 373 5943 rant,
401 5873 514 5930 alia
544 5874 798 5948 quinque
829 5876 1000 5930 fuisse
1031 5877 1312 5932 lucratum
1339 5877 1553 5948 (Matth.
1583 5892 1711 5945 xxv,
1743 5878 1852 5946 20),

630 5973 904 6039 PATROL.
957 5972 1182 6041 CXXX.

1956 4670 1987 4707 a
2017 4650 2349 4724 presbytero
2376 4648 2491 4702 Jovi
2532 4653 2834 4714 mactante,
2866 4652 2925 4701 et
2964 4646 3353 4701 immolatitias
3392 4665 3589 4704 carnes

1954 4748 2237 4809 vescente,
2270 4747 2335 4797 ut
2379 4740 2801 4812 rebaptizentur
2830 4740 3214 4811 praecipimus.
3246 4741 3585 4812 Progeniem

1955 4857 2088 4895 vero
2115 4836 2276 4893 suam
2320 4851 2609 4908 quemque
2640 4849 2820 4903 usque
2852 4832 2923 4887 ad
2961 4834 3261 4904 septimam
3292 4834 3590 4893 observare

1954 4932 2315 4989 decernimus
2358 4928 2816 5001 generationem.
2867 4929 2953 4995 Et,
2994 4925 3037 4979 si
3081 4927 3345 4996 valueris,
3387 4931 3587 5000 devita,

1953 5044 2027 5083 ne
2070 5025 2313 5097 amplius
2369 5023 2459 5077 cui
2513 5021 2786 5076 mulieres
2835 5020 3083 5075 obierint
3127 5021 3345 5076 duabus
3387 5024 3590 5080 debeat

1954 5120 2224 5193 copulari.
2256 5119 2336 5172 De
2362 5116 2453 5171 his
2480 5132 2613 5170 vero
2649 5114 2888 5170 dicimus
2919 5115 3018 5187 qui
3044 5118 3286 5186 patrem,
3319 5121 3582 5184 matrem,

1955 5216 2213 5283 fratrem,
2242 5214 2341 5267 aut
2380 5225 2637 5265 sororem
2684 5208 3020 5275 occiderint,
3050 5212 3117 5264 ut
3150 5214 3265 5263 toto
3300 5209 3427 5264 vitta
3468 5227 3585 5265 sua:

1954 5313 2214 5381 tempore
2234 5321 2436 5378 corpus
2461 5321 2575 5359 non
2599 5303 2912 5375 suscipiant
2940 5302 3296 5357 Dominicum
3320 5302 3427 5357 nisi
3446 5307 3585 5359 tem~

1955 5419 2091 5476 pore
2138 5400 2324 5455 exitus
2370 5415 2473 5471 pro
2498 5397 2719 5453 viatico.
2763 5397 3096 5451 Abstineant
3136 5394 3307 5449 etiam
3354 5412 3433 5465 se,
3465 5403 3522 5451 et
3551 5416 3583 5452 ει

1956 5497 2141 5553 carnis
2184 5494 2554 5559 comestione,
2584 5497 2639 5547 et
2687 5495 2823 5563 potu
2866 5488 3001 5555 vini,
3031 5488 3208 5541 donec
3248 5487 3579 5561 advixerint,

1950 5592 2213 5663 jejunent
2238 5588 2571 5655 secundam,
2589 5591 2848 5656 quartam
2881 5585 2937 5636 et
2966 5584 3182 5633 sextam
3210 5580 3401 5649 ferias,
3421 5588 3485 5638 ut
3504 5587 3581 5641 sic

1956 5684 2173 5758 possint
2190 5683 2499 5738 deﬂuentes
2522 5679 2738 5734 diluere
2758 5674 3123 5729 commissum
3150 5675 3350 5729 scelus.
3368 5676 3503 5733 Nam
3527 5685 3583 5734 et

1956 5779 2229 5835 hocinter
2241 5777 2353 5831 alia
2365 5774 2669 5830 discrimen
2684 5768 2774 5839 agi
2788 5769 2844 5821 in
2864 5766 3363 5839 praesentibusillis
3373 5769 3579 5842 dixisti,

1958 5874 2106 5947 quod
2133 5871 2363 5944 quidam
2393 5884 2456 5922 ex
2481 5863 2747 5920 ﬁdelibus
2779 5861 2847 5915 ad
2885 5860 3306 5917 immolandum
3348 5869 3583 5939 paganis

3111 5963 3184 6025 37
