4092 6192
510 311 564 361 1-1
580 311 644 360 iiii

1363 305 1649 360 AI’PEND.
1695 305 1781 358 AD
1823 307 1982 359 SACC.
2029 305 2112 359 IX.
2148 336 2214 346 —
2245 306 2486 361 ISIDORI
2523 305 2943 360 MERCATORIS

3751 311 3879 358 illiti

506 431 606 468 sua
634 413 966 467 venundant
1006 412 1306 484 mancipia,
1345 413 1454 467 hoc
1485 417 1921 484 utmagnopere
1964 414 2142 468 corri-
2166 414 2564 500 Afaciendam
2635 415 2745 468 Deo
2809 413 3040 485 plebem
3101 413 3407 484 perfectam
3473 415 3616 481 (Luc.
3674 429 3713 478 1,
3778 417 3880 479 ﬁt,

507 523 642 577 gere
661 507 886 574 debeas,
906 508 1102 574 frater,
1119 509 1516 574 admonemus,
1537 524 1642 562 nec
1670 508 1821 561 sinas
1836 507 1956 560 fieri
1971 508 2137 562 ultra.

504 600 693 654 Scelus
716 601 871 654 enim
901 605 984 656 est
1009 605 1066 654 et
1087 601 1376 672 impietas.
1398 602 1486 655 Eis
1515 618 1655 671 ergo
1687 601 1785 671 qui
1814 602 1918 654 hoc
1938 617 2136 672 perpe-

503 699 795 749 traverunt
824 695 1068 750 similem
1114 695 1420 751 homicida:
1468 695 1687 749 indices
1726 695 2136 765 pcenitentiam.

503 792 572 842 At
616 789 838 858 quoties
883 790 1216 861 episcopum
1260 789 1698 854 consecraveris,
1739 789 1850 844 duo
1893 790 1977 844 vel
2028 792 2140 845 tres

504 882 845 937 conveniant
874 888 1064 940 tecum
1098 885 1365 956 episcopi,
1391 887 1453 938 ut
1480 885 1597 938 Deo
1626 883 1697 937 sit
1729 888 1954 953 gratum
1987 884 2138 954 quod

505 976 738 1046 geritur,
773 980 829 1030 et
859 977 940 1031 eis
969 978 1440 1033 convenientibus
1473 977 1719 1049 ipsisque
1763 977 2140 1048 praesentibus

502 1086 813 1124 consecres.
849 1072 977 1125 Haec
1011 1076 1087 1139 te,
1118 1074 1292 1126 frater
1319 1071 1664 1137 charissime,
1695 1071 2000 1142 diligenter
2028 1087 2139 1124 ser-

502 1181 635 1218 vare
666 1164 950 1233 volumus,
988 1172 1045 1220 et
1080 1165 1263 1220 studio
1294 1165 1519 1236 pietatis
1547 1171 1794 1237 coeptum
1840 1165 2136 1235 negotium

503 1259 696 1312 salutis
741 1274 1071 1329 exsequere,
1111 1263 1173 1313 ut
1221 1259 1291 1312 de
1337 1261 1491 1313 lucro
1536 1262 1832 1330 apportato
1878 1260 2065 1313 valeas
2107 1277 2139 1312 a

503 1352 743 1406 Domino
785 1353 894 1406 Deo
923 1357 1118 1408 nostro
1151 1353 1479 1408 mercedem
1511 1353 1804 1424 percipere
1834 1353 1892 1406 in
1924 1355 2139 1407 mterna

501 1445 871 1500 beatitudine.
926 1446 1295 1518 Privilegium
1346 1463 1481 1500 vero
1533 1447 1697 1516 juxta
1745 1446 1897 1517 quod
1949 1447 2136 1517 petisti

501 1539 792 1606 facientes,
821 1539 910 1592 his
947 1541 1215 1610 junctum
1263 1540 1599 1606 direximus,
1638 1543 1895 1610 optantes
1937 1544 1990 1593 te
2032 1541 2133 1593 Do-

502 1631 644 1686 mini
674 1633 770 1686 Dei
796 1632 972 1686 nostri
1017 1634 1280 1704 praesidio
1327 1634 1395 1688 de
1427 1633 1792 1688 conversione
1821 1633 2134 1688 errantium

501 1725 719 1782 Christo
750 1727 859 1780 Deo
892 1731 1086 1781 nostro
1119 1726 1514 1798 plenissimum
1541 1733 1709 1797 atque
1734 1727 2024 1796 integrum
2043 1745 2137 1797 ap-

2246 507 2614 578 praesentium
2651 507 2989 578 portitorem
3031 506 3350 562 litterarum
3382 505 3768 573 Bonifacium,
3801 523 3882 560 re-

2240 601 2715 656 verendissimum
2733 601 2973 656 fratrem
2995 605 3254 656 nostrum
3279 617 3345 655 ac
3365 599 3774 671 coepiscopum
3799 617 3881 653 or-

2240 695 2443 749 dinans
2473 695 2544 748 ad
2572 711 2670 749 vos
2699 711 2875 766 usque
2904 693 3225 760 destinavit,
3254 709 3504 764 eumque
3538 693 3802 764 regulam
3829 703 3880 747 et

2240 805 2504 843 normam
2548 788 2871 860 apostolicae
2901 791 2959 842 et
2987 787 3279 842 catholicae
3319 786 3450 842 fidei
3488 788 3765 842 Romana:
3791 788 3879 841 cui

2241 883 2356 937 Deo
2388 887 2619 937 auctore
2671 882 3022 936 deservimus
3063 881 3324 936 Ecclesiae
3372 881 3613 935 edocens
3647 882 3878 946 direxit,

2240 981 2294 1031 et
2319 980 2442 1046 post
2468 979 2795 1046 temporum
2826 975 3028 1046 spatia,
3062 975 3330 1029 orationis
3356 991 3542 1038 causa,
3574 975 3648 1028 ad
3677 974 3876 1029 limina

2239 1070 2531 1124 beatorum
2561 1069 2887 1140 Principum
2915 1069 3302 1140 apostolorum
3336 1085 3459 1123 sese
3488 1069 3875 1139 prmscntavit,

2241 1169 2297 1217 et
2323 1181 2449 1234 quin
2479 1163 2549 1217 ad
2575 1163 2819 1218 salutem
2846 1163 3171 1217 animarum
3200 1161 3506 1232 pertinent,
3531 1179 3563 1215 a
3589 1162 3762 1216 nobis
3783 1179 3876 1217 ex-

2239 1258 2416 1327 poscit
2447 1257 2648 1324 imbui,
2682 1274 2807 1327 nos,
2838 1259 2949 1312 Deo
2978 1257 3222 1325 favente,
3253 1261 3316 1311 ut
3345 1272 3502 1310 sacra
3534 1256 3706 1311 docet
3731 1257 3874 1312 Scri-

2239 1355 2427 1422 ptura,
2462 1367 2594 1406 eum
2622 1351 2940 1418 edocentes,
2969 1351 3042 1405 ad
3071 1368 3191 1420 vos,
3223 1350 3564 1416 charissimi,
3588 1357 3877 1405 remeatu-

2239 1462 2388 1514 rum,
2409 1445 2778 1514 absolvimus,
2810 1446 3106 1500 hortantes
3133 1462 3231 1500 vos
3257 1446 3315 1500 in
3342 1444 3602 1515 Domino,
3621 1449 3690 1499 ut
3707 1445 3879 1515 digne

2238 1539 2552 1610 suscipiatis
2581 1539 2650 1593 ab
2679 1556 2744 1594 eo
2773 1539 3008 1595 verbum
3038 1539 3462 1606 exhortationis,
3493 1544 3553 1594 et
3578 1539 3880 1610 episcopos

2238 1634 2323 1687 vel
2353 1634 2733 1704 presbyteros,
2761 1650 2903 1706 quos
2943 1633 3059 1704 ipse
3099 1633 3440 1688 ordinaverit
3468 1649 3574 1704 per
3603 1632 3878 1704 apostoli-

2238 1745 2363 1782 cam
2391 1727 2497 1780 sibi
2525 1727 2716 1782 datam
2749 1727 3145 1783 auctoritatem
3179 1727 3236 1781 in
3264 1727 3528 1783 Ecclesia:
3555 1726 3879 1782 ministerio

499 1823 731 1891 portare
761 1820 1001 1874 lucrum.
1034 1823 1177 1876 Deus
1211 1825 1266 1876 te
1297 1821 1643 1874 incolumem
1673 1821 1968 1885 custodiat,
1987 1837 2137 1874 reve-
2158 1805 2213 1876 B
2237 1820 2543 1893 recipiatis,
2567 1826 2624 1876 et
2648 1838 2789 1892 quos
2817 1822 3011 1876 forsan
3043 1821 3334 1877 deviantes
3353 1820 3639 1876 invenerit
3659 1837 3693 1874 a
3713 1823 3879 1875 recta:

499 1913 836 1968 rendissime
865 1915 1056 1969 frater.

501 2023 785 2091 Hucusque
815 2020 1104 2097 Gregorius
1152 2038 1185 2075 a
1224 2024 1404 2097 primo
1441 2023 1721 2097 secundus.
1765 2025 1900 2077 Hinc
1940 2025 2132 2093 Grego-

981 2095 1096 2146 rius
1123 2109 1157 2147 a
1183 2093 1411 2147 secundo
1430 2094 1642 2162 junior.

571 2188 881 2242 GREGORIUS
896 2186 1445 2257 espiscopus,servus
1458 2203 1752 2242 servorum
1767 2188 1885 2256 Dei,
1901 2188 2136 2244 dilectis-

496 2281 660 2335 simis
685 2280 846 2335 nobis
875 2279 1140 2334 omnibus
1161 2279 1456 2350 episcopis,
1472 2280 1890 2336 venerabilibus
1910 2282 2136 2353 presby-

500 2375 652 2442 teris,
704 2373 985 2444 religiosis
1045 2373 1342 2428 abbatibus
1396 2373 1652 2428 omnium
1696 2374 2132 2445 provinciarum.

572 2466 866 2520 «Domino
906 2471 1250 2537 cooperante
1297 2469 1355 2520 et
1401 2483 1721 2522 sermonem
1759 2469 2135 2524 conﬁrmante

498 2563 688 2631 (Marc.
722 2575 833 2628 XVI,
866 2563 976 2631 20),
1013 2581 1040 2608 »
1071 2576 1318 2631 praesens
1357 2560 1742 2616 sanctissimus
1780 2562 1883 2630 vir,
1910 2562 2131 2616 Bonifa-

499 2656 640 2724 cius,
670 2655 847 2709 frater
872 2671 936 2709 ac
965 2654 1327 2725 coepiscopus
1373 2657 1583 2722 noster,
1611 2655 1853 2710 verbum
1885 2656 2136 2711 veritatis

497 2750 641 2804 sicut
687 2766 721 2802 a
766 2747 1180 2819 praedecessore
1226 2752 1418 2802 nostro
1469 2754 1681 2803 sanctae
1727 2749 2134 2804 recordationis

497 2842 767 2913 Gregorio
799 2842 1038 2913 pressule
1067 2842 1125 2896 in
1144 2842 1254 2895 illis
1274 2843 1533 2913 partibus
1555 2843 1760 2896 missus
1786 2844 1973 2898 fuerat
1992 2861 2133 2914 prae-

498 2938 686 2992 dicare
711 2937 950 2991 verbum
977 2937 1075 2991 Dei
1104 2942 1232 3009 post
1272 2937 1519 2991 multum
1568 2939 1863 3009 temporis,
1895 2939 2131 2994 Domino

496 3034 838 3103 cooperante
881 3031 1169 3086 anhelanti
1211 3031 1522 3100 desiderio,
1555 3032 1828 3088 orationis
1857 3051 2042 3099 causa,
2071 3036 2133 3089 li-

497 3126 748 3180 minibus
800 3125 971 3179 sacris
1022 3125 1320 3180 beatorum
1369 3125 1693 3197 principum
1741 3129 2131 3199 apostolorum

496 3219 647 3274 Petri
674 3225 730 3274 et
771 3219 924 3274 Pauli
966 3219 1404 3290 przesentandus
1445 3220 1691 3275 advenit.
1738 3222 1841 3286 Qui
1884 3223 2133 3293 perfecta

495 3313 749 3368 oratione
778 3312 851 3366 ad
881 3315 1182 3384 acceptum
1213 3312 1468 3368 laborem
1498 3315 1702 3385 angelo
1737 3315 1957 3370 Domini
1985 3333 2130 3387 prae-

495 3407 680 3462 viante
710 3424 741 3461 a
771 3407 933 3462 nobis
962 3411 1046 3461 est
1077 3406 1382 3462 absolutus.
1416 3407 1518 3464 Cui
1543 3412 1726 3463 vestra
1750 3410 2010 3465 omnium
2047 3411 2128 3465 di-

494 3502 660 3556 lectio
694 3518 794 3557 seu
821 3500 1161 3567 reverentia,
1196 3507 1253 3556 et
1279 3501 1620 3572 religiositas
1663 3509 1893 3574 propter
1923 3505 2132 3560 Christi

495 3611 751 3650 amorem
761 3595 1059 3666 juvamina
1079 3595 1414 3666 impendere
1429 3596 1765 3667 dignemini,
1781 3595 1968 3670 287
1994 3599 2132 3653 dum

497 3694 552 3744 et
577 3689 885 3760 agnoscitis
911 3706 1038 3760 quae
1065 3689 1342 3744 Dominus
1370 3692 1563 3744 noster
1592 3692 1747 3746 lesus
1778 3692 2030 3747 Christus
2052 3693 2131 3746 in-

496 3784 640 3855 quit,
671 3783 864 3838 dicens
894 3799 907 3838 :
940 3783 1050 3847 Qui
1090 3783 1400 3855 susceperit
1429 3785 1772 3855 prophetam
1801 3786 1860 3840 in
1899 3787 2130 3842 nomine

496 3878 815 3950 prophetae,
831 3877 1153 3934 mercedem
1169 3877 1465 3948 propheta:
1483 3878 1748 3949 accipiet;
1766 3881 1932 3952 etqui
1950 3897 2134 3936 susce-

495 3973 643 4044 perit
659 3973 883 4044 justum
910 3971 970 4026 in
1000 3971 1232 4026 nomine
1265 3971 1428 4041 justi,
1463 3973 1789 4028 mercedem
1813 3974 1954 4044 justi
1983 3975 2127 4030 acci—

494 4066 614 4137 piet
640 4065 857 4133 (Matth.
902 4083 958 4131 x,
1004 4066 1112 4135 41).
1163 4068 1228 4121 Et
1274 4066 1319 4118 si
1363 4065 1602 4121 forsitan
1649 4067 1777 4138 quis
1822 4085 1889 4123 ex
1934 4069 2131 4123 vestris

498 4160 776 4214 ministris
809 4176 930 4214 sese
975 4160 1096 4230 ipso
1145 4159 1500 4215 sanctissimo
1546 4161 1666 4215 viro
1710 4161 1767 4215 in
1814 4161 2130 4218 ministerio

499 4252 908 4307 exhortationis
937 4256 1148 4307 sanetae
1188 4253 1598 4325 catholicoeque
1645 4254 1781 4308 ﬁdei
1817 4255 2130 4328 adjungere

498 4345 756 4414 voluerit,
787 4345 944 4400 nullo
984 4345 1154 4400 modo
1182 4346 1550 4416 prohibeatis,
1580 4347 1921 4405 charissimi.
1957 4350 2132 4421 Magis

498 4445 692 4496 autem
723 4455 1065 4494 concursum
1093 4439 1366 4510 praebete,
1397 4445 1454 4496 et
1479 4457 1542 4496 ex
1573 4447 1759 4496 vestro
1798 4443 1928 4498 ovili
1967 4443 2126 4516 adju-

2238 1915 2370 1970 ﬁdei
2420 1916 2668 1983 tramite,
2702 1932 2797 1970 seu
2829 1915 3101 1970 canonica
3131 1915 3411 1982 doctrina,
3439 1931 3652 1986 eosque
3683 1916 3877 1985 prohi-

2236 2009 2445 2076 buerit,
2475 2027 2509 2063 a
2540 2010 2696 2065 vobis
2731 2010 2887 2064 nullo
2916 2010 3087 2064 modo
3118 2009 3484 2082 impediatur,
3519 2013 3580 2063 et
3612 2009 3774 2080 quod
3803 2009 3880 2062 eis

2239 2104 2566 2174 impositum
2615 2105 2785 2158 fuerit
2828 2103 3149 2159 obediendo
3197 2108 3431 2176 propter
3471 2105 3658 2159 Deum
3705 2103 3878 2158 susci-

2236 2197 2412 2268 piant.
2435 2199 2577 2252 Nam
2604 2197 2704 2269 qui
2731 2201 3046 2253 temerator
3071 2198 3352 2253 exstiterit
3378 2198 3451 2252 ad
3481 2197 3879 2252 ohediendum

2237 2291 2455 2362 sibiipsi
2501 2291 2926 2346 damnationem
2969 2292 3230 2363 acquirit,
3257 2308 3356 2346 vos
3400 2293 3616 2357 autem,
3663 2291 3880 2345 charis-

2239 2385 2386 2454 simi,
2407 2384 2503 2456 qui
2534 2384 2595 2439 in
2627 2384 2860 2440 nomine
2892 2384 3099 2440 Christi
3125 2384 3390 2456 baptizati
3413 2383 3880 2453 estis,Christum

2236 2477 2497 2533 induistis
2529 2479 2667 2547 (Gal.
2703 2495 2784 2546 Ill,
2825 2480 2934 2548 27),
2972 2479 3248 2534 abstinete
3291 2482 3350 2532 et
3392 2478 3706 2548 prohibete
3750 2495 3879 2532 vos-

2235 2572 2509 2644 metipsos
2550 2573 2620 2627 ab
2665 2572 2820 2628 omni
2869 2573 3032 2644 culpa
3074 2588 3432 2644 paganorum
3475 2587 3598 2628 non
3644 2576 3879 2627 tantum

2236 2666 2603 2737 vosmetipsos
2629 2666 3001 2738 corrigentes,
3027 2666 3366 2734 charissimi,
3395 2665 3496 2719 sed
3531 2670 3593 2720 et
3621 2666 3883 2720 subditos

2233 2764 2469 2815 vestros.
2500 2760 2733 2815 Divinos
2760 2764 2953 2814 autem
2970 2760 3057 2814 vel
3085 2761 3400 2830 sortilegos,
3424 2759 3710 2814 sacriﬁcia
3727 2777 3885 2815 mor-

2234 2858 2467 2909 tuorum
2483 2855 2571 2909 vel
2596 2855 2908 2922 lucrorum,
2925 2854 3010 2909 vel
3026 2853 3274 2908 fontium
3295 2853 3563 2924 auguria,
3585 2854 3678 2908 vel
3702 2855 3884 2924 phila~

2235 2949 2432 3016 cteria,
2451 2949 2537 3003 vel
2555 2948 2942 3002 incantatores
2963 2951 3021 3002 et
3049 2949 3350 3015 veneﬁcos,
3375 2947 3430 3002 id
3453 2951 3561 3015 est,
3585 2948 3885 3002 maleﬁcos

2234 3049 2290 3100 et
2329 3041 2752 3098 observationes
2798 3042 3119 3112 sacrilegas,
3150 3058 3278 3113 qua:
3323 3041 3382 3095 in
3419 3042 3621 3097 vestris
3665 3042 3884 3096 ﬁnibus

2235 3137 2357 3193 ﬁeri
2403 3137 2679 3204 solebant,
2709 3137 2942 3192 omnino
2990 3139 3342 3208 respuentes,
3370 3139 3492 3190 tota
3533 3137 3750 3191 mentis
3792 3138 3882 3190 in-

2235 3233 2490 3288 tentione
2519 3231 2590 3286 ad
2618 3231 2930 3286 Dominum
2975 3229 3392 3297 convertimini,
3424 3229 3618 3300 ipsum
3646 3230 3883 3298 timete,

2232 3327 2461 3381 adorate
2497 3330 2553 3380 et
2593 3325 2984 3394 honoriﬁcate,
3017 3327 3343 3380 sanctorum
3384 3323 3692 3378 memoriis
3719 3340 3881 3380 com-

2233 3419 2610 3487 municantes,
2641 3425 2701 3474 ut
2727 3419 2804 3474 ait
2832 3419 3132 3490 Apostolus
3165 3420 3329 3488 (Rom.
3361 3434 3455 3487 xu,
3484 3421 3590 3484 l3).
3625 3418 3694 3473 Si
3725 3420 3886 3473 enim

2234 3515 2374 3569 ﬁdes
2386 3517 2591 3582 vestra,
2608 3513 2844 3568 Domino
2858 3513 3281 3581 dicente,fuerit
3294 3517 3353 3566 ut
3369 3528 3619 3583 granum
3640 3513 3885 3584 sinapis,

2233 3607 2426 3662 dicetis
2454 3609 2634 3662 monti
2671 3607 2824 3673 huic,
2852 3606 3118 3661 Transfer
3148 3611 3203 3661 et
3240 3605 3623 3660 transferetur
3658 3608 3885 3674 (Matth.

2234 3718 2358 3768 xvu,
2409 3705 2512 3772 19).
2567 3703 2685 3772 lpse
2730 3700 2884 3756 enim
2932 3700 3206 3754 Dominus
3257 3702 3315 3756 et
3358 3699 3620 3755 Salvator
3666 3706 3884 3762 noster,

2230 3798 2387 3852 Jesus
2410 3795 2681 3865 Christus,
2709 3795 2768 3849 in
2795 3811 2895 3849 suo
2933 3811 3093 3850 sacro
3125 3795 3355 3866 eloquio
3383 3793 3597 3864 inquit,
3628 3795 3840 3850 dicens
3873 3813 3884 3848 :

2235 3914 2261 3940 ‹‹
2280 3890 2489 3960 Diliges
2505 3889 2816 3944 Dominum
2846 3890 3028 3944 Deum
3056 3893 3219 3944 tuum
3248 3905 3317 3942 ex
3340 3893 3461 3943 toto
3487 3889 3666 3944 corde
3690 3895 3888 3955 tuo,et

2232 4003 2296 4040 ex
2349 3989 2465 4039 tota
2506 3983 2700 4038 anima
2744 3988 2864 4051 tua,
2897 3987 2952 4038 et
2997 4000 3067 4038 ex
3102 3987 3224 4038 tota
3272 3983 3479 4037 virtute
3523 3988 3626 4036 tua
3659 3985 3885 4052 (Matth.

2233 4095 2364 4148 xxn,
2393 4079 2561 4148 37),»
2606 4080 2661 4132 et
2709 4077 2917 4133 iterum
2949 4095 2960 4131 :
2994 4099 3021 4128 (ι
3075 4076 3177 4145 Qui
3222 4092 3315 4130 me
3357 4076 3660 4131 confessus
3710 4078 3888 4132 fuerit

2233 4189 2428 4227 coram
2452 4171 2802 4242 hominibus,
2820 4176 2878 4225 et
2891 4187 2997 4242 ego
3014 4170 3328 4226 conﬁtebor
3344 4186 3475 4226 eum
3496 4186 3703 4225 coram
3717 4173 3885 4225 Patre

2231 4283 2358 4322 meo
2398 4266 2495 4338 qui
2533 4270 2614 4320 est
2664 4265 2721 4319 in
2764 4265 2918 4320 ccelis
2950 4265 3166 4335 (Matth.
3200 4282 3252 4330 χ,
3295 4263 3404 4332 32).
3436 4284 3464 4309 ››
3511 4265 3684 4319 Unde
3727 4269 3784 4320 et
3828 4266 3884 4318 in

2233 4362 2342 4416 alio
2370 4362 2490 4415 loco
2515 4359 2780 4432 promisit
2822 4359 3015 4414 dicens
3045 4376 3056 4414 :
3097 4380 3124 4408 ‹‹
3153 4358 3549 4428 Quodcunque
3593 4359 3889 4429 petieritis

2232 4457 2459 4510 Patrem
2487 4456 2545 4508 in
2584 4454 2821 4509 nomine
2864 4470 2995 4508 meo
3033 4453 3134 4507 ﬁet
3162 4451 3320 4508 vobis
3345 4453 3527 4522 (Joan.
3563 4470 3680 4520 xxv,
3719 4457 3826 4524 13).
3861 4487 3870 4498 ο

499 4542 649 4632 teres
680 4535 731 4592 ei
773 4534 1007 4632 tribflite
1041 4534 1136 4632 qui
1177 4535 1394 4632 possint
1434 4552 1540 4632 per
1566 4537 1662 4591 Dei
1699 4538 1940 4607 gratiam
1971 4539 2128 4594 sufﬁ-
2149 4560 2210 4632 D
2235 4550 2298 4604 Et
2325 4549 2532 4604 iterum
2563 4565 2576 4604 :
2602 4570 2630 4597 «
2660 4547 2834 4604 Petite
2857 4552 2914 4601 et
2943 4547 3252 4618 accipietis,
3281 4547 3524 4618 quazrite
3546 4552 3606 4604 et
3628 4548 3889 4604 invenie

499 4630 715 4684 cienter
741 4629 1372 4700 gentibusministrare
1415 4630 1651 4685 verbum
1689 4632 2127 4704 praedicationis,

502 4727 562 4776 ut
591 4722 972 4794 omnipotenti
1017 4724 1133 4778 Deo
1178 4727 1370 4778 nostro
1407 4722 1628 4779 animas
1671 4725 2040 4794 lucrifaciant,
2067 4731 2134 4782 ut

501 4821 560 4870 et
583 4821 766 4870 vestra
792 4817 1174 4872 communitas
1199 4816 1336 4872 boni
1365 4818 1554 4888 operis
1580 4818 1897 4890 portionem
1929 4822 2127 4875 sortia-

500 4915 613 4979 tur,
635 4914 805 4980 atque
825 4909 904 4963 illi
932 4913 1264 4966 mereantur
1296 4913 1654 4968 Dominicam
1688 4930 1878 4970 vocem
1897 4915 2091 4970 audire
2115 4933 2126 4969 :

500 5005 610 5059 Vos
626 5003 726 5074 qui
752 5003 1136 5074 dereliquistis
1159 5006 1351 5060 omnia
1372 5011 1428 5060 et
1453 5008 1626 5062 secuti
1645 5010 1779 5063 estis
1801 5026 1914 5077 me,
1938 5014 2131 5066 centu-

497 5099 657 5171 plum
675 5095 981 5166 accipietis,
996 5097 1238 5153 etvitam
1255 5104 1524 5156 aeternam
1543 5103 2127 5175 possidebitis(Matth.

497 5209 608 5258 xxx,
635 5193 745 5261 29).
779 5191 926 5244 Bene
954 5190 1148 5246 valete.

949 5294 1196 5363 Epistola
1227 5296 1470 5365 Gregorii
1492 5315 1674 5370 papae.

570 5392 883 5445 GREGORIUS
894 5404 1040 5459 papa
1050 5386 1326 5442 universis
1337 5391 1701 5460 optimatibus
1715 5400 1772 5448 et
1788 5397 1994 5466 populo
2010 5414 2131 5467 pro-

496 5484 815 5538 vinciarum
834 5482 1171 5550 Germaniae,
1185 5482 1491 5554 Thuringis
1512 5492 1569 5539 et
1588 5488 1799 5554 Thesis,
1816 5493 1872 5544 et
1893 5491 2126 5546 Bortha-

497 5579 595 5646 ris,
620 5581 678 5631 et
699 5576 980 5642 Nistresis,
1013 5575 1343 5643 Unedredis,
1374 5583 1431 5632 et
1457 5580 1721 5650 Lognais,
1747 5582 2048 5654 Sudnodis,
2075 5590 2130 5640 ct

499 5671 778 5726 Gralfeltis
807 5672 889 5723 vel
923 5671 1186 5726 omnibus
1217 5671 1274 5725 in
1307 5672 1568 5728 orientali
1589 5675 1760 5746 plaga
1787 5679 2125 5734 constitutis.

569 5764 852 5828 Quoniam
913 5765 1290 5834 praedecessor
1353 5773 1544 5822 noster
1595 5774 1801 5826 sanctos
1863 5773 2122 5828 recorda-

497 5857 663 5913 tionis
717 5857 1022 5928 Gregorius
1072 5861 1296 5932 przesul,
1347 5868 1485 5919 nutu
1551 5864 1739 5920 divino
1798 5869 1987 5922 motus
2057 5869 2126 5920 ad

2235 4645 2323 4711 tis,
2344 4644 2561 4714 pulsate
2589 4647 2647 4697 et
2672 4642 2961 4714 aperietur
2985 4641 3163 4697 vobis.
3185 4641 3384 4697 Omnis
3405 4641 3568 4696 enim
3588 4643 3693 4714 qui
3714 4644 3885 4715 petit,

2231 4737 2434 4808 accipit
2464 4755 2476 4792 :
2501 4742 2558 4792 et
2574 4736 2672 4809 qui
2699 4736 2904 4809 quaerit
2927 4735 3142 4790 invenit
3172 4752 3184 4790 :
3219 4741 3274 4790 et
3298 4735 3555 4807 pulsanti
3585 4738 3887 4808 aperietur

2236 4832 2378 4898 (Luc.
2414 4848 2491 4898 x1,
2523 4835 2576 4900 9,
2609 4833 2712 4901 10).
2761 4851 2787 4878 n
2833 4833 2900 4887 Et
2928 4845 3047 4897 vos,
3075 4829 3414 4895 charissimi,
3453 4830 3626 4886 facite
3660 4831 3882 4886 fructus

2232 4926 2452 4998 dignos,
2476 4931 2536 4980 ut
2556 4925 2612 4979 in
2641 4925 2731 4979 die
2757 4925 3032 4980 adventus
3059 4923 3286 4979 Domini
3301 4923 3486 4978 nostri
3503 4925 3644 4979 Jesu
3666 4925 3882 4980 Christi

2231 5020 2480 5074 sidereas
2506 5019 2842 5074 mereamini
2865 5018 3101 5090 adipisci
3122 5015 3468 5073 mansiones.
3490 5017 3648 5073 Bene
3672 5020 3879 5074 valete.

2515 5118 2643 5169 Item
2676 5113 2904 5184 cpistola
2944 5113 3088 5168 beati
3119 5113 3365 5182 Gregorii
3393 5128 3583 5182 papae.

2304 5207 2689 5262 Dilectissimis
2719 5206 2880 5261 nobis
2905 5205 3037 5260 ﬁliis
3070 5205 3127 5259 in
3161 5205 3448 5277 provincia
3475 5205 3882 5276 Bajoariorum

2232 5306 2289 5357 et
2315 5302 2647 5358 Alamannia
2665 5299 3005 5366 constitutis,
3037 5301 3232 5369 Jueoo,
3255 5300 3507 5366 LL'lDONl,
3532 5299 3818 5362 Humum,
3835 5309 3886 5355 ei

2231 5399 2510 5465 Pmmeo,
2543 5396 2767 5451 δεγΑοΛε
2791 5398 3102 5450 GREGORIL'S
3129 5411 3293 5465 papa.

2262 5491 2548 5547 Catholica
2561 5493 2949 5544 etsanctorum
2965 5490 3193 5543 Patrum
3199 5489 3364 5558 jubet
3374 5488 3888 5556 auctoritas,utbis

2232 5585 2285 5638 in
2304 5601 2566 5656 annopro
2589 5584 2768 5638 salute
2796 5583 2994 5654 populi
3013 5581 3320 5638 Christiani
3351 5598 3451 5636 seu
3479 5582 3886 5637 exhortatione.-

2230 5679 2549 5750 adoptionis
2560 5677 2804 5732 ﬁliorum
2817 5677 3112 5748 synodalia
3123 5675 3742 5737 debeantcelebrari,et
3757 5695 3888 5732 cau-

2229 5789 2422 5828 sarum
2435 5772 2839 5828 canonicarum
2861 5771 3213 5827 examinatio
3234 5770 3562 5841 provenire,
3579 5774 3643 5824 ut
3657 5771 3888 5824 unicui-

2227 5883 2356 5940 que,
2375 5872 2546 5939 prout
2563 5868 2866 5923 necessitas
2891 5864 3237 5938 poposcerit,
3265 5864 3363 5936 pia
3385 5863 3724 5918 educatione
3747 5865 3888 5919 sub-
