4092 6192
152 347 273 400 1157

1326 340 1809 403 DECRETALIUM
1847 343 2236 401 COLLECTIO.

3372 348 3504 403 “58

149 449 1767 524 veniatur.Unde,secundumApostolidoctrinam,admo-
1786 466 1847 540 Α
1866 457 1986 508 tam
2030 453 2333 508 barbaram
2363 456 2594 525 gentem
2636 453 2763 524 plus
2792 451 2986 525 placet
3020 469 3192 526 quam
3231 453 3506 509 districtio

149 562 267 615 nec,
300 551 354 602 et
382 546 581 602 hortor
615 563 738 617 vos,
784 546 1129 615 charissimi,
1172 563 1278 619 per
1312 546 1766 602 misericordiam

149 640 262 708 Dei,
291 642 352 694 ut
394 640 570 712 digne
597 640 904 696 ambuletis
944 641 1242 696 vocatione
1270 658 1385 714 qua
1426 640 1607 696 vocati
1632 641 1766 697 estis

148 735 346 805 (Ephes.
394 750 467 801 iv,
516 735 589 804 1),
620 738 687 789 ut
723 734 1109 790 ministerium
1155 740 1405 791 vestrum
1450 734 1767 808 perfectum

149 828 214 882 sit
241 844 430 883 coram
478 828 615 884 Deo.
644 828 1044 901 Opportunum
1088 846 1337 902 namque
1362 832 1447 886 est
1469 845 1570 884 vos
1599 844 1765 884 nosse

147 923 366 1001 fratrem
387 938 454 977 ac
473 922 873 994 coepiscopum
895 926 1235 996 praesentem
1258 923 1634 993 Bonifacium,
1660 939 1765 978 no-

148 1020 313 1071 stram
347 1019 404 1071 et
441 1021 710 1088 agentem
747 1017 953 1087 vicem,
980 1034 1111 1073 cum
1148 1018 1325 1089 digno
1359 1022 1415 1072 et
1442 1017 1633 1072 debito
1662 1018 1767 1071 ho-

151 1125 279 1164 nore
316 1126 416 1181 pro
465 1109 672 1165 Christi
699 1110 939 1165 nomine
970 1110 1277 1182 suscipere,
1305 1115 1362 1165 et
1387 1110 1769 1165 ministerium

150 1203 574 1259 ecclesiasticum
616 1219 747 1259 cum
795 1204 906 1259 fide
950 1203 1227 1259 catholica
1271 1203 1585 1259 secundum
1642 1221 1770 1259 nor-

149 1313 300 1352 mam
330 1301 385 1352 et
409 1313 634 1353 morem
658 1302 919 1353 sanctum
945 1298 1241 1353 catholicae
1260 1302 1319 1353 et
1333 1297 1655 1370 apostolicm
1672 1297 1771 1352 Dei

151 1389 412 1459 Ecclesiae,
441 1390 553 1458 cui,
575 1389 963 1446 misericordia
981 1392 1079 1447 Dei
1101 1392 1504 1463 praeveniente,
1529 1400 1773 1462 praeesse

150 1483 417 1553 videmur,
454 1484 599 1539 sicut
633 1484 935 1556 apostolica
976 1485 1310 1541 auctoritate
1342 1502 1377 1540 a
1412 1485 1577 1540 nobis
1604 1484 1773 1540 desti-

150 1580 309 1632 natus
331 1581 432 1645 est,
459 1577 532 1632 ab
573 1595 639 1634 eo
681 1578 1052 1650 suscipientes
1091 1579 1394 1651 dignanter
1433 1579 1690 1645 teneatis,
1719 1583 1775 1633 et

150 1671 474 1743 gentilitatis
502 1672 678 1727 ritum
720 1678 777 1728 et
802 1672 1125 1728 doctrinam
1151 1675 1237 1728 vel
1264 1672 1619 1728 venientium
1659 1672 1775 1727 Bri-

151 1770 358 1834 tonum,
390 1765 479 1820 vel
502 1766 782 1821 falsorum
808 1767 1173 1822 sacerdotum
1201 1767 1623 1833 haereticorum,
1656 1767 1773 1821 sive

1865 562 2143 613 censure,
2163 546 2597 602 concedendum
2630 549 2715 601 est
2743 550 2806 601 ut
2829 549 2961 618 post
2984 552 3250 618 quartam
3274 564 3510 618 genera-

1864 640 2085 696 tionem
2099 640 2439 712 jungantur.
2465 641 2605 695 Nam
2636 640 2785 712 quod
2821 640 3081 711 posuisti,
3116 641 3273 712 quod
3301 642 3348 695 si
3379 658 3504 697 mu-

1865 734 1973 790 lier
2006 733 2342 789 inﬁrmitate
2373 736 2639 805 correpta
2680 750 2795 788 non
2837 734 3079 791 valuerit
3107 734 3361 790 debitum
3385 736 3507 790 viro

1867 828 2132 898 reddere,
2162 827 2302 900 quid
2333 827 2457 899 ejus
2483 827 2655 883 faciat
2674 827 2908 899 jugalis,
2936 828 3152 883 bonum
3190 834 3337 885 esset
3362 829 3407 883 si
3434 830 3513 883 sic

1868 926 2255 993 permaneret,
2303 926 2364 976 ut
2408 920 2769 976 abstinentiae
2812 926 3056 977 vacaret.
3099 922 3207 979 Sed
3237 924 3371 994 quia
3405 924 3511 978 hoc

1872 1032 2216 1089 magnorum
2235 1018 2342 1083 est,
2370 1014 2467 1070 ille
2491 1015 2589 1087 qui
2616 1031 2675 1071 se
2697 1032 2815 1071 non
2835 1015 3046 1086 poterit
3072 1016 3388 1087 continere,
3410 1034 3514 1071 nu-

1869 1109 1965 1165 bat
1992 1110 2197 1181 magis,
2230 1125 2344 1164 non
2374 1113 2569 1164 tamen
2599 1109 2839 1164 subsidii
2882 1125 3054 1181 opem
3101 1110 3400 1165 subtrahat
3444 1110 3514 1165 ab

1870 1203 1965 1259 illa
1990 1204 2083 1258 cui
2106 1203 2408 1258 inﬁrmitas
2428 1203 2736 1275 praepedit,
2762 1205 2821 1257 et
2836 1220 2953 1258 non
2981 1203 3329 1258 detestabilis
3351 1204 3515 1276 culpa

1873 1297 2143 1353 excludit.
2176 1299 2255 1352 De
2294 1297 2627 1369 presbytero
2657 1314 2811 1364 vero,
2853 1297 2943 1351 vel
2971 1297 3211 1368 quilibet
3252 1298 3519 1353 sacerdos

1873 1410 1907 1446 a
1937 1391 2149 1463 populo
2180 1395 2493 1457 accusatus,
2524 1391 2571 1444 si
2618 1390 2757 1445 certi
2788 1408 2906 1446 non
2942 1390 3156 1446 fuerint
3199 1395 3388 1459 testes,
3420 1391 3517 1462 qui

1874 1485 2099 1540 crimini
2123 1485 2283 1540 illato
2312 1485 2634 1556 approbent
2662 1484 2959 1539 veritatem
2975 1484 3385 1555 jusjurandum
3414 1486 3521 1540 erit

1874 1580 1934 1633 in
1976 1578 2184 1644 medio,
2215 1583 2271 1634 et
2312 1579 2474 1633 illum
2519 1582 2723 1633 testem
2767 1579 3023 1649 proferat
3061 1578 3131 1632 de
3178 1579 3520 1634 innocentim

1874 1689 1991 1728 sure
2041 1673 2333 1744 puritate,
2389 1692 2415 1723 «
2462 1672 2553 1725 cui
2593 1672 2745 1726 nuda
2794 1675 2851 1725 et
2893 1675 3096 1743 aperta
3146 1678 3284 1727 sunt
3329 1674 3520 1727 omnia

1877 1767 2059 1836 (Hebr.
2093 1782 2168 1835 1v,
2202 1766 2307 1835 13),
2340 1787 2366 1814 ››
2409 1765 2601 1837 sicque
2648 1771 2881 1820 maneat
2926 1765 2986 1819 in
3033 1765 3263 1837 proprio
3315 1767 3515 1837 gradu.

150 1859 448 1925 adulteros,
480 1864 578 1915 aut
620 1859 1003 1932 undecunque
1030 1861 1143 1916 sint
1166 1865 1473 1916 renuentes
1498 1876 1563 1915 ac
1589 1860 1776 1931 prohi-
1794 1858 1851 1930 B
1874 1860 2017 1914 Nam
2062 1859 2131 1914 de
2172 1858 2402 1914 homine
2429 1859 2528 1930 qui
2557 1876 2591 1913 a
2616 1859 2887 1930 pontiﬁce
2916 1860 3287 1914 conﬁrmatus
3322 1860 3516 1930 fuerit,

150 1954 341 2008 bentes
368 1953 662 2024 abjiciatis,
694 1956 754 2008 et
774 1957 836 2010 ut
856 1955 1134 2026 populum
1157 1954 1313 2009 vobis
1329 1971 1363 2009 a
1379 1956 1495 2009 Deo
1516 1954 1776 2009 commis-

148 2064 272 2102 sum
303 2048 407 2118 piis
438 2047 929 2103 admonitionibus
974 2048 1274 2118 edoceatis,
1316 2051 1373 2103 et
1419 2065 1452 2102 a
1494 2048 1777 2103 sacriﬁciis

149 2144 500 2195 mortuorum
526 2141 761 2195 omnino
792 2140 1072 2209 devitetis,
1099 2146 1155 2197 et
1177 2142 1343 2212 juxta
1367 2142 1520 2213 quod
1559 2140 1778 2197 fueritis

147 2250 181 2288 a
206 2234 469 2305 praedicto
496 2237 692 2289 nostro
736 2236 1139 2290 consacerdote
1167 2235 1375 2305 edocti,
1420 2236 1502 2290 ita
1540 2234 1776 2290 catholi-

147 2345 274 2383 cam
297 2331 352 2382 et
366 2329 741 2400 apostolicam
757 2329 1079 2385 doctrinam
1094 2332 1371 2398 tenentes,
1394 2329 1636 2385 Domino
1659 2330 1775 2384 Deo

150 2428 209 2476 et
227 2421 496 2478 Salvatori
514 2427 714 2478 nostro
739 2423 965 2495 placere
994 2423 1289 2479 festinetis.
1321 2424 1389 2478 Et
1413 2423 1473 2478 in
1494 2439 1605 2495 quo
1620 2422 1780 2477 vobis

146 2517 274 2571 loco
303 2516 373 2571 ad
406 2515 748 2572 celebranda
785 2517 1026 2572 concilia
1062 2517 1365 2572 convenire
1399 2516 1777 2582 mandaverit,

149 2611 266 2665 sive
299 2610 462 2680 juxta
498 2610 840 2679 Danubium,
871 2611 988 2665 sive
1032 2611 1092 2665 in
1128 2611 1356 2666 civitate
1388 2614 1661 2683 Augusta,
1691 2611 1780 2664 vel

149 2703 476 2775 ubicunque
479 2704 504 2775 j
512 2704 845 2772 udjcaverit,
859 2721 963 2777 pro
976 2704 1211 2760 nomine
1227 2705 1430 2761 Christi
1448 2704 1637 2777 parati
1658 2720 1779 2759 esse

148 2797 539 2867 inveniamini,
567 2802 847 2870 quatenus
874 2814 1286 2871 cognoscamus
1312 2815 1418 2870 per
1455 2798 1576 2869 ejus
1611 2815 1779 2853 man-

150 2891 351 2946 datum
372 2891 443 2946 de
456 2896 640 2965 vestro
658 2896 965 2959 conventu,
988 2897 1049 2948 ut
1072 2893 1128 2947 in
1158 2893 1313 2947 diem
1339 2892 1613 2948 adventus
1627 2892 1784 2948 Chri-

149 2985 220 3039 sti
248 2986 373 3039 Jesu
394 3001 527 3041 cum
551 2987 740 3041 fructu
764 2986 900 3041 boni
934 2986 1121 3059 operis
1140 2990 1272 3041 ante
1291 2986 1411 3057 ejus
1432 2986 1683 3041 tribunal
1700 3003 1783 3041 as-

150 3080 349 3134 sistere
393 3096 739 3148 mereamur,
788 3080 1040 3137 dicentes
1085 3098 1097 3135 :
1141 3081 1335 3135 «Ecce
1376 3097 1478 3135 nos
1520 3086 1577 3135 et
1617 3081 1784 3152 pueri

150 3189 292 3243 quos
313 3172 515 3228 dedisti
539 3174 727 3240 nobis,
751 3175 995 3229 Domine
1018 3174 1201 3246 (Hebr.
1235 3191 1293 3242 ιι,
1328 3176 1434 3245 13),
1464 3194 1490 3223 ››
1518 3190 1635 3229 non
1654 3190 1780 3245 per-

147 3266 401 3321 didimus
426 3283 496 3322 ex
522 3268 605 3322 eis
634 3284 987 3341 quemquam
1014 3270 1187 3339 (Joan.
1220 3285 1373 3339 XVIII,
1412 3269 1486 3337 9),
1519 3272 1583 3323 ut
1605 3273 1662 3323 et
1689 3284 1785 3323 vos

144 3360 500 3416 Dominicam
536 3378 735 3417 vocem
775 3362 975 3417 audire
1030 3362 1391 3431 mereamini,
1451 3362 1733 3418 dicentem
1769 3380 1781 3417 :

145 3474 177 3506 α
214 3455 434 3525 Venite,
478 3455 760 3512 benedicti
806 3457 987 3512 Patris
1032 3458 1169 3527 mei,
1214 3456 1489 3529 percipite
1538 3473 1787 3529 regnum

143 3548 301 3621 quod
339 3549 496 3604 vobis
541 3555 803 3622 paratum
844 3554 931 3606 est
964 3552 1034 3606 ab
1074 3551 1293 3623 origine
1330 3550 1535 3606 mundi
1571 3551 1785 3620 (Matth.

144 3661 273 3713 xxv,
296 3645 408 3713 34).
442 3666 470 3694 ››
499 3645 651 3699 Bene
679 3645 882 3701 valete.
954 3654 967 3665 ‘

472 3740 719 3809 Epistola
745 3738 981 3808 ejusdem
1006 3740 1079 3794 ad
1102 3740 1462 3807 Bonifacium.

218 3833 713 3889 Reverendissimo
769 3836 827 3887 et
878 3833 1230 3889 sanctissimo
1282 3834 1441 3889 fratri
1496 3836 1788 3891 Bommcro

141 3929 508 3999 coepiscopo,
539 3927 866 3993 GREGORIUS,
897 3944 1092 3982 servus
1127 3944 1422 3983 servorum
1453 3928 1573 3985 Dei.

221 4021 670 4078 Desiderabilem
704 4021 847 4075 mihi
875 4038 909 4075 a
936 4027 989 4076 te
1017 4022 1221 4076 missus
1247 4022 1464 4077 Denual
1492 4022 1788 4095 religiosus

141 4116 448 4189 presbyter
473 4115 664 4171 attulit
692 4115 979 4185 nuntium,
999 4132 1126 4170 cum
1148 4121 1204 4170 te
1225 4115 1495 4187 sospitem
1515 4117 1786 4185 narravit,

142 4216 204 4265 et
218 4209 281 4264 in
297 4209 640 4277 ministerio,
659 4225 763 4280 pro
784 4225 895 4280 quo
911 4209 1118 4264 missus
1133 4226 1194 4264 es
1211 4210 1436 4264 favente
1456 4211 1594 4277 Deo,
1618 4210 1786 4282 proﬁ-

142 4321 278 4360 cere
312 4303 619 4358 nuntiavit.
636 4302 847 4359 Detulit
863 4303 1034 4359 etiam
1064 4320 1099 4358 a
1123 4310 1178 4358 te
1205 4303 1410 4358 missas
1434 4303 1672 4371 litteras,
1693 4304 1789 4359 ubi

141 4393 412 4449 indicasti
438 4392 596 4464 quod
619 4409 757 4464 ager
772 4392 1116 4463 Dominicus,
1146 4392 1243 4463 qui
1271 4393 1520 4448 incultus
1541 4393 1786 4464 jacebat,

144 4494 206 4543 et
233 4487 533 4559 spinarum
557 4485 769 4542 aculeis
789 4503 859 4541 ex
884 4484 1244 4555 inﬁdelitate,
1264 4487 1533 4558 riguerat,
1560 4504 1791 4542 vomere

1878 1953 2064 2007 denuo
2092 1951 2174 2006 illi
2213 1951 2344 2006 talis
2381 1951 2667 2007 reiteratio
2706 1952 3063 2023 prohibenda
3099 1956 3202 2007 est.
3236 1954 3299 2007 In
3323 1953 3518 2007 missa-

1877 2063 2004 2101 rum
2024 2046 2318 2102 solemniis
2335 2046 2752 2101 observandum
2768 2050 2853 2101 est
2865 2046 3018 2117 quod
3036 2046 3309 2102 Dominus
3326 2052 3521 2102 noster

1875 2141 2035 2195 Jesus
2075 2140 2330 2196 Christus
2367 2140 2577 2195 sanctis
2615 2139 2730 2194 suis
2760 2139 2960 2195 tribuit
2998 2139 3288 2211 discipulis
3316 2158 3329 2196 :
3356 2163 3385 2191 ‹‹
3416 2146 3519 2198 Ac-

1879 2234 2030 2305 cepit
2056 2249 2311 2305 namque
2350 2234 2603 2301 calicem,
2637 2240 2694 2289 et
2726 2233 2885 2289 dedit
2911 2234 2992 2287 eis
3024 2234 3218 2289 dicens
3254 2252 3267 2289 :
3301 2235 3400 2291 Hic
3439 2243 3525 2290 est

1879 2327 2019 2383 calix
2049 2327 2183 2382 Novi
2208 2327 2553 2382 Testamenti
2603 2327 2663 2381 in
2707 2344 2837 2383 meo
2875 2328 3176 2399 sanguine,
3214 2329 3319 2384 hoc
3354 2330 3524 2385 facite

1879 2420 2328 2493 quotiescunque
2357 2421 2584 2475 sumitis
2613 2421 2830 2491 (Matth.
2861 2438 3012 2489 XXVI,
3039 2426 3129 2489 27,
3161 2424 3272 2493 28).
3298 2443 3327 2476 ››
3361 2424 3543 2504 Unde.

1880 2531 2198 2587 congruum
2240 2532 2356 2569 non
2404 2521 2489 2570 est
2533 2514 2673 2570 duos
2710 2515 2798 2570 vel
2836 2518 2951 2570 tres
2981 2515 3183 2571 calices
3224 2516 3285 2570 in
3324 2517 3524 2576 altario

1880 2625 2096 2679 ponere
2136 2626 2267 2664 cum
2321 2608 2622 2664 missarum
2676 2609 2953 2664 solemnia
3005 2610 3386 2665 celebrantur.
3442 2613 3522 2666 De

1882 2701 2253 2757 immolatitiis
2278 2708 2473 2758 autem
2497 2702 2640 2757 escis
2664 2702 2996 2758 consuluisti
3023 2704 3069 2757 si
3100 2720 3133 2757 a
3156 2702 3418 2759 ﬁdelibus
3439 2723 3526 2760 su-

1881 2796 2219 2868 perductum
2245 2796 2420 2852 fuerit
2443 2796 2671 2851 viviﬁcee
2704 2797 2886 2851 crucis
2922 2797 3152 2868 signum
3181 2797 3271 2852 edi
3302 2798 3523 2868 liceret,

1884 2907 1958 2944 an
1980 2906 2116 2956 non,
2149 2889 2289 2943 illud
2316 2888 2525 2944 sufﬁcit
2554 2889 2926 2961 respondere,
2954 2891 3109 2962 quod
3140 2891 3338 2946 beatus
3373 2894 3524 2964 Apo-

1884 2983 2061 3038 stolus
2086 2983 2254 3037 dicit:
2280 2982 2533 3054 «Siquis
2563 2984 2769 3038 dixerit
2799 2983 2952 3055 quod
2973 2984 3083 3039 hoc
3102 2983 3528 3042 immolatitium

1885 3081 1987 3141 est,
2017 3077 2190 3132 nolite
2217 3077 2386 3132 edere
2414 3079 2651 3148 propter
2677 3093 2812 3132 eum
2840 3078 2941 3148 qui
2972 3077 3263 3150 indicavit,
3294 3083 3353 3135 et
3392 3097 3525 3152 pro-

1885 3174 2013 3243 pter
2047 3170 2458 3225 conscientiam
2497 3171 2546 3240 (1
2568 3171 2689 3226 Cor.
2719 3188 2771 3241 χ,
2796 3172 2908 3241 28).
2953 3193 2981 3220 ››
3029 3171 3306 3228 Addidisti
3340 3160 3529 3230 adhuc

1888 3264 2041 3335 quod
2071 3262 2118 3319 si
2143 3268 2304 3335 pater
2332 3265 2421 3318 vel
2446 3268 2633 3318 mater
2663 3263 2847 3318 ﬁlium
2870 3263 3164 3336 ﬁliamque
3192 3265 3346 3321 intra
3371 3272 3530 3339 septa

1887 3357 2223 3413 monasterii
2241 3357 2302 3412 in
2324 3357 2576 3412 infantiae
2591 3358 2757 3413 annis
2783 3357 2887 3412 sub
2913 3358 3164 3428 regulari
3190 3359 3531 3416 tradiderint

1888 3452 2205 3523 disciplina,
2235 3454 2429 3506 utrum
2457 3450 2629 3506 liceat
2660 3452 2740 3506 eis
2757 3455 3062 3524 postquam
3088 3451 3403 3523 pubertatis
3428 3454 3532 3510 im-

1886 3545 2169 3618 pleverint
2209 3562 2391 3601 annos
2433 3545 2653 3617 egredi,
2701 3549 2760 3599 et
2810 3544 3183 3602 matrimonio
3235 3548 3526 3619 copulare.

1888 3642 2003 3695 Hoc
2048 3641 2287 3695 omnino
2333 3640 2679 3708 devitamus,
2711 3640 2848 3712 quia
2891 3639 3051 3695 nefas
3092 3645 3196 3708 est,
3225 3645 3289 3696 ut
3327 3642 3530 3698 oblatis

1889 3754 1923 3792 a
1955 3736 2286 3808 parentibus
2329 3736 2444 3791 Deo
2493 3734 2625 3790 ﬁliis
2669 3735 2983 3808 voluptatis
3030 3736 3195 3791 frena
3249 3738 3528 3795 laxentur.

1890 3831 2195 3886 Enimvero
2222 3830 2495 3902 quosdam
2515 3830 2830 3902 baptizatos
2849 3831 3062 3902 absque
3084 3832 3529 3904 interrogatione

1891 3924 2133 3997 symboli
2172 3925 2242 3979 ab
2287 3924 2563 3980 adulteris
2602 3924 2949 3996 presbyteris
2974 3928 3031 3979 et
3058 3925 3312 3997 indignis
3348 3926 3531 3983 fassus

1889 4036 1968 4075 es.
1983 4021 2045 4073 1n
2066 4020 2151 4074 his
2168 4024 2268 4074 tua
2284 4018 2515 4073 dilectio
2540 4021 2739 4074 teneat
2762 4018 3066 4091 antiquum
3088 4036 3312 4076 morem
3336 4022 3526 4077 Eccle-

1891 4114 2008 4181 siae,
2040 4114 2174 4185 quia
2203 4113 2458 4185 quisquis
2486 4112 2547 4167 in
2578 4114 2805 4168 nomine
2835 4113 3038 4181 Patris,
3071 4117 3128 4168 et
3159 4114 3303 4185 Filii,
3333 4121 3390 4171 et
3414 4116 3532 4188 Spi-

1889 4208 2033 4263 ritus
2062 4207 2242 4263 sancti
2278 4207 2594 4279 baptizatus
2624 4212 2711 4262 est
2739 4208 2957 4277 (Matth.
2998 4224 3186 4275 xxvm,
3233 4209 3339 4281 l9),
3365 4210 3527 4266 reba-

1891 4301 2091 4373 ptizari
2112 4301 2355 4356 minime
2376 4302 2561 4357 liceat.
2582 4302 2707 4356 Non
2732 4302 2890 4356 enim
2914 4302 2974 4355 in
2998 4302 3227 4359 nomine
3246 4303 3535 4375 baptizan-

1892 4396 1978 4463 tis,
2009 4396 2106 4451 sed
2142 4397 2201 4449 in
2242 4396 2474 4451 nomine
2516 4395 2801 4451 Trinitatis
2839 4396 3011 4467 hujus
3062 4396 3262 4468 gratiae
3312 4398 3532 4454 donum

1891 4489 2168 4562 percepit.
2203 4490 2269 4544 Et
2312 4494 2581 4544 teneatur
2626 4489 2781 4560 quod
2827 4471 3127 4560 Apostolus
3160 4490 3240 4544 ait
3274 4508 3286 4544 :
3321 4514 3345 4540 ‹‹
3378 4493 3530 4547 Unus

142 4584 265 4633 tum
294 4577 572 4632 doctrinae
597 4581 888 4643 exarante,
907 4592 1103 4631 semen
1123 4575 1278 4631 verbi
1303 4577 1573 4649 suscepit,
1596 4580 1655 4631 et
1676 4577 1787 4632 fer-
1809 4607 1870 4680 D
1893 4585 2058 4651 Deus,
2100 4599 2215 4639 una
2253 4583 2411 4649 fides,
2450 4599 2633 4638 unum
2674 4582 2959 4654 baptisma
3008 4583 3222 4653 (Ephes.
3262 4600 3336 4651 iv,
3376 4588 3447 4652 5),
3498 4608 3525 4636 υ

137 4672 314 4728 tilem
347 4686 593 4726 messem
622 4669 862 4741 protulit
883 4669 1190 4725 ﬁdelitatis.
1236 4671 1294 4725 In
1339 4671 1554 4726 eisdem
1591 4671 1793 4727 litteris

134 4765 498 4838 quibusdam
529 4764 908 4820 subnexuistis
941 4763 1222 4835 capitulis,
1263 4764 1603 4819 sciscitando
1645 4781 1790 4837 qua-

132 4861 282 4915 liter
322 4863 519 4915 teneat
562 4859 652 4913 vel
689 4858 892 4913 doceat
934 4857 1055 4913 hiec
1098 4861 1293 4913 sancta
1329 4858 1636 4931 apostolica
1688 4861 1793 4916 Ro—

132 4970 332 5010 mana
359 4954 625 5010 Ecclesia.
656 4952 805 5008 Bene
828 4952 977 5007 nosti
1003 4953 1161 5020 satis,
1178 4952 1315 5025 quia
1332 4952 1536 5008 beatus
1562 4958 1790 5025 aposto-

132 5051 235 5104 lus
262 5049 474 5103 Petrus
503 5051 562 5103 et
581 5046 941 5120 episcopatus
966 5046 1310 5119 principium
1333 5047 1562 5103 exstitit.
1576 5049 1645 5102 Et
1665 5064 1794 5103 con-

126 5142 368 5199 sulenti
394 5142 497 5197 tibi
527 5142 598 5197 de
624 5145 773 5197 statu
800 5141 1057 5196 Ecclesiae
1088 5157 1203 5196 non
1228 5158 1298 5197 ex
1326 5141 1494 5197 nobis
1530 5143 1690 5213 quasi
1728 5158 1794 5197 ex

126 5236 342 5304 nobis,
370 5236 469 5292 sed
496 5236 619 5307 ejus
644 5234 847 5306 gratia,
878 5235 1020 5307 «qui
1042 5235 1226 5307 aperit
1245 5251 1306 5291 os
1325 5241 1572 5305 mutum,
1601 5240 1659 5291 et
1681 5236 1790 5291 lin-

126 5347 292 5405 guas
322 5329 637 5386 infantium
662 5330 796 5385 facit
824 5330 1061 5386 disertas
1091 5329 1241 5401 (Sap.
1262 5348 1316 5401 x,
1346 5331 1459 5401 21),
1487 5352 1515 5381 ››
1546 5330 1796 5403 qualiter

120 5434 355 5483 tenere
401 5424 613 5481 debeas
640 5423 935 5496 apostolici
977 5424 1185 5495 vigoris
1227 5424 1489 5480 doctrina
1530 5425 1793 5480 dicimus.

116 5521 336 5593 Igitur
362 5519 427 5574 in
455 5518 655 5590 primis
680 5520 997 5591 legebatur,
1036 5523 1102 5573 ut
1130 5525 1305 5591 quota
1342 5520 1644 5591 progenies
1663 5536 1795 5592 pro-

1893 4678 2215 4733 Doctrinam
2245 4693 2379 4732 vero
2407 4676 2718 4749 spiritalem
2746 4676 2953 4731 talibus
2981 4676 3308 4747 studiosius,
3339 4683 3405 4734 ut
3428 4680 3532 4735 im-

1892 4771 2106 4844 pertias
2132 4772 2551 4826 demandamus
2580 4788 2592 4825 :
2622 4787 2728 4842 pro
2760 4771 3010 4842 parvulis
3054 4787 3188 4826 vero
3233 4773 3329 4845 qui
3364 4791 3399 4829 a
3427 4792 3529 4846 pa-

1894 4865 2153 4921 rentibus
2176 4866 2445 4921 subtracti
2472 4868 2625 4931 sunt,
2646 4869 2704 4919 et
2735 4882 2809 4920 an
2840 4865 3107 4937 baptizati
3137 4872 3288 4936 sunt,
3312 4884 3384 4922 an
3414 4886 3531 4924 non

1892 4961 2179 5033 ignorant,
2210 4960 2314 5015 hos
2338 4963 2403 5013 ut
2427 4959 2708 5030 baptizare
2736 4958 2939 5015 debeas
2967 4960 3283 5016 secundum
3304 4964 3531 5017 Patrum

1892 5054 2282 5123 traditionem,
2316 5053 2362 5107 si
2390 5068 2507 5108 non
2527 5052 2697 5108 fuerit
2732 5053 2832 5125 qui
2875 5053 3228 5122 testiﬁcetur,
3259 5057 3404 5111 ratio
3430 5074 3528 5127 po-

1895 5148 2017 5203 scit.
2058 5148 2317 5220 Leprosis
2363 5149 2580 5213 autem,
2633 5148 2678 5201 si
2721 5147 2916 5202 ﬁdeles
2957 5147 3260 5203 Christiani
3295 5149 3531 5217 fuerint,

1896 5242 2173 5298 Dominici
2213 5240 2465 5312 corporis
2504 5245 2561 5294 et
2601 5240 2899 5311 sanguinis
2928 5242 3283 5312 participatio
3312 5241 3529 5295 tribua-

1897 5341 2007 5403 tur,
2026 5352 2157 5392 cum
2174 5335 2330 5390 sanis
2353 5337 2549 5389 autem
2568 5335 2896 5389 communia
2916 5336 3205 5390 celebrare
3228 5338 3528 5405 negentur.

1895 5430 2161 5501 Adjecisti
2205 5429 2379 5485 etiam
2424 5429 2580 5500 quod
2624 5428 2669 5482 si
2712 5429 2947 5501 pestifer
2973 5427 3206 5482 morbus
3234 5432 3333 5482 aut
3370 5444 3528 5482 mor-

1896 5524 2082 5579 talitas
2124 5524 2185 5578 in
2230 5523 2487 5591 ecclesia,
2521 5524 2609 5578 vel
2650 5522 3007 5578 monasteriis
3051 5520 3362 5591 irrepserit,
3389 5536 3533 5592 quos

116 5615 513 5688 pinquorum
561 5613 931 5669 matrimonio
977 5612 1292 5685 copuletur.
1343 5613 1592 5668 Dicimus
1645 5614 1798 5685 quod

113 5712 493 5782 oportuerat
520 5708 757 5781 quidem
790 5708 1043 5780 quandiu
1080 5724 1139 5763 se
1179 5713 1493 5779 agnoscunt
1519 5706 1800 5763 afﬁnitate

114 5802 516 5877 propinquos
540 5802 611 5857 ad
650 5802 821 5873 hujus
854 5802 1073 5874 copulas
1112 5818 1230 5857 non
1261 5801 1528 5857 accedere
1566 5802 1801 5857 societa-

114 5902 281 5955 tem.
319 5895 447 5954 Sed
483 5896 620 5971 quia
646 5896 1026 5971 temperantia
1070 5898 1274 5969 magis,
1306 5900 1363 5953 et
1386 5897 1702 5970 praesertim
1740 5897 1801 5954 in

1901 5618 2146 5673 necdum
2175 5618 2365 5690 tetigit
2388 5635 2417 5672 a
2452 5617 2581 5673 loco
2610 5616 2839 5687 fugiunt
2881 5613 3158 5670 evitantes
3189 5614 3530 5685 periculum,

1898 5712 2052 5768 unde
2071 5711 2293 5768 fatuum
2316 5712 2427 5768 hoc
2451 5711 2693 5766 videtur.
2723 5709 2843 5763 Non
2871 5707 3025 5761 enim
3055 5708 3206 5764 valet
3231 5708 3531 5781 quisquam

1903 5807 2000 5862 Dei
2040 5805 2293 5879 eﬁ'ugere
2331 5822 2557 5861 manus.
2610 5805 2669 5857 In
2712 5802 2888 5856 ﬁnem
2922 5802 3161 5873 epistola
3189 5803 3538 5871 continebat,

1902 5900 2055 5975 quod
2080 5905 2214 5956 sunt
2242 5900 2480 5974 quidam
2511 5895 2830 5973 presbyteri
2855 5912 2952 5953 seu
2979 5896 3233 5970 episcopi
3262 5898 3321 5953 in
3347 5899 3544 5955 multis
