4092 6192
563 329 692 383 1159

1447 325 1725 383 APPEND.
1767 329 1854 382 AD
1893 329 2050 383 S.-EC.
2097 327 2179 382 IX.
2212 355 2279 365 —-
2319 325 2564 380 ISIDORI
2606 325 3027 382 MERCATORIS

3795 329 3808 376 I
3829 333 3840 376 Ι
3854 331 3911 377 tit)

556 435 702 489 vitiis
739 433 961 501 irretiti,
996 449 1243 504 quorum
1294 434 1409 488 vita
1439 436 1498 488 in
1538 451 1597 489 se
1630 435 1765 506 ipsis
1797 437 2182 491 sacerdotium
2205 448 2264 518 Α
2286 435 2714 504 sime,docendo
2729 451 2824 488 eos
2841 440 3093 488 sanctam
3112 431 3446 486 catholicam
3467 436 3525 485 et
3545 431 3915 502 apostolicam

556 527 819 581 maculat.
855 529 921 580 Et
950 527 996 580 si
1030 527 1133 581 tibi
1160 527 1357 582 liceret
1385 545 1515 582 cum
1553 529 1631 583 eis
1669 530 1837 602 edere
1870 533 1968 584 aut
2007 531 2186 601 loqui,

557 620 662 674 nisi
692 621 917 674 coerciti
963 620 1194 688 fuerint,
1233 621 1472 676 dicimus
1517 626 1579 676 ut
1625 623 1727 677 hos
1773 641 1842 678 ex
1882 624 2191 694 apostolica

554 714 892 769 auctoritate
914 715 1308 786 redarguendo
1329 715 1665 784 admoneas,
1686 723 1741 771 et
1757 717 1829 770 ad
1846 717 2190 772 munditiam

556 808 948 863 ecclesiastica:
994 808 1305 879 disciplinae
1347 811 1604 865 reducas.
1637 813 1704 866 Et
1743 811 2022 882 siquidem
2056 812 2187 867 obe-

554 901 784 972 dierint,
835 901 1135 956 salvabunt
1167 903 1383 957 animas
1416 921 1566 971 suas,
1609 910 1665 959 et
1703 905 1823 974 ipse
1866 906 2191 960 mercedem

551 996 800 1050 lucratus
827 1012 905 1065 es,
941 999 1356 1050 verumtamem
1383 998 1815 1052 collocutionem
1849 1003 1904 1053 et
1934 1016 2192 1054 mensam

554 1106 923 1144 communem
954 1106 1085 1144 cum
1116 1089 1194 1144 eis
1225 1107 1397 1162 agere
1424 1108 1541 1146 non
1569 1109 1812 1148 recuses.
1846 1093 2191 1165 Plerumque

554 1175 833 1253 contingit
860 1190 922 1238 ut
943 1200 1086 1254 quos
1115 1186 1390 1240 correctio
1417 1185 1729 1256 disciplinae
1757 1187 1946 1240 tardos
1967 1186 2098 1241 facit
2119 1187 2191 1241 ad

553 1278 980 1350 percipiendam
1008 1277 1255 1332 veritatis
1281 1296 1570 1348 normam,
1602 1280 1990 1334 conviviorum
2021 1282 2190 1335 sedu-

553 1372 698 1439 litas,
742 1376 798 1426 et
842 1372 1155 1426 admonitio
1193 1373 1399 1428 blanda
1427 1375 1496 1429 ad
1534 1373 1686 1428 viam
1723 1375 1999 1445 perducat
2020 1375 2191 1445 justi-

555 1466 669 1520 tiee.
702 1465 951 1536 ldipsum
999 1469 1193 1521 autem
1233 1471 1289 1520 et
1328 1467 1388 1521 in
1433 1468 1543 1522 illis
1583 1468 1909 1538 proceribus
1951 1468 2049 1540 qui
2095 1469 2195 1522 tibi

558 1559 909 1629 adjutorium
952 1565 1242 1631 praestant,
1280 1561 1580 1616 observare
1623 1561 1872 1617 debebis.
1913 1564 2060 1632 Haec,
2091 1563 2197 1617 fra-

558 1656 646 1708 ter
669 1653 1015 1721 charissime,
1048 1670 1115 1708 ex
1145 1655 1471 1725 apostolicae
1508 1656 1656 1710 sedis
1680 1655 1872 1726 vigore
1907 1656 2195 1728 scripsisse

559 1746 863 1817 sufﬁciant,
886 1747 955 1800 de
974 1747 1196 1818 reliquo
1214 1748 1592 1821 implorantes
1609 1749 2059 1805 misericordiam
2076 1751 2194 1817 Dei,

2291 531 2560 584 Romana:
2582 528 2732 583 sedis
2750 527 3144 594 traditionem,
3166 530 3226 580 ut
3241 525 3646 580 illuminentur
3667 525 3920 588 rudes,et

2291 623 2441 677 viam
2458 623 2654 677 salutis
2669 627 2920 691 teneant,
2936 637 3040 692 per
3052 636 3223 692 quam
3241 620 3456 690 possint
3468 619 3539 673 ad
3557 623 3779 673 interna
3790 637 3920 689 prte-

2291 717 2407 772 mia
2421 715 3102 787 pervenire.Presbyteros
3113 731 3408 784 vero,quos
3420 713 3632 767 ibidem
3647 714 3919 783 reperisti,

2291 811 2337 864 si
2367 810 2641 881 incogniti
2669 809 2898 876 fuerint,
2928 808 3069 863 illia
3100 808 3305 878 quibus
3333 808 3546 862 fuerint
3572 806 3843 873 ordinati,
3873 813 3922 860 et

2293 904 2528 959 dubium
2575 909 2659 958 est
2712 920 2805 958 eos
2848 903 3143 974 episcopos
3208 901 3383 955 fuisse
3439 918 3631 955 annon
3688 900 3789 971 qui
3841 917 3922 953 eos

2293 998 2720 1064 ordinaverunt,
2753 997 2798 1051 si
2817 996 2982 1051 bona:
3014 995 3270 1064 actionis,
3299 999 3357 1049 et
3381 994 3642 1048 catholici
3671 994 3777 1047 viri
3805 999 3922 1047 sunt

2293 1092 2400 1163 ipsi
2437 1091 2777 1163 presbyteri,
2821 1094 2878 1144 et
2923 1091 2982 1143 in
3026 1089 3342 1144 ministerio
3396 1088 3602 1142 Christi
3661 1089 3922 1157 omnique

2293 1187 2418 1257 lege
2447 1189 2638 1240 sancta
2664 1184 2866 1251 edocti,
2895 1184 3032 1254 apti,
3066 1183 3135 1237 ab
3163 1183 3429 1254 episcopo
3457 1198 3559 1236 suo
3585 1182 3926 1236 benedictio-

2294 1297 2426 1335 nem
2467 1279 2888 1351 presbyteratus
2924 1277 3254 1347 suscipiant,
3303 1280 3360 1331 et
3405 1279 3841 1340 consecrentur,
3879 1287 3927 1327 et

2297 1375 2372 1429 sic
2413 1373 2727 1428 ministerio
2763 1388 2921 1426 sacro
2963 1371 3296 1442 fungantur.
3339 1370 3423 1424 Illi
3463 1386 3595 1424 vero
3629 1370 3735 1440 qui
3765 1370 3932 1440 bapti-

2295 1469 2400 1523 zati
2425 1465 2558 1523 sunt
2596 1483 2698 1538 per
2727 1465 3113 1520 diversitatem
3145 1468 3203 1520 et
3229 1464 3672 1519 declinationem
3713 1464 3928 1533 lingua-

2296 1579 2425 1617 rum
2465 1559 2815 1633 gentilitatis,
2860 1565 3058 1613 tamen
3103 1559 3238 1630 quia
3281 1559 3342 1613 in
3384 1559 3619 1613 nomine
3651 1558 3933 1611 Trinitatis

2295 1655 2561 1728 baptizati
2591 1659 2740 1725 sunt,
2769 1656 2996 1725 oportet
3024 1669 3122 1708 eos
3148 1669 3251 1724 per
3275 1669 3480 1707 manus
3503 1652 3930 1723 impositionem

2297 1755 2354 1806 et
2411 1751 2554 1805 sacri
2611 1747 2932 1804 chrismatis
2997 1747 3324 1802 unctionem
3385 1746 3744 1801 conﬁrmari.
3805 1747 3935 1798 Nam

558 1846 623 1895 ut
666 1841 763 1913 qui
802 1847 855 1896 te
900 1841 1009 1895 illis
1051 1842 1110 1895 in
1157 1843 1492 1913 regionibus
1537 1844 1656 1898 vice
1705 1849 1897 1899 nostra
1943 1862 2004 1899 ex
2053 1822 2272 1916 apo-B
2298 1845 2471 1900 Vivilo
2512 1845 2814 1916 episcopus
2857 1862 2890 1898 a
2929 1842 3094 1897 nobis
3135 1841 3429 1895 ordinatus
3455 1847 3557 1895 est.
3586 1841 3711 1894 Etsi
3731 1839 3936 1910 aliquid

561 1935 756 1990 stolica
794 1935 1130 1991 auctoritate
1162 1953 1439 2009 peragere
1481 1937 1640 2003 fecit;
1676 1940 1732 1992 et
1760 1938 1820 1992 in
1849 1955 2083 2009 opacam
2111 1939 2197 1992 sil-

560 2047 691 2083 vam
716 2029 935 2083 lumina
962 2030 1217 2084 veritatis
1237 2046 1339 2101 per
1366 2048 1427 2085 os
1457 2036 1620 2086 tuum
1659 2031 1869 2086 micare
1897 2032 2194 2103 praedesti-

558 2125 730 2189 navit,
767 2123 1152 2194 opitulationis
1197 2141 1313 2178 sua:
1352 2123 1943 2180 misericordissimum
1985 2126 2200 2180 tribuat

559 2218 1000 2284 incrementum,
1053 2221 1333 2289 quatenus
1381 2220 1450 2273 de
1489 2219 1680 2274 fructu
1728 2219 1937 2290 operis,
1982 2225 2037 2274 et
2080 2220 2199 2292 ipse

561 2313 749 2366 valeas
776 2311 1015 2382 praemia
1041 2311 1352 2382 percipere,
1375 2319 1429 2367 et
1457 2313 1681 2368 veniam
1709 2317 2072 2384 peccatorum
2108 2314 2197 2368 in-

564 2405 775 2460 venire.
793 2405 940 2460 Deus
968 2407 1023 2458 te
1046 2405 1391 2461 incolumem
1418 2406 1711 2474 custodiat,
1733 2407 2200 2462 reverendissime

564 2500 759 2555 frater.
795 2499 935 2554 Data
973 2500 1192 2554 decimo
1239 2501 1353 2554 Kal.
1400 2501 1725 2556 Decembris
1759 2499 2071 2572 imperante
2109 2502 2203 2556 do-

566 2593 725 2648 mino
755 2593 1012 2664 piissimo
1053 2597 1325 2665 Augusto,
1359 2596 1546 2650 Leone
1587 2612 1620 2649 a
1648 2596 1764 2649 Deo
1791 2598 2059 2650 coronato
2085 2611 2201 2650 ma-

565 2705 681 2760 gno
711 2689 1077 2760 imperatore,
1122 2706 1272 2743 anno
1318 2689 1542 2744 decimo
1588 2690 1815 2760 imperii
1847 2690 1894 2760 ej
1907 2707 1987 2757 us,
2019 2691 2115 2746 sed
2148 2696 2203 2745 et

565 2777 940 2838 Constantino
964 2799 1177 2853 magno
1203 2783 1567 2854 imperatore,
1597 2783 1759 2853 regni
1783 2784 1906 2853 ejus
1929 2800 2078 2838 anno
2113 2801 2198 2838 se-

567 2877 766 2947 ptimo,
802 2876 1111 2931 indictione
1142 2876 1380 2930 decima.

815 2972 947 3024 Item
977 2971 1204 3039 epistola
1231 2970 1465 3039 ejusdem
1490 2971 1564 3024 ad
1595 2971 1954 3038 Boni/actum.

641 3061 1128 3118 Reverendissimo
1173 3067 1231 3116 et
1279 3064 1629 3119 sanctissimo
1675 3065 1837 3119 fratri
1891 3067 2201 3133 BONIFACIO,

570 3159 905 3226 GREGORIUS,
937 3173 1128 3212 servus
1153 3173 1444 3212 servorum
1477 3158 1595 3213 Dei.

2299 1940 2519 1995 excedit
2559 1942 2717 1994 extra
2755 1937 3092 1993 canonicam
3119 1935 3398 2006 regulam,
3443 1935 3586 1988 doce
3624 1939 3686 1988 et
3726 1935 3934 2002 corrige

2299 2051 2431 2089 eum
2468 2034 2634 2104 juxta
2674 2034 2945 2088 Romanas
2989 2029 3247 2086 Ecclesia:
3283 2028 3681 2093 traditionem,
3715 2045 3887 2099 quam
3911 2043 3937 2078 a

2299 2127 2464 2182 nobis
2507 2126 2792 2198 accepisti.
2841 2128 2920 2180 De
2964 2123 3202 2180 concilio
3243 2139 3394 2192 vero,
3443 2127 3507 2176 ut
3536 2124 3716 2194 juxta
3765 2123 3938 2192 ripam

2299 2221 2538 2279 Danubii
2577 2221 2779 2276 debeas
2816 2220 3105 2276 celebrare
3152 2222 3346 2273 nostra
3385 2217 3523 2284 vice,
3575 2217 3939 2288 praecipimus

2299 2315 2644 2371 fraternitati
2689 2319 2801 2369 tua:
2835 2313 3139 2386 apostolica
3167 2311 3502 2366 auctoritate
3541 2310 3771 2364 ibidem
3807 2327 3936 2380 pra:-

2300 2410 2532 2478 sentari,
2575 2413 2631 2463 et
2677 2409 3018 2479 inquantum
3075 2407 3345 2460 Dominus
3395 2404 3497 2459 tibi
3555 2405 3712 2458 vires
3776 2403 3936 2457 dede-

2301 2506 2394 2571 rit,
2421 2503 2728 2576 prazdicare
2759 2502 2998 2557 verbum
3029 2500 3229 2556 salutis
3274 2516 3348 2553 ne
3391 2514 3595 2564 cesses,
3641 2505 3708 2551 ut
3752 2498 3941 2567 religio

2303 2597 2622 2654 Christiana
2649 2597 2707 2651 in
2737 2597 2972 2651 nomine
2998 2595 3223 2650 Domini
3269 2596 3484 2648 crescat
3521 2597 3577 2647 et
3606 2591 3944 2662 multiplice-

2303 2697 2413 2748 tur.
2446 2693 2556 2748 Nec
2601 2692 2757 2746 enim
2804 2690 3036 2745 habebis
3075 2688 3382 2758 licentiam,
3424 2687 3617 2755 frater,
3667 2703 3780 2757 pro
3822 2687 3946 2755 jure

2303 2787 2469 2858 ccepti
2505 2786 2715 2840 laboris
2753 2786 2813 2839 in
2852 2801 2964 2839 uno
3013 2783 3221 2838 morari
3267 2783 3410 2849 loco,
3457 2781 3554 2836 sed
3593 2781 3948 2835 conﬁrmatis

2305 2881 2567 2937 cordibus
2612 2880 2854 2934 fratrum
2902 2884 2958 2933 et
3003 2878 3264 2932 omnium
3309 2875 3585 2944 ﬁdelium,
3640 2875 3752 2946 qui
3792 2874 3949 2928 rudes

2307 2981 2439 3031 sunt
2473 2975 2534 3030 in
2577 2974 2684 3028 illis
2722 2972 3008 3044 Hesperiis
3055 2972 3332 3042 partibus,
3381 2970 3477 3024 ubi
3521 2969 3625 3023 tibi
3680 2969 3952 3024 Dominus

2306 3069 2595 3140 aperuerit
2641 3067 2787 3121 viam
2828 3067 3024 3121 salutis
3072 3066 3379 3137 praedicare
3424 3079 3540 3117 non
3588 3063 3864 3125 desistas,
3907 3070 3955 3114 et

2304 3165 2405 3219 ubi
2443 3164 2633 3217 locum
2676 3161 2960 3216 inveneris
2999 3159 3384 3214 necessarium
3415 3157 3747 3212 secundum
3791 3173 3950 3210 cano-

641 3252 897 3307 Doctoris
925 3251 1186 3306 omnium
1226 3252 1487 3323 gentium
1523 3252 1741 3324 egregii
1770 3252 1930 3307 Pauli
1963 3215 2282 3324 apostoliC
2307 3259 2493 3312 nicam
2539 3256 2819 3326 regulam,
2867 3255 3160 3325 episcopos
3210 3251 3413 3306 ordina
3459 3267 3525 3305 ex
3572 3256 3784 3304 nostra
3823 3252 3953 3312 vice,

568 3364 677 3402 vox
695 3351 777 3402 est
794 3346 1032 3401 dicentis
1055 3364 1066 3400 :
1094 3369 1119 3395 ‹‹
1143 3346 1519 3418 Diligentibus
1539 3347 1846 3401 Dominum
1867 3347 2061 3402 omnia
2081 3364 2208 3402 coo-

567 3444 846 3513 perantur
866 3441 925 3494 in
943 3440 1157 3495 bonum
1179 3441 1348 3511 (Rom.
1372 3457 1492 3508 vm,
1515 3443 1624 3510 28).
1650 3463 1676 3489 ››
1701 3445 2087 3512 Agnoscentes
2107 3443 2208 3496 ita-

569 3553 680 3608 que
694 3535 756 3590 in
771 3535 999 3606 syllabis
1015 3535 1390 3590 fraternitatis
1407 3539 1521 3589 tuae
1539 3551 1669 3606 quae
1686 3535 1985 3589 innotuisti
2003 3540 2117 3589 tam
2137 3535 2208 3589 de

571 3628 887 3684 Germaniae
919 3629 1206 3700 gentibus,
1230 3645 1372 3700 quas
1394 3645 1498 3683 sua
1518 3629 1731 3699 pietate
1752 3630 1897 3683 Deus
1919 3632 2112 3684 noster
2141 3629 2211 3684 de

570 3725 850 3795 potestate
889 3740 1247 3794 paganorum
1289 3718 1483 3795 288
1504 3722 1787 3792 liberavit,
1806 3727 1864 3776 et
1883 3723 1952 3777 ad
1979 3726 2210 3778 centum

572 3817 751 3872 millia
769 3817 990 3872 animas
1009 3818 1068 3872 in
1091 3817 1220 3872 sinu
1241 3820 1453 3872 sancta:
1474 3817 1672 3870 matris
1693 3817 1978 3884 Ecclesize,
2002 3823 2098 3872 tuo
2119 3833 2210 3871 co-

573 3912 803 3966 namine
824 3916 880 3968 et
906 3911 1111 3981 Caroli,
1131 3911 1404 3983 principis
1425 3911 1776 3966 Francorum
1792 3927 2113 3982 aggregare
2133 3912 2213 3966 di-

577 4013 785 4080 gnatus
802 4009 906 4074 est,
931 4005 1031 4061 sed
1053 4010 1108 4061 et
1128 4005 1186 4061 in
1205 4004 1595 4077 Bajoariorum
1612 4005 1918 4076 provincia,
1941 4022 2070 4077 qua:
2097 4022 2130 4060 a
2156 4011 2212 4060 te

578 4109 704 4160 acta
723 4105 875 4171 sunt,
898 4105 1289 4172 agnoscentes,
1315 4100 1494 4155 datori
1516 4099 1776 4154 omnium
1802 4100 2086 4154 bonorum
2105 4101 2212 4155 Do-

579 4200 738 4254 mino
763 4199 878 4251 Deo
906 4199 1120 4262 nostro,
1157 4193 1400 4250 extensis
1428 4194 1499 4248 ad
1525 4193 1729 4248 coelum
1756 4194 1979 4264 palmis,
2005 4195 2215 4266 gratias

580 4291 902 4356 retulimus,
917 4288 1015 4360 qui
1022 4288 1265 4358 januam
1285 4287 1693 4342 misericordias
1711 4290 1767 4342 et
1779 4287 2007 4358 pietatis
2027 4289 2087 4342 in
2108 4289 2217 4344 illis

581 4385 836 4460 partibus
880 4382 1182 4452 Hesperiis,
1228 4383 1299 4436 ad
1344 4381 1797 4452 cognoscendam
1842 4383 1989 4437 viam
2021 4384 2215 4439 salutis

583 4481 793 4537 ostium
813 4476 1215 4534 misericordiae
1236 4475 1480 4548 aperuit,
1505 4479 1560 4530 et
1581 4474 1737 4530 misit
1754 4477 2022 4549 angelum
2049 4495 2216 4533 suum

2310 3355 2366 3406 et
2411 3349 2782 3422 apostolicam
2832 3354 3001 3419 atque
3050 3346 3389 3402 catholicam
3438 3344 3828 3400 traditionem
3871 3359 3957 3395 eos

2312 3450 2509 3499 tenere
2552 3442 2832 3498 edocebis.
2883 3443 2958 3495 Ex
3004 3442 3110 3496 hoc
3155 3441 3308 3495 enim
3355 3455 3641 3510 magnum
3685 3438 3959 3494 mercedis

2310 3539 2617 3612 praemium
2633 3537 2734 3592 tibi
2751 3536 3125 3608 praeparabis,
3140 3533 3411 3607 quoniam
3433 3532 3834 3603 omnipotenti
3856 3533 3960 3584 Deo

2309 3638 2505 3688 nostro
2534 3632 2704 3686 facies
2729 3631 2953 3703 plebem
2973 3629 3310 3701 perfectam.
3336 3629 3459 3682 Non
3481 3627 3705 3698 pigeat,
3728 3627 3961 3681 dilectis-

2311 3727 2451 3780 sime
2500 3727 2693 3795 frater,
2743 3725 2950 3778 itinera
2989 3739 3220 3794 carpere
3251 3737 3447 3793 aspera
3485 3725 3542 3774 et
3591 3720 3854 3786 diversa,
3905 3723 3962 3771 ut

2311 3819 2629 3875 Christiana
2665 3819 2804 3874 ﬁdes
2833 3819 3006 3889 longe
3043 3817 3269 3887 lateque
3305 3819 3402 3868 tuo
3432 3814 3751 3869 conamine
3781 3817 3966 3869 exten-

2315 3914 2500 3969 datur.
2517 3913 2802 3984 Scriptum
2825 3927 3079 3983 namque
3099 3917 3188 3966 est
3211 3927 3224 3964 :
3250 3933 3277 3958 «
3303 3913 3470 3965 Arcta
3501 3912 3559 3962 et
3588 3914 3851 3980 angusta
3888 3906 3966 3959 via

2315 4012 2400 4064 est
2436 4024 2564 4079 quae
2595 4006 2752 4062 ducit
2790 4006 2861 4062 ad
2898 4006 3072 4061 vitam
3111 4005 3323 4073 (Matth.
3359 4019 3455 4073 vn,
3496 4003 3605 4072 14).
3636 4025 3668 4050 ››
3714 4003 3966 4074 Operare

2316 4104 2527 4175 itaque,
2561 4103 2754 4172 frater,
2783 4101 3000 4155 bonum
3029 4115 3170 4171 opus
3196 4098 3343 4170 quod
3373 4096 3614 4168 coepisti,
3669 4104 3736 4151 ut
3783 4097 3845 4150 in
3885 4095 3966 4149 die

2316 4198 2522 4255 Christi
2574 4197 2676 4250 Dei
2729 4195 2908 4250 nostri
2960 4193 3234 4248 merearis
3277 4192 3485 4258 dicere,
3545 4191 3706 4245 inter
3763 4197 3968 4245 coetum

2318 4297 2646 4348 sanctorum
2690 4289 3071 4362 probabilium
3115 4289 3346 4342 Patrum
3397 4285 3677 4340 assistens
3711 4303 3725 4339 :
3763 4307 3792 4331 ε(
3837 4285 3966 4338 Ecce

2318 4404 2423 4459 ego
2451 4390 2509 4442 et
2534 4384 2699 4457 pueri
2739 4400 2879 4456 quos
2924 4383 3130 4437 dedisti
3161 4380 3324 4448 mihi,
3356 4396 3470 4434 non
3498 4378 3740 4450 perdidi
3789 4396 3862 4432 ex
3901 4380 3970 4431 eis

2318 4496 2671 4552 quemquam
2716 4478 2881 4549 (Rom.
2932 4494 2990 4546 ιι,
3043 4479 3147 4546 13).
3189 4497 3214 4524 ››
3263 4476 3331 4529 Et
3367 4473 3580 4528 iterum
3614 4490 3627 4525 :
3665 4496 3696 4521 ς(
3734 4474 3968 4528 Domine

584 4575 684 4648 qui
711 4571 1050 4646 praeparavit
1074 4571 1227 4626 viam
1253 4575 1414 4626 tuam
1443 4574 1575 4625 ante
1615 4574 1668 4625 te
1708 4570 1861 4641 (Mal.
1895 4589 1973 4638 Ill,
2008 4573 2076 4643 1),
2110 4573 2216 4644 ipsi
2237 4596 2296 4667 D
2319 4576 2570 4648 quinque
2605 4575 2818 4630 talenta
2857 4570 3139 4627 tradidisti
3187 4568 3349 4636 mihi,
3381 4585 3508 4623 ecce
3555 4567 3671 4621 alia
3721 4569 3969 4640 quinque

585 4675 672 4725 est
703 4669 887 4740 gloria
908 4668 968 4722 in
994 4666 1199 4722 saecula
1226 4665 1587 4720 saeculorum.
1617 4668 1815 4720 Amen.

659 4765 857 4834 Igitur,
901 4761 1032 4834 quia
1077 4760 1340 4816 indicasti
1389 4759 1707 4830 perrexisse
1761 4764 1816 4814 te
1867 4761 1937 4815 ad
1990 4765 2222 4833 gentem

589 4856 994 4928 Bajoariorum,
1028 4853 1311 4909 invenisse
1351 4869 1447 4908 eos
1476 4856 1637 4907 extra
1668 4853 1930 4909 ordinem
1969 4856 2226 4911 ecclesia-

590 4951 796 5007 sticum
836 4949 1108 5016 viventes,
1156 4949 1291 5003 dum
1337 4946 1630 5018 episcopos
1674 4964 1788 5002 non
1832 4949 2120 5004 habebant
2163 4951 2223 5004 in

589 5044 899 5119 provincia,
944 5042 1052 5096 nisi
1101 5058 1314 5109 unum,
1367 5042 1602 5096 nomine
1652 5042 1846 5110 Vivilo,
1892 5060 2064 5115 quem
2123 5062 2225 5100 nos

591 5144 721 5197 ante
738 5143 966 5210 tempus
988 5136 1406 5202 ordinavimus;
1433 5141 1488 5190 et
1509 5136 1642 5208 quia
1657 5153 1785 5191 cum
1805 5155 2036 5194 assensu
2057 5139 2226 5194 Otilo-

592 5235 682 5291 nis
696 5231 855 5290 ducis
869 5230 1203 5287 eorumdem
1219 5229 1604 5300 Bajoariorum
1619 5247 1718 5285 seu
1741 5232 2079 5302 optimatum
2099 5250 2226 5306 pro-

596 5329 791 5384 vincia:
822 5327 993 5393 illius,
1027 5330 1143 5380 tres
1191 5323 1329 5378 alios
1373 5325 1660 5381 ordinasse
1705 5325 2020 5400 episcopos,
2070 5334 2126 5383 et
2165 5328 2226 5382 in

594 5428 843 5497 quatuor
871 5424 1061 5493 partes
1106 5417 1528 5490 provinciarum
1561 5420 1719 5474 illam
1748 5421 2003 5488 divisisti,
2036 5421 2094 5476 id
2122 5428 2225 5490 est,

595 5520 654 5573 in
683 5521 927 5590 quatuor
958 5513 1273 5586 parochias,
1303 5520 1366 5567 ut
1401 5514 1795 5584 unusquisque
1829 5533 1991 5570 suam
2023 5517 2231 5572 habeat

597 5610 949 5685 parochiam,
989 5609 1136 5663 bene
1176 5611 1232 5661 et
1275 5608 1410 5662 satis
1457 5607 1768 5678 prudenter
1804 5611 2093 5682 peregisti,
2126 5615 2232 5668 fra-

597 5714 703 5774 ter,
732 5709 788 5760 et
817 5703 1091 5776 quoniam
1129 5701 1496 5772 apostolicam
1544 5703 1986 5774 prmceptionem
2017 5725 2087 5762 ex
2125 5727 2228 5764 no-

599 5807 711 5856 stra
755 5799 872 5852 vice
913 5795 1198 5868 implesti,
1262 5799 1318 5849 et
1358 5795 1504 5851 sicut
1555 5796 1654 5850 tibi
1703 5799 2104 5870 praecipimus,
2157 5804 2235 5859 ita

603 5891 892 5965 peregisti.
936 5892 1128 5962 Itaque
1174 5906 1286 5945 non
1341 5890 1585 5957 desinas,
1640 5892 1837 5962 frater,
1894 5898 2234 5953 reverendis—

2321 4671 2740 4742 superlucratus
2791 4683 2920 4722 sum
2974 4665 3189 4736 (Matth.
3249 4679 3373 4730 xxv,
3424 4663 3533 4731 20).
3589 4685 3615 4710 ››
3669 4663 3747 4716 Ut
3799 4661 3973 4715 subse-

2323 4767 2565 4837 quenter
2601 4761 2872 4818 merearis
2916 4775 3111 4815 vocem
3161 4757 3383 4813 Domini
3426 4755 3631 4810 audire
3689 4756 3968 4812 dicentis:

2328 4884 2354 4911 ‹‹
2401 4861 2555 4930 Euge
2606 4873 2762 4912 serve
2805 4856 2952 4910 bone
3006 4860 3062 4909 et
3106 4853 3311 4920 ﬁdelis,
3366 4850 3499 4922 quia
3562 4867 3751 4921 super
3813 4863 3970 4922 pauca

2325 4955 2480 5010 fuisti
2527 4952 2729 5018 fidelis,
2775 4966 2945 5022 supra
2981 4949 3160 5003 multa
3209 4952 3262 5001 te
3303 4945 3680 5012 constituam,
3729 4946 3885 4999 intra
3925 4943 3970 4993 in

2327 5048 2601 5121 gaudium
2637 5045 2852 5102 domini
2897 5044 2979 5100 tui
3024 5043 3204 5114 (Ibid.,
3257 5041 3420 5111 23).»
3470 5039 3620 5093 Deus
3667 5043 3731 5093 te
3778 5038 3970 5092 incolu-

2325 5161 2456 5199 men
2489 5142 2789 5209 custodiat,
2820 5136 3289 5195 reverendissime
3331 5134 3527 5189 frater.
3575 5133 3730 5186 Data
3783 5139 3968 5204 quarta

2328 5240 2443 5294 Kal.
2478 5237 2772 5303 Novemb,
2805 5235 3128 5306 imperante
3159 5229 3392 5286 domino
3424 5226 3691 5298 piissimo
3725 5231 3972 5297 Augusto

2328 5334 2532 5402 Leone,
2551 5331 2776 5403 imperii
2801 5330 2921 5401 ejus
2947 5345 3098 5383 anno
3125 5324 3391 5381 vicesimo
3413 5322 3608 5388 tertio,
3630 5320 3736 5374 sed
3763 5326 3822 5374 et
3847 5321 3974 5373 Coa-

2331 5429 2600 5496 stantino,
2635 5442 2844 5497 magno
2894 5425 3256 5495 imperatore,
3287 5419 3408 5488 ejus
3459 5416 3600 5484 ﬁlio,
3630 5431 3802 5470 anno
3852 5413 3974 5467 vice

2332 5522 2492 5588 simo,
2513 5521 2818 5576 indictione
2840 5522 2889 5574 8.

2526 5617 2775 5685 Epistula
2801 5615 3072 5681 Bonifacz't
3096 5611 3170 5666 ad
3199 5608 3519 5665 Zachariam
3547 5621 3787 5675 papam.

2405 5710 2641 5765 Domino
2700 5707 3049 5775 charissima,
3105 5703 3310 5760 summi
3372 5699 3746 5773 pontiﬁcatus
3810 5698 3978 5751 infula

2334 5805 2608 5878 praedito,
2664 5804 2782 5858 viro
2830 5800 3173 5874 apostolico,
3231 5800 3550 5860 Romam,
3615 5793 3978 5856 BONIFAUtr,

2336 5917 2526 5956 servus
2548 5915 2837 5954 servorum
2862 5898 2977 5952 Dei.
