4092 6192
173 305 299 355 HG!

1415 303 1882 360 DEGRETALIUM
1924 307 2311 362 COLLECTIO.

3415 315 3544 365 Hui

237 409 620 476 Conﬁtemur,
638 408 870 460 domine
881 410 1066 477 pater,
1084 407 1215 478 quia
1228 412 1532 480 postquam
1553 428 1813 483 pernun-
1833 427 1891 499 Α
1912 415 2232 486 apostolica:
2257 415 2405 470 sedis
2432 432 2561 470 cum
2583 417 2896 472 canonibus
2925 417 3310 472 ecclesiasticis
3337 424 3544 490 prmsto

165 505 273 555 tios
301 502 616 556 referentes
628 500 967 567 audivimus,
985 502 1140 572 quod
1153 503 1490 559 venerandae
1511 507 1813 561 memoriae

161 597 520 666 apostolatus
560 594 732 649 vestri
775 595 1173 665 przedecessor,
1208 597 1533 669 Gregorius,
1562 601 1815 670 pontifex

162 688 496 760 apostolicae
523 688 692 757 sedis,
714 689 1002 760 ergastulo
1025 690 1276 760 corporis
1296 691 1608 761 absolutus,
1623 695 1693 748 ad
1712 696 1816 749 Do-

164 784 398 838 minum
430 782 720 853 migravit,
743 783 1028 853 majorem
1051 783 1330 854 laetitiam,
1359 791 1415 840 et
1453 787 1636 857 majus
1675 805 1812 858 gau-

162 877 335 931 dium
362 877 523 931 nobis
559 893 676 931 non
710 876 1050 947 audivimus,
1085 882 1143 932 et
1180 879 1465 950 suspensis
1500 880 1572 935 ad
1601 882 1813 936 aethera

161 971 395 1042 palmis,
406 972 518 1025 Deo
539 970 750 1041 gratias
764 971 1186 1043 egimus,quam
1200 973 1350 1044 quod
1363 975 1704 1030 clementem
1718 993 1815 1047 pa-

161 1065 503 1120 ternitatem
524 1070 776 1120 vestram
809 1065 1122 1121 altissimus
1141 1066 1367 1122 Arbiter
1387 1068 1659 1124 canonica
1683 1070 1815 1140 jura

163 1176 400 1230 regere,
425 1163 481 1214 et
498 1159 822 1230 apostolicae
853 1159 1002 1214 sedis
1031 1160 1417 1231 gubernacula
1445 1166 1640 1217 tenere
1674 1179 1810 1218 con-

162 1253 361 1306 cessit.
395 1254 514 1324 Ego
540 1270 654 1308 non
687 1253 875 1323 aliter,
910 1269 1081 1324 quam
1113 1259 1176 1308 ut
1205 1260 1338 1310 ante
1364 1256 1600 1327 vestigia
1626 1262 1813 1312 vestra

164 1348 587 1414 geniculantes,
629 1347 846 1402 intimis
890 1348 1130 1412 subnixe
1176 1348 1504 1419 ﬂagitamus
1552 1351 1812 1421 precibus

164 1446 231 1494 ut
264 1442 414 1495 sicut
453 1441 936 1512 praedecessorum
970 1447 1288 1497 vestrorum
1332 1460 1437 1514 pro
1475 1444 1810 1500 auctoritate

163 1536 352 1589 sancti
382 1535 529 1589 Petri
557 1535 782 1606 pietatis
813 1536 959 1590 servi
992 1536 1175 1590 devoti
1217 1540 1274 1590 et
1301 1537 1509 1592 subditi
1553 1538 1809 1610 discipuli

166 1629 408 1695 fuimus,
443 1629 522 1683 sic
553 1633 608 1683 et
637 1633 839 1684 vestrze
877 1630 1102 1701 pietatis
1134 1631 1279 1684 servi
1318 1631 1644 1688 obedientes
1675 1633 1806 1687 sub-

166 1723 273 1776 diti
302 1723 407 1777 sub
430 1724 559 1794 jure
587 1724 861 1778 canonico
887 1723 1012 1778 ﬁeri
1055 1740 1401 1794 mereamur,
1430 1731 1687 1796 optantes
1717 1744 1806 1782 ca-

170 1818 447 1871 tholicam
515 1818 710 1884 ﬁdem,
763 1821 820 1873 et
872 1818 1153 1874 unitatem
1217 1821 1493 1874 Romanae
1551 1800 1886 1876 EcclesieeB

169 1912 454 1966 servando
498 1911 750 1980 dilatare,
781 1917 839 1966 et
888 1917 1357 1984 quantoscunque
1399 1914 1693 1970 audientes
1722 1916 1810 1970 vel

171 2006 478 2076 discipulos
505 2005 562 2060 in
592 2007 698 2060 ista
729 2006 1014 2077 legatione
1045 2007 1189 2061 mihi
1225 2008 1373 2062 Deus
1397 2009 1708 2075 donaverit,
1741 2010 1811 2064 ad

173 2099 568 2154 obedientiam
617 2100 944 2170 apostolicae
992 2099 1138 2156 sedis
1187 2101 1420 2156 invitare
1453 2107 1508 2158 et
1537 2103 1810 2158 inclinare

170 2211 292 2248 non
357 2210 536 2248 cesso.
599 2195 832 2249 Necesse
906 2212 1136 2266 quoque
1205 2196 1482 2251 habemus
1555 2196 1810 2252 indicare

168 2289 506 2360 paternitati
531 2294 727 2343 vestras
772 2290 902 2361 quia
935 2307 1038 2360 per
1071 2291 1167 2345 Dei
1200 2292 1466 2362 gratiam,
1499 2293 1810 2348 Germaniae

169 2383 403 2454 populis
451 2383 868 2454 aliquantulum
915 2386 1198 2455 percussis
1243 2387 1329 2441 vel
1377 2387 1661 2455 correctis,
1697 2393 1810 2441 tres

171 2477 567 2532 ordinavimus
615 2477 932 2548 episcopos,
963 2482 1018 2532 et
1057 2479 1401 2549 provinciam
1450 2481 1508 2535 in
1547 2487 1662 2535 tres
1707 2498 1808 2551 pa-

173 2571 400 2626 rochias
448 2571 840 2638 discrevimus,
871 2576 929 2626 et
953 2573 1050 2627 illa
1087 2574 1195 2628 tria
1234 2575 1446 2646 oppida
1490 2576 1603 2630 sive
1638 2577 1811 2631 urbes

171 2666 233 2720 in
289 2666 497 2738 quibus
570 2667 863 2721 constituti
937 2671 994 2721 et
1063 2667 1305 2723 ordinati
1372 2673 1523 2736 sunt,
1589 2670 1810 2741 scriptis

174 2760 532 2815 auctoritatis
575 2764 777 2816 vestrze
818 2761 1160 2828 conﬁrmari,
1191 2768 1245 2818 et
1283 2763 1522 2818 stabiliri
1567 2781 1806 2834 precan-

174 2861 281 2921 tes,
334 2855 767 2910 desideramus:
810 2874 983 2911 unam
1033 2874 1156 2911 esse
1203 2857 1402 2912 sedem
1452 2858 1810 2930 episcopatus

176 2947 530 3004 decrevimus
569 2950 627 3002 in
668 2950 900 3006 castello
940 2951 1094 3023 quod
1126 2951 1332 3007 dicitur
1358 2951 1723 3024 Vivozaburg,
1755 2958 1812 3008 et

175 3043 416 3096 alteram
445 3043 503 3097 in
531 3043 738 3114 oppido
785 3045 938 3115 quod
976 3045 1306 3100 nominatur
1350 3046 1663 3118 Buraburg,
1693 3051 1808 3102 ter-

177 3139 318 3190 tiam
350 3137 409 3191 in
448 3137 572 3191 loco
617 3137 714 3208 qui
766 3138 971 3193 dicitur
1017 3139 1376 3210 Erpesfryod,
1409 3140 1504 3210 qui
1544 3141 1651 3194 fuit
1685 3141 1808 3211 jam
1830 3170 1885 3246 Ο

174 3231 312 3284 olim
362 3231 520 3284 urbis
567 3247 929 3302 paganorum
975 3233 1339 3287 rusticorum.
1389 3235 1515 3287 Haec
1543 3233 1656 3288 tria
1689 3235 1810 3289 loca

175 3324 408 3396 propria
432 3325 625 3379 charta
652 3330 706 3380 et
727 3326 1061 3380 auctoritate
1084 3327 1430 3396 apostolatus
1451 3327 1624 3381 vestri
1651 3328 1813 3382 robo-

175 3418 292 3472 rari
319 3421 374 3473 et
403 3419 734 3473 conﬁrmari
766 3420 1072 3490 diligenter
1101 3420 1480 3490 postulamus,
1512 3426 1594 3486 ut,
1626 3421 1669 3475 si
1699 3422 1810 3476 Do-

176 3514 372 3568 minus
422 3513 679 3578 voluerit,
737 3530 838 3584 per
907 3514 1302 3569 auctoritatem
1356 3517 1413 3568 et
1463 3521 1814 3586 przeceptum

175 3607 354 3661 sancti
417 3607 588 3672 Petri,
635 3607 986 3677 jussionibus
1058 3608 1375 3678 apostolicis
1440 3609 1689 3664 fundatze
1757 3613 1814 3665 et

175 3700 444 3754 stabilitae
473 3700 585 3754 sint
611 3706 726 3755 tres
753 3701 809 3754 in
839 3701 1155 3756 Germaniae
1188 3701 1538 3773 episcopales
1554 3703 1729 3770 sedes,
1759 3707 1816 3757 et

176 3800 240 3847 ut
275 3796 599 3865 prsesentes,
627 3796 713 3848 vel
755 3795 965 3849 futurae
1004 3795 1401 3866 generationes
1441 3813 1558 3851 non
1594 3814 1810 3868 praesu-

179 3893 342 3942 mant
385 3890 468 3942 vel
514 3887 812 3959 parochias
864 3905 1228 3960 corrumpere
1270 3891 1356 3945 vel
1404 3890 1609 3945 violare
1669 3908 1810 3962 prae-

176 3985 410 4052 ceptum
439 3983 755 4053 apostolicae
791 3983 960 4038 sedis.
993 3985 1201 4038 Notum
1245 3983 1506 4039 similiter
1531 3985 1601 4038 sit
1626 3989 1813 4056 pater-

177 4077 345 4130 nitati
375 4079 577 4130 vestrae
625 4077 778 4147 quod
826 4077 1255 4144 Carlomannus,
1289 4078 1404 4132 dux
1448 4081 1812 4145 Francorum,

179 4187 273 4224 me
305 4169 634 4225 accersitum
659 4171 730 4225 ad
764 4187 822 4225 se
846 4171 1065 4241 rogavit
1099 4171 1158 4225 in
1188 4176 1348 4242 parte
1380 4172 1543 4244 regni
1573 4174 1813 4227 Franco-

177 4280 332 4330 rum,
361 4280 486 4334 quze
529 4264 585 4317 in
626 4281 729 4318 sua
761 4270 846 4318 est
887 4268 1191 4335 potestate,
1221 4266 1500 4335 synodum
1543 4266 1812 4336 incipere,

176 4372 556 4428 congregare,
580 4362 636 4412 et
656 4357 914 4428 promisit
938 4374 996 4412 se
1024 4358 1093 4412 de
1117 4358 1496 4414 ecclesiastica
1515 4359 1811 4430 religione,

177 4467 310 4522 quae
332 4451 452 4520 jam
475 4451 645 4521 longo
668 4457 952 4523 tempore,
970 4451 1024 4506 id
1050 4455 1153 4518 est,
1172 4468 1289 4507 non
1311 4452 1498 4506 minus
1518 4469 1692 4524 quam
1712 4470 1816 4524 per

1915 509 2123 564 habere
2150 509 2336 580 cupio.
2366 510 2420 565 Si
2446 510 2722 565 invenero
2749 511 2900 566 inter
2935 511 3058 566 illos
3085 511 3374 580 diacones,
3404 530 3544 584 quos

1915 603 2235 669 nominant,
2269 603 2366 674 qui
2413 619 2445 656 a
2489 604 2734 674 pueritia
2787 621 2888 659 sua
2935 621 3163 677 semper
3203 606 3262 661 in
3313 607 3541 678 stupris,

1914 713 2144 767 semper
2176 697 2237 750 in
2281 697 2588 767 adulteriis,
2622 701 2678 752 et
2705 698 2764 752 in
2810 698 3076 754 omnibus
3119 715 3349 770 semper
3379 717 3542 772 spur-

1915 790 2060 844 citiis
2089 790 2262 844 vitam
2311 790 2605 860 ducentes,
2640 791 2743 846 sub
2769 793 2868 846 tali
2896 793 3228 848 testimonio
3269 799 3547 849 venerunt

1914 884 1996 952 ad,
2027 884 2406 950 diaconatum,
2441 888 2496 938 et
2542 884 2713 938 modo
2757 885 2817 939 in
2861 885 3160 942 diaconatu
3205 888 3546 942 concubinas

1915 981 2182 1048 quatuor,
2208 979 2296 1032 vel
2329 977 2604 1049 quinque,
2634 979 2720 1032 vel
2751 978 2945 1050 plures
2971 985 3143 1035 noctu
3179 980 3237 1035 in
3265 982 3412 1036 lecto
3439 982 3542 1037 ha-

1912 1071 2134 1140 bentes,
2169 1071 2538 1142 Evangelium
2581 1077 2776 1126 tamen
2826 1074 3037 1143 legere,
3069 1078 3126 1128 et
3171 1074 3437 1131 diaconos
3487 1093 3545 1131 se

1913 1165 2212 1219 nominare
2257 1182 2375 1220 non
2425 1165 2790 1236 erubescunt,
2820 1183 2925 1220 nec
2969 1171 3254 1235 metuunt,
3290 1173 3346 1223 et
3384 1170 3461 1224 sic
3485 1170 3542 1225 in

1913 1259 2120 1313 talibus
2144 1259 2373 1314 incestis
2393 1259 2466 1314 ad
2488 1259 2751 1314 ordinem
2778 1260 3206 1332 presbyteratus
3232 1262 3544 1332 venientes,

1914 1352 2102 1407 ofﬁcio
2130 1354 2451 1424 fungentes,
2485 1354 2681 1408 dicunt
2711 1370 2771 1407 se
2799 1370 2904 1425 pro
2933 1354 3143 1426 p0pulo
3173 1355 3543 1423 intercedere,

1913 1451 1969 1500 et
1999 1463 2184 1501 sacras
2224 1447 2537 1502 oblationes
2582 1447 2804 1513 offerre,
2834 1448 3157 1518 novissime,
3191 1451 3343 1521 quod
3387 1452 3548 1523 pejus

1914 1546 2015 1607 est,
2068 1541 2170 1595 sub
2224 1540 2428 1595 talibus
2481 1527 2819 1596 testimoniis
2875 1558 2980 1612 per
3030 1543 3237 1613 gradus
3296 1545 3549 1616 singulos

1913 1634 2302 1700 ascendentes,
2331 1633 2667 1689 ordinantur
2700 1638 2756 1689 et
2780 1635 3157 1690 nominantur
3184 1637 3454 1709 episcopi,
3489 1644 3551 1692 ut

1909 1728 2181 1797 habeant,
2227 1732 2575 1799 praeceptum
2633 1732 2689 1783 et
2739 1729 3124 1799 conscriptum
3194 1730 3547 1786 auctoritatis

1911 1825 2108 1877 vestrae
2142 1822 2278 1893 quid
2307 1823 2376 1877 de
2406 1823 2613 1877 talibus
2655 1823 2963 1888 deﬁniatis,
2999 1826 3055 1878 et
3080 1840 3180 1895 per
3206 1840 3544 1896 responsum

1910 1916 2283 1987 apostolicum
2313 1916 2740 1983 convincantur,
2768 1921 2827 1970 et
2857 1919 3176 1988 arguantur
3200 1922 3543 1989 peccatores.

1913 2013 1978 2065 Et
2020 2010 2389 2064 inveniuntur
2419 2009 2655 2082 quidam
2685 2011 2837 2065 inter
2863 2027 2959 2065 eos
2987 2011 3252 2083 episcopi,
3287 2013 3385 2084 qui
3414 2013 3550 2068 licet

1911 2104 2104 2159 dicant
2126 2120 2182 2158 se
2207 2104 2541 2159 fornicarios
2557 2105 2642 2158 vel
2664 2104 2953 2159 adulteros
2980 2121 3098 2160 non
3124 2123 3267 2173 esse,
3293 2107 3394 2160 sed
3415 2112 3548 2162 sunt

1913 2199 2136 2267 ebriosi,
2157 2202 2213 2252 et
2231 2199 2499 2253 incuriosi
2525 2200 2610 2254 vel
2636 2204 2957 2267 venatores,
2981 2204 3036 2253 et
3061 2200 3158 2271 qui
3187 2205 3445 2271 pugnant
3485 2201 3544 2256 in

1913 2292 2166 2347 exercitu
2193 2293 2417 2360 armati,
2454 2297 2510 2347 et
2536 2291 2838 2348 effundunt
2864 2293 3097 2364 propria
3122 2310 3297 2347 manu
3315 2295 3545 2366 sangui-

1915 2402 2046 2442 nem
2063 2386 2384 2454 hominum,
2403 2386 2516 2440 sive
2538 2403 2922 2458 paganorum,
2938 2386 3052 2440 sive
3068 2387 3544 2444 Christianorum.

1910 2481 1980 2534 Et
2007 2479 2142 2552 quia
2168 2497 2360 2535 servus
2402 2484 2456 2534 et
2493 2481 2715 2550 legatus
2760 2479 3088 2552 apostolicae
3129 2480 3276 2536 sedis
3313 2497 3432 2536 esse
3461 2483 3545 2537 di-

1913 2590 2169 2645 gnoscor,
2220 2579 2275 2628 et
2313 2590 2496 2628 unum
2543 2574 2614 2627 sit
2660 2574 2916 2641 verbum,
2966 2591 3162 2628 meum
3204 2574 3315 2641 hic,
3350 2579 3406 2629 et
3447 2593 3545 2630 ve-

1910 2673 2092 2722 strum
2146 2667 2243 2734 ibi,
2304 2668 2349 2721 si
2399 2667 2697 2738 contingat
2744 2669 2814 2723 ad
2862 2667 3143 2738 judicium
3197 2670 3549 2725 auctoritatis

1911 2766 2132 2831 vestrae,
2163 2765 2225 2815 ut
2262 2761 2478 2832 pariter
2522 2761 2720 2816 missos
2764 2761 3099 2832 dirigamus.
3149 2764 3430 2818 Praeterea
3477 2764 3546 2818 de

1911 2872 2026 2909 una
2060 2870 2120 2908 re
2169 2861 2224 2910 et
2261 2855 2559 2909 consilium
2606 2871 2882 2926 quaerere,
2911 2859 2968 2910 et
3006 2855 3300 2910 licentiam
3351 2860 3548 2928 petere

1912 2963 2139 3003 necesse
2167 2948 2366 3018 habeo,
2397 2966 2464 3003 eo
2504 2949 2659 3021 quod
2689 2949 3029 3004 venerandae
3067 2949 3362 3004 memorias
3397 2967 3547 3022 prae-

1913 3042 2174 3097 decessor
2208 3045 2410 3111 vester,
2443 3041 2586 3097 sicut
2627 3042 2883 3111 audistis,
2917 3043 2975 3097 in
3022 3043 3336 3115 praesentia
3367 3049 3552 3100 vestra

1911 3135 2053 3191 mihi
2083 3136 2352 3207 praecepit
2393 3140 2457 3190 ut
2497 3136 2898 3207 presbyterum
2926 3142 3053 3208 post
3083 3137 3301 3192 obitum
3329 3154 3546 3208 meum,

1912 3232 2028 3285 Deo
2071 3233 2316 3296 volente,
2360 3230 2418 3283 in
2466 3229 2842 3284 ecclesiastico
2892 3229 3208 3285 ministerio
3251 3231 3547 3286 hzeredem

1912 3330 1968 3379 et
2006 3340 2381 3380 successorem
2425 3323 2765 3377 constituere
2815 3323 3108 3391 deberem,
3138 3329 3194 3378 et
3235 3325 3342 3379 hoc
3381 3325 3546 3393 mihi,

1912 3419 1957 3472 si
1991 3419 2084 3474 Dei
2114 3419 2370 3473 voluntas
2414 3420 2517 3484 est,
2544 3418 2745 3487 placet,
2774 3417 2871 3471 sed
2902 3416 3071 3471 modo
3113 3418 3311 3472 dubito
3349 3421 3404 3472 et
3448 3435 3547 3473 ne-

1914 3512 2050 3582 scio,
2079 3512 2123 3566 si
2153 3511 2276 3567 ﬁeri
2304 3510 2503 3582 possit,
2537 3511 2670 3580 quia
2694 3515 2890 3582 postea
2921 3511 3098 3566 frater
3120 3510 3272 3565 illius
3293 3528 3545 3566 avuncu-

1913 3607 2033 3660 lum
2063 3607 2220 3661 ducis
2256 3607 2602 3660 Francorum
2639 3604 2864 3674 occidit,
2899 3611 2956 3660 et
2993 3605 3177 3660 adhuc
3206 3605 3548 3676 ignoramus

1915 3700 2160 3770 qualiter
2188 3699 2293 3754 ista
2323 3698 2601 3754 discordia
2646 3697 2933 3770 paciﬁcari
2972 3701 3029 3754 et
3069 3698 3219 3754 ﬁniri
3246 3700 3450 3755 valeat.
3482 3703 3550 3756 Et

1914 3795 2144 3849 obsecro
2177 3798 2240 3848 ut
2274 3793 2626 3848 auctoritatis
2664 3797 2866 3848 vestrae
2900 3793 3143 3848 licentiae
3190 3793 3279 3862 sit,
3317 3798 3377 3848 ut
3414 3811 3545 3849 cum

1915 3888 2148 3943 consilio
2205 3904 2498 3942 servorum
2564 3886 2661 3941 Dei
2731 3886 2800 3941 de
2857 3887 2960 3942 ista
3015 3887 3288 3941 electione
3340 3888 3546 3942 faciam

1915 3982 2068 4054 quod
2110 3981 2270 4036 nobis
2315 3981 2371 4035 in
2417 3997 2718 4036 commune
2767 3997 2871 4052 pro
2914 3981 3028 4034 Deo
3071 3984 3128 4034 et
3153 3997 3257 4051 pro
3286 3982 3547 4036 Ecclesiae

1917 4076 2178 4142 utilitate,
2203 4075 2288 4128 vel
2317 4076 2504 4129 fructu
2533 4074 2772 4146 spiritali
2804 4080 2860 4129 et
2892 4073 3226 4129 defensione
3257 4074 3549 4145 religionis

1915 4169 2198 4240 optimum
2226 4185 2346 4224 esse
2375 4168 2652 4235 videatur,
2688 4173 2750 4223 ut
2789 4184 3127 4223 consensum
3158 4171 3408 4223 vestrum
3444 4169 3546 4222 ha-

1914 4263 2081 4317 beam
2129 4263 2197 4318 de
2236 4263 2341 4317 hoc
2376 4262 2561 4317 facere
2607 4261 2759 4333 quod
2799 4263 3080 4332 optimum
3125 4279 3243 4317 esse
3268 4263 3546 4332 videatur,

1916 4357 2059 4411 mihi
2086 4357 2365 4427 inspirare
2393 4356 2662 4426 dignetur
2692 4357 2858 4423 Deus,
2888 4357 3022 4427 quia
3048 4358 3156 4411 hoc
3184 4374 3301 4412 non
3326 4357 3552 4412 videtur

1914 4467 2078 4522 posse
2125 4450 2270 4515 ﬁeri,
2324 4451 2368 4503 si
2415 4450 2729 4505 contrarius
2781 4449 3047 4521 princeps
3092 4451 3285 4505 fuerit.
3337 4453 3553 4505 Interea

177 4545 477 4614 sexaginta
507 4546 592 4599 vel
621 4545 974 4616 septuaginta
1003 4562 1199 4614 annos,
1228 4546 1434 4600 calcata
1460 4552 1515 4601 et
1542 4546 1812 4618 dissipata
1831 4545 1892 4617 D
1915 4560 2167 4616 quaerere
2215 4548 2270 4597 et
2317 4543 2667 4613 interrogare
2721 4543 3074 4614 paternitatis
3109 4547 3309 4597 vestrte
3360 4543 3548 4596 consi-

179 4639 308 4703 fuit,
325 4638 537 4709 aliquid
562 4639 846 4712 corrigere
865 4643 922 4693 et
939 4639 1245 4694 emendare
1264 4639 1429 4695 velle.
1443 4641 1811 4712 Quapropter,

181 4732 225 4785 si
277 4732 400 4798 hoc,
433 4733 544 4786 Deo
589 4732 924 4804 inspirante,
969 4733 1246 4787 veraciter
1295 4733 1534 4804 implere
1573 4735 1820 4790 voluerit

179 4825 508 4890 consilium,
531 4831 584 4880 et
606 4831 955 4898 praeceptum
987 4831 1192 4881 sanctae
1215 4831 1413 4881 vestrze
1440 4828 1816 4898 auctoritatis,

181 4919 237 4971 id
293 4922 398 4983 est,
443 4919 764 4989 apostolicm
812 4920 958 4974 sedis
1015 4920 1224 4975 habere
1268 4923 1325 4973 et
1373 4935 1569 4991 sapere
1618 4921 1815 4976 debeo.

181 5012 385 5066 Franci
437 5013 610 5080 enim,
664 5019 726 5068 ut
780 5013 1034 5068 seniores
1092 5013 1308 5080 dicunt,
1367 5014 1667 5086 plusquam
1721 5031 1821 5084 per

181 5109 411 5175 tempus
445 5105 738 5177 octoginta
763 5123 1048 5161 annorum
1079 5108 1362 5178 synodum
1394 5125 1509 5162 non
1539 5109 1818 5178 fecerunt,

179 5216 285 5253 nec
317 5199 810 5271 archiepiscopum
852 5201 1198 5271 habuerunt,
1227 5219 1334 5257 nec
1363 5201 1624 5257 Ecclesim
1655 5219 1820 5257 cano-

179 5294 316 5346 nica
353 5293 490 5363 jura
529 5293 736 5348 alicubi
782 5295 1096 5350 fundabant
1129 5296 1217 5350 vel
1253 5296 1621 5351 renovabant.
1661 5296 1822 5350 Modo

181 5392 377 5441 autem
421 5387 672 5442 maxima
710 5406 776 5442 ex
819 5393 980 5460 parte
1024 5405 1127 5460 per
1169 5390 1442 5458 civitates,
1475 5390 1826 5460 episcopales

181 5481 348 5535 sedes
382 5481 604 5536 traditae
636 5487 768 5537 sunt
809 5482 984 5548 laicis,
1019 5483 1238 5554 cupidis
1277 5485 1346 5538 ad
1394 5483 1822 5555 possidendum,

185 5576 274 5628 vel
320 5575 650 5630 adulteratis
693 5576 933 5642 clericis,
964 5577 1368 5632 scortatoribus
1411 5583 1467 5632 et
1510 5576 1827 5647 publicanis

182 5668 535 5723 sazculariter
574 5669 645 5724 ad
692 5670 1126 5740 perfruendum.
1185 5671 1325 5724 Nam
1374 5670 1419 5723 si
1465 5687 1568 5741 per
1593 5671 1828 5725 verbum

185 5767 439 5817 vestrum
491 5763 598 5817 hoc
643 5764 963 5835 negotium,
1009 5765 1152 5819 duce
1205 5767 1442 5834 rogante
1485 5763 1825 5835 supradicto,

191 5872 428 5911 movere
453 5861 508 5911 et
533 5857 842 5929 praecipere
872 5859 1066 5926 debeo,
1090 5861 1441 5932 praeceptum
1469 5860 1526 5914 et
1546 5857 1828 5928 judicium

1916 4639 2053 4693 lium
2108 4637 2288 4691 debeo
2335 4637 2405 4690 de
2456 4637 2707 4707 quadam
2769 4635 3119 4704 confusione,
3178 4639 3234 4690 et
3287 4636 3553 4690 seandalo

1918 4730 2355 4804 praedicationis,
2387 4745 2512 4802 qua
2558 4746 2741 4801 nuper
2777 4729 2846 4783 ad
2875 4746 2976 4783 vos
3006 4729 3259 4796 veniens,
3293 4733 3548 4785 mentem

1919 4828 2162 4879 vestram
2217 4822 2589 4891 conturbavit,
2638 4828 2693 4878 et
2737 4822 3124 4877 sacerdotibus
3175 4823 3551 4879 Ecclesiarum

1921 4918 2322 4973 verecundiam
2348 4918 2686 4982 incutiebat,
2707 4917 2840 4988 quia
2863 4915 3042 4971 laicus
3074 4917 3308 4988 quidam
3331 4935 3557 4989 magna:

1923 5029 2178 5084 personae
2212 5013 2284 5067 ad
2325 5029 2425 5067 nos
2463 5011 2694 5066 veniens
2731 5010 2957 5065 dicebat
2997 5010 3099 5064 sibi
3130 5011 3200 5065 ab
3237 5012 3556 5083 apostolica:

1923 5107 2070 5161 sedis
2117 5106 2401 5177 pontifice,
2431 5109 2640 5160 sanctzr.
2686 5104 2984 5159 memoriae
3033 5105 3332 5177 Gregorio,
3364 5107 3554 5160 datam

1925 5200 2097 5255 fuisse
2171 5199 2456 5254 licentiam
2520 5205 2582 5252 ut
2647 5199 2704 5252 in
2770 5197 3204 5254 matrimonium
3278 5198 3558 5269 acciperet

1923 5295 2152 5348 viduam
2185 5294 2449 5348 avunculi
2484 5293 2590 5360 sui,
2623 5309 2752 5364 qua:
2793 5297 2849 5348 et
2891 5293 3014 5364 ipsa
3039 5292 3147 5347 fuit
3192 5307 3328 5344 uxor
3353 5307 3552 5345 conso-

1925 5386 2096 5454 brini,
2144 5390 2200 5441 et
2242 5387 2360 5453 illa,
2391 5386 2488 5440 illo
2531 5385 2775 5454 vivente,
2819 5385 3074 5442 discessit
3121 5383 3191 5437 ab
3239 5400 3328 5450 eo,
3371 5389 3427 5438 et
3464 5384 3557 5438 isti

1926 5483 2044 5536 viro
2071 5481 2169 5552 qui
2199 5497 2352 5535 nunc
2379 5497 2506 5535 eam
2531 5481 2785 5552 accipere
2813 5479 3137 5535 desiderans
3169 5475 3418 5532 affirmat
3447 5477 3555 5532 sibi

1928 5575 2216 5630 licentiam
2243 5575 2464 5644 datam;
2494 5575 2552 5629 in
2585 5575 2751 5629 tertio
2778 5571 3038 5644 geniculo
3061 5569 3382 5641 propinqua
3407 5570 3558 5626 illius

1929 5685 2048 5724 esse
2088 5669 2457 5741 dignoscitur,
2491 5671 2549 5723 et
2589 5672 2786 5723 votum
2830 5665 2981 5720 vovit
3025 5665 3141 5719 Deo
3183 5664 3471 5732 castitatis,
3501 5670 3558 5721 et

1929 5763 2108 5817 velata
2157 5764 2284 5834 fuit,
2316 5766 2374 5818 et
2415 5763 2626 5818 iterum
2677 5759 2899 5830 abjecto
2939 5757 3222 5814 velamine
3264 5758 3553 5820 maritate;

1932 5858 2039 5912 tale
2070 5859 2220 5912 enim
2267 5855 2696 5913 matrimonium
2737 5853 3092 5926 supradictus
3122 5853 3292 5908 homo
3321 5853 3388 5907 ab
3422 5871 3557 5926 apo-
