4092 6192
524 256 654 310 1163

1411 254 1694 308 APPEND.
1735 254 1821 307 Al)
1861 253 2020 307 S.-EC.
2064 253 2149 305 1X.
2181 280 2248 291 -·
2288 251 2529 307 lSlDORl
2571 250 2994 307 MERCATORIS

3762 251 3889 303 lini

518 365 710 418 stolica
739 363 872 417 sede
895 362 1001 415 sibi
1026 362 1275 416 afﬁrmat
1299 377 1421 416 esse
1461 376 1810 429 concessum,
1843 361 1997 433 quod
2035 376 2153 415 non
2175 370 2235 444 Α
2254 359 2590 429 direximus,
2626 376 2743 415 non
2771 359 2905 431 quia
2927 358 3101 430 digna
3145 361 3278 412 sunt
3311 356 3657 429 paternitate
3682 360 3893 427 vestra,

524 456 925 512 mstimavimus
972 472 1189 523 verum,
1220 455 1354 527 quia
1398 454 1662 526 synodus,
1696 456 1752 509 et
1798 454 2060 522 Ecclesia,
2093 453 2155 508 in

524 566 637 621 qua
679 553 848 604 natus
892 552 949 603 et
993 549 1240 603 nutritus
1291 550 1393 616 fui,
1424 549 1485 603 id
1538 552 1642 616 est,
1680 548 1735 602 in
1782 547 2158 603 transmarina

523 642 783 710 Saxonia,
810 642 1207 714 Lugdunensis
1234 643 1480 714 synodus
1507 643 1565 696 in
1596 641 1796 713 primis
1816 659 1849 696 a
1870 641 2157 713 discipulis

524 737 706 792 sancti
736 737 1017 807 Gregorii,
1046 737 1103 791 id
1147 740 1223 790 est
1255 737 1596 808 Augustino,
1632 736 1952 803 Laurentio,
1978 737 2155 803 Justo,

522 832 754 900 Milleto,
796 830 1259 902 archiepisc0pis,
1296 831 1599 885 constituta
1632 836 1687 883 et
1729 829 1991 883 ordinata
2028 828 2155 897 fuit,

526 926 696 980 talem
740 924 1000 995 copulam
1044 928 1101 978 et
1130 924 1566 978 matrimonium
1612 923 1928 977 maximum
1959 922 2156 989 scelus,

524 1022 581 1073 et
625 1018 926 1085 incestum,
958 1022 1013 1072 et
1062 1017 1337 1073 horribile
1386 1017 1687 1087 ﬂagitium,
1733 1019 1790 1070 et
1839 1015 2157 1070 damnabile

524 1112 813 1183 piaculum
840 1111 964 1166 ﬁeri
986 1128 1049 1166 ex
1078 1110 1414 1165 auctoritate
1442 1114 1653 1165 sanctae
1681 1110 1990 1181 Scripturae
2014 1110 2160 1181 judi-

522 1207 752 1261 cabant.
810 1207 1165 1277 Quapropter
1228 1204 1540 1275 paternitas
1594 1208 1779 1259 vestra
1842 1203 2161 1274 hujusa'rei

522 1299 818 1356 veritatem
845 1299 1006 1354 nobis
1034 1299 1287 1353 indicare
1315 1316 1433 1353 non
1474 1299 1838 1370 dedignetur,
1870 1303 1930 1352 ut
1970 1298 2157 1352 Eccle-

524 1395 621 1448 size
651 1393 1055 1460 sacerdotibus,
1077 1395 1162 1447 vel
1191 1394 1405 1466 populo
1429 1392 1749 1447 Christiano
1776 1392 1909 1446 inde
1937 1392 2163 1447 scanda-

526 1489 597 1554 la,
627 1487 715 1542 vel
755 1487 1074 1555 schismata,
1108 1487 1197 1541 vel
1228 1486 1359 1542 novi
1392 1502 1615 1541 errores
1659 1502 1771 1539 non
1824 1486 2080 1540 oriantur
2106 1490 2163 1540 et

524 1586 907 1635 concrescant.
942 1582 1009 1635 Et
1040 1582 1171 1652 quia
1201 1580 1458 1635 carnales
1486 1579 1773 1647 homines,
1796 1579 2011 1645 idiotze,
2040 1579 2162 1632 Ala-

524 1674 739 1743 manni,
769 1675 853 1730 vel
900 1674 1241 1745 Bauguarvi,
1272 1674 1362 1728 vel
1404 1673 1625 1742 Franci,
1658 1673 1703 1726 si
1746 1672 1907 1743 juxta
1955 1673 2161 1726 Roma-

2259 456 2353 511 sed
2379 471 2484 526 pro
2515 453 2723 509 indicio
2753 452 3044 508 charitatis
3081 455 3139 506 et
3167 451 3507 507 obedientiee
3548 450 3895 516 devotionis,

2258 550 2316 604 id
2347 553 2453 619 est,
2475 548 2771 603 vuillosam
2797 563 2993 614 unam,
3017 549 3077 600 et
3099 546 3325 618 argenti
3356 549 3413 600 et
3432 544 3559 600 auri
3579 544 3893 600 tantillum.

2258 646 2500 699 Dextera
2524 641 2747 698 Domini
2772 645 3130 713 protegente,
3160 640 3504 696 incolumem
3528 639 3739 705 valere,
3762 642 3819 693 et
3836 638 3896 692 in

2257 738 2478 794 Christo
2505 736 2781 808 proﬁcere
2808 734 3218 791 beatitudinem
3245 738 3495 789 vestram
3516 734 3572 788 in
3590 732 3898 804 longitudi-

2258 848 2395 887 nem
2425 832 2648 886 dierum
2685 832 2966 902 optamus.

2332 928 2407 981 Te
2446 926 2591 980 Deus
2622 924 2893 980 altitonus
2934 925 3129 978 sancta
3165 926 3461 978 conservet
3490 922 3549 977 in
3590 922 3717 977 aede
3749 921 3899 976 sedis

2263 1019 2591 1091 apostolica:
2645 1022 2925 1073 rectorem
2969 1017 3027 1071 in
3072 1019 3333 1087 tempora
3375 1017 3567 1087 longa,
3621 1015 3901 1070 melliﬂna

2264 1118 2490 1184 gratum
2536 1112 2762 1185 populis
2805 1112 3062 1167 doctrina
3108 1127 3215 1182 per
3253 1110 3469 1180 orbem,
3516 1110 3901 1181 Perﬁciatque

2260 1209 2376 1263 Deo
2402 1207 2642 1278 dignum
2666 1206 2763 1278 pia
2801 1205 2983 1277 gratia
3022 1205 3250 1261 Christi.
3295 1203 3605 1275 Splendida
3642 1202 3902 1275 perﬁciat

2262 1303 2471 1357 ﬂorens
2526 1318 2629 1356 sua
2682 1301 2894 1373 gaudia
2940 1301 3134 1366 Mater,
3191 1304 3362 1371 atque
3415 1299 3621 1353 domus
3674 1297 3899 1353 Domini

2261 1398 2488 1453 lmtetur
2512 1395 2678 1463 plebe
2713 1394 2977 1449 secunda.

2611 1490 2856 1559 Epistola
2892 1489 3169 1543 Zachariae
3197 1489 3271 1542 ad
3305 1491 3552 1545 Wittam.

2334 1582 2702 1639 Dilectissimo
2731 1582 2894 1637 nobis
2922 1582 3121 1637 erm
3152 1586 3363 1637 sancta:
3395 1582 3662 1637 Ecclesiae
3694 1582 3903 1636 Barba-

2264 1695 2417 1733 ranaa
2445 1680 2750 1733 Zacaamas
2779 1693 2949 1748 papa.

526 1785 663 1824 nam
695 1768 895 1824 urbem
936 1768 1147 1839 aliquid
1173 1768 1357 1822 facere
1386 1767 1649 1836 viderint,
1679 1782 1747 1821 ex
1781 1766 1868 1820 his
1894 1766 2160 1836 peccatis,
2184 1745 2240 1816 B
2337 1772 2579 1828 Domino
2637 1777 2979 1843 cooperante
3033 1774 3087 1826 et
3143 1786 3469 1825 sermonem
3524 1770 3907 1824 conm-mante

524 1879 653 1935 qum
680 1879 786 1917 nos
814 1862 1206 1934 prohibemus,
1232 1861 1451 1916 licitum
1480 1865 1535 1915 et
1559 1876 1889 1915 concessum
1920 1876 1953 1913 a
1981 1875 2163 1914 sacer-

524 1955 750 2012 dotibus
803 1972 923 2010 esse
974 1958 1203 2027 putant,
1250 1959 1307 2010 et
1350 1955 1488 2010 dum
1538 1954 1704 2009 nobis
1750 1952 2164 2025 improperium

528 2050 828 2123 deputant,
856 2049 961 2104 sibi
994 2050 1325 2105 scandalum
1354 2049 1483 2103 vitae
1511 2048 1815 2120 accipiunt,
1842 2047 1986 2101 sicut
2004 2047 2163 2101 afﬁr-

526 2148 687 2200 mant
712 2160 771 2199 se
800 2143 1000 2198 vidisse
1049 2142 1216 2196 annis
1242 2142 1485 2214 singulis
1528 2142 1585 2196 in
1640 2143 1896 2197 Romana
1919 2140 2082 2207 urbe,
2112 2143 2168 2194 et

521 2240 686 2310 juxta
739 2236 1041 2292 Ecelesiam
1099 2236 1280 2290 sancti
1331 2235 1506 2302 Petri,
1564 2236 1619 2289 in
1687 2235 1776 2289 die
1833 2234 1917 2288 vel
1979 2236 2164 2301 nocte,

530 2332 761 2404 quando
805 2331 1041 2385 Kalend.
1070 2329 1326 2385 Januarii
1366 2329 1600 2399 intrant,
1632 2343 1987 2400 paganorum
2032 2344 2163 2381 con-

528 2425 830 2482 suetudine
868 2426 1072 2480 choros
1118 2425 1326 2479 ducere
1363 2440 1468 2496 per
1512 2423 1730 2494 plateas
1777 2426 1834 2477 et
1880 2421 2163 2476 acclama-

526 2521 713 2575 tiones
736 2520 850 2574 ritu
880 2519 1203 2591 gentilium,
1232 2523 1290 2574 et
1318 2516 1665 2572 cantationes
1692 2516 1998 2587 sacrilegas
2018 2515 2166 2570 cele-

527 2615 718 2683 brare,
739 2616 798 2669 et
827 2630 1059 2668 mensas
1084 2612 1185 2667 illa
1210 2612 1302 2667 die
1329 2613 1417 2666 vel
1443 2615 1610 2667 nocte
1641 2610 1883 2682 dapibus
1908 2625 2166 2679 onerare,

530 2714 585 2764 et
609 2709 831 2763 nullum
858 2708 928 2762 de
953 2708 1125 2762 domo
1145 2724 1247 2761 sua
1272 2707 1489 2778 ignem,
1512 2705 1600 2760 vel
1626 2705 2064 2773 ferramentum,
2082 2703 2171 2757 vel

533 2802 749 2874 aliquid
777 2800 1067 2856 commodi
1097 2801 1284 2856 vicino
1332 2816 1433 2853 suo
1474 2803 1745 2870 praestare
1776 2799 1941 2853 velle.
1971 2796 2173 2852 Dicunt

531 2912 756 2967 quoque
787 2913 844 2950 se
874 2895 1077 2948 vidisse
1124 2894 1202 2948 ibi
1248 2893 1515 2947 mulieres
1553 2907 1777 2963 pagano
1814 2890 1929 2945 ritu
1967 2890 2170 2961 phyla-

533 2988 710 3043 cteria
735 2994 793 3043 et
822 2988 1114 3058 ligaturas,
1140 2991 1197 3041 et
1220 2986 1279 3040 in
1308 2984 1574 3054 brachiis,
1604 2988 1660 3039 et
1685 2984 1947 3039 cruribus
1977 2983 2175 3055 ligatas

534 3082 763 3150 habere,
794 3086 850 3137 et
893 3080 1117 3153 publice
1158 3080 1230 3134 ad
1259 3078 1625 3134 vendendum
1666 3078 1891 3133 venales
1920 3077 1993 3131 ad
2020 3094 2174 3133 com-

532 3175 853 3247 parandum
882 3174 1007 3230 aliis
1048 3173 1273 3228 offerre.
1320 3174 1457 3237 Qum
1504 3171 1700 3228 omnia
1735 3188 1800 3227 eo
1848 3170 1999 3243 quod
2047 3170 2179 3225 ibia

534 3269 869 3335 carnalibus,
899 3272 956 3322 et
994 3266 1394 3338 insipientibus
1440 3266 1727 3333 videntur,
1755 3264 1919 3320 nobis
1948 3264 2040 3320 hic
2067 3264 2175 3318 im-

536 3362 867 3436 properium
905 3367 963 3417 et
1008 3361 1487 3432 impedimentum
1534 3359 1959 3432 praedicationis
1988 3362 2045 3415 et
2073 3359 2176 3413 do—

534 3458 732 3513 ctrinte
752 3456 1076 3529 perﬁciunt.
1095 3456 1172 3511 De
1188 3454 1396 3510 talibus
1412 3454 1494 3510 ait
1504 3455 1825 3526 Apostolus,
1845 3453 2176 3525 increpans:

538 3550 731 3626 289
764 3572 791 3601 ‹‹
821 3550 950 3605 Dies
980 3549 1305 3615 observatis,
1333 3553 1391 3603 et
1418 3552 1704 3619 tempora.
1731 3547 1925 3602 Timeo
1950 3564 2023 3602 ne
2058 3546 2180 3601 sine

537 3662 703 3700 causa
728 3644 1105 3699 laboraverim
1132 3643 1192 3698 in
1210 3642 1370 3698 vobis
1394 3643 1558 3711 (Psal.
1580 3659 1656 3709 1v,
1678 3644 1763 3709 10,
1789 3643 1893 3712 tl).
1917 3662 1944 3690 ››
1964 3642 2033 3695 Et
2051 3657 2180 3696 san-

539 3744 662 3794 ctus
692 3738 1039 3809 Augustinus
1065 3738 1211 3792 dixit
1236 3754 1248 3791 :
1274 3738 1415 3791 Nam
1443 3736 1543 3808 qui
1582 3735 1869 3807 praedictis
1914 3734 2097 3803 malis,
2124 3734 2184 3789 id

541 3838 645 3900 est,
667 3832 875 3900 carnis,
894 3834 950 3887 et
978 3831 1203 3899 divinis,
1225 3835 1281 3886 et
1301 3830 1778 3902 aruspicibus,vel
1800 3829 2183 3901 phylacteriis,

541 3934 599 3983 et
624 3927 747 3982 aliis
776 3926 1126 3999 quibuslibet
1164 3925 1421 3997 auguriis
1455 3924 1782 3992 crediderit,
1814 3924 1919 3978 etsi
1940 3923 2183 3995 jejunet,

546 4022 652 4078 etsi
710 4025 854 4091 oret,
909 4020 1015 4076 etsi
1063 4019 1287 4092 jugiter
1347 4020 1422 4073 ad
1494 4017 1761 4073 ecclesias
1828 4022 2036 4087 currat,
2085 4017 2186 4072 etsi

542 4119 733 4188 largas
769 4115 1154 4186 eleemosynas
1197 4114 1390 4181 faciat,
1425 4114 1529 4168 etsi
1575 4111 1971 4184 corpusculum
2021 4127 2187 4165 suum

548 4212 606 4265 in
656 4210 817 4264 omni
862 4208 1168 4263 afflictione
1223 4206 1574 4273 cruciaverit,
1630 4206 1773 4260 nihil
1819 4204 1870 4259 ei
1915 4205 2185 4276 proderit,

544 4302 799 4374 quandiu
820 4302 1117 4373 sacrilegia
1134 4301 1234 4355 illa
1258 4316 1371 4355 non
1394 4299 1712 4372 reliquerit.
1733 4300 1874 4353 Nam
1892 4298 2081 4353 siistas
2097 4314 2189 4369 pa-

545 4395 750 4469 ganias
777 4395 1097 4467 paternitas
1123 4399 1307 4449 vestra
1352 4394 1433 4448 ibi
1458 4393 1516 4447 in
1543 4394 1798 4449 Romana
1830 4392 1968 4448 urbe
1994 4392 2185 4463 prohi-

2269 1867 2457 1936 (Marc.
2482 1882 2595 1934 xvr,
2614 1867 2702 1935 20)
2726 1866 2797 1920 ad
2818 1864 3168 1920 dilatandam
3187 1864 3624 1920 Christianitatis
3646 1865 3835 1935 legem
3853 1870 3909 1920 et

2263 1961 2596 2016 orthodoxa:
2624 1959 2756 2016 ﬁdei
2783 1958 3091 2026 tramitem,
3113 1958 3185 2013 ad
3213 1957 3534 2013 docendum
3562 1958 3737 2029 juxta
3760 1958 3908 2030 quod

2264 2053 2538 2125 praedicat
2557 2055 2751 2108 sancta
2770 2053 2893 2107 haec
2912 2053 3184 2120 Romana,
3199 2052 3287 2106 cui
3312 2052 3429 2107 Deo
3450 2055 3695 2107 auctore
3712 2052 3905 2123 praesi-

2267 2148 2486 2214 demus,
2509 2146 2752 2202 Ecclesia
2769 2146 3020 2202 innotuit
3037 2146 3203 2201 nobis
3228 2145 3625 2200 sanctissimus
3650 2162 3718 2201 ac
3746 2164 3907 2201 reve-

2266 2241 2642 2296 rendissimus
2657 2240 2838 2296 frater
2859 2246 2915 2295 et
2934 2239 3296 2312 coepiscopus
3319 2244 3534 2307 noster,
3561 2240 3908 2303 Bonifacius,

2268 2351 2453 2407 nuper
2466 2352 2524 2389 se
2544 2334 2856 2390 decrevisse
2874 2337 2930 2390 et
2940 2334 3229 2389 ordinasse
3241 2332 3298 2388 in
3312 2333 3642 2389 Germaniae
3657 2334 3910 2405 partibus

2270 2429 2621 2501 episcopales
2646 2428 2829 2497 sedes,
2852 2429 2949 2483 ubi
2977 2431 3187 2499 praeest
3206 2430 3389 2482 vestra
3409 2427 3669 2494 dilectio,
3691 2435 3752 2483 et
3778 2445 3911 2499 pro-

2268 2522 2512 2578 vinciam
2532 2523 2591 2577 in
2615 2526 2729 2579 tres
2749 2522 3004 2578 divisisse
3026 2522 3351 2593 parochias;
3378 2538 3489 2593 quo
3520 2523 3757 2593 cognito
3782 2538 3909 2576 eum

2271 2633 2486 2695 magna
2506 2616 2881 2672 exsultatione
2907 2615 3149 2672 extensis
3166 2616 3239 2670 ad
3259 2615 3443 2670 sidera
3462 2615 3697 2686 palmis,
3710 2615 3914 2670 illumi-

2273 2712 2454 2766 natori
2467 2711 2715 2767 etdatori
2730 2710 2989 2765 omnium
3009 2711 3308 2776 bonorum,
3326 2708 3575 2764 Domino
3594 2710 3714 2764 Deo
3732 2714 3791 2764 et
3805 2710 3917 2764 Sal-

2271 2805 2451 2860 vatori
2485 2808 2677 2859 nostro
2703 2805 2836 2860 Jesu
2876 2804 3099 2860 Christo
3137 2804 3344 2875 gratias
3372 2804 3624 2874 egimus,
3648 2804 3753 2875 qui
3784 2804 3918 2858 facit

2272 2904 2514 2971 utraque
2535 2915 2714 2953 unum
2726 2898 2941 2970 (Ephes.
2960 2914 3021 2966 ιι,
3044 2897 3147 2967 14).
3163 2896 3463 2968 Flagitavit
3476 2899 3680 2952 autem
3701 2916 3737 2953 a
3755 2899 3920 2954 nobis

2275 3010 2378 3064 pro
2418 2992 2532 3048 suis
2580 2992 2806 3064 syllabis
2843 2993 2966 3065 jam
3015 2992 3198 3048 dictus
3240 2990 3632 3047 sanctissimus
3676 2993 3785 3059 vir,
3821 3010 3922 3065 per

2276 3086 2640 3159 apostolicam
2681 3086 3079 3142 auctoritatem
3113 3088 3327 3140 vestras
3363 3084 3700 3141 conﬁrmari
3738 3086 3921 3142 sedes.

2276 3182 2383 3236 Pro
2413 3197 2526 3253 quo
2557 3184 2616 3235 et
2652 3196 2757 3235 nos
2797 3180 3019 3235 ardenti
3050 3180 3260 3247 animo,
3290 3182 3346 3234 et
3385 3179 3580 3235 divino
3617 3181 3924 3251 juvamine

2277 3292 2340 3329 ac
2368 3274 2703 3330 auctoritate
2726 3273 2879 3328 beati
2900 3273 3072 3344 Petri,
3095 3273 3485 3344 apostolorum
3505 3274 3822 3346 principis,
3838 3276 3924 3331 cui

2279 3369 2409 3424 data
2460 3371 2542 3424 est
2580 3385 2613 3423 a
2656 3368 2770 3424 Deo
2816 3371 2873 3423 et
2927 3367 3216 3423 Salvatore
3263 3371 3460 3423 nostro
3510 3368 3647 3423 Iesu
3698 3369 3926 3425 Christo

2282 3462 2497 3535 ligandi
2539 3461 2911 3533 solvendique
2958 3464 3208 3532 potestas
3241 3462 3455 3531 (Matth.
3501 3479 3617 3532 xm,
3664 3466 3757 3535 19)
3794 3480 3927 3536 pec-

2283 3562 2405 3611 cata
2452 3556 2754 3611 hominum
2803 3556 2861 3610 in
2908 3556 3045 3611 coelo
3089 3558 3146 3610 et
3194 3556 3251 3610 in
3302 3559 3475 3626 terra,
3506 3557 3930 3615 conﬁrmamus

2285 3655 2456 3723 atque
2499 3650 2707 3705 solidas
2751 3666 3091 3722 permanere
3117 3654 3330 3705 vestras
3373 3650 3734 3723 episcopales
3777 3654 3929 3709 sedes

2286 3745 2590 3811 sancimus,
2630 3744 3057 3812 interdicentes,
3093 3743 3265 3815 ipsius
3312 3744 3592 3816 principis
3638 3749 3927 3817 apostolo-

2285 3855 2416 3895 rum
2459 3839 2791 3893 auctoritate
2822 3855 2855 3892 a
2885 3839 3155 3909 praesenti
3198 3838 3466 3893 omnibus
3501 3841 3563 3893 et
3600 3839 3665 3894 in
3709 3841 3932 3896 futuras

2287 3932 2702 4005 generationes,
2740 3935 2804 3986 ut
2831 3931 3021 3985 nullus
3063 3931 3272 3987 audeat
3300 3934 3502 3987 contra
3528 3934 3812 3993 eamdem
3842 3952 3929 3990 ve-

2288 4031 2465 4082 stram
2508 4025 2700 4081 venire
2748 4024 3169 4080 ordinationem
3214 4042 3341 4097 quae
3381 4026 3666 4099 dignante
3714 4029 3836 4085 Deo
3871 4047 3933 4084 ex

2286 4123 2481 4176 nostra
2505 4118 2884 4192 praeceptione
2904 4119 2964 4173 in
2984 4118 3143 4174 vobis
3166 4119 3317 4174 facta
3345 4123 3451 4189 est,
3473 4124 3529 4175 et
3557 4120 3670 4176 hoc
3700 4122 3934 4178 interdi-

2288 4219 2501 4285 centes,
2531 4218 2592 4269 ut
2615 4213 2805 4268 nullus
2842 4213 3053 4267 audeat
3088 4213 3251 4284 juxta
3281 4218 3613 4269 sanctorum
3646 4232 3932 4271 canonum

2289 4308 2674 4378 traditionem,
2706 4324 2771 4363 ex
2814 4306 2929 4361 alio
2972 4306 3303 4378 episcopatu
3349 4307 3570 4362 ibidem
3610 4311 3929 4377 transferri,

2293 4404 2393 4456 aut
2419 4401 2686 4456 ordinare
2709 4400 3058 4472 episcopum,
3082 4405 3211 4471 post
3227 4405 3475 4456 vestram
3501 4401 3573 4457 de
3601 4403 3715 4458 hoc
3733 4406 3934 4459 saeculo

543 4490 752 4560 buerit,
786 4492 843 4546 et
871 4489 976 4543 sibi
1008 4489 1353 4557 mercedem,
1385 4492 1443 4542 et
1466 4486 1629 4542 nobis
1654 4487 1973 4541 maximum
2004 4487 2185 4557 profe-
2203 4491 2262 4562 Ι)
2286 4495 2697 4561 evocationem,
2733 4494 2840 4549 nisi
2867 4494 2912 4548 is
2938 4494 3038 4565 qni
3064 4483 3384 4565 apostolicae
3434 4498 3653 4551 nosam
3699 4498 3853 4553 sedis
3881 4499 3934 4551 in

544 4590 700 4640 ctum
714 4585 775 4639 in
795 4583 1051 4639 doctrina
1071 4582 1446 4637 ecclesiastica
1466 4581 1740 4652 perﬁciet.
1758 4579 2020 4651 Episcopi
2051 4597 2192 4651 quo-

545 4696 657 4750 que
693 4681 751 4734 et
780 4677 1097 4750 presbyteri
1146 4676 1375 4748 generis
1420 4677 1790 4744 Francorum,
1824 4674 1923 4746 qui
1959 4674 2191 4729 fuerunt

549 4774 810 4843 adulteri,
858 4778 915 4828 et
960 4774 1335 4828 fornicatores
1381 4772 1666 4840 acerrimi,
1714 4787 1858 4842 quos
1904 4770 1959 4825 in
2009 4771 2189 4841 gradu

554 4868 932 4938 episcopatus,
961 4868 1045 4922 vel
1081 4866 1423 4939 presbyterii
1465 4864 1900 4920 fornicationem
1941 4863 2042 4919 ﬁlii
2069 4864 2190 4918 nati

552 4964 825 5033 arguunt,
859 4960 1215 5016 revenientes
1239 4960 1310 5014 ab
1346 4959 1651 5032 apostolica
1678 4958 1832 5028 sede,
1864 4958 2059 5013 dicunt
2083 4957 2189 5012 sibi

554 5058 876 5111 Romanum
904 5055 1232 5125 pontiﬁcem
1261 5054 1547 5110 licentiam
1567 5052 1786 5108 dedisse
1808 5052 2188 5107 ministerium

552 5150 868 5221 episcopale
899 5148 957 5202 in
988 5148 1231 5203 Ecclesia
1270 5148 1615 5205 ministrare.
1648 5148 1796 5212 Quos
1825 5148 2024 5201 contra
2053 5162 2187 5200 con-

550 5244 863 5311 tendimus,
883 5242 1015 5315 quia
1042 5242 1415 5314 apostolicam
1447 5242 1638 5297 sedem
1671 5256 2037 5312 nequaquam
2059 5256 2191 5294 con-

551 5343 641 5393 tra
667 5338 892 5393 decreta
922 5353 1210 5393 canonum
1235 5336 1554 5391 audivimus
1577 5336 1883 5407 judicasse.
1913 5336 2040 5389 Haec
2067 5350 2187 5388 om-

554 5432 667 5500 nia,
697 5432 926 5488 domine
970 5429 1319 5499 charissime,
1346 5435 1651 5502 propterea
1678 5429 1835 5484 vobis
1876 5432 2009 5483 nota
2048 5427 2185 5483 faci-

556 5542 706 5597 mus,
740 5531 801 5581 ut
823 5530 1023 5581 vestrm
1055 5524 1407 5581 auctoritatis
1446 5540 1786 5595 responsum
1818 5522 2023 5577 talibus
2051 5521 2189 5577 dare

554 5619 855 5690 possimus,
907 5624 968 5674 ut
1019 5636 1126 5692 per
1170 5619 1454 5675 cautelam
1501 5623 1701 5672 vestrae
1748 5616 2017 5671 doctrinae
2059 5632 2191 5670 oves

555 5712 813 5769 Ecclesiae
841 5730 956 5769 non
989 5714 1357 5784 seducantur,
1386 5712 1479 5767 sed
1510 5712 1630 5783 lupi
1656 5727 1893 5781 rapaces
1921 5710 2187 5766 commoti

550 5813 601 5859 et
632 5807 879 5878 superati
914 5812 1166 5879 pereant.
1210 5810 1428 5863 Interea
1463 5805 1799 5861 munuscula
1833 5821 2003 5877 parva
2032 5804 2187 5861 vobis

2288 4589 2399 4644 illis
2420 4588 2795 4660 potestatibus
2826 4587 3254 4659 praesentaverit
3278 4588 3483 4643 vicem.
3511 4588 3628 4645 Sed
3654 4607 3768 4646 nec
3798 4607 3936 4647 unus

2289 4682 2521 4738 alterius
2569 4681 2869 4753 parochias
2913 4681 3210 4748 invadere,
3251 4685 3349 4736 aut
3390 4683 3670 4738 Ecclesias
3718 4686 3937 4740 subtrao

2290 4777 2426 4832 here
2465 4779 2796 4848 praesumat.
2829 4776 2994 4845 Nam,
3028 4776 3183 4846 quod
3234 4792 3343 4830 non
3387 4776 3705 4845 credimus,
3736 4780 3782 4833 si
3824 4779 3940 4850 quis

2292 4870 2384 4924 ille
2414 4870 2586 4924 fuerit
2632 4869 2729 4940 qui
2773 4874 2976 4924 contra
3021 4870 3167 4924 hanc
3211 4873 3453 4924 vestram
3486 4874 3934 4942 praeceptionem

2294 4964 2600 5018 temerario
2648 4979 2787 5016 ausu
2828 4963 3020 5018 venire
3060 4964 3386 5030 tentaverit,
3417 4963 3562 5018 sciat
3611 4981 3672 5020 se
3724 4972 3934 5021 aeterno

2293 5057 2394 5112 Dei
2414 5057 2631 5129 judicio
2669 5056 3050 5111 anathematis
3076 5056 3301 5111 vinculo
3331 5072 3451 5111 esse
3482 5056 3854 5114 innodatum.
3879 5057 3931 5112 Si

2291 5152 2418 5222 quis
2456 5166 2590 5206 vero
2633 5150 2941 5221 apostolica
2985 5151 3293 5205 servaverit
3336 5155 3654 5222 praecepta,
3691 5158 3755 5209 et
3802 5170 3929 5208 nor-

2290 5261 2447 5299 mam
2472 5247 2644 5300 rectae
2670 5249 2726 5300 et
2752 5244 3087 5300 orthodoxae.
3114 5244 3250 5299 ﬁdei
3285 5244 3459 5300 fuerit
3482 5250 3807 5315 assecutus,
3840 5248 3928 5301 be-

2291 5338 2630 5394 nedictionis
2672 5338 2919 5410 gratiam
2961 5342 3366 5410 consequatur.
3398 5339 3475 5393 De
3502 5344 3738 5405 caetero,
3772 5339 3929 5412 peni-

2288 5436 2381 5486 tus
2409 5431 2663 5487 divinam
2695 5448 2967 5503 rogamus
3013 5432 3399 5500 clementiam,
3433 5439 3495 5488 ut
3535 5434 3853 5488 conﬁrmet
3879 5437 3927 5485 et

2290 5525 2621 5580 corroboret
2648 5526 2755 5579 hoc
2775 5525 2929 5596 quod
2960 5529 3229 5597 operatus
3254 5528 3340 5580 est
3362 5526 3646 5581 Dominus
3674 5527 3738 5583 in
3759 5526 3926 5581 vobis.

2290 5620 2359 5673 Et
2385 5619 2631 5675 charitas
2662 5619 2784 5688 Dei,
2819 5619 3001 5691 gratia
3031 5624 3089 5674 et
3126 5635 3233 5691 pax
3268 5635 3401 5675 vera
3435 5618 3511 5673 sit
3552 5636 3688 5676 cum
3732 5620 3928 5692 spiritu

2289 5715 2503 5767 vestro.
2537 5712 2888 5767 Sanctissimi
2918 5716 2975 5769 et
3008 5711 3356 5768 dilectissimi
3397 5711 3586 5780 nobis,
3614 5717 3736 5769 toto
3761 5729 3924 5767 cona-

2290 5806 2447 5863 mine
2481 5807 2762 5863 elaborate
2791 5823 2895 5880 pro
2922 5807 3035 5864 ﬁde
3072 5807 3303 5877 Christi,
3337 5814 3391 5863 et
3426 5806 3498 5862 ad
3544 5806 3923 5864 ministerium
