4092 6192
228 311 369 363 1165

1434 330 1439 335 η
1468 312 1941 369 DECRETALIUM
1978 313 2361 371 COLLECTIO.

3457 322 3590 375 H66

213 416 349 486 ejus
372 415 789 488 perﬁciendum
810 418 1114 489 decertata,
1135 423 1203 475 ut
1222 424 1279 475 et
1297 436 1430 476 cum
1452 421 1689 493 egregio
1710 425 1856 494 Apo-
1876 433 1935 507 Α
1956 423 2218 480 diffusam
2245 443 2278 480 a
2304 444 2360 482 se
2391 429 2654 499 gratiam,
2684 432 2748 485 ut
2766 428 2825 483 in
2857 428 3070 486 unitate
3098 427 3253 499 ﬁdei,
3283 433 3340 485 et
3369 430 3431 485 in
3457 430 3584 485 vin-

210 512 368 565 stolo
393 510 735 566 mereamini
763 511 985 579 dicere:
1014 534 1042 563 ‹‹
1060 514 1284 570 Bonum
1305 520 1597 571 certamen
1623 518 1850 586 certavi,

210 620 453 659 cursum
477 606 883 674 consummavi,
906 607 1079 663 ﬁdem
1112 610 1347 665 servavi.
1380 610 1459 665 De
1490 611 1737 684 reliquo,
1769 629 1852 667 re-

208 699 409 768 posita
433 703 515 754 est
544 699 687 755 mihi
716 716 927 756 corona
949 702 1211 771 justitiaa,
1268 720 1441 777 quam
1470 705 1675 761 reddet
1705 706 1849 761 mihi

211 791 494 847 Dominus
520 792 578 847 in
606 793 772 849 illum
805 794 962 849 diem
994 796 1179 867 justus
1201 798 1382 869 judex
1412 800 1483 870 (11
1520 802 1654 855 Tim.
1689 817 1761 870 1v,
1796 802 1848 868 8,

211 888 291 956 8).
322 909 348 933 ››
373 886 697 943 Salutantes
716 904 811 942 vos
831 889 890 943 in
912 889 1158 945 Domino
1179 893 1367 948 valere
1388 897 1674 965 optamus.
1702 896 1851 951 Bene

209 982 416 1036 valete.
463 981 601 1036 Data
635 982 759 1037 Kal.
802 983 1032 1055 Aprilis,
1074 985 1399 1057 imperante
1440 987 1673 1044 domino
1711 990 1852 1046 Con-

212 1075 494 1145 stantino,
523 1091 737 1147 magno
763 1077 1134 1148 imperatore,
1164 1097 1315 1135 anno
1346 1082 1435 1149 24,
1470 1082 1701 1154 imperii
1726 1085 1775 1156 ej
1788 1102 1851 1139 us

208 1183 368 1223 anno
400 1172 453 1239 2,
482 1167 794 1226 indictione
822 1174 1004 1228 sexta.

349 1265 593 1334 Epistola
629 1265 904 1321 Zachariw
928 1267 1004 1322 ad
1026 1271 1367 1338 Bonifacium
1392 1274 1715 1343 episcopum.

285 1358 785 1416 Reverendissimo
830 1365 889 1416 et
932 1362 1288 1420 sanctissimo
1330 1365 1512 1435 fratri,
1552 1367 1847 1424 Bommcxo

211 1452 556 1524 coepiscopo
585 1455 910 1525 Zacnsnus,
940 1472 1133 1513 servus
1158 1474 1448 1515 servorum
1477 1459 1595 1516 Dei.

286 1545 555 1617 Virgilius
574 1553 631 1603 et
657 1548 955 1620 Sodomus,
976 1552 1081 1606 viri
1097 1553 1367 1624 religiosi,
1392 1554 1546 1626 apud
1569 1555 1849 1626 Bajoario-

209 1657 341 1694 rum
371 1641 725 1712 provinciam
751 1644 1046 1716 degentes,
1074 1646 1189 1701 suis
1216 1647 1368 1719 apud
1402 1665 1507 1702 nos
1530 1648 1735 1704 litteris
1761 1650 1846 1704 usi

1954 520 2079 575 culo
2121 521 2278 592 pacis
2312 522 2630 591 ambuletis,
2675 525 2732 579 et
2760 546 2787 573 «
2816 524 2887 578 sit
2916 524 3183 596 splendor
3224 524 3455 580 Domini
3486 523 3585 580 Dei

1953 615 2131 670 nostri
2184 633 2357 687 super
2398 634 2500 672 nos
2549 619 2714 687 (Psal.
2769 635 2988 687 Lxxnx,
3029 620 3113 690 17)
3154 639 3184 668 ››
3233 618 3582 674 dilectissimi

1953 709 2115 779 mihi,
2148 715 2205 765 et
2234 710 2536 766 abundans
2565 712 2747 783 gratia
2773 712 2929 785 pacis
2966 716 3024 767 et
3064 712 3371 780 charitatis,
3421 716 3485 768 ut
3513 713 3582 768 si-

1952 804 2024 858 tis
2049 819 2231 858 unum
2269 821 2471 876 corpus
2511 806 2774 877 spiritalis
2800 807 3000 862 matris
3024 811 3226 863 vestrae
3252 810 3459 862 sancte
3498 824 3583 862 ca-

1952 897 2175 953 tholicas
2209 903 2265 953 et
2304 899 2626 971 apostolicae
2655 901 2753 955 Dei
2788 901 3071 969 Ecclesiae,
3098 900 3160 956 in
3185 918 3320 974 qua,
3348 903 3460 957 Deo
3485 918 3583 957 au-

1952 996 2108 1047 ctore
2139 996 2196 1048 et
2224 993 2583 1065 dispositore,
2609 995 2869 1066 quamvis
2906 999 3069 1050 tanto
3104 994 3332 1067 fastigio
3367 995 3583 1051 viribus

1952 1086 2125 1159 longe
2151 1087 2418 1159 impares,
2439 1104 2782 1160 prmsumus,
2805 1088 3105 1160 implentes
3128 1088 3266 1145 illud
3291 1090 3582 1162 propheti-

1950 1197 2083 1235 cum
2112 1181 2328 1237 dictum
2360 1199 2373 1237 :
2401 1204 2430 1231 «
2458 1184 2596 1239 Ecce
2622 1199 2795 1255 quam
2826 1183 3061 1252 bonum,
3091 1187 3147 1239 et
3175 1200 3348 1256 quam
3369 1184 3577 1255 jucun-

1951 1276 2090 1331 dum
2116 1275 2398 1344 habitare,
2434 1276 2636 1333 fratres
2677 1277 2735 1332 in
2776 1293 2959 1333 unum
2999 1277 3167 1349 (Psal.
3199 1294 3395 1347 cxxxn,
3435 1280 3505 1350 l).
3550 1300 3577 1329 ››

1950 1369 2173 1425 Etenim
2229 1374 2286 1425 et
2337 1371 2384 1424 si
2432 1387 2537 1441 pro
2582 1370 2806 1426 itineris
2848 1371 3210 1443 longitudine
3252 1389 3581 1444 quanquam

1948 1479 2185 1535 corpore
2227 1481 2421 1518 sumus
2462 1464 2745 1532 absentes,
2784 1465 2844 1520 in
2874 1465 3086 1536 Spiritu
3116 1454 3308 1522 tamen
3336 1466 3582 1521 dilectio-

1944 1558 2033 1612 nis
2059 1574 2284 1629 semper
2312 1574 2506 1614 sumus
2536 1557 2695 1613 vobis
2724 1561 3056 1629 praesentes,
3086 1559 3359 1615 habentes
3389 1576 3490 1615 vos
3516 1561 3576 1615 in

1945 1650 2251 1706 visceribus
2292 1651 2519 1719 nostris,
2576 1655 2634 1706 et
2678 1652 2900 1707 assidue
2949 1656 3196 1720 orantes,
3245 1657 3307 1708 ut
3351 1655 3499 1710 Deus
3525 1658 3583 1711 et

207 1738 363 1804 sunt,
411 1752 519 1807 per
560 1753 699 1808 quas
734 1738 1169 1808 intimaverunt,
1211 1742 1368 1813 quod
1410 1746 1508 1797 tua
1533 1744 1919 1819 reverenda“
1950 1744 2225 1800 Dominus
2264 1750 2454 1801 noster
2480 1747 2640 1801 Jesus
2663 1746 2919 1803 Christus
2947 1745 3129 1801 multo
3164 1748 3408 1819 amplius
3444 1765 3578 1804 con-

212 1805 544 1885 fraternitas
575 1805 655 1888 eis
695 1831 1029 1905 injungeret
1074 1805 1420 1892 Christianos
1450 1837 1639 1893 denuo
1668 1839 1848 1911 bapti-
1868 1805 1923 1878 B
1949 1839 2138 1895 ﬁrmet
2162 1840 2335 1894 corda
2357 1843 2566 1908 vestra,
2595 1843 2653 1895 et
2674 1840 3004 1895 corroboret
3031 1840 3091 1895 in
3129 1805 3609 1898 exhortationem'

211 1941 363 1980 zare.
392 1924 554 1989 Quod
592 1926 913 1997 audientes,
943 1929 1116 1984 nimis
1155 1930 1371 1987 fuimus
1409 1932 1751 2001 conturbati,
1790 1938 1847 1989 et

211 2019 267 2072 in
287 2020 732 2076 admirationem
757 2023 1065 2094 quamdam
1089 2023 1416 2094 indicimus,
1436 2027 1482 2081 si
1497 2027 1758 2095 habetur,
1781 2033 1847 2084 ut

212 2113 430 2169 dictum
450 2119 556 2170 est.
580 2116 920 2172 Betulerunt
944 2119 1157 2191 quippe
1184 2120 1335 2191 quod
1356 2121 1533 2177 fuerit
1556 2121 1616 2176 in
1640 2122 1844 2177 eadem

212 2208 501 2278 provincia
543 2211 820 2279 sacerdos,
866 2213 964 2283 qui
1006 2213 1267 2269 Latinam
1302 2215 1565 2287 linguam
1616 2217 1844 2288 penitus

212 2303 536 2374 ignorabat,
571 2308 628 2360 et
657 2305 794 2361 dum
824 2306 1158 2378 baptizaret,
1207 2309 1465 2365 nesciens
1505 2310 1691 2366 Latini
1730 2312 1845 2366 elo-

210 2398 349 2468 quii,
377 2398 699 2470 infringens
724 2401 1004 2472 linguam,
1028 2402 1246 2458 diceret
1272 2421 1285 2459 :
1322 2404 1550 2476 Baptizo
1569 2408 1625 2459 te
1650 2405 1709 2460 in
1739 2422 1839 2461 no-

210 2492 364 2547 mine
394 2494 601 2564 Patria,
634 2500 691 2551 et
722 2496 880 2565 Filia,
923 2500 981 2551 et
1022 2498 1234 2569 Spiritu
1266 2504 1478 2569 sancta,
1520 2516 1584 2555 ac
1608 2516 1710 2571 per
1735 2500 1841 2555 hoc

210 2592 307 2642 tua
346 2588 674 2645 fraternitas
710 2591 1089 2647 consideravit
1134 2593 1509 2666 rebaptizare.
1556 2594 1688 2663 Sed,
1719 2613 1842 2651 san-

209 2682 455 2737 ctissime
481 2684 676 2752 frater,
708 2684 753 2739 si
793 2685 887 2741 ille
917 2687 1018 2758 qui
1054 2687 1378 2759 baptizavit,
1422 2705 1540 2743 non
1582 2706 1839 2746 errorem

207 2777 594 2846 introducens,
627 2783 727 2834 aut
752 2780 1041 2849 haeresim,
1087 2782 1187 2835 sed
1228 2799 1331 2853 pro
1362 2784 1482 2837 sola
1509 2782 1839 2855 ignorantia

206 2872 481 2927 Romanae
507 2874 809 2929 locutionis
844 2874 1211 2945 infringenda
1241 2876 1521 2947 linguam,
1551 2882 1616 2933 ut
1642 2895 1836 2951 supra,

207 2964 309 3020 fati
336 2982 553 3034 sumus,
592 2967 889 3039 baptizans
933 2969 1181 3037 dixisset,
1227 2987 1344 3025 non
1371 2988 1676 3043 possumus
1702 2989 1835 3028 con-

208 3059 437 3127 sentire,
478 3064 539 3115 ut
573 3061 762 3116 denuo
786 3063 1166 3135 baptizentur,
1200 3064 1353 3136 quia,
1382 3069 1480 3121 tua
1508 3066 1662 3138 quod
1691 3067 1839 3124 bene

206 3157 570 3224 compertum
622 3156 795 3212 habet
832 3162 1026 3213 sancta
1084 3159 1439 3226 fraternitas,
1509 3160 1913 3250 quicunqueC

203 3246 516 3317 baptizatus
546 3250 717 3305 fuerit
745 3250 817 3306 ab
850 3252 1159 3319 haereticis,
1200 3253 1259 3307 in
1293 3254 1527 3310 nomine
1556 3254 1753 3326 Patris,
1780 3258 1838 3309 et

207 3341 353 3409 Filii,
391 3346 449 3397 et
488 3343 728 3415 Spiritus
757 3346 955 3415 sancti,
1000 3347 1158 3402 nullo
1188 3348 1357 3403 modo
1381 3348 1716 3419 rebaptizari
1745 3349 1838 3404 de-

204 3436 321 3503 bet,
347 3437 447 3491 sed
475 3454 579 3508 per
599 3439 777 3493 solam
806 3456 1007 3495 manus
1036 3441 1457 3512 impositionem
1480 3444 1719 3514 purgari
1745 3444 1838 3498 de-

202 3529 323 3584 bet.
357 3531 519 3600 Nam,
548 3533 900 3588 sanctissime
926 3535 1121 3601 frater,
1144 3535 1192 3589 si
1209 3536 1290 3590 ita
1320 3540 1423 3601 est,
1463 3539 1529 3590 ut
1561 3536 1723 3591 nobis
1752 3553 1836 3592 re-

203 3624 382 3679 latum
397 3631 500 3691 est,
521 3643 633 3681 non
644 3627 887 3698 amplius
903 3645 935 3681 a
950 3631 1005 3684 te
1023 3628 1131 3683 illis
1144 3629 1534 3700 praedicentur
1545 3630 1643 3702 huj
1652 3647 1837 3686 usmo-

202 3718 283 3784 di,
306 3718 404 3773 sed
426 3723 487 3774 ut
506 3722 698 3776 Patres
718 3722 897 3776 sancti
913 3722 1118 3777 docent
1141 3726 1197 3778 et
1223 3723 1555 3795 praedicant,
1586 3727 1689 3780 tua
1714 3741 1837 3780 san-

201 3812 365 3867 ctitas
386 3814 612 3869 studeat
630 3831 987 3871 conservare.
1030 3819 1174 3871 Deus
1193 3822 1247 3872 te
1267 3816 1615 3873 incolumem
1644 3823 1832 3874 custo-

202 3906 340 3975 diat,
376 3908 839 3965 reverendissime
859 3910 1056 3965 frater.
1080 3912 1221 3966 Data
1242 3911 1362 3967 Kal.
1381 3912 1531 3980 Julii,
1548 3912 1835 3984 imperan-

203 4004 260 4054 te
287 4000 518 4055 domino
544 4002 799 4073 piissimo
817 4006 1069 4075 Augusto
1091 4005 1483 4073 Constantino,
1506 4023 1539 4060 a
1555 4007 1671 4062 Deo
1684 4023 1835 4063 coro-

201 4097 359 4161 nato,
379 4111 591 4165 magno
613 4096 973 4168 imperatore,
1002 4115 1151 4153 anno
1176 4102 1265 4167 26,
1288 4099 1517 4171 imperii
1538 4100 1661 4172 ejus
1679 4117 1832 4157 anno

201 4192 425 4259 quarto,
454 4188 767 4245 indictione
794 4196 1001 4261 quarta
1025 4191 1265 4247 decima.

359 4286 489 4338 Item
515 4286 741 4353 epistola
766 4286 1007 4353 ejusdem
1031 4286 1105 4340 ad
1131 4288 1401 4356 episcopos
1419 4286 1673 4343 diversos.

274 4374 657 4430 Dilectissimis
678 4377 860 4445 nobis,
886 4378 1226 4434 Racmrmno
1240 4378 1693 4451 Rothomagensi
1719 4381 1834 4452 epi-

198 4485 394 4540 scopo,
423 4470 704 4526 mansuro
723 4470 1091 4526 Ambianensi
1114 4473 1399 4544 episcopo,
1420 4473 1678 4529 Daonsro
1706 4474 1830 4529 Bel-

1948 1934 2237 2005 Evangelii
2266 1933 2325 1989 in
2358 1934 2676 1989 ministerio
2723 1951 2836 2006 quo
2881 1933 3213 2006 fungimini,
3263 1939 3329 1991 ut
3368 1936 3580 1991 credita

1943 2027 2102 2082 vobis
2157 2028 2318 2099 plebs
2367 2029 2565 2084 vestris
2621 2029 2729 2100 piis
2776 2028 3287 2099 admonitionibus,
3322 2030 3579 2101 adjutore

1945 2122 2075 2187 Deo,
2126 2138 2158 2175 a
2213 2122 2485 2178 diabolica
2532 2123 2731 2179 fraude
2781 2123 3039 2190 liberata,
3092 2123 3247 2177 salva
3290 2124 3576 2194 persistat,

1944 2231 2155 2287 vosque
2184 2217 2521 2272 mereamini
2548 2218 2619 2273 de
2655 2234 2855 2273 eorum
2884 2217 3184 2272 animabus
3215 2216 3273 2271 in
3299 2217 3388 2273 die
3417 2218 3577 2275 Chri-

1943 2309 2013 2363 sti
2038 2313 2339 2381 apportare
2382 2311 2627 2366 lucrum.
2672 2311 2954 2383 Scriptum
2991 2311 3202 2384 quippe
3240 2315 3364 2367 est:
3398 2333 3427 2361 «
3457 2312 3578 2367 Filii

1941 2403 2255 2474 sapientiae,
2305 2404 2549 2459 Ecclesia
2583 2405 2893 2475 justorum,
2922 2410 2979 2461 et
3008 2406 3166 2460 natio
3200 2422 3422 2474 eorum,
3451 2405 3577 2460 obe-

1941 2495 2152 2551 dientia
2196 2501 2253 2552 et
2303 2498 2550 2553 Charitas
2596 2498 2779 2567 (Eccli.
2839 2514 2917 2566 ιιι,
2971 2500 3042 2570 l).
3091 2518 3119 2550 »
3166 2499 3412 2555 Obsecro
3437 2516 3575 2571 ergo

1939 2606 2058 2660 vos,
2105 2591 2425 2646 charissimi
2474 2592 2608 2659 mei,
2653 2597 2716 2647 ut
2744 2592 2916 2663 digne
2942 2592 3248 2649 ambuletis
3280 2594 3575 2649 vocatione

1939 2700 2050 2756 qua
2077 2685 2254 2739 vocati
2285 2684 2437 2753 estis,
2460 2688 2523 2739 ut
2552 2685 2717 2740 decet
2741 2690 2964 2741 sanctos
2980 2702 3111 2741 cum
3139 2688 3319 2741 multa
3344 2687 3571 2759 sapien-

1937 2778 2040 2846 tia,
2100 2782 2502 2850 supportantes
2554 2778 2800 2835 invicem
2857 2780 2917 2834 in
2980 2780 3257 2836 charitate
3283 2822 3297 2850 ,
3350 2781 3574 2837 solliciti

1938 2888 2162 2927 servare
2191 2873 2474 2928 unitatem
2501 2872 2743 2945 Spiritus
2779 2872 2839 2927 in
2881 2873 3106 2928 vinculo
3150 2874 3323 2944 pacis,
3355 2880 3411 2930 et
3438 2876 3570 2930 cha-

1937 2966 2123 3021 ritatis
2153 2968 2369 3037 (Ephes.
2399 2983 2471 3034 1v,
2509 2966 2615 3035 13),
2648 2967 2785 3039 quia
2816 2990 2843 3017 ‹‹
2870 2967 3000 3022 ﬁnis
3027 2968 3301 3038 praacepti
3331 2968 3573 3023 charitas

1937 3065 2022 3117 est
2062 3061 2129 3116 de
2174 3061 2345 3115 corde
2387 3077 2533 3132 puro
2577 3065 2633 3115 et
2662 3061 3007 3117 conscientia
3036 3061 3205 3129 bona,
3235 3067 3292 3117 et
3316 3061 3428 3117 ﬁde
3454 3079 3571 3118 non

1936 3155 2064 3209 ﬁcta
2097 3155 2138 3215 (1
2162 3157 2298 3210 Tim.
2325 3172 2360 3222 ι,
2382 3156 2452 3221 ὅ).
2477 3176 2505 3204 ››
2529 3155 2758 3210 Gaudeo
2780 3155 2837 3210 in
2861 3155 3037 3223 vobis,
3061 3155 3407 3226 charissimi,
3433 3173 3572 3228 quo-

1939 3249 2095 3303 niam
2142 3248 2283 3304 ﬁdes
2330 3252 2533 3313 vestra,
2579 3252 2635 3302 et
2678 3248 2867 3303 unitas
2897 3265 3035 3319 erga
3060 3265 3162 3304 nos
3191 3249 3437 3321 pretiosa
3462 3254 3567 3317 est,

1936 3346 1993 3398 et
2019 3341 2316 3396 manifesta
2349 3358 2468 3396 non
2511 3340 2694 3395 solum
2738 3357 2931 3396 coram
2969 3342 3105 3411 Deo,
3138 3343 3238 3398 sed
3266 3344 3439 3398 etiam
3470 3360 3563 3398 co-

1936 3453 2063 3491 ram
2088 3436 2353 3490 omnihus
2380 3434 2731 3502 hominibus,
2762 3434 2898 3489 dum
2932 3434 3005 3489 ad
3034 3435 3322 3491 fautorem
3349 3439 3407 3491 et
3436 3453 3563 3492 ma-

1936 3530 2177 3601 gistrum
2202 3532 2455 3584 vestrum
2480 3546 2513 3583 a
2545 3530 2657 3583 Deo
2683 3528 3074 3598 constitutum,
3096 3528 3323 3584 beatum
3344 3533 3566 3602 aposto-

1934 3624 2122 3679 lorum
2150 3623 2491 3695 principem,
2533 3624 2788 3691 Petrum,
2836 3621 3250 3694 benignissima
3274 3622 3565 3679 voluntate

1936 3717 2191 3773 conversi
2219 3716 2374 3772 estis.
2401 3715 2724 3772 Laudabilis
2760 3715 2901 3771 ﬁdes
2919 3721 3101 3771 vestra
3122 3719 3181 3772 et
3199 3717 3356 3773 bona
3385 3717 3561 3788 fama,

1936 3812 2205 3884 quoniam
2264 3832 2292 3860 ‹‹
2343 3810 2593 3881 idipsum
2643 3810 2838 3881 sapitis
2883 3811 3033 3882 quod
3081 3813 3308 3882 oportet
3360 3828 3562 3883 sapere

1936 3907 2105 3976 (Rom.
2148 3921 2245 3973 xu,
2286 3905 2358 3976 3).
2402 3926 2430 3953 ››
2476 3906 2543 3959 Et
2580 3921 2750 3972 nunc,
2800 3905 2911 3959 Deo
2952 3908 3315 3976 cooperante,
3357 3908 3442 3959 est
3470 3922 3566 3975 ag-

1935 4003 2175 4072 gregata
2226 3998 2489 4054 sanctitas
2529 4003 2716 4054 vestra
2775 4002 2985 4053 nostrae
3037 3998 3292 4054 societati
3338 4000 3398 4054 in
3447 4016 3563 4054 uno

1933 4092 2198 4165 pastorali
2261 4092 2411 4148 ovili.
2480 4094 2549 4148 Et
2611 4097 2697 4149 est
2758 4092 2925 4148 nobis
2983 4108 3133 4147 unus
3191 4097 3406 4164 pastor,
3462 4094 3561 4164 qui

1934 4205 1967 4242 a
2018 4189 2243 4259 pastore
2295 4190 2592 4259 pastorum
2664 4186 2904 4242 Domino
2968 4187 3085 4242 Deo
3154 4192 3212 4241 et
3274 4187 3563 4243 Salvatore

1934 4284 2131 4336 nostro
2156 4282 2287 4336 Jesu
2311 4280 2551 4347 Christo,
2580 4278 2846 4352 princeps
2875 4281 3262 4351 apostolOrum
3291 4284 3348 4335 et
3373 4285 3580 4335 noster-

1935 4375 2133 4430 doctor
2179 4376 2265 4429 est
2314 4374 2622 4429 institutus.
2674 4374 2902 4429 Habetis
2951 4374 3142 4445 itaque
3182 4376 3382 4429 nostra
3440 4375 3560 4429 vice

1932 4468 2002 4523 ad
2027 4468 2482 4523 conﬁrmandam
2509 4467 2878 4523 dilectionem
2911 4472 3177 4535 vestram,
3221 4472 3278 4522 et
3306 4466 3556 4521 collabo-

196 4562 481 4617 lovacensi
517 4564 801 4634 episcopo,
846 4565 1088 4620 HELESEO
1152 4564 1495 4620 Novionensi
1548 4550 2177 4639 episcopo,Drandum
2220 4560 2378 4616 vobis
2428 4561 2488 4615 in
2526 4561 2827 4631 Evangelio
2880 4560 3087 4615 Christi
3137 4559 3557 4614 sanctissimum

196 4656 495 4711 Ft'Lcuuco
522 4656 832 4727 Tungiensi
861 4657 1144 4729 episcopo,
1165 4659 1339 4715 stn)
1362 4659 1692 4731 Spitonensi
1717 4660 1834 4732 epi-

196 4765 393 4821 scOpo,
421 4750 672 4805 Emenso
698 4751 1181 4807 Chardomeuensi
1213 4753 1496 4825 episc0po,
1520 4755 1834 4811 Tnmunaa-

200 4859 268 4899 no
297 4844 696 4899 Cameracensi
725 4847 1013 4917 episcopo,
1052 4847 1344 4903 BURGARDO
1376 4848 1831 4903 Wizarburnensi

196 4938 483 5009 episcopo,
514 4938 841 4995 GENEBANDO
870 4940 1237 4996 Laudunensi
1271 4941 1560 5013 episcopo,
1594 4943 1832 4998 Romano

198 5031 470 5086 Meldensi
500 5032 789 5105 episcopo,
823 5038 1135 5090 AGILDLPHO
1179 5035 1500 5090 Coloniensi
1545 5034 1831 5107 episcopo,

198 5127 390 5180 Hanno
413 5126 811 5199 Straburgensi
842 5129 1131 5201 episcopo,
1177 5132 1236 5185 et
1260 5129 1481 5184 caeteris
1520 5129 1834 5184 amantissi-

200 5220 312 5273 mis
367 5220 664 5293 episc0pis,
718 5223 1082 5295 presbyteris,
1141 5227 1199 5279 et
1248 5224 1420 5279 etiam
1477 5223 1831 5290 diaconihus,

197 5313 536 5385 cunctisque
555 5316 890 5372 orthodoxis
915 5318 1288 5374 Ecclesiarum
1329 5318 1429 5373 Dei
1451 5316 1672 5373 clericis
1691 5333 1832 5388 apo-

196 5407 456 5463 stolicam
508 5408 830 5465 doctrinam
883 5412 1232 5479 tenentibus,
1282 5414 1586 5467 ZACHARIAS
1645 5410 1836 5465 divina

194 5502 383 5571 gratia
404 5502 680 5573 praeditus
706 5505 1029 5576 apostolicae
1048 5506 1195 5561 sedis
1214 5504 1490 5578 pontifex,
1521 5520 1716 5559 servus
1738 5520 1835 5559 au-

193 5599 317 5649 tem
345 5610 637 5651 servorum
662 5597 785 5666 Dei,
811 5598 871 5653 in
894 5598 1137 5654 Domino
1164 5600 1406 5654 salutem
1435 5597 1591 5653 dicit.

268 5688 490 5743 Gratias
541 5705 651 5761 ago
696 5692 810 5747 Deo
856 5692 1007 5747 Patri
1061 5692 1467 5763 omnipotenti,
1506 5695 1564 5746 et
1593 5690 1834 5747 Domino

191 5782 326 5836 Jesu
353 5782 578 5839 Christo
602 5784 771 5840 unico
796 5786 933 5841 Filio
961 5787 1104 5857 ejus,
1148 5792 1205 5841 et
1230 5785 1466 5857 Spiritui
1491 5787 1709 5853 sancto,
1737 5784 1833 5856 qui

190 5880 386 5931 vestra
412 5877 670 5934 omnium
718 5880 888 5936 corda
927 5880 1280 5936 inﬂammare
1322 5879 1593 5952 dignatus
1621 5882 1706 5934 est
1731 5894 1836 5953 per

1934 4672 1998 4711 ac
2025 4654 2563 4710 reverendissimum
2594 4653 2971 4719 Bonifacium,
3013 4652 3249 4707 fratrem
3276 4656 3560 4721 nostrum,

1933 4748 2441 4821 archiepiscopum,
2473 4748 2820 4819 apostolicae,
2848 4746 2995 4801 sedis
3014 4749 3270 4817 legatum
3299 4750 3358 4801 et
3376 4746 3561 4801 vicem

1934 4848 2185 4899 nostram
2233 4845 2695 4914 praesentantem.
2736 4840 2822 4896 Sit
2858 4857 2995 4911 ergo
3024 4841 3346 4895 constantia
3377 4844 3564 4897 vestra

1932 4937 2201 4992 adversus
2228 4936 2614 4991 contentiones
2643 4950 2845 4990 eorum
2885 4934 2983 5005 qui
3029 4933 3269 4989 adversa
3312 4934 3560 5006 sapiunt,

1935 5034 1990 5085 et
2040 5046 2157 5085 non
2191 5045 2319 5100 quae
2367 5029 2464 5084 Dei
2505 5032 2640 5084 sunt
2678 5028 2866 5095 (Marc.
2915 5044 3028 5095 v1",
3063 5030 3171 5099 33),
3218 5031 3275 5083 et
3318 5028 3429 5083 erit
3458 5028 3564 5082 for-

1932 5124 2046 5180 tior
2086 5128 2251 5195 petra
2291 5122 2610 5178 constantia
2646 5126 2866 5191 vestra,
2914 5122 3058 5177 sicut
3106 5122 3380 5193 scriptum
3432 5126 3513 5175 est
3545 5137 3557 5173 :

1937 5240 1964 5272 ‹‹
1993 5220 2070 5273 Ne
2098 5215 2403 5272 timueritis
2440 5216 2511 5271 ab
2560 5215 2662 5286 eis,
2718 5232 2910 5288 neque
2960 5215 3287 5273 terreamini
3336 5230 3371 5267 a
3418 5214 3560 5268 facie

1934 5328 2131 5369 eorum
2162 5310 2263 5382 qui
2285 5327 2488 5383 corpus
2507 5309 2792 5379 occidunt,
2816 5311 3070 5367 animam
3091 5314 3283 5364 autem
3302 5323 3421 5362 non
3443 5323 3563 5377 pos—

1933 5409 2065 5463 sunt
2095 5404 2369 5461 occidere.
2395 5426 2423 5453 ››
2461 5426 2489 5453 ‹‹
2508 5404 2672 5470 Quod
2699 5407 2892 5460 autem
2922 5405 2982 5460 in
3007 5418 3141 5457 aure
3173 5400 3399 5468 auditis,
3422 5415 3563 5471 prae-

1935 5501 2117 5556 dicate
2166 5498 2225 5553 in
2279 5497 2517 5565 lumine,
2555 5497 2718 5553 illum
2770 5498 3037 5553 timentes
3080 5493 3179 5565 qui
3224 5496 3408 5564 potest
3443 5508 3565 5547 cor-

1932 5611 2041 5665 pus
2064 5599 2123 5649 et
2148 5593 2403 5649 animam
2450 5592 2725 5661 occidere,
2772 5595 2829 5646 et
2872 5588 3101 5643 mittere
3144 5586 3203 5641 in
3243 5586 3562 5658 gehennam

1935 5688 2152 5757 (Matth.
2199 5704 2254 5755 x,
2306 5689 2397 5756 26,
2446 5688 2557 5756 28).
2614 5704 2642 5737 »
2688 5684 2913 5738 Fratres
2956 5680 3089 5750 mei,
3141 5680 3200 5735 in
3243 5696 3412 5736 carne
3445 5696 3565 5734 am-

1934 5781 2225 5847 bulantes,
2316 5796 2431 5835 non
2525 5776 2832 5834 secundum
2916 5790 3150 5830 carnem
3234 5773 3560 5829 militamus.

1942 5900 1965 5923 α
1994 5879 2165 5930 Arma
2205 5874 2363 5930 enim
2403 5871 2619 5927 militiae
2645 5872 2858 5925 nostras
2893 5886 3005 5926 non
3037 5868 3307 5939 carnalia,
3338 5868 3433 5924 sed
3464 5884 3563 5940 po-
