4092 6192
490 252 620 305 1167

1382 248 1661 301 APPEND.
1703 248 1790 302 AD
1829 249 1989 303 SEC.
2032 248 2118 302 1X.
2149 277 2215 286 --
2258 248 2498 302 lSlDORI
2537 249 2958 305 MERCATORIS

3718 258 3865 310 1168

482 357 659 415 tentia
687 360 800 412 Deo
840 359 908 413 ad
954 358 1402 413 destructionem
1434 358 1841 428 munitionum,
1883 359 2115 414 consilia
2136 370 2196 443 Α
2216 374 2345 413 rum
2371 358 2655 429 principes
2678 360 3127 432 conjungentem
3158 376 3334 433 usque
3373 362 3444 417 ad
3490 379 3863 434 paganorum

482 453 833 507 destruentes
860 458 915 507 et
942 469 1173 508 omnem
1205 451 1609 507 exaltationem
1658 452 2026 508 extollentem
2057 470 2116 509 se

481 548 747 602 adversus
774 546 1068 602 scientiam
1120 547 1237 613 Dei,
1274 548 1333 601 in
1363 546 1748 617 captivitatem
1792 547 2116 617 redigentes

482 656 711 697 omnem
740 641 1111 708 intellectum,
1145 645 1201 695 et
1229 636 1459 695 omnem
1489 640 1898 711 cogitationem
1930 641 1988 695 in
2022 641 2114 696 ob-

480 736 739 808 sequium
772 736 976 790 Christi
1019 736 1391 806 perducentes
1429 735 1501 804 (II
1538 736 1655 789 Cor.
1690 752 1741 804 x,
1776 737 1827 803 4,
1866 739 1936 805 ὅ).
1968 757 1998 785 ››
2033 736 2114 790 De

483 833 710 899 caetero,
745 830 963 898 fratres,
998 829 1396 884 confortamini
1424 829 1481 883 in
1504 827 1741 883 Domino
1764 833 1821 883 et
1839 828 1896 882 in
1919 832 2114 899 poten-

483 924 559 978 tia
582 923 932 978 fortitudinis
958 925 1097 995 ejus.
1126 925 1241 978 Pax
1270 923 1426 977 vobis
1450 923 1632 977 multa
1663 926 1719 977 et
1746 922 1929 993 gratia
1950 939 1983 977 a
2004 923 2115 977 Deo

482 1023 538 1072 et
563 1018 800 1073 Domino
832 1021 1023 1073 nostro
1052 1020 1185 1073 Jesu
1210 1017 1433 1071 Christo
1464 1016 1837 1071 ministretur.
1859 1016 2116 1088 Amplec-

478 1112 656 1167 timur
683 1117 740 1166 et
770 1113 1112 1181 osculamur,
1146 1128 1211 1166 ac
1238 1111 1281 1165 si
1314 1115 1626 1183 praesentes
1664 1110 1998 1165 charitatem
2025 1127 2113 1165 ve-

477 1209 657 1261 stram
684 1206 742 1261 in
768 1206 1050 1261 unitatem
1082 1205 1346 1276 Spiritus,
1380 1205 1438 1259 in
1466 1204 1688 1259 vinculo
1716 1204 1871 1275 pacis
1900 1208 1956 1259 et
1986 1205 2115 1259 cha-

480 1300 665 1355 ritatis
687 1300 912 1355 Christi.
939 1303 1081 1355 Deus
1101 1316 1198 1354 vos
1221 1299 1536 1355 incolumes
1556 1299 1852 1368 custodiat,
1877 1298 2115 1354 dilectis-

482 1394 612 1448 simi
640 1394 823 1449 nobis.

926 1489 1181 1557 Ejusdem
1205 1489 1280 1543 ad
1310 1490 1670 1555 Bonifaciu-m.

555 1583 1043 1638 Reverendissimo
1086 1587 1142 1637 et
1184 1582 1538 1638 sanctissimo
1584 1581 1766 1651 fratri,
1819 1582 2113 1636 Bommcro

480 1676 832 1748 coepiscopo,
862 1679 1189 1743 ZACHARIAS,
1225 1692 1417 1732 servus
1450 1692 1746 1730 servorum
1777 1674 1897 1728 Dei.

2217 452 2381 520 fines,
2408 455 2466 508 et
2492 452 2551 508 in
2578 456 2766 525 partes
2791 455 3257 521 Germanicarum
3283 457 3569 527 gentium,
3594 457 3693 512 ubi
3717 464 3863 513 ante

2216 546 2559 617 praedicasti,
2588 551 2869 619 quatenus
2890 549 2969 603 ibi
2990 550 3182 605 sedem
3202 551 3707 622 metropolitanam
3730 569 3865 624 per-

2216 644 2389 711 petuo
2446 644 2703 713 tempore
2756 642 2969 698 habere
3032 643 3261 711 debeas,
3314 648 3380 700 ut
3430 644 3566 699 inde
3619 650 3865 700 czeteros

2217 734 2506 806 episcopos
2534 736 2604 790 ad
2631 736 2780 790 viam
2809 736 3117 794 instrueres
3144 738 3519 807 rectitudinis,
3562 744 3621 794 et
3648 745 3777 810 post
3808 745 3863 795 te

2218 828 2300 882 tui
2325 845 2674 884 successores
2708 834 2983 901 perpetuo
3004 832 3135 902 jure
3161 832 3525 904 possideant;
3564 834 3675 888 hoc
3699 834 3862 905 quod

2217 922 2589 979 decreverunt
2616 925 2747 978 laeto
2771 940 2872 978 nos
2898 925 3236 996 suscipimus
3262 927 3477 994 animo,
3512 943 3582 982 eo
3616 928 3772 999 quod
3796 945 3862 983 ex

2218 1017 2316 1072 Dei
2353 1020 2495 1071 nutu
2534 1018 2747 1073 factum
2773 1023 2876 1088 est,
2906 1019 2993 1073 vel
3020 1020 3065 1073 si
3102 1020 3338 1091 quidem
3364 1021 3487 1076 falsi
3516 1022 3861 1087 sacerdotes,

2216 1115 2272 1165 et
2326 1111 2663 1166 schismatici
2718 1113 2826 1168 hoc
2867 1113 3151 1185 impedire
3196 1115 3380 1170 conati
3425 1121 3576 1181 sunt,
3610 1133 3864 1187 quorum

2215 1220 2425 1259 vanum
2474 1222 2720 1276 agonem
2768 1207 3043 1263 Dominus
3081 1208 3395 1279 dissipabit,
3441 1214 3498 1264 et
3544 1209 3645 1264 illa
3691 1210 3863 1264 faciet

2216 1298 2465 1353 stabilita
2489 1316 2617 1371 qua:
2647 1305 2972 1356 sanctorum
2996 1303 3228 1357 Patrum
3254 1303 3479 1357 statutis
3505 1304 3863 1358 conveniunt

2218 1392 2586 1448 concordare.
2631 1396 2697 1449 Et
2731 1395 2865 1465 quia
2908 1395 3009 1450 tibi
3042 1396 3147 1467 ipsi
3191 1396 3475 1468 principes
3506 1398 3863 1452 Francorum

2215 1487 2275 1541 in
2320 1487 2425 1542 hoc
2475 1487 2651 1542 etiam
2706 1488 2993 1559 adjutores
3030 1490 3382 1557 exstiterunt,
3428 1491 3716 1546 retribuat
3752 1492 3865 1546 illis

2215 1580 2577 1652 omnipotens
2634 1583 2780 1637 Deus
2812 1583 3216 1639 vicissitudinis
3256 1585 3564 1655 praemium
3612 1588 3671 1640 et
3698 1587 3864 1640 innu-

2217 1689 2378 1729 mera
2443 1674 2719 1746 largiatur
2767 1675 2940 1731 bona.
2988 1678 3127 1731 Nam
3179 1677 3444 1731 similiter
3480 1677 3554 1732 de
3592 1677 3694 1732 illo
3726 1679 3864 1733 falso

553 1740 694 1827 Cum
718 1740 880 1825 nobis
902 1740 1269 1826 sanctissimae
1282 1769 1776 1826 fraternitatistuae
1789 1767 2013 1839 syllaba:
2027 1768 2119 1822 de-
2138 1740 2194 1812 B
2218 1768 2505 1839 episcopo,
2533 1740 2711 1840 quem
2743 1769 2937 1824 dixisti
2960 1770 3263 1825 adulterati
3286 1770 3497 1837 clerici,
3531 1776 3587 1826 et
3615 1772 3859 1827 homici-

485 1867 611 1922 lataa
635 1865 894 1932 fuissent,
924 1870 1092 1937 atque
1118 1881 1222 1936 per
1241 1865 1466 1935 singula
1490 1863 1665 1933 relegi
1694 1862 2040 1931 fecissemus,
2063 1865 2119 1916 et

489 1959 897 2032 reperissemus
928 1959 986 2013 in
1016 1958 1351 2014 earumdem
1375 1957 1694 2013 litterarum
1725 1960 1949 2011 tuarum
1976 1956 2120 2010 serie

485 2055 640 2125 quod
652 2055 899 2125 peccatis
911 2053 1116 2108 nostris
1130 2051 1493 2121 facientibus,
1509 2052 1645 2106 dum
1659 2049 1935 2105 Dominici
1947 2048 2119 2104 tritici

485 2149 701 2202 semina
729 2163 1018 2218 quaereres
1052 2146 1365 2212 elaborare,
1408 2145 1479 2199 ad
1514 2144 1835 2215 augendam
1867 2145 2120 2214 segetem

484 2241 799 2313 spiritalem
861 2241 1046 2295 subito
1111 2238 1327 2294 inimici
1394 2237 1848 2309 superseminant
1909 2236 2120 2291 zizania

484 2335 701 2405 (Matth.
732 2352 849 2404 xm,
882 2336 973 2404 25)
1018 2338 1079 2388 ut
1118 2333 1469 2388 sanctitatem
1503 2336 1655 2386 tuam
1684 2332 1742 2385 in
1767 2331 1917 2386 bono
1945 2347 2120 2401 opere

486 2429 822 2501 impediant.
862 2429 976 2484 Sed
1023 2432 1119 2483 tua
1173 2431 1363 2482 sancta
1406 2426 1725 2482 fraternitas
1778 2426 2122 2480 incessanter

485 2523 729 2580 orationi
773 2523 961 2592 instet,
1038 2522 1249 2593 pariter
1291 2538 1425 2576 cum
1477 2520 1747 2575 fratribus
1793 2519 1890 2591 qui
1929 2535 2121 2574 secum

487 2619 772 2686 laborant,
804 2622 878 2673 .et
919 2617 1203 2688 spiritales
1242 2616 1492 2671 sarculos
1517 2619 1872 2682 construens,
1916 2612 2122 2667 zizania

487 2712 780 2767 eradicans
799 2712 1060 2782 deportet
1073 2710 1143 2765 ad
1159 2708 1613 2765 comburendum
1637 2709 1681 2776 (1
1686 2708 1819 2771 bid.,
1845 2707 1952 2777 30),
1968 2711 2033 2761 ut
2044 2706 2124 2761 ait

486 2808 687 2861 beatus
714 2805 1023 2875 Gregorius
1048 2819 1193 2874 papa
1228 2820 1240 2857 ε
1278 2803 1500 2857 Bonum
1534 2801 1711 2869 enim,
1744 2800 1950 2871 inquit,
1981 2816 2123 2871 Opus

492 2899 653 2953 nobis
682 2899 757 2952 sit
781 2898 837 2951 in
856 2898 1151 2952 voluntate
1182 2915 1195 2950 :
1226 2912 1360 2950 nam
1394 2912 1463 2949 ex
1491 2895 1681 2949 divino
1704 2892 1988 2965 adjutorio
2015 2893 2125 2947 erit

491 2994 553 3048 in
577 2991 949 3065 perfectione.
975 2990 1068 3043 His
1084 2990 1163 3043 ita
1181 3006 1239 3043 se
1261 2988 1620 3058 habentibus,
1644 2986 1976 3043 charissime
2008 2987 2120 3041 fra-

2218 1862 2303 1916 da:
2332 1862 2512 1916 ﬁlium
2537 1879 2600 1917 ac
2627 1862 2685 1917 in
2714 1863 2995 1918 adulterio
3025 1868 3241 1931 natum,
3285 1870 3341 1920 et
3371 1866 3588 1937 absque
3617 1866 3861 1938 discipli-

2222 1972 2295 2009 na
2322 1956 2624 2024 nutritum,
2653 1961 2711 2010 et
2730 1961 2936 2012 caetera
2962 1958 3131 2027 mala,
3166 1962 3225 2013 et
3249 1958 3565 2025 horribilia,
3596 1976 3733 2031 quae
3760 1977 3862 2031 per

2221 2049 2449 2120 singula
2485 2050 2783 2117 enarrasti,
2812 2067 2878 2105 ac
2909 2067 3010 2121 per
3037 2052 3164 2120 hoc,
3205 2056 3261 2107 et
3291 2052 3376 2106 sui
3419 2052 3637 2107 similes
3679 2070 3861 2109 sacer-

2221 2144 2378 2198 dotes
2426 2144 2787 2211 consecravit,
2836 2144 2908 2198 de
2954 2145 3063 2200 hoc
3109 2144 3370 2200 meminit
3413 2150 3508 2200 tua
3548 2149 3865 2202 reverenda

2220 2237 2540 2293 fraternitas
2586 2238 2741 2309 quod
2775 2237 2957 2293 tribus
2988 2238 3111 2310 jam
3152 2238 3365 2294 vicibus
3402 2240 3765 2312 scripsimus,
3803 2248 3863 2297 ut

2224 2331 2412 2386 nullus
2456 2331 2759 2402 homicida,
2804 2332 2996 2387 nullus
3039 2332 3285 2401 adulter,
3335 2335 3526 2389 nullus
3550 2335 3867 2391 fornicator

2224 2440 2446 2479 sacrum
2494 2425 2873 2481 ministerium
2921 2426 3127 2481 debeat
3163 2426 3504 2496 obtrectare,
3544 2428 3651 2484 sed
3680 2445 3865 2502 neque

2222 2519 2524 2591 paenitens,
2559 2524 2659 2575 aut
2688 2520 2815 2574 talis
2844 2522 3072 2592 qualem
3100 2521 3243 2576 sacri
3273 2538 3519 2579 canones
3549 2524 3865 2594 prohibent

2223 2629 2342 2669 esse
2371 2613 2737 2669 sacerdotem.

2296 2709 2372 2761 De
2430 2706 2729 2779 baptizatis
2779 2709 2850 2762 ab
2905 2708 3020 2775 illo,
3079 2725 3182 2764 seu
3226 2709 3473 2765 ecclesiis
3520 2712 3867 2766 consecratis

2224 2801 2480 2872 requirat
2504 2806 2601 2857 tua
2631 2801 2978 2870 fraternitas,
3011 2802 3056 2857 si
3099 2806 3199 2858 aut
3232 2803 3495 2860 ecclesias
3532 2803 3593 2859 in
3628 2808 3865 2860 nomine

2222 2894 2512 2949 Trinitatis
2551 2895 2899 2950 consecravit
2933 2900 3034 2951 aut
3072 2898 3333 2967 parvulos
3371 2897 3643 2954 similiter
3688 2899 3870 2971 bapti-

2225 2989 2384 3055 zavit,
2413 2989 2551 3044 dum
2578 2989 2890 3044 sacerdotio
2917 2990 3300 3061 fungebatur;
3346 2994 3405 3045 et
3441 2991 3517 3045 sic
3558 2998 3616 3047 et
3662 3010 3866 3049 conse-

486 3094 594 3158 ter,
625 3086 945 3141 confortare
975 3084 1033 3138 in
1060 3083 1320 3151 Domino,
1353 3087 1410 3137 et
1432 3083 1552 3154 ipse
1578 3081 1686 3137 erit
1714 3082 1938 3153 adjutor
1968 3084 2120 3136 tuus.
2145 3112 2201 3188 Ο
2227 3082 2400 3137 cratio
2427 3082 2793 3138 ecclesiarum
2833 3087 2888 3139 et
2920 3084 3284 3155 parvulorum
3312 3084 3597 3156 baptisma
3623 3086 3701 3141 sit
3728 3104 3868 3143 con-

492 3183 568 3236 De
602 3179 924 3235 incursione
955 3183 1148 3233 autem
1182 3176 1463 3249 gentium,
1492 3192 1619 3247 quae
1648 3176 1708 3230 in
1730 3175 1841 3231 tuis
1867 3174 2125 3246 plebibus
2153 3174 2200 3188 “¹
2226 3177 2540 3231 firmatum.
2575 3177 2641 3231 Et
2671 3177 2777 3231 hoc
2805 3177 3020 3248 pariter
3050 3178 3381 3250 suggessisti
3410 3180 3563 3251 quod
3593 3180 3675 3235 illi
3710 3183 3809 3252 qui
3835 3201 3871 3237 a

490 3276 642 3329 facta
673 3277 778 3340 est,
809 3271 1168 3327 mcerendum
1199 3270 1363 3325 nobis
1396 3273 1483 3324 est
1505 3285 1518 3323 ε
1543 3269 1643 3323 sed
1672 3269 1792 3323 haec
1819 3268 2127 3323 adversitas
2226 3275 2281 3324 te
2307 3269 2541 3341 projecti
2569 3273 2700 3325 sunt
2719 3270 3060 3339 sacerdotes,
3082 3288 3114 3325 a
3134 3271 3295 3327 nobis
3312 3270 3602 3329 absolutos
3626 3290 3689 3329 se
3714 3275 3869 3347 apud

491 3369 816 3423 nullatenus
863 3370 1021 3421 tuam
1070 3364 1491 3419 fraternitatem
1541 3362 1859 3433 conturbet,
1907 3361 2041 3433 quia
2070 3366 2128 3417 et
2227 3364 2580 3418 Francorum
2626 3363 2975 3435 provinciam
3015 3365 3329 3437 divulgent,
3384 3366 3535 3437 quod
3586 3370 3686 3421 tua
3735 3385 3870 3423 san-

493 3466 749 3518 Romana
797 3460 993 3515 civitas
1050 3476 1117 3514 ex
1178 3457 1562 3513 accidentibus
1615 3456 1961 3512 facinoribus
2017 3472 2123 3510 sae-
2227 3461 2317 3511 cta
2368 3457 2694 3512 fraternitas
2741 3458 2901 3513 nullo
2948 3458 3118 3514 modo
3161 3460 3376 3528 credat,
3424 3460 3558 3532 quia
3584 3461 3874 3533 quodin:-

490 3558 617 3627 pius
669 3560 752 3610 est
804 3554 1166 3625 depopulata,
1218 3556 1275 3607 et
1320 3556 1512 3606 tamen
1559 3550 1978 3621 omnipotentia
2023 3566 2128 3605 sua
2228 3551 2491 3623 possibile
2536 3558 2641 3620 est,
2690 3552 2736 3605 si
2778 3553 2887 3606 hoc
2930 3553 3278 3619 fecissemus,
3313 3560 3425 3609 tua:
3464 3554 3731 3610 charitati
3771 3574 3876 3628 per

494 3649 764 3704 Dominus
833 3665 904 3702 ex
976 3646 1239 3719 supernis
1303 3661 1429 3700 eam
1503 3644 1771 3716 dignatus
1842 3646 1927 3698 est
1995 3660 2128 3698 con-

493 3743 680 3798 solari.
741 3742 851 3797 Sed
917 3740 1141 3813 populis
1189 3740 1291 3794 tibi
1364 3738 1702 3805 commissis,
1768 3737 2124 3793 reverendis-

493 3838 634 3892 sime
676 3835 878 3909 290
928 3835 1127 3902 frater,
1184 3833 1436 3905 prtedica
1482 3832 1793 3904 jejunium,
1854 3831 2128 3904 supplica-

2226 3647 2450 3699 nostras
2477 3644 2883 3700 indicassemus
2903 3646 3143 3701 litteras.
3172 3646 3278 3703 Sed
3304 3646 3434 3715 hoc,
3465 3648 3624 3719 quod
3652 3650 3871 3721 impos-

2228 3738 2389 3794 sibile
2414 3743 2516 3807 est,
2559 3740 2717 3794 nullo
2745 3739 2920 3795 modo
2948 3741 3164 3811 credas,
3196 3742 3293 3812 qui
3320 3758 3432 3796 non
3461 3742 3621 3798 aliud
3653 3745 3872 3815 praedi-

2228 3849 2442 3901 camus,
2475 3836 2534 3887 et
2563 3833 2718 3887 aliud
2747 3834 2993 3904 agimus,
3044 3838 3143 3889 aut
3183 3834 3485 3906 dirigimus
3520 3841 3590 3891 ut
3628 3837 3713 3892 illi
3741 3855 3873 3910 gar-
3933 3828 3943 3837 ’

493 3932 677 3987 tiones
723 3929 875 4001 apud
930 3928 1236 3984 Dominum
1292 3926 1651 3995 litaniarum,
1710 3929 1766 3979 et
1812 3925 2128 3997 superemi-
2228 3927 2402 3996 riunt,
2445 3927 2567 3997 sed,
2611 3927 2923 3983 auxiliante
2956 3929 3093 3995 Deo,
3125 3928 3267 3984 illud
3306 3930 3463 4001 quod
3488 3931 3875 4001 praedicamus

492 4041 634 4081 nens
667 4024 790 4095 ejus
815 4021 1115 4079 clementia
1140 4021 1429 4092 adjuvabit
1454 4024 1529 4075 te.
1555 4021 1629 4074 Te
1658 4025 1870 4087 autem,
1898 4023 1963 4074 ut
1989 4036 2130 4090 pra»
2226 4020 2507 4076 ﬁnetenus
2537 4021 2957 4076 observandum
2992 4038 3305 4078 censemus.
3338 4024 3454 4078 Hoc
3495 4029 3695 4080 autem
3735 4043 3869 4081 san-

491 4119 763 4185 diximus,
814 4118 1135 4172 nullatenus
1188 4116 1426 4171 adversa
1492 4113 1849 4185 perturbent.
1907 4113 2012 4169 Sed
2070 4114 2126 4166 in
2228 4116 2481 4171 ctitatem
2519 4118 2677 4170 tuam
2725 4114 3051 4171 firmissime
3095 4122 3161 4171 ut
3199 4121 3392 4173 teneas
3432 4118 3761 4186 hortamur,
3807 4126 3867 4175 ut

492 4214 642 4267 bono
672 4227 843 4283 opere
880 4210 1031 4281 quod
1065 4208 1280 4280 coepisti
1322 4207 1480 4262 nullo
1527 4207 1696 4261 modo
1740 4206 1987 4262 deficias.
2019 4207 2131 4262 Nos
2227 4213 2553 4264 sanctorum
2584 4210 2812 4264 Patrum
2836 4209 3125 4276 institutis,
3169 4215 3227 4265 et
3261 4212 3531 4266 consultis
3579 4229 3873 4269 sacrorum

494 4323 649 4375 vero,
683 4304 814 4359 licet
838 4302 1112 4358 immeriti
1139 4307 1195 4357 et
1218 4306 1547 4374 peccatores
1567 4299 1896 4363 existamus,
1920 4300 2129 4355 nostris
2229 4318 2517 4358 canonum
2548 4302 2881 4358 omnimodo
2909 4303 3146 4375 obsequi
3170 4303 3396 4371 debeas,
3428 4304 3567 4378 quia
3600 4324 3706 4362 nos
3738 4309 3870 4362 nul-

496 4400 758 4473 precibns
794 4399 879 4452 vel
912 4396 1377 4452 consacerdotum
1416 4397 1766 4461 nostrorum,
1789 4394 2129 4467 inquantum
2229 4397 2457 4451 latenus
2481 4396 2636 4451 aliud
2663 4397 3034 4467 praedicamus
3069 4399 3127 4452 et
3151 4397 3309 4453 aliud
3344 4398 3596 4469 agimus.
3629 4402 3771 4456 Nam
3800 4402 3871 4457 de

494 4509 813 4567 possumus,
844 4492 935 4563 adj
947 4507 1196 4546 uvamus.
1228 4492 1307 4545 De
1335 4488 1552 4561 synodo
1573 4492 1763 4543 autem
1783 4491 2132 4560 congregata
2152 4488 2209 4561 D
2232 4505 2297 4545 eo
2326 4489 2481 4561 quod
2507 4490 2833 4550 obsecrasti,
2867 4496 2927 4545 ut
2956 4491 3302 4547 Francorum
3332 4492 3692 4564 principibus
3732 4496 3871 4549 scri-

493 4590 645 4661 apud
661 4590 1008 4643 Francorum
1028 4584 1401 4658 provinciam,
1422 4581 1805 4638 mediantibus
1830 4582 2065 4654 Pippino
2078 4587 2134 4637 et

494 4684 904 4749 Carlomanno,
961 4677 1449 4736 excellentissimis
1506 4677 1635 4731 ﬁliis
1685 4676 1919 4743 nostris,
1970 4676 2134 4747 juxta

498 4776 841 4846 syllabarum
882 4778 1203 4829 nostrarum
1251 4771 1782 4840 commonitionem,
1824 4772 2131 4840 peragente

496 4871 688 4924 nostra
719 4868 858 4934 vice,
898 4873 995 4922 tua
1035 4866 1319 4922 sanctifica
1350 4865 1595 4937 qualiter
1622 4864 1832 4935 egisses
1857 4862 2129 4934 cognovi-

500 4979 645 5028 mus,
675 4964 729 5016 et
757 4960 1139 5031 omnipotenti
1166 4962 1278 5015 Deo
1308 4964 1504 5015 nostro
1532 4958 1738 5030 gratias
1764 4957 2006 5029 egimus,
2036 4957 2132 5029 qui

498 5072 700 5111 eorum
728 5054 897 5109 corda
927 5054 1310 5121 conﬁrmavit,
1337 5056 1402 5108 ut
1428 5053 1487 5107 in
1519 5052 1624 5107 hoc
1655 5052 1751 5123 pio
1777 5068 1947 5123 opere
1975 5051 2133 5122 adju-

498 5158 649 5206 tores
675 5149 1001 5216 existerent,
1032 5150 1089 5201 et
1119 5147 1313 5202 omnia
1332 5148 1571 5218 optime,
1600 5150 1657 5203 et
1683 5146 1948 5201 canonice
1975 5162 2134 5217 pere-

501 5245 659 5317 gisti,
716 5248 831 5298 tam
885 5241 957 5296 de
1008 5240 1163 5296 falsis
1212 5240 1507 5312 episcopis,
1569 5245 1625 5297 et
1675 5240 2025 5309 fornicariis,
2078 5242 2134 5294 et

404 5378 407 5381 ι
498 5336 903 5401 schismaticis;
961 5350 1247 5408 quamque
1301 5333 1475 5389 etiam
1525 5340 1583 5390 et
1632 5334 1691 5389 in
1728 5334 1979 5405 'reliquis
2028 5349 2130 5388 no-

499 5433 653 5488 mine
697 5430 1083 5486 sacerdotibus
1121 5432 1319 5485 contra
1353 5444 1640 5483 canonum
1666 5427 1924 5483 instituta
1960 5444 2135 5500 agen-

501 5526 666 5592 libus,
696 5526 785 5579 vel
813 5529 1010 5580 contra
1035 5522 1372 5580 catholicam
1400 5521 1518 5589 Dei,
1554 5525 1611 5577 et
1642 5521 2003 5593 apostolicam
2029 5522 2131 5577 Ec-

496 5619 751 5686 clesiam,
783 5620 853 5675 de
882 5618 1085 5691 quibus
1110 5618 1426 5675 secundum
1451 5621 1610 5673 tuam
1639 5615 2001 5686 relationem,
2032 5632 2134 5687 per

499 5713 720 5781 singula
744 5713 1178 5784 respondemus.
1211 5714 1289 5768 De
1322 5728 1387 5767 eo
1423 5726 1674 5783 namque
1711 5709 1866 5780 quod
1895 5726 2130 5782 sugges-

501 5804 641 5871 sisti,
675 5807 822 5875 quod
846 5807 1139 5876 elegerunt
1165 5806 1450 5864 civitatem
1477 5821 1645 5862 unam
1669 5819 1868 5859 omnes
1891 5804 2128 5859 Franco-

2232 4584 2522 4651 beremus,
2572 4584 2659 4639 vel
2709 4585 2923 4640 caeteris
2977 4585 3223 4654 Francis,
3268 4589 3333 4640 ut
3376 4586 3593 4658 petisti,
3650 4590 3735 4644 eis
3780 4606 3878 4661 per

2233 4678 2454 4749 singula
2479 4677 2809 4749 scripsimus
2833 4683 2898 4733 ut
2925 4678 3029 4733 tibi
3060 4684 3117 4734 et
3140 4678 3308 4734 amici
3338 4680 3471 4748 sint,
3500 4686 3557 4737 et
3584 4682 3878 4754 adjutores

2234 4771 2290 4826 in
2335 4770 2629 4827 Dominico
2672 4788 2843 4843 opere
2891 4772 3159 4827 existant.
3213 4774 3288 4829 De
3336 4789 3511 4829 censu
3539 4791 3680 4831 vero
3705 4792 3875 4848 expe-

2234 4864 2423 4931 tendo,
2466 4880 2533 4919 eo
2571 4865 2725 4937 quod
2753 4865 3067 4936 impetrare
3091 4882 3126 4919 a
3155 4866 3380 4921 Francis
3410 4867 3485 4922 ad
3514 4869 3874 4926 reddendum

2234 4957 2481 5013 ecclesiis
2504 4958 2593 5013 vel
2616 4958 2981 5014 monasteriis
3013 4975 3131 5015 non
3170 4960 3425 5032 potuisti,
3456 4978 3636 5034 quam
3662 4969 3731 5019 ut
3758 4981 3875 5019 ver~

2236 5056 2387 5109 lente
2424 5068 2574 5107 anno
2614 5053 2685 5108 ab
2724 5068 3077 5125 unoquoque
3103 5055 3376 5127 conjugio
3407 5070 3713 5113 servorum
3745 5060 3873 5114 dno-

2232 5146 2416 5202 decim
2442 5146 2664 5202 denarii
2710 5146 3050 5218 reddantur,
3092 5151 3149 5204 et
3183 5148 3291 5203 hoc
3326 5149 3534 5221 gratias
3576 5151 3721 5219 Deo,
3750 5153 3875 5225 quia

2233 5239 2467 5313 potuisti
2507 5239 2839 5313 impetrare,
2879 5244 2937 5295 et
2977 5241 3254 5297 Dominus
3281 5242 3575 5299 donaverit
3597 5246 3871 5318 quietem.

2233 5337 2529 5407 Augentur
2581 5337 2639 5389 et
2690 5334 2999 5391 luminaria
3053 5339 3378 5392 sanctorum
3434 5354 3538 5408 pro
3597 5355 3668 5395 eo
3726 5341 3875 5412 quod

2232 5444 2386 5484 nunc
2417 5427 2711 5484 tribulatio
2747 5428 2957 5485 accidit
3001 5430 3439 5498 Saracenorum,
3473 5431 3770 5490 Saxonum
3797 5435 3874 5490 vel

2233 5522 2553 5592 Frisonum,
2582 5522 2728 5577 sicut
2756 5526 2818 5578 tu
2844 5522 2962 5595 ipse
2979 5523 3142 5579 nobis
3168 5524 3483 5580 innotuisti.
3516 5526 3598 5582 De
3623 5543 3694 5583 eo
3724 5546 3874 5584 nam-

2234 5632 2346 5688 que
2364 5617 2514 5690 quod
2540 5615 2931 5689 interrogasti,
2949 5618 3102 5691 quod
3123 5618 3207 5673 illi
3225 5620 3328 5691 qui
3351 5620 3598 5691 depositi
3622 5628 3759 5678 sunt
3776 5639 3873 5695 pro

2233 5710 2568 5781 capitalibus
2596 5712 2840 5783 peccatis
2880 5712 2951 5768 de
2991 5713 3175 5784 gradu
3213 5714 3565 5782 sacerdotali,
3614 5716 3758 5772 dum
3782 5733 3873 5773 eos

2233 5804 2541 5876 reperisses
2579 5805 2888 5876 adulteros,
2933 5806 3270 5879 homicidas,
3302 5812 3367 5865 ut
3394 5824 3498 5863 nec
3528 5810 3866 5873 sacerdotes,
