4092 6192
277 320 292 370 l
318 318 413 369 169

265 534 390 572 esse
445 517 658 583 volunt,
706 516 826 584 sed,
874 520 1177 588 pergentes
1224 518 1377 587 apud
1429 519 1703 588 palatium
1753 518 1905 589 regis

269 613 621 667 Francorum
664 613 876 680 rogant
911 613 976 664 ut
1003 611 1084 666 eis
1124 612 1246 667 loca
1288 612 1503 667 tribuat
1541 613 1906 668 ecclesiarum

269 707 357 761 vel
424 704 924 773 monasteriorum,
973 709 1032 759 ut
1083 705 1288 760 laicam
1351 707 1525 761 vitam
1591 707 1799 778 vivant,
1849 713 1906 764 et

270 801 667 872 dispergentes
707 802 1034 855 sanctorum
1066 801 1207 868 loca,
1239 801 1336 856 sed
1363 805 1418 857 et
1458 802 1528 856 de
1554 803 1662 857 hoc
1697 804 1907 874 pariter

269 895 519 966 qualiter
543 893 668 948 ﬁeri
715 894 939 964 debeat,
970 895 1314 955 Francorum
1357 896 1711 969 principibus
1749 914 1900 952 com-

269 992 574 1043 monentes
629 989 957 1044 direximus.
1000 991 1062 1045 ln
1107 990 1220 1045 alia
1267 991 1480 1062 quippe
1526 994 1622 1046 tua
1667 991 1905 1063 epistola

267 1083 590 1154 reperimus
629 1083 905 1139 contineri
944 1085 1143 1139 omnia
1175 1101 1302 1155 quae
1341 1088 1538 1139 contra
1578 1090 1634 1140 te
1667 1091 1906 1156 egerant

269 1178 416 1246 falsi,
449 1181 506 1233 et
531 1177 870 1233 schismatici
902 1178 1151 1250 episcopi
1180 1179 1510 1235 Aldebertus
1538 1184 1594 1235 et
1618 1182 1900 1248 Clemens,

266 1290 372 1344 per
400 1289 528 1344 qua:
556 1272 747 1327 omnia
777 1277 903 1328 acta
930 1273 1186 1345 ipsorum
1225 1279 1280 1329 et
1311 1275 1719 1346 impiissimum
1747 1292 1902 1332 erro-

267 1384 393 1420 rem
439 1367 728 1439 sigillatim
759 1367 1037 1423 indicasti.
1069 1369 1176 1422 Nos
1218 1385 1347 1423 vero
1395 1370 1761 1440 congregatis
1789 1371 1900 1424 fra-

267 1461 452 1516 tribus
479 1466 534 1516 et
563 1463 1060 1517 consacerdotibus
1092 1463 1317 1531 nostris,
1347 1464 1682 1519 eorumdem
1710 1481 1904 1535 pravo-

265 1572 398 1610 rum
426 1556 859 1611 sceleratissima
885 1561 1007 1611 acta
1035 1556 1093 1610 in
1126 1573 1326 1612 eorum
1355 1558 1690 1629 poenitentia
1722 1559 1902 1630 relegi

265 1650 528 1718 fecimus,
556 1655 612 1705 et
637 1650 770 1704 dum
814 1650 977 1705 nobis
1020 1667 1212 1705 coram
1259 1651 1496 1706 concilio
1523 1653 1731 1708 relecta
1758 1653 1897 1708 fuis-

267 1749 412 1812 sent,
444 1744 540 1816 pio
569 1744 757 1799 studio
785 1760 985 1798 omnes
1011 1745 1216 1800 eadem
1247 1746 1602 1802 schismatica
1630 1745 1899 1819 dogmata

1505 316 1968 371 DECRETALIUM
2008 316 2391 372 COLLECTIO.

270 440 379 478 nec
399 422 589 477 clerici
612 439 732 476 esse
765 422 996 492 possint,
1019 438 1124 477 nec
1150 424 1253 477 sub
1282 424 1616 493 paenitentia
1636 425 1904 480 monachi
1927 441 1984 514 Α

3507 329 3638 380 1170

2216 427 2348 482 Item
2377 428 2604 497 epistola
2632 430 2908 484 Zachariae
2936 431 3012 484 ad
3052 433 3416 498 Bonifacium.

2079 520 2438 575 Sanctissimo
2463 523 2522 575 et
2539 521 3008 577 reverendissimo
3028 524 3208 590 fratri,
3232 525 3527 583 BONIFACIO
3549 545 3641 584 co-

2009 613 2297 684 episcopo,
2319 615 2617 670 Zxcaxmxs
2643 615 2962 687 episcopus,
2985 633 3176 672 servus
3197 635 3487 675 servorum
3513 623 3635 678 Dei.

2078 706 2416 762 Benedictus
2492 709 2636 763 Deus
2709 711 2873 765 Pater
2945 711 3171 766 Domini
3256 714 3432 768 nostri
3503 717 3635 770 Jcsu

2005 801 2230 869 Christi,
2260 803 2356 873 qui
2394 801 2647 872 dispersa
2679 808 2990 875 congregat
3031 808 3087 859 et
3125 813 3466 878 congregata
3496 825 3632 864 con-

2007 900 2208 962 servat,
2236 899 2523 966 augetque
2571 895 2743 950 ﬁdem
2790 902 2846 952 et
2892 896 3162 954 ﬁduciam
3211 901 3384 956 servis
3421 901 3534 956 suis
3562 904 3634 958 ad

2005 988 2432 1061 przediwndum
2460 988 2699 1044 verbum
2721 991 3007 1061 Evangelii
3029 994 3160 1047 Jesu
3179 994 3387 1049 Christi
3407 996 3634 1051 Domini

2008 1084 2206 1152 nostri,
2235 1100 2363 1138 cum
2407 1083 2613 1139 eodem
2641 1085 2803 1139 Patre
2835 1089 2890 1139 et
2919 1085 3131 1156 Spiritu
3179 1094 3376 1144 sancto
3413 1089 3472 1143 in
3499 1092 3632 1145 uni-

2004 1181 2121 1233 tate
2161 1178 2368 1233 viventi
2414 1178 2473 1232 in
2522 1179 2725 1233 saecula
2777 1180 3141 1247 smeulorum,
3190 1182 3298 1252 ipsi
3353 1183 3532 1253 gloria
3579 1191 3636 1239 et

2004 1274 2146 1339 laus,
2177 1273 2274 1343 qui
2303 1272 2530 1343 adjutor
2555 1276 2612 1327 et
2641 1276 2930 1344 protector
2953 1277 3038 1328 est
3063 1274 3122 1328 in
3146 1292 3205 1329 se
3237 1277 3632 1346 credentibus;

2005 1368 2126 1438 ipse
2155 1366 2311 1421 enim
2341 1366 2483 1421 dixit
2511 1383 2523 1420 ε
2550 1387 2577 1415 ‹‹
2599 1365 2707 1431 Qui
2732 1366 2914 1422 credit
2937 1367 2998 1422 in
3018 1384 3112 1423 me
3126 1369 3240 1424 vita
3258 1371 3426 1438 vivet,
3448 1378 3502 1426 et
3518 1390 3635 1428 non

2003 1460 2277 1516 morietur
2305 1460 2479 1530 (Joan.
2518 1476 2592 1529 v1,
2633 1460 2742 1531 47),
2774 1479 2802 1513 )›
2831 1461 3107 1532 quoniam
3140 1482 3168 1515 «
3209 1480 3316 1535 ego
3357 1481 3486 1520 sum
3527 1466 3633 1535 via,

2004 1555 2206 1610 veritas
2241 1559 2298 1610 et
2323 1554 2434 1609 vita
2460 1554 2634 1624 (Joan.
2670 1571 2782 1623 11v,
2813 1554 2888 1626 6).
2919 1576 2946 1606 ››
2993 1557 3319 1613 Laudamus
3359 1564 3415 1615 et
3440 1576 3635 1632 super-

2003 1650 2317 1704 exaltamus
2335 1651 2597 1703 sanctum
2619 1665 2832 1704 nomen
2859 1649 3000 1720 ejus,
3018 1650 3157 1720 laeti,
3177 1653 3517 1723 gaudentes,
3536 1671 3640 1726 per

2005 1744 2209 1798 horum
2247 1743 2495 1814 gerulos,
2525 1745 2581 1797 et
2627 1748 2834 1799 sanctae
2875 1744 3247 1800 fraternitatis
3285 1751 3398 1802 tua:
3434 1748 3638 1804 litteris

267 1839 521 1908 ipsorum
549 1843 718 1910 atque
750 1838 1138 1910 iniquissimas
1158 1839 1509 1907 traditiones,
1537 1858 1634 1895 seu
1660 1842 1900 1897 scelera-
1923 1831 1978 1902 B
2005 1837 2209 1905 allatis,
2253 1837 2620 1910 superstitem
2665 1838 2725 1892 in
2767 1838 2872 1893 hac
2915 1839 3050 1909 vita,
3083 1845 3138 1895 et
3184 1840 3243 1894 in
3293 1841 3531 1897 Domino
3583 1847 3638 1900 te

264 1933 550 1986 tissimam
581 1932 755 1987 vitam
799 1949 974 2004 quam
1017 1933 1120 1988 sibi
1164 1934 1497 1989 Aldebertus
1545 1935 1902 1990 conscribere

268 2026 422 2093 fecit,
455 2043 566 2080 una
592 2043 727 2080 voce
760 2027 1229 2082 exclamaverunt
1255 2031 1317 2082 ut
1344 2028 1465 2099 igni
1491 2034 1901 2085 cremarentur.

265 2121 379 2174 Sed
410 2137 515 2175 nos
545 2120 654 2174 hoc
682 2137 797 2175 non
828 2126 1051 2176 rectum
1075 2122 1484 2192 judicavimus,
1519 2139 1621 2194 pro
1655 2140 1722 2178 eo
1749 2124 1904 2194 quod

263 2215 331 2269 ad
366 2215 795 2281 reservandum,
831 2215 948 2270 sive
984 2215 1044 2269 in
1084 2221 1366 2272 aternum
1395 2234 1492 2272 eos
1521 2218 1903 2273 condemnan-

265 2309 405 2362 dum
425 2309 482 2362 in
501 2308 709 2364 scrinio
738 2314 942 2364 sancta:
969 2311 1231 2365 Ecclesiae
1252 2311 1597 2366 reservanda
1618 2312 1906 2367 mandavi—
1933 2371 1939 2377 ,

265 2420 416 2473 mus,
432 2403 922 2475 suscipientesipsi
935 2405 1172 2474 dignam
1185 2405 1713 2476 sententiam,cujus
1725 2406 1905 2461 instar

265 2497 509 2552 actionis
537 2497 608 2551 ad
640 2500 794 2552 tuam
842 2497 1172 2566 direximus,
1199 2499 1394 2567 frater,
1427 2499 1809 2566 sanctitatem,
1845 2505 1906 2555 ut

264 2592 477 2647 relecta
503 2591 562 2645 in
595 2591 879 2662 provincia
903 2593 1268 2660 Francorum,
1298 2593 1480 2648 omnis
1511 2593 1903 2649 schismaticus

264 2686 504 2741 audiens
547 2685 740 2740 taliter
765 2703 798 2740 a
828 2692 1024 2741 sancta
1055 2686 1155 2741 Dei
1195 2686 1472 2742 catholica
1507 2690 1564 2742 et
1597 2688 1904 2758 apostolica

262 2779 512 2834 Ecclesia
533 2779 857 2850 judicatum
881 2797 914 2833 a
945 2797 1142 2834 sensus
1170 2781 1260 2835 sui
1285 2781 1560 2852 pravitate
1589 2781 1900 2852 resipiscat.

266 2876 325 2927 In
358 2873 524 2928 tertia
553 2890 805 2944 namque
832 2877 931 2928 tua
954 2874 1190 2945 epistola
1209 2874 1483 2930 intimasti
1511 2875 1674 2930 nobis
1697 2875 1768 2929 de
1790 2875 1902 2931 alio

263 2968 584 3035 seductore,
615 2967 846 3022 nomine
894 2968 1155 3037 Geolebo,
1185 2969 1282 3040 qui
1325 2974 1489 3024 antea
1528 2969 1626 3024 tali
1658 2969 1903 3041 episcopi

264 3063 486 3116 honore
506 3061 870 3132 fungebatur,
887 3067 942 3117 et
955 3062 1090 3133 quia
1103 3062 1222 3117 sine
1238 3063 1626 3134 cujuscunque
1643 3063 1903 3117 consultu

261 3155 416 3226 apud
461 3172 562 3210 nos
607 3159 902 3226 properat,
936 3160 993 3210 et
1030 3155 1167 3210 dum
1210 3156 1525 3224 advenerit,
1557 3160 1619 3211 ut
1662 3157 1902 3211 Domino

261 3249 562 3321 placuerit,
589 3248 706 3304 ﬁet.
736 3251 853 3304 Tua
879 3252 1071 3304 autem
1101 3250 1442 3317 reverentia,
1474 3253 1554 3317 ut,
1592 3250 1902 3306 auxiliante

265 3343 526 3412 Domino,
559 3343 745 3414 coepit,
778 3343 897 3397 vice
926 3347 1117 3398 nostra
1141 3343 1405 3397 volumus
1430 3349 1513 3409 ut,
1537 3344 1694 3398 omni
1725 3361 1898 3411 anno,

260 3442 396 3507 apto
446 3440 700 3508 tempore
747 3437 804 3491 in
855 3438 1203 3491 Francorum
1252 3437 1547 3508 provincia
1595 3437 1898 3492 concilium

262 3531 474 3585 debeat
531 3531 826 3597 celebrari,
882 3535 946 3585 ut
989 3531 1316 3603 frequentia
1374 3533 1733 3588 sacerdotum
1787 3533 1900 3587 sive

261 3624 540 3679 institutis
576 3641 865 3680 sacrorum
895 3641 1181 3680 canonum
1212 3625 1593 3680 mediantibus
1619 3625 1730 3681 illic
1762 3627 1900 3698 quid

260 3719 565 3773 adversum
609 3719 766 3773 nullo
807 3719 979 3774 modo
1007 3719 1214 3774 audeat
1245 3719 1548 3791 pullulare,
1584 3719 1684 3773 sed
1716 3721 1901 3791 magis

261 3812 524 3868 Ecclesiae
576 3812 673 3866 Dei
738 3813 973 3879 unitate,
1033 3817 1089 3866 et
1152 3813 1449 3884 disciplina
1503 3814 1897 3883 ecclesiastica,

263 3910 440 3978 atque
483 3906 785 3977 apostolica
833 3907 1043 3978 ubique
1083 3907 1142 3961 in
1189 3907 1300 3961 illis
1343 3907 1599 3978 partibus
1645 3908 1898 3979 dilatata,

262 4003 486 4055 cuncta:
507 4002 855 4072 populorum
887 4000 1067 4056 turbae
1095 4001 1268 4056 etiam
1291 4002 1351 4056 in
1376 4001 1624 4056 occiduis
1643 4003 1900 4073 partibus

260 4095 388 4148 veri
414 4095 672 4150 catholici
704 4111 824 4148 esse
854 4095 1092 4166 possint,
1123 4100 1178 4150 et
1205 4111 1317 4150 non
1340 4096 1583 4166 amplius
1613 4113 1711 4167 per
1737 4097 1910 4158 falsos.

264 4188 586 4243 sacerdotes
617 4189 903 4243 erroribus
938 4188 1172 4243 involuti
1215 4188 1628 4259 demergantur
1654 4190 1712 4243 in
1733 4191 1902 4245 inter-

267 4283 434 4336 itum.
485 4283 631 4336 Dum
681 4299 813 4336 vero
865 4281 1168 4336 concilium
1224 4283 1645 4354 aggregaveris,
1685 4284 1762 4337 sic
1807 4287 1902 4337 tua

262 4375 593 4430 fraternitas
639 4376 962 4431 conflictum
1008 4375 1215 4430 habeat
1259 4392 1386 4430 cum
1431 4377 1898 4447 metropolitanis,

267 4485 410 4540 quos
462 4469 940 4538 confirmavimus,
971 4469 1040 4524 de
1071 4485 1136 4524 eo
1177 4470 1329 4540 quod
1375 4469 1584 4536 dixisti,
1616 4474 1680 4524 ut
1716 4471 1902 4525 nullus

2004 1932 2188 1988 valere
2217 1937 2645 2003 cognoscentes,
2675 1935 2929 2004 petentes
2960 1933 3303 1990 immensam
3329 1936 3424 1990 Dei
3455 1937 3637 1991 nostri

2005 2026 2380 2095 divinitatem,
2396 2031 2458 2082 ut
2476 2027 2546 2082 ad
2566 2026 2996 2098 praedicandum
3012 2029 3191 2083 multo
3202 2029 3447 2100 amplius
3463 2032 3637 2085 Evan-

2006 2120 2141 2192 gelii
2156 2124 2328 2192 atque
2346 2123 2554 2175 sanctae
2566 2121 2699 2176 fidei
2713 2121 2762 2193 ej
2770 2138 2836 2176 us
2856 2125 3277 2178 sacramentum
3287 2165 3301 2190 ,
3312 2123 3405 2178 lon
3413 2141 3636 2196 gaavum

2005 2221 2060 2271 te
2119 2218 2323 2283 servet,
2379 2231 2592 2288 suaque
2657 2217 3008 2287 protectione
3064 2220 3117 2271 te
3168 2218 3409 2288 muniat,
3461 2223 3517 2273 et
3565 2220 3639 2274 ab

2004 2310 2427 2365 adversantium
2502 2309 2722 2364 insidiis
2784 2311 2877 2382 pie
2944 2311 3267 2366 miserando
3331 2313 3630 2368 custodiat.

2004 2404 2298 2475 Suggessit
2349 2404 2539 2475 itaque
2613 2406 2806 2458 sancta
2868 2405 3199 2460 fraternitas
3256 2410 3357 2460 tua
3409 2407 3468 2461 in
3520 2408 3637 2462 suis

2004 2498 2260 2569 apicibus
2302 2499 2455 2570 quod
2495 2499 2875 2570 praedecessor
2899 2503 3094 2555 noster
3120 2499 3298 2555 beatae
3345 2501 3636 2558 memoriae

2003 2593 2327 2665 Gregorius,
2369 2593 2539 2664 hujus
2583 2597 2790 2648 sanctae
2838 2593 2982 2648 sedis
3035 2594 3360 2665 apostolicae
3406 2597 3634 2666 praesul,

2004 2688 2140 2742 dum
2171 2687 2242 2742 ad
2272 2687 2700 2758 praedicandum
2728 2687 2962 2742 verbum
2999 2688 3294 2760 Evangelii
3339 2693 3496 2744 tuam
3521 2691 3634 2745 mi-

2003 2781 2166 2836 sisset
2200 2781 2620 2836 fraternitatem
2652 2781 2711 2835 in
2739 2781 3057 2836 Germaniae
3101 2783 3382 2853 partibus,
3410 2788 3468 2839 et
3494 2801 3636 2855 gen-

2005 2874 2154 2929 tibus
2200 2874 2310 2930 illis
2353 2874 2618 2946 paganis,
2647 2875 2819 2930 verbo
2865 2875 3291 2947 pollicitationis
3339 2894 3370 2931 a
3412 2882 3467 2932 te
3513 2894 3636 2932 esse

2005 2968 2231 3038 muniti,
2254 2968 2331 3023 ita
2350 2973 2410 3024 ut
2432 2968 2782 3024 orthodoxos
2803 2969 3118 3041 episcopos,
3145 2971 3530 3042 presbyteros,
3548 2973 3637 3026 vel

2004 3078 2375 3134 quoscunque
2421 3062 2676 3133 reperire
2724 3062 3024 3133 potuisses,
3063 3063 3120 3117 in
3153 3063 3325 3118 verbo
3375 3065 3637 3120 exhorta-

2003 3155 2170 3210 tionis
2217 3155 2495 3226 perfectos
2541 3154 2785 3226 amplius
2833 3157 3220 3225 confirmares,
3253 3163 3308 3212 et
3354 3157 3434 3211 eis
3477 3173 3634 3212 com-

2002 3249 2327 3304 municares
2363 3249 2514 3319 quod
2545 3252 2602 3303 et
2639 3249 2848 3304 factum
2878 3253 2982 3304 est.
3027 3249 3086 3305 Si
3124 3267 3268 3321 quos
3295 3267 3426 3305 vero
3470 3253 3633 3307 sedu-

2002 3346 2188 3398 ctores
2231 3343 2544 3413 episcopos,
2573 3346 2670 3396 aut
2706 3343 3313 3414 pseudopresbyteros,
3347 3344 3432 3399 vel
3461 3361 3634 3415 quos-

2001 3452 2224 3507 cunque
2263 3452 2296 3490 a
2326 3439 2480 3491 recto
2524 3435 2656 3491 fidei
2697 3436 2924 3491 tramite
2973 3436 3264 3491 deviantes
3308 3437 3634 3509 reperisses,

2004 3531 2159 3586 nulla
2200 3530 2306 3585 tibi
2343 3546 2473 3584 cum
2518 3529 2598 3585 eis
2642 3533 2791 3584 esset
2831 3531 3186 3586 communio.
3215 3531 3376 3595 Quod
3409 3536 3484 3600 te,
3518 3533 3634 3586 Deo

2002 3623 2300 3680 solatiante
2340 3640 2520 3695 usque
2567 3625 2638 3678 ad
2678 3640 2930 3694 praesens
2975 3623 3348 3695 spiritualiter
3387 3642 3636 3680 servasse

2001 3719 2291 3775 confessus
2317 3735 2394 3787 es,
2424 3719 2514 3772 vel
2537 3718 2592 3772 'si
2621 3718 2856 3773 omnino
2881 3722 3115 3790 propter
3149 3719 3544 3791 principalem,
3580 3723 3639 3774 et

2001 3814 2319 3868 humanum
2354 3813 2612 3867 favorem
2644 3812 2832 3883 gentis
2859 3813 3230 3880 Francorum,
3259 3813 3398 3867 dum
3429 3813 3501 3867 ad
3537 3829 3636 3868 eos

2000 3906 2327 3961 accessisses
2364 3905 2737 3977 corporaliter
2779 3906 3067 3962 abstinere
3109 3923 3224 3961 non
3267 3907 3508 3975 valuisti,
3537 3923 3633 3962 co-

2003 4004 2177 4073 gente
2233 4001 2569 4055 necessitate
2627 4000 3004 4055 Ecclesiarum
3058 4001 3179 4069 Dei,
3233 4005 3289 4055 et
3337 4003 3532 4055 tamen
3576 4001 3635 4055 in

2002 4110 2198 4149 eorum
2221 4093 2480 4162 concilio,
2498 4099 2557 4149 et
2584 4110 2866 4148 consensu
2895 4095 3311 4149 communionis
3329 4093 3520 4149 anima
3539 4098 3638 4149 tua

2001 4206 2118 4244 non
2146 4191 2231 4243 est
2256 4186 2639 4260 coinquinata.
2674 4190 2867 4259 Itaque
2895 4191 3131 4260 propter
3156 4189 3286 4257 hoc,
3321 4189 3474 4259 quod
3505 4205 3636 4242 cum

2003 4283 2085 4337 eis
2102 4287 2462 4337 conservatus
2479 4298 2558 4348 es,
2577 4298 2693 4337 non
2720 4282 3083 4338 consentiens
3103 4282 3392 4353 iniquitati
3418 4298 3634 4348 eorum,

2005 4375 2226 4430 nullum
2268 4375 2370 4430 tibi
2401 4379 2486 4430 est
2524 4375 2936 4430 detrimentum
2979 4393 3168 4431 coram
3201 4377 3332 4432 Deo.
3364 4377 3441 4431 Te
3481 4376 3636 4429 enim

2003 4469 2370 4540 praedicante,
2398 4469 2440 4522 si
2488 4469 2804 4536 obedirent,
2835 4471 2969 4524 salvi
3016 4474 3223 4525 essent.
3253 4471 3310 4524 Si
3350 4472 3545 4523 autem
3577 4469 3636 4521 in

268 4564 395 4618 sine
447 4563 925 4617 commendatitiis
976 4563 1224 4634 epistolis
1266 4563 1622 4635 suscipiatur.
1671 4566 1899 4632 Tamen,
1921 4583 1981 4654 D
2006 4563 2304 4634 iniquitate
2335 4579 2433 4616 sua
2469 4569 2830 4634 permanent,
2861 4563 2966 4634 ipsi
2995 4563 3265 4634 peribunt
3293 4579 3306 4615 :
3338 4564 3421 4616 Tu
3447 4565 3638 4616 autem

266 4663 324 4712 et
344 4673 449 4727 pro
471 4658 579 4712 hoc
595 4658 740 4728 ipso,
767 4661 825 4712 et
851 4673 954 4728 pro
976 4657 1237 4711 omnibus
1268 4657 1612 4712 Francorum
1642 4658 1902 4730 principi-

261 4752 391 4819 bus,
448 4750 916 4805 commonitionis
980 4749 1292 4805 direximus
1367 4750 1601 4818 litteras,
1663 4755 1724 4806 ut
1781 4752 1901 4822 jam

257 4844 522 4914 superius
569 4845 666 4898 fati
713 4860 930 4910 sumus,
960 4844 1028 4898 de
1070 4843 1296 4898 civitate
1346 4860 1594 4914 namque
1631 4845 1743 4911 illa,
1777 4862 1902 4916 qua:

261 4954 453 5008 nuper
470 4937 779 5009 Agrippina
792 4937 1122 5006 vocabatur,
1143 4953 1293 4991 nunc
1307 4953 1441 4992 vero
1461 4937 1716 5008 Colonia,
1735 4939 1902 5010 juxta

261 5030 600 5102 petitionem
618 5032 964 5086 Francorum
975 5035 1198 5099 ,nostraa
1216 5030 1570 5086 auctoritatis
1585 5049 1687 5102 per
1697 5049 1904 5103 praece-

261 5128 432 5196 ptum
460 5125 676 5180 nomini
695 5129 791 5180 tuo
815 5124 1179 5196 metropolim
1203 5123 1687 5195 conﬁrmavimus,
1715 5130 1772 5180 et
1789 5131 1901 5181 tuae

261 5218 550 5274 sanctitati
584 5219 890 5274 direximus
911 5235 1016 5289 pro
1039 5218 1244 5272 futuris
1274 5219 1626 5290 temporibus
1647 5220 1901 5290 ejusdem

259 5313 722 5384 metropolitanaz
749 5312 1008 5368 Ecclesiae
1041 5312 1434 5367 stabilitatem.
1468 5313 1616 5369 Deus
1657 5317 1710 5368 te
1740 5314 1900 5368 inco-

260 5409 486 5462 lumem
553 5406 832 5462 custodiat
892 5406 1362 5460 reverendissime
1427 5411 1483 5462 et
1550 5407 1902 5462 sanctissime

260 5503 460 5556 frater.
493 5503 632 5556 Data
670 5501 852 5573 pridie
883 5499 1166 5555 Kalendas
1203 5500 1551 5568 Novembris,
1582 5501 1902 5572 imperante

261 5595 507 5650 domino
539 5595 795 5666 piissimo
827 5597 1082 5666 Augusto
1109 5594 1504 5661 Constantino,
1533 5612 1566 5648 a
1596 5596 1713 5650 Deo
1739 5611 1899 5650 coro-

260 5691 424 5754 nato,
472 5705 683 5760 magno
740 5689 1104 5759 imperatore,
1160 5703 1310 5741 anno
1362 5690 1451 5752 27,
1507 5687 1729 5759 imperii
1782 5690 1904 5760 ejus

260 5781 467 5853 quinto
495 5799 668 5848 anno,
697 5781 1008 5838 indictione
1037 5780 1255 5836 decima
1279 5785 1498 5850 quarta.

1996 4658 2160 4728 juxta
2206 4657 2500 4727 prophetae
2546 4656 2802 4710 dictum:
2841 4677 2867 4707 «
2899 4657 3134 4712 Salvasti
3184 4656 3435 4710 animam
3479 4661 3637 4710 tuam

2005 4751 2212 4822 (Ezech.
2260 4766 2453 4818 xxxm,
2503 4752 2576 4819 9).
2614 4771 2640 4798 »
2688 4751 2765 4803 De
2811 4750 3092 4821 episcopis
3129 4753 3320 4804 autem
3359 4755 3416 4804 et
3458 4749 3642 4822 palliis

2005 4845 2354 4898 Francorum
2370 4843 2660 4914 scripsisti,
2678 4843 2826 4914 quod
2837 4843 3003 4914 juxta
3015 4843 3455 4915 promissionem
3477 4861 3639 4899 suam

2005 4938 2259 4993 nondum
2301 4937 2700 5008 impleverunt,
2733 4937 2831 5008 qui
2860 4937 2904 4990 si
2942 4937 3304 5009 impleverint
3326 4939 3485 5010 juxta
3513 4955 3636 4991 ver-

2004 5031 2141 5086 bum
2187 5047 2373 5095 suum,
2401 5030 2699 5085 habebunt
2741 5047 2812 5085 ex
2857 5047 2922 5085 eo
2961 5031 3186 5087 laudem
3218 5031 3387 5102 (Rom.
3416 5049 3532 5098 χιιι,
3564 5032 3636 5100 3).

2006 5125 2098 5180 Sin
2125 5141 2256 5179 vero
2286 5124 2451 5179 aliter
2484 5124 2724 5195 egerint,
2755 5124 2862 5196 ipsi
2893 5125 3191 5196 videbunt,
3209 5143 3314 5181 nos
3344 5125 3518 5190 enim,
3547 5124 3633 5178 di-

2003 5218 2136 5272 vina
2210 5218 2398 5288 gratia
2467 5217 2764 5288 largiente,
2827 5219 2980 5290 quod
3051 5220 3229 5290 gratis
3298 5217 3636 5287 accepimus,

2005 5311 2183 5383 gratis
2227 5311 2429 5366 damus
2472 5312 2691 5381 (Matth.
2737 5330 2788 5382 x,
2833 5313 2909 5382 8).
2942 5315 3058 5368 Tua
3106 5311 3364 5384 quidem,
3401 5313 3640 5382 propter

2004 5407 2112 5460 hoc
2142 5405 2396 5476 benigna
2438 5406 2700 5461 voluntas
2735 5424 2768 5461 a
2806 5407 2970 5462 nobis
3012 5409 3270 5475 suscepta
3317 5409 3418 5459 est.
3462 5403 3640 5474 Igitur

2004 5503 2062 5553 et
2111 5499 2221 5553 hoc
2273 5499 2467 5570 petisti
2539 5500 2950 5556 monasterium
3012 5499 3070 5552 in
3128 5497 3445 5552 vastissima
3504 5496 3636 5552 soli-

2005 5593 2223 5661 tudine,
2279 5597 2338 5648 et
2386 5593 2446 5648 in
2498 5593 2689 5649 medio
2749 5593 3005 5664 gentium
3083 5591 3290 5664 quibus
3356 5590 3638 5662 praedicas

2004 5687 2395 5756 constitutum,
2429 5692 2485 5742 et
2529 5704 2562 5742 a
2605 5691 2658 5742 te
2704 5687 3009 5741 fundatum
3055 5701 3197 5756 esse,
3229 5685 3490 5758 atquein
3529 5686 3635 5740 ho-

2007 5797 2143 5835 nore
2172 5781 2476 5836 Salvatoris
2520 5781 2614 5835 Dei
2653 5780 2826 5835 nostri
2866 5779 3211 5849 dedicatum,
3241 5780 3337 5834 ubi
3380 5781 3549 5835 etiam
3581 5785 3636 5835 et
