4092 6192
467 293 590 347 H71

1355 293 1636 348 -tl’l’END.
1679 294 1764 346 AD
1802 294 1962 348 Sx’EC.
2007 295 2092 348 IX.
2116 324 2181 332 ——
2223 294 2462 348 lSlDORl
2502 293 2928 349 MERCATORIS

3687 301 3820 350 H72

465 401 770 454 monachos
799 401 902 455 sub
940 403 1137 471 regula
1173 401 1322 456 beati
1366 401 1650 457 Benedicti
1696 402 1905 473 degere
1939 401 2092 457 ordi—
2115 414 2173 487 Α
2197 401 2975 474 quemadmodumviris,sibi
2994 399 3233 456 invicem
3248 402 3420 473 pedes
3436 403 3831 470 abluere,tam

462 495 632 561 nasti,
667 495 771 547 hoc
801 495 1126 550 venerabile
1157 496 1571 550 monasterium
1599 496 1824 550 nomini
1850 501 1947 551 tuo
1977 496 2093 568 pri-

463 588 669 658 vilegio
720 588 867 642 sedis
921 590 1240 659 apostolica:
1287 589 1522 645 muniri.
1575 590 1737 654 Quod
1781 591 1931 645 votis
1986 590 2098 646 tuis

461 682 884 752 acquiescentes
922 683 1308 738 ordinavimus
1343 684 1505 754 juxta
1542 685 1880 755 petitionem
1913 689 1968 740 et
1995 685 2094 740 de-

462 775 735 830 siderium
786 783 970 832 tuum.
1025 777 1300 849 Congruit
1349 778 1504 833 enim
1562 778 1738 833 divini
1795 778 2096 834 ministerii

460 870 892 942 praedicatorem
924 871 1323 944 optimumque
1342 872 1671 927 ministrum
1691 873 1759 928 ad
1780 873 2098 928 desiderata

460 965 807 1036 pertingere,
836 968 892 1020 et
915 971 1164 1038 coeptum
1193 967 1412 1022 bonum
1441 984 1584 1038 opus
1614 983 1790 1039 usque
1827 968 1887 1021 in
1921 968 2097 1022 finem

458 1059 754 1129 perﬁcere,
793 1059 935 1115 sicut
983 1060 1258 1132 scriptum
1301 1061 1358 1114 in
1410 1061 1704 1116 Dominico
1753 1067 2039 1133 praecepto
2077 1079 2090 1115 :

462 1175 488 1201 ‹‹
519 1152 624 1217 Qui
647 1155 1089 1224 perseveraverit
1117 1171 1294 1226 usque
1326 1155 1382 1208 in
1418 1155 1613 1224 linem,
1646 1155 1738 1209 hic
1773 1156 1960 1210 salvus
1988 1155 2096 1211 erit

459 1248 675 1316 (Matth.
706 1265 762 1316 x,
793 1249 902 1318 22).
935 1271 961 1295 »
993 1251 1058 1304 Et
1087 1271 1114 1298 «
1156 1249 1354 1304 beatus
1389 1266 1582 1304 servus
1623 1249 1734 1319 ille,
1766 1266 1934 1321 quem
1965 1266 2094 1304 cum

458 1340 679 1395 venerit
726 1341 1021 1409 Dominus,
1052 1342 1338 1397 invenerit
1383 1343 1460 1397 sic
1504 1343 1839 1413 facientem;
1883 1344 2095 1398 ctenim

459 1449 630 1504 super
661 1434 857 1489 omnia
897 1434 1044 1489 bona
1073 1452 1169 1489 sua
1197 1437 1497 1491 constituet
1541 1453 1672 1492 eum
1701 1438 1914 1506 (Matth.
1944 1454 2090 1504 xx1v,

461 1529 546 1593 46,
587 1529 694 1596 47).
729 1549 754 1576 ››
781 1530 1006 1584 Interea
1036 1530 1339 1600 praedictus
1359 1535 1522 1585 tuum
1544 1531 1787 1586 Gerulus
1813 1531 1933 1598 Lul,
1964 1548 2094 1586 cum

459 1622 678 1676 czeteris
708 1622 822 1677 suis
859 1624 1294 1692 concomitibus,
1326 1641 1454 1697 quae
1501 1624 1762 1696 injuncta
1805 1626 2038 1680 fuerunt
2061 1643 2094 1680 a

460 1719 556 1769 tua
608 1715 858 1772 fraterna
911 1719 1229 1788 sanctitate,
1279 1724 1397 1774 tam
1451 1719 1510 1773 in
1567 1720 1764 1789 verbo,
1813 1736 1987 1791 quam
2032 1720 2090 1774 in

2196 497 2254 551 in
2285 513 2442 551 caena
2471 495 2718 563 Domini,
2750 512 2922 568 quam
2961 496 3020 551 in
3063 495 3188 551 aliis
3218 495 3439 550 diebus.
3483 497 3597 550 Hoc
3630 498 3832 553 Domi-

2199 591 2388 646 nicum
2408 594 2758 663 praeceptum
2771 595 2873 658 est,
2888 590 3045 663 quod
3059 590 3159 662 qui
3175 605 3277 661 per
3291 590 3468 644 ﬁdem
3489 589 3832 662 impleverit,

2199 685 2430 740 habebit
2450 701 2514 739 ex
2544 701 2611 740 eo
2637 684 2890 740 laudem.
2916 683 3139 740 Etenim
3154 683 3260 738 viri
3280 686 3337 738 et
3359 683 3630 739 mulieres
3657 701 3836 740 unum

2197 780 2373 834 Deum
2401 779 2682 834 habemus
2705 778 2802 850 qui
2824 779 2881 833 in
2903 779 3056 833 caelis
3084 782 3188 833 est.
3208 781 3316 833 Pro
3338 778 3835 834 benedictionibus

2199 875 2392 927 autem
2417 889 2556 944 quas
2582 873 2798 927 faciunt
2827 873 2986 940 Galli,
3014 876 3078 928 ut
3105 872 3272 940 nosti,
3299 873 3492 940 frater,
3519 873 3718 928 multis
3750 874 3830 927 vi-

2198 967 2287 1022 tiis
2313 966 2624 1022 variantur.
2656 969 2798 1022 Nam
2823 983 2940 1021 non
2967 982 3035 1022 ex
3062 967 3370 1038 apostolica
3395 967 3704 1022 traditione
3727 969 3836 1023 hoc

2197 1061 2430 1130 faciunt,
2464 1062 2562 1116 sed
2589 1077 2692 1133 per
2719 1077 2920 1116 vanam
2953 1060 3195 1131 gloriam
3223 1060 3333 1116 hoc
3364 1067 3697 1132 operantur,
3726 1062 3834 1116 sibi

2197 1156 2331 1227 ipsis
2360 1155 2788 1211 damnationem
2837 1155 3194 1222 adhibentes,
3224 1156 3360 1210 dum
3390 1155 3664 1226 scriptum
3702 1161 3789 1210 est
3817 1175 3831 1210 :

2199 1272 2224 1299 ‹‹
2247 1250 2300 1305 Si
2331 1249 2458 1321 quis
2478 1250 2642 1305 vobis
2667 1249 3136 1320 evangelizaverit
3161 1253 3373 1321 praeter
3399 1249 3457 1303 id
3487 1250 3641 1320 quod
3663 1265 3834 1305 evan-

2197 1343 2498 1415 gelizatum
2544 1347 2647 1411 est,
2693 1343 3000 1398 anathema
3049 1345 3121 1397 sit
3150 1342 3292 1413 (Gal.
3324 1360 3360 1410 ι,
3389 1346 3461 1413 9).
3494 1366 3520 1393 ››
3551 1345 3830 1415 Regulam

2194 1437 2484 1493 catholicae
2513 1437 2836 1492 traditionis
2861 1437 3182 1508 suscepisti,
3208 1437 3390 1492 frater
3412 1437 3828 1492 amantissime.

2194 1531 2281 1587 Sic
2313 1531 2580 1586 omnibus
2616 1530 2888 1602 praedica,
2918 1547 3234 1603 omnesque
3276 1531 3429 1601 doce,
3459 1532 3606 1586 sicut
3633 1548 3668 1585 a
3697 1548 3831 1586 san-

2195 1630 2282 1679 cta
2334 1627 2612 1692 Romana,
2656 1626 2746 1680 cui
2799 1625 2911 1678 Deo
2957 1629 3189 1679 auctore
3241 1624 3614 1692 deservimus,
3667 1642 3829 1680 acce-

2195 1718 2326 1790 pisti
2352 1719 2617 1774 Ecclesia.
2647 1718 2928 1790 quuisisti
2975 1719 3150 1773 etiam
3175 1719 3384 1785 ethoc,
3417 1719 3464 1773 si
3494 1722 3628 1774 ante
3659 1720 3828 1774 trice-

456 1810 788 1880 prsescripto
841 1811 1033 1866 omnia
1083 1812 1356 1883 liquidius
1399 1819 1768 1884 suggerentes
1821 1797 2399 1870 innotue-Bsimum
2429 1829 2646 1868 annum
2689 1813 2859 1868 liceat
2897 1813 3257 1869 sacerdotem
3305 1813 3576 1869 ordinari.
3610 1815 3830 1869 Bonum

457 1907 610 1971 runt,
642 1905 711 1959 de
741 1906 946 1976 quibus
990 1909 1110 1960 tam
1157 1906 1216 1960 in
1261 1907 1435 1962 verbo
1485 1924 1823 1979 responsum
1867 1909 2085 1976 dantes,

457 2003 512 2052 et
567 1999 922 2070 prtescripto,
977 2005 1088 2054 tuae
1136 2001 1458 2056 remisimus
1519 2002 1883 2083 fraternitati.
1940 2004 2088 2058 Con-

457 2091 713 2147 tinebant
737 2093 893 2148 enim
929 2094 1178 2166 capitula
1227 2095 1287 2149 in
1321 2095 1520 2166 pitatio
1563 2096 1634 2150 ab
1678 2097 1759 2150 eis
1803 2101 2086 2167 porrecto,

457 2202 582 2256 qure
629 2187 867 2242 inferius
918 2205 1143 2243 annexa
1189 2194 1344 2258 sunt,
1383 2189 1453 2244 de
1501 2190 1706 2260 quibus
1749 2190 2016 2261 ﬂagitasti
2056 2207 2090 2245 a

457 2279 622 2335 nobis
649 2297 777 2351 quae
809 2281 1156 2352 recipienda,
1187 2299 1316 2353 quae
1344 2284 1663 2354 respuenda
1691 2289 1842 2338 sunt.

526 2377 586 2428 ln
615 2375 814 2446 primis
840 2375 910 2430 de
938 2376 1282 2448 volatilibus,
1310 2377 1368 2433 id
1409 2381 1512 2446 est,
1544 2379 1790 2450 graculis
1817 2383 1873 2434 et
1901 2381 2085 2434 corni-

453 2468 612 2538 culis,
647 2473 818 2541 atque
847 2469 1098 2539 ciconiis,
1130 2489 1258 2543 quin
1287 2471 1520 2527 omnino
1567 2473 1828 2528 cavendae
1859 2478 1991 2528 sunt
2018 2474 2089 2528 ab

451 2579 551 2617 esu
577 2563 1050 2634 Christianorum,
1080 2566 1255 2621 etiam
1289 2569 1345 2622 et
1371 2566 1519 2637 fibri,
1563 2570 1733 2638 atque
1760 2569 1999 2639 lepores,
2035 2573 2091 2623 et

453 2657 584 2728 equi
644 2658 876 2714 silvatici
937 2659 1120 2714 multo
1187 2661 1432 2732 amplius
1491 2661 1748 2716 cavendi.
1797 2664 2085 2731 Attamen,

453 2751 800 2807 sanctissime
820 2753 1015 2824 frater,
1041 2754 1110 2808 de
1129 2755 1396 2810 omnibus
1419 2755 1727 2826 Scripturis
1754 2755 1923 2810 sacris
1943 2756 2090 2812 bene

453 2850 782 2916 compertus
797 2863 874 2902 es.
897 2848 970 2901 De
989 2848 1121 2919 igne
1139 2853 1328 2903 autem
1348 2849 1790 2919 Paschali,quod
1805 2849 2089 2920 inquisisti

452 2956 485 2992 a
529 2939 736 2993 sanctis
779 2940 976 3010 priscis
1023 2941 1302 3009 Patribus,
1331 2959 1399 2996 ex
1445 2959 1559 3012 quo
1603 2958 1706 3013 per
1741 2943 1838 2997 Dei
1879 2945 1936 2996 et
1977 2943 2085 2997 Do-

453 3031 594 3086 mini
626 3033 804 3086 nostri
849 3033 978 3088 Jesu
1024 3033 1230 3088 Christi
1277 3035 1539 3106 gratiam,
1570 3041 1625 3090 et
1664 3035 1912 3106 pretioso
1955 3053 2084 3091 san-

451 3125 623 3192 guine
645 3125 766 3196 ejus
791 3127 1021 3182 ecclesia
1050 3127 1308 3183 dedicata
1330 3134 1415 3184 est
1441 3129 1643 3200 quinta
1668 3129 1808 3185 feria
1833 3131 2081 3201 Paschaz,

453 3219 587 3272 dum
635 3236 861 3275 sacrum
911 3221 1162 3276 chrisma
1207 3227 1588 3293 consecratur,
1639 3227 1752 3278 tres
1796 3225 2085 3294 lampades

449 3329 674 3383 magnze
697 3314 1025 3386 capacitatis
1047 3332 1116 3370 ex
1141 3315 1375 3371 diversis
1395 3317 1646 3372 candelis
1671 3319 1933 3373 Ecclesiae
1956 3319 2084 3374 oleo

448 3408 704 3477 collecto,
740 3409 797 3463 in
831 3409 1120 3465 secretiori
1150 3411 1400 3466 ecclesiae
1442 3412 1586 3480 loco,
1615 3412 1690 3466 ad
1719 3412 1964 3484 figuram
1994 3415 2081 3468 in-

449 3501 669 3555 terioris
725 3503 1076 3558 tabernaculi
1129 3504 1424 3560 insistente
1478 3505 1893 3576 indeﬁcienter,
1951 3523 2084 3562 cum

450 3595 628 3650 multa
677 3595 974 3666 diligentia
1017 3597 1270 3669 inspecte
1316 3599 1619 3666 ardebunt,
1662 3600 1739 3655 ita
1784 3606 1849 3655 ut
1894 3602 2084 3656 oleum

447 3687 636 3758 ipsum
687 3689 946 3744 sufficere
1015 3692 1191 3763 possit
1249 3709 1425 3764 usque
1477 3693 1549 3747 ad
1607 3694 1839 3748 tertium
1908 3695 2080 3750 diem.

447 3784 520 3836 De
578 3783 783 3854 quibus
851 3785 1102 3840 candelis
1176 3786 1420 3842 Sabbato
1489 3793 1702 3857 sancto,
1753 3805 1855 3859 pro
1912 3790 2084 3844 fontis

449 3877 591 3931 sacri
655 3877 996 3949 baptismate
1049 3884 1308 3951 sumptus
1373 3881 1522 3953 ignis
1577 3897 1678 3953 per
1736 3883 2083 3940 sacerdotem

450 3971 833 4027 renovabitur.
893 3976 967 4028 De
1027 3975 1332 4030 christallis
1386 3980 1600 4044 autem,
1657 3981 1720 4032 ut
1773 3977 2080 4044 asseruisti,

446 4065 660 4120 nullam
711 4066 986 4122 habemus
1035 4069 1428 4124 traditionem.
1479 4071 1559 4125 Dc
1614 4071 1724 4141 his,
1772 4071 1870 4143 qui
1923 4071 2083 4143 regio

449 4159 648 4214 morbo
668 4165 945 4216 vexantur
961 4163 1270 4232 inquisisti,
1290 4165 1404 4218 sive
1421 4165 1554 4236 equi
1575 4165 1705 4235 sint,
1725 4164 2082 4236 quidfacien-

449 4253 583 4306 dum
611 4253 685 4306 sit
710 4253 780 4308 de
811 4255 940 4309 illis.
963 4255 1019 4310 Si
1049 4256 1308 4311 homines
1335 4274 1406 4311 ex
1428 4258 1739 4327 nativitate,
1757 4265 1853 4314 aut
1875 4275 2081 4329 genere

448 4345 618 4414 hujus
651 4347 838 4400 morbi
865 4352 1016 4416 sunt,
1042 4348 1099 4402 hi
1131 4354 1287 4403 extra
1318 4350 1607 4406 civitatem
1635 4352 1895 4407 comitari
1917 4353 2082 4408 debe-

447 4438 610 4507 bunt,
642 4439 1065 4512 eleemosynam
1098 4458 1229 4497 vero
1272 4443 1344 4498 ad
1383 4444 1777 4516 accipiendum
1805 4463 1835 4500 a
1870 4447 2080 4518 populo

2105 3169 2160 3244 C

2190 1909 2247 1962 et
2275 1923 2614 1977 congruum,
2648 1906 2982 1962 charissime
3024 1907 3218 1974 frater,
3254 1908 3299 1962 si
3330 1908 3453 1962 ﬁeri
3493 1914 3551 1963 et
3587 1909 3832 1964 inveniri

2190 2004 2394 2071 potest,
2421 2005 2482 2055 ut
2524 2003 2804 2071 provectae
2853 2000 3036 2056 aatatis
3077 2006 3134 2055 et
3185 2001 3323 2056 boni
3362 2001 3468 2056 viri
3510 2002 3831 2058 testimonii

2183 2095 2345 2164 juxta
2372 2111 2663 2150 sacrorum
2681 2111 2965 2150 canonum
2985 2095 3264 2163 instituta,
3281 2096 3623 2150 ordinentur
3647 2114 3833 2151 sacer—

2191 2188 2371 2244 dotes.
2409 2188 2463 2244 Si
2493 2192 2688 2244 autem
2727 2187 2970 2244 minime
3016 2189 3402 2260 reperiuntur,
3438 2193 3495 2244 et
3522 2191 3834 2246 necessitas

2190 2281 2458 2352 exposcit,
2505 2299 2539 2336 a
2578 2281 2781 2353 viginti
2824 2282 3083 2354 quinque
3132 2283 3297 2338 annis
3339 2286 3394 2338 et
3442 2301 3617 2355 supra
3665 2285 3833 2339 levita

2191 2379 2247 2430 et
2267 2376 2584 2432 sacerdotes
2601 2375 2963 2446 ordinentur,
2986 2377 3474 2448 quemadmodum
3495 2378 3557 2432 in
3576 2378 3709 2450 lege
3732 2379 3832 2433 Do-

2191 2469 2332 2524 mini
2359 2470 2704 2526 continetur.
2728 2472 2806 2525 De
2829 2469 3034 2526 Milone
3052 2474 3251 2525 autem
3280 2477 3336 2526 et
3357 2471 3644 2541 ejusmodi
3669 2472 3831 2526 simi-

2191 2563 2356 2631 libus,
2387 2563 2484 2635 qui
2517 2563 2774 2618 Ecclesiis
2813 2564 2910 2620 Dei
2954 2563 3267 2635 plurimum
3314 2569 3536 2632 nocent,
3567 2568 3634 2619 ut
3671 2582 3708 2619 a
3733 2566 3830 2620 tali

2191 2657 2410 2712 nefario
2461 2673 2632 2728 Opere
2697 2657 2986 2725 recedant,
3038 2659 3203 2729 juxta
3260 2659 3510 2728 Apostoli
3564 2675 3770 2715 vocem
3815 2678 3828 2714 :

2195 2775 2221 2800 ‹‹
2246 2752 2603 2823 Opportune,
2629 2752 2959 2824 importune
2988 2752 3237 2823 praedica
3258 2753 3336 2822 (ΙΙ
3358 2755 3494 2808 Tim.
3520 2769 3597 2819 1v,
3616 2755 3695 2825 2).
3725 2775 3747 2804 ι
3772 2753 3827 2809 Si

2188 2845 2577 2917 acquieverint
2597 2845 3090 2902 admonitionibus
3113 2846 3246 2912 tuis,
3275 2846 3582 2902 salvabunt
3604 2848 3830 2902 animas

2189 2957 2335 2994 suas.
2386 2939 2483 2995 Sin
2532 2956 2667 2994 vero
2711 2939 2818 3011 ipsi
2860 2939 3133 3011 peribunt
3181 2940 3428 2995 obvoluti
3475 2941 3532 2994 in
3577 2941 3832 3012 peccatis

2188 3033 2321 3088 suis.
2353 3034 2432 3088 'l‘u
2456 3037 2650 3089 autem
2680 3033 2778 3104 qui
2809 3037 2960 3088 recte
2988 3033 3283 3104 praedicas,
3305 3050 3421 3088 non
3450 3034 3661 3105 perdes
3685 3051 3832 3089 mer-

2187 3127 2382 3182 cedem
2424 3132 2603 3181 tuam.
2641 3128 2787 3182 Nam
2826 3130 2885 3182 et
2912 3127 3022 3182 hoc
3052 3126 3355 3198 inquisisti,
3382 3133 3509 3198 post
3539 3132 3830 3199 quantum

2187 3221 2463 3293 temporis
2484 3221 2653 3276 debet
2678 3221 2873 3276 lardus
2900 3221 3143 3290 comedi,
3164 3221 3326 3275 nobis
3351 3238 3384 3275 a
3410 3221 3684 3276 Patribus
3703 3239 3830 3277 con-

2187 3315 2448 3371 stitutum
2473 3331 2577 3386 per
2605 3315 2714 3370 hoc
2747 3332 2865 3370 non
2896 3318 3000 3371 est.
3029 3315 3152 3370 Tibi
3193 3319 3385 3370 autem
3422 3316 3644 3386 petenti
3695 3334 3827 3371 con-

2185 3409 2374 3464 silium
2418 3409 2767 3480 praebemus,
2795 3408 2950 3480 quod
2985 3425 3104 3464 non
3145 3413 3404 3480 oporteat
3431 3425 3569 3463 eum
3602 3411 3829 3478 mandi,

2187 3503 2517 3575 priusquam
2561 3519 2732 3574 super
2772 3502 2932 3559 fumo
2977 3503 3236 3571 siccetur,
3283 3509 3382 3558 aut
3422 3503 3558 3575 igne
3609 3521 3828 3576 coqua-

2185 3602 2296 3652 tur.
2349 3596 2405 3652 Si
2449 3613 2583 3652 vero
2626 3596 2766 3652 libet
2815 3602 2880 3653 ut
2923 3597 3210 3652 incoctum
3258 3597 3657 3664 manducetur,
3705 3603 3832 3672 post

2185 3692 2513 3746 Paschalem
2542 3691 2905 3746 festivitatem
2942 3691 3050 3746 erit
3079 3691 3565 3747 manducandum.

2256 3785 2562 3857 Episcopus
2587 3787 2782 3840 autem
2809 3784 3243 3852 condemnatus,
3270 3785 3338 3840 de
3365 3802 3481 3856 quo
3511 3786 3826 3858 inquisisti,

2185 3880 2281 3951 qui
2303 3879 2678 3951 impugnator
2696 3882 2753 3935 et
2772 3878 3085 3934 fornicator
3113 3878 3321 3948 existit,
3336 3882 3508 3950 atque
3524 3897 3616 3935 res
3642 3883 3824 3937 eccle-

2183 3973 2280 4028 sia:
2305 3978 2435 4044 post
2475 3973 2947 4044 degradationem
2993 3973 3098 4027 sibi
3130 3972 3433 4028 vendicare
3476 3975 3711 4044 nititur,
3743 3977 3829 4030 hic

2185 4068 2420 4123 omnino
2443 4084 2506 4123 ac
2533 4067 2950 4123 detestabiliter
2967 4067 3321 4138 respuendus
3341 4073 3446 4124 est.
3464 4090 3492 4116 ‹‹
3511 4069 3658 4133 Qua:
3673 4071 3826 4126 enim

2181 4162 2371 4233 portio
2420 4161 2666 4217 infidelis
2714 4178 2846 4216 cum
2894 4161 3098 4217 ﬁdeli?
3145 4164 3252 4216 Aut
3304 4177 3432 4232 quae
3490 4166 3826 4218 communio

2181 4255 2386 4312 Christi
2416 4255 2489 4310 ad
2534 4254 2743 4310 Belial?
2771 4274 2799 4306 »
2833 4257 2910 4324 (II
2946 4258 3063 4312 Cor.
3092 4271 3166 4324 v1,
3205 4257 3309 4324 15.)
3342 4256 3453 4310 Has
3495 4261 3822 4312 sanctorum

2180 4352 2412 4404 Patrum
2440 4349 2799 4417 traditiones,
2821 4352 2877 4403 et
2896 4352 3223 4404 sanctorum
3251 4365 3541 4404 canonum
3567 4350 3826 4406 instituta

2181 4443 2722 4499 condemnaverunt.
2755 4444 2831 4498 De
2861 4441 3222 4497 ordinatione
3247 4441 3417 4497 etiam
3453 4444 3826 4516 presbytero-

447 4549 563 4588 uon
591 4534 850 4589 devitari.
884 4536 943 4590 Si
967 4540 1157 4591 autem
1199 4538 1505 4609 contigerit
1530 4555 1805 4611 magnum
1833 4541 1922 4594 vel
1951 4557 2078 4611 par-
2101 4547 2160 4620 D
2182 4553 2309 4592 rum
2333 4540 2390 4592 et
2417 4537 2811 4606 diaconorum,
2839 4536 2937 4608 qui
2965 4539 3205 4606 cogente
3232 4536 3570 4592 necessitate
3604 4544 3665 4594 et
3696 4556 3829 4610 pau-

445 4643 578 4681 vum
607 4645 724 4682 non
771 4629 1088 4700 nativitate,
1119 4632 1216 4686 sed
1256 4633 1695 4704 superveniente
1739 4634 2082 4705 {egritudine

447 4721 651 4789 vexari,
695 4739 812 4776 non
858 4728 942 4778 est
988 4725 1394 4796 projiciendus,
1439 4728 1534 4782 sed
1588 4729 1632 4781 si
1679 4727 1950 4799 possibile
1997 4733 2082 4782 est

446 4813 752 4868 curandus.
783 4817 1048 4872 Attamen
1086 4818 1143 4873 in
1180 4819 1432 4889 ecclesia,
1461 4821 1597 4874 dum
1629 4821 1697 4875 ad
1724 4822 2078 4876 communio-

445 4924 580 4961 nem
648 4909 887 4979 venerit,
947 4915 1076 4982 post
1151 4913 1414 4968 omnium
1493 4915 1912 4986 suppletionem
1975 4916 2082 4970 erit

449 5002 808 5072 ingressurus
828 5004 895 5058 ad
923 5005 1384 5077 participandum
1406 5025 1634 5064 munus.
1659 5009 1803 5080 Equi
1827 5026 1960 5064 vero
1983 5010 2081 5080 qui

445 5096 681 5166 praefato
727 5098 931 5153 morbo
975 5099 1188 5155 fuerint
1229 5101 1603 5172 coinquinati,
1639 5103 1682 5156 si
1733 5104 1916 5158 curari
1964 5120 2079 5158 non

445 5190 752 5260 valuerint,
788 5191 846 5245 in
893 5192 1082 5263 puteis
1127 5199 1182 5249 et
1223 5195 1397 5250 foveis
1443 5197 1783 5268 projiciendi
1825 5203 1976 5264 sunt,
2011 5215 2082 5252 ne

450 5282 630 5356 291
657 5285 917 5356 ejusdem
938 5287 1124 5342 morbi
1143 5289 1480 5361 contagione
1503 5291 1690 5346 caeteri
1714 5291 2084 5363 coinquinen-

445 5384 557 5432 tur.
592 5380 666 5433 De
710 5380 1056 5436 animalibus
1091 5387 1283 5438 autem
1317 5401 1446 5454 qua:
1476 5402 1508 5438 a
1539 5385 1880 5453 furentibus,
1913 5386 1970 5440 id
1999 5389 2084 5439 est

446 5471 656 5526 rabidis
686 5473 836 5546 lupis
857 5478 914 5529 et
929 5476 1164 5532 canibus
1191 5477 1407 5532 fuerint
1430 5477 1699 5546 lacerata,
1718 5482 1942 5549 oportet
1961 5495 2029 5533 ea
2050 5495 2081 5532 a

443 5566 664 5621 caeteris
685 5569 957 5640 separari,
974 5587 1045 5624 ne
1056 5571 1425 5641 perfurentes
1445 5573 1500 5625 et
1520 5571 1850 5627 mordentes
1877 5575 2084 5627 czetera

445 5659 906 5730 coinquinentur.
953 5663 1120 5728 Quod
1150 5665 1195 5719 si
1223 5682 1406 5736 pauca
1452 5669 1601 5732 sunt,
1635 5669 1698 5719 ut
1739 5682 1908 5736 supra
1937 5665 2079 5720 dixi-

449 5770 600 5821 mus,
623 5754 682 5808 in
705 5755 893 5811 foveas
920 5757 1265 5829 projicienda
1294 5763 1447 5814 sunt.
1477 5761 1616 5814 Nam
1641 5763 1696 5814 et
1726 5759 1831 5814 hoc
1853 5758 2084 5831 inquisi-

446 5845 524 5900 vit
554 5847 876 5903 fraternitas
907 5855 1024 5921 tua,
1055 5852 1100 5906 si
1139 5852 1304 5908 liceat
1345 5853 1801 5910 sanctimoniales
1841 5854 2082 5910 feminas

2184 4634 2402 4703 portate
2429 4629 2758 4701 rogantium
2787 4646 2904 4685 non
2934 4629 3208 4701 legitimis
3233 4630 3599 4700 temporibus
3625 4636 3682 4688 et.
3709 4633 3824 4686 die-

2183 4725 2289 4780 bus
2317 4741 2345 4778 a
2379 4729 2433 4779 te
2473 4727 2882 4795 provenerunt,
2917 4723 2964 4778 si
2993 4723 3245 4795 aliquam
3286 4723 3566 4778 habentes
3616 4742 3684 4782 ex
3721 4727 3822 4781 hoc

2185 4817 2558 4873 offensionem
2600 4817 2920 4887 insinuasti,
2949 4817 3191 4873 dicimus
3232 4823 3423 4872 autem
3462 4818 3590 4886 tibi,
3622 4820 3821 4885 frater,

2184 4913 2328 4967 bene
2349 4911 2496 4966 nosti
2523 4912 2678 4983 quod
2706 4911 2848 4966 sacri
2875 4928 3122 4966 canones
3142 4912 3347 4966 docent
3372 4912 3518 4984 aptis
3542 4915 3821 4986 tempori-

2182 5007 2288 5060 bus
2316 5006 2628 5061 sacerdotes
2654 5005 3025 5061 ordinandos.
3048 5009 3317 5061 Attamen
3347 5005 3403 5060 in
3432 5021 3500 5061 eo
3526 5007 3686 5077 quod
3717 5013 3820 5061 ate

2181 5105 2416 5172 propter
2443 5101 2625 5155 zelum
2655 5099 2788 5155 ﬁdei
2817 5104 3010 5155 actum
3032 5105 3138 5166 est,
3162 5117 3196 5154 a
3221 5099 3462 5154 Domino
3484 5101 3598 5156 Deo
3633 5107 3821 5156 nostro

2183 5195 2599 5265 indulgentiam
2627 5193 3004 5265 postulamus.
3037 5195 3110 5249 De
3140 5210 3314 5249 censu
3341 5198 3532 5250 autem
3558 5195 3821 5250 ecclesia-

2185 5306 2334 5358 rum,
2367 5289 2422 5344 id
2465 5294 2568 5356 est,
2601 5288 2848 5344 solidum
2876 5289 2944 5344 de
2982 5293 3195 5344 cassata
3234 5289 3479 5360 suscipe,
3512 5293 3572 5344 et
3601 5290 3819 5344 nullam

2184 5382 2395 5437 habeas
2441 5382 2882 5452 hmsitationem,
2915 5382 3054 5437 dum
3099 5399 3168 5438 ex
3200 5399 3268 5438 eo
3314 5383 3526 5455 poteris
3567 5384 3816 5438 eleemo-

2175 5494 2384 5551 _synam
2431 5477 2703 5541 tribuere,
2733 5493 2798 5532 ac
2840 5477 2897 5531 in
2939 5477 3146 5532 Christi
3193 5493 3470 5549 pauperes
3507 5478 3739 5549 partiri,
3767 5481 3822 5531 et

2184 5589 2326 5643 opus
2342 5572 2611 5643 perﬁcere
2630 5587 2919 5626 sacrarum
2948 5572 3338 5642 ecclesiarum,
3353 5572 3517 5643 juxta
3535 5587 3818 5627 canonum

2182 5665 2461 5720 instituta.
2508 5664 2562 5720 Si
2609 5681 2754 5736 quos
2800 5681 2934 5719 vero
2981 5665 3361 5736 presbyteros,
3409 5664 3507 5737 qui
3548 5665 3620 5720 de
3661 5664 3814 5719 laicis

2181 5757 2428 5830 promoti
2457 5757 2686 5826 fuerint,
2720 5762 2776 5814 et
2815 5762 2983 5813 antea
3019 5758 3412 5814 criminalibus
3435 5758 3615 5813 causis
3637 5759 3808 5812 obvo-

2182 5852 2284 5908 luti
2318 5853 2566 5909 celantes
2592 5857 2893 5925 peccatum
2913 5869 3078 5908 suum
3109 5853 3356 5909 ordinati
3379 5858 3529 5923 sunt,
3557 5859 3804 5926 postmo-
