4092 6192
323 301 454 353 H73

1525 297 1992 355 DECRETALIUM
2030 295 2414 351 COLLECTIO.

3549 297 3682 348 illi

315 408 450 460 dum
481 423 610 461 vero
639 411 696 461 et
719 407 1080 463 manifestata
1101 413 1187 463 est
1211 425 1410 463 eorum
1437 408 1633 480 iniqua
1652 407 1821 475 actio,
1841 407 1944 463 hos
1966 417 2026 492 Α
2047 402 2238 459 subtili
2283 403 2736 460 consideratione
2777 403 3079 472 discernat,
3125 402 3172 458 si
3213 401 3467 473 expedit,
3509 407 3609 458 aut
3633 405 3679 458 si

313 501 646 556 sacerdotali
661 501 858 556 habitu
875 501 1124 574 privatos
1141 503 1490 573 poenitentiae
1513 501 1805 558 submitte.
1823 503 1946 558 Non

312 595 465 650 enim
494 595 612 651 odit
640 597 786 651 Deus
821 600 1156 666 peccantem
1181 600 1240 651 et
1265 596 1654 666 confitentem,
1685 597 1783 652 sed
1810 611 1940 667 pec-

315 694 540 744 cantem
571 694 627 744 ct
651 693 980 761 negantem.
1018 691 1159 745 Nam
1189 692 1296 746 hoc
1327 691 1600 763 ﬂagitasti
1631 707 1664 746 a
1689 691 1876 758 nobis,
1899 690 1945 746 si

314 784 444 838 licet
469 783 925 854 persecutionem
975 801 1326 856 paganorum
1354 786 1555 856 fugere
1595 802 1669 840 an
1702 801 1836 840 non.
1879 786 1947 840 Et

314 894 418 948 pro
459 878 589 944 hoc,
629 879 822 946 frater,
861 878 1112 933 salutare
1143 879 1444 934 consilium
1478 880 1698 934 damus.
1733 879 1786 935 Si
1821 878 1943 934 ﬁeri

314 977 517 1042 potest,
551 977 606 1027 et
635 974 825 1027 locum
868 973 1176 1043 inveneris,
1227 975 1377 1028 insta
1416 974 1486 1028 ad
1520 973 1943 1045 praedicandum

317 1067 444 1122 illis.
475 1067 531 1122 Si
561 1072 755 1123 autem
787 1072 1124 1139 supportare
1153 1085 1271 1123 non
1313 1068 1555 1123 valueris
1585 1085 1785 1123 eorum
1815 1083 1940 1139 per-

313 1161 691 1229 secutionem,
738 1162 916 1217 habes
957 1166 1309 1234 praeceptum
1357 1162 1738 1230 Dominicum,
1778 1168 1842 1216 ut
1884 1161 1944 1216 in

311 1256 484 1311 aliam
511 1256 848 1327 ingrediaris
881 1256 1166 1312 civitatem
1203 1257 1418 1328 (Matth.
1467 1275 1520 1325 x,
1560 1259 1669 1328 23).
1707 1259 1846 1312 Nam
1887 1260 1944 1311 et

313 1351 421 1405 hoc
449 1350 735 1422 inquisisti
757 1351 896 1422 quid
915 1351 1239 1406 faciendum
1261 1351 1331 1406 sit
1355 1352 1424 1406 de
1449 1351 1944 1407 excommunicato

312 1445 601 1515 episcopo,
648 1448 705 1499 et
749 1445 1118 1516 apostolicam
1154 1445 1550 1501 auctoritatem
1591 1446 1939 1517 negligente.

313 1539 411 1593 llic
440 1538 788 1594 detestabilis
815 1544 900 1594 est
918 1555 1110 1594 coram
1136 1541 1250 1594 Deo
1278 1543 1335 1594 et
1356 1540 1686 1595 hominibus
1704 1540 1795 1594 cui
1818 1556 1944 1594 con-

313 1632 663 1687 demnationi
691 1632 1168 1688 incondemnatus
1186 1650 1304 1689 non
1325 1634 1802 1702 communicabit;
1833 1633 1942 1705 ipsi

313 1727 468 1781 enim
500 1727 1034 1782 condemnabuntur
1067 1732 1123 1782 et
1161 1727 1220 1781 in
1251 1727 1339 1782 die
1371 1727 1470 1782 ira:
1503 1732 1560 1781 et
1584 1728 1942 1783 revelationis

2044 498 2171 553 loca
2207 497 2296 553 vel
2330 499 2677 570 populorum
2707 498 2890 554 turbae
2915 497 3056 554 talia
3081 512 3205 552 esse
3232 495 3570 568 probantur,
3616 503 3680 554 ut

2046 591 2341 664 episcopos
2369 592 2580 649 habere
2615 596 2972 649 mereantur.
3007 590 3334 648 Memineris
3362 590 3518 646 enim
3540 591 3679 664 quid

2045 685 2106 741 in
2143 685 2318 742 sacris
2355 687 2662 743 canonibus
2700 687 3070 760 prtecipimur
3105 686 3422 755 observare,
3464 690 3526 742 ut
3562 687 3674 742 mi-

2043 780 2200 836 nime
2241 780 2303 835 in
2330 780 2550 836 villulas
2577 783 2665 838 vel
2706 781 2766 837 in
2814 781 3069 838 modicas
3104 781 3354 836 civitates
3382 780 3678 852 episcopos

2043 874 2392 945 ordinemus,
2448 891 2523 930 ne
2560 875 2792 932 vilescat
2844 892 3055 932 nomen
3100 875 3369 946 episcopi.
3417 875 3527 930 Sed
3569 891 3675 930 nos

2043 969 2156 1024 tuis
2179 968 2568 1025 sincerissimis
2594 973 2765 1041 atque
2791 987 2826 1025 a
2852 969 3020 1025 nobis
3051 968 3269 1025 dilectis
3293 968 3521 1040 syllabis
3539 984 3673 1039 pro-

2044 1061 2243 1132 vocati,
2289 1079 2416 1135 quae
2459 1063 2810 1135 proposuisti
2842 1063 3056 1136 absque
3080 1080 3245 1119 mora
3271 1061 3507 1118 concedi
3531 1062 3678 1134 pati-

2043 1172 2206 1224 mur,
2255 1161 2311 1212 et
2354 1157 2654 1212 statuimus
2702 1174 2806 1230 per
2857 1158 3230 1229 apostolicam
3277 1156 3674 1212 auctoritatem

2045 1250 2403 1323 episcopales
2432 1251 2548 1306 illic
2589 1268 2710 1308 esse
2748 1252 2913 1307 sedes
2949 1268 3077 1323 quae
3123 1268 3225 1322 per
3258 1251 3675 1307 successionem

2045 1347 2342 1417 episcopos
2362 1348 2712 1415 mereantur,
2743 1349 2801 1401 et
2827 1345 3056 1418 populis
3076 1345 3326 1417 praesint,
3357 1349 3526 1417 atque
3556 1360 3677 1399 ver-

2043 1439 2183 1494 bum
2204 1439 2624 1512 praedicationis
2648 1439 2915 1510 subjectis
2942 1439 3286 1508 insinuetur,
3303 1440 3360 1494 id
3385 1442 3486 1509 est,
3509 1439 3568 1494 in
3592 1455 3676 1493 ca-

2043 1533 2206 1590 stello
2234 1533 2386 1606 quod
2417 1533 2623 1590 dicitur
2641 1534 2996 1606 Mursaburg,
3027 1539 3084 1590 et
3107 1535 3353 1590 alterum
3379 1533 3439 1588 in
3464 1533 3675 1606 oppido

2042 1628 2201 1700 quod
2232 1627 2566 1684 nominatur
2587 1628 2903 1700 Buraburg,
2930 1627 3168 1684 tertium
3195 1629 3256 1683 in
3281 1627 3406 1683 loco
3428 1627 3526 1699 qui
3544 1627 3678 1683 dici-

2043 1725 2137 1777 tur
2166 1722 2519 1794 Erphesfurt.
2550 1724 2634 1778 Ita
2663 1725 2728 1778 ut
2755 1721 2896 1777 nulli
2919 1728 3046 1793 post
3071 1723 3194 1778 haec
3212 1722 3378 1778 liceat
3407 1723 3676 1793 cuiquam

313 1821 537 1875 Domini
564 1824 624 1875 et
653 1820 958 1876 Salvatoris
986 1822 1308 1876 nostriJesu
1329 1822 1558 1891 Christi,
1583 1839 1715 1876 cum
1737 1798 2020 1877 sederitB
2045 1817 2166 1872 11th
2195 1833 2323 1888 quae
2355 1834 2389 1872 a
2415 1817 2582 1872 nobis
2611 1816 2828 1872 sancita
2853 1820 2987 1872 sunt
3014 1816 3420 1888 quoquomodo
3441 1815 3675 1879 violare.

309 1914 380 1968 ad
401 1913 775 1985 judicandum
804 1930 987 1985 genus
1017 1915 1339 1970 humanum
1384 1917 1549 1983 (Rom.
1595 1932 1656 1982 ιι,
1690 1919 1761 1984 5),
1800 1915 1946 1970 sicut

307 2009 582 2079 scriptum
604 2012 690 2062 est
719 2025 732 2061 :
764 2008 1033 2078 Superbis
1059 2025 1167 2079 ego
1195 2009 1482 2078 resistam,
1506 2009 1644 2064 dicit
1671 2009 1944 2066 Dominus

314 2107 354 2170 ll
384 2106 528 2157 Petr.
590 2119 653 2171 v,
715 2103 787 2173 5).
844 2102 1067 2158 Etenim
1117 2103 1186 2157 de
1233 2102 1444 2158 Sclavis
1495 2103 1946 2159 Christianorum

310 2202 524 2252 terram
550 2196 1019 2264 inhabitantibus,
1066 2198 1111 2250 si
1137 2200 1398 2268 oporteat
1426 2214 1660 2252 censum
1688 2197 1946 2269 accipere

310 2291 697 2361 interrogasti,
731 2290 924 2346 frater.
964 2291 1079 2345 Hoc
1120 2291 1356 2362 quidem
1385 2291 1617 2347 consilio
1649 2308 1763 2346 non
1794 2292 1942 2346 indi-

313 2390 427 2457 get,
447 2385 584 2439 dum
603 2385 686 2439 rei
701 2401 868 2439 causa
885 2388 971 2440 est
987 2385 1317 2440 manifesta.
1341 2385 1396 2441 Si
1413 2385 1571 2440 enim
1592 2386 1712 2441 sine
1733 2386 1945 2441 tributo

311 2479 584 2548 sederint,
617 2479 797 2549 ipsam
826 2479 1173 2550 quandoque
1214 2480 1510 2550 propriam
1548 2479 1654 2534 sibi
1694 2479 1942 2535 vindica-

309 2573 456 2628 bunt
483 2578 713 2628 terram.
747 2573 802 2628 Si
830 2589 962 2628 vero
995 2573 1274 2628 tributum
1306 2573 1589 2641 dederint,
1613 2580 1824 2629 norunt
1849 2575 1946 2630 do-

309 2667 656 2721 minatorem
684 2667 867 2738 ipsam
896 2671 1103 2721 terram
1125 2668 1361 2723 habere.
1397 2669 1539 2722 Nam
1560 2670 1616 2723 et
1641 2669 1746 2723 hoc
1774 2669 1942 2739 ﬂagi-

312 2762 437 2816 tasti
485 2778 518 2816 a
561 2761 744 2829 nobis,
792 2761 1141 2816 sanctissime
1184 2761 1381 2831 frater,
1425 2761 1482 2816 in
1527 2762 1668 2817 sacri
1715 2762 1944 2817 canonis

311 2855 732 2926 praedicatione,
755 2858 896 2926 quot
920 2855 979 2909 in
1005 2855 1142 2910 locis
1167 2872 1363 2910 cruces
1385 2857 1507 2912 ﬁeri
1536 2856 1798 2926 debeant,
1831 2861 1944 2911 tuae

312 2949 700 3020 signiﬁcemus
731 2949 1032 3018 sanctitati,
1077 2949 1220 3004 votis
1253 2955 1446 3005 autem
1488 2951 1601 3005 tuis
1632 2950 1946 3005 clementer

310 3043 590 3111 inclinati,
624 3044 682 3097 in
711 3043 899 3098 rotulo
927 3043 1056 3098 dato
1082 3045 1180 3098 Lul
1205 3043 1473 3114 religioso
1499 3044 1826 3115 presbytero
1847 3048 1944 3098 tuo

2045 1927 2173 1982 quae
2192 1911 2531 1966 auctoritate
2552 1910 2704 1966 beati
2722 1911 2874 1966 Petri
2895 1910 3135 1982 apostoli
3155 1909 3322 1965 ﬁrma
3341 1926 3460 1964 esse
3483 1909 3678 1964 decre-

2045 2005 2250 2060 vimus.
2284 2005 2362 2059 De
2393 2022 2461 2059 eo
2487 2009 2677 2060 autem
2707 2004 2865 2076 quod
2903 2004 3178 2060 intimasti
3217 2003 3399 2074 nobis,
3433 2003 3590 2076 quod
3618 2007 3674 2057 te

2044 2099 2454 2156 Carlomannus
2479 2099 2630 2154 filius
2658 2101 2854 2154 noster
2871 2099 2941 2154 ad
2969 2115 3028 2154 se
3055 2099 3276 2170 rogavit
3305 2097 3589 2167 accedere,
3611 2100 3676 2151 ut

2045 2197 2104 2252 in
2134 2198 2275 2253 urbe
2301 2198 2469 2269 regni
2506 2199 2857 2254 Francorum
2887 2198 2947 2253 in
2979 2214 3082 2253 sua
3109 2197 3342 2266 ditione,
3376 2196 3490 2252 sive
3520 2200 3676 2266 pote-

2045 2295 2189 2348 state
2215 2293 2538 2362 constituta,
2561 2293 2843 2364 synodum
2863 2292 3154 2347 celebrare
3183 2291 3410 2358 debeas,
3438 2306 3505 2346 eo
3528 2290 3678 2362 quod

2044 2387 2228 2442 omnis
2256 2386 2632 2441 ecclesiastica
2658 2387 2862 2458 regula
2895 2386 3010 2442 sive
3040 2384 3336 2457 disciplina
3359 2385 3431 2439 ab
3469 2383 3675 2440 eadem

2043 2480 2340 2552 provincia
2357 2480 2613 2536 funditus
2629 2480 2839 2535 abolita
2853 2484 2957 2551 est,
2973 2480 3127 2552 quod
3142 2480 3313 2534 nimis
3331 2479 3678 2534 merendum

2043 2578 2147 2641 est,
2195 2590 2310 2646 quo
2353 2591 2454 2646 per
2494 2575 2675 2646 spatia
2714 2579 3046 2646 temporum
3083 2574 3298 2629 ibidem
3324 2573 3568 2645 synodus
3597 2589 3680 2628 sa-

2044 2669 2342 2724 cerdotum
2370 2669 2609 2723 minime
2631 2669 3040 2738 celebraretur,
3077 2669 3225 2724 unde
3245 2683 3428 2740 neque
3451 2667 3586 2739 quid
3608 2668 3679 2722 sit

2042 2763 2197 2834 quod
2237 2763 2617 2818 sacerdotium
2663 2763 2732 2817 ab
2780 2763 2860 2819 eis
2904 2762 3001 2835 qui
3049 2779 3108 2818 se
3138 2763 3454 2818 sacerdotes
3482 2761 3676 2817 existi-

2043 2861 2226 2924 mant,
2281 2857 2662 2928 cognoscitur.
2712 2856 2820 2914 Sed
2869 2857 3027 2926 dum,
3054 2857 3288 2928 juvante
3317 2857 3450 2924 Deo,
3483 2872 3611 2927 qua:
3643 2873 3677 2911 a

2042 2951 2277 3022 praafato
2296 2950 2414 3006 ﬁlio
2442 2954 2638 3006 nostro
2665 2950 2944 3021 promissa
2973 2956 3124 3018 sunt,
3153 2951 3226 3004 ad
3252 2949 3518 3005 effectum
3543 2966 3673 3021 per-

2045 3044 2212 3099 ducta
2236 3045 2451 3101 fuerint
2477 3049 2687 3118 tuaque
2716 3045 3042 3100 fraternitas
3071 3048 3397 3102 memorato
3436 3044 3675 3099 concilio

311 3154 414 3209 per
446 3138 573 3192 loca
613 3137 776 3208 signa
810 3143 1015 3193 sanctae
1050 3138 1233 3193 crucis
1273 3141 1486 3208 quanta
1527 3138 1649 3192 fieri
1697 3139 2018 3242 debeantC
2045 3139 2365 3194 consederit
2393 3156 2523 3194 cum
2556 3139 2762 3194 eodem
2790 3139 3263 3194 excellentissimo
3288 3138 3428 3206 viro,
3459 3139 3502 3193 si
3535 3155 3678 3210 quos

308 3231 620 3286 infiximus.
652 3231 746 3285 His
772 3235 960 3286 autem
991 3247 1048 3286 se
1089 3231 1454 3300 habentibus,
1486 3231 1710 3286 Domini
1738 3233 1940 3303 depre-

309 3341 509 3379 camur
534 3324 900 3379 clementiam
932 3325 1063 3380 licet
1089 3329 1437 3396 peccatores,
1474 3330 1540 3380 ut
1573 3342 1676 3379 suo
1714 3330 1768 3380 te
1814 3341 1941 3380 mu-

310 3419 429 3474 niat
450 3423 505 3474 et
525 3419 807 3474 confortet
828 3418 1063 3487 auxilio,
1085 3435 1300 3490 nosque
1319 3422 1537 3473 annuat
1555 3420 1944 3490 prosperitatis

311 3517 423 3567 tua:
455 3529 680 3584 semper
706 3513 840 3568 laeta
870 3513 1154 3584 suscipere
1179 3513 1402 3568 nuntia.
1444 3515 1589 3568 Deus
1629 3516 1683 3568 te
1719 3513 1940 3567 incolu-

308 3623 467 3662 mem
486 3607 782 3676 custodiat,
807 3606 1280 3662 reverendissime
1306 3607 1504 3661 frater.
1535 3608 1674 3662 Data
1695 3607 1941 3662 secundo

308 3703 497 3755 Nonas
522 3701 872 3769 Novembris,
901 3701 1222 3772 imperante
1269 3701 1513 3756 Domino
1548 3701 1801 3772 piissimo
1840 3705 1944 3757 Au-

308 3798 476 3866 gusto
523 3795 895 3851 Constantino
947 3813 979 3849 a
1044 3797 1156 3850 Deo
1221 3800 1510 3863 coronato,
1572 3811 1784 3866 magno
1840 3795 1943 3850 im-

305 3894 589 3962 peratore,
644 3906 796 3944 anno
846 3893 934 3957 30,
988 3889 1214 3960 imperii
1272 3890 1397 3960 ejus
1449 3905 1601 3944 anno
1655 3893 1739 3956 ll,
1787 3888 1940 3944 indi-

308 3984 494 4038 ctione
534 3985 589 4038 4.

345 4079 590 4149 Epistola
629 4078 904 4132 Zachariae
928 4093 1090 4148 papa
1117 4078 1192 4132 ad
1217 4081 1557 4145 Bonifacium
1584 4081 1903 4149 episcopum.

381 4170 879 4227 Reverendissimo
928 4175 984 4226 et
1022 4171 1378 4226 sanctissimo
1438 4172 1602 4226 fratri
1644 4173 1942 4228 Bommcro

307 4265 577 4337 episcopo
609 4267 915 4321 Zacasmas
949 4281 1139 4320 servus
1168 4281 1466 4320 servorum
1500 4265 1620 4320 Dei.

382 4359 685 4430 Susceptis,
736 4359 1108 4426 sanctissime,
1158 4359 1533 4414 fraternitatis
1574 4361 1689 4413 tum
1743 4360 1945 4415 litteris

306 4470 412 4525 per
432 4453 810 4520 Deneardum,
830 4453 1160 4524 religiosum
1183 4452 1584 4524 presbyterum
1602 4456 1788 4522 tuum,
1807 4455 1944 4525 quia

2045 3232 2324 3303 repererit
2351 3233 2664 3304 episcopos,
2688 3233 3051 3303 presbyteros
3071 3235 3169 3286 aut
3189 3231 3680 3300 diaconosicontra

2043 3342 2292 3381 canones
2309 3326 2394 3381 vel
2407 3329 2613 3381 statuta
2629 3327 2864 3380 Patrum
2885 3325 3211 3395 excessisse,
3233 3326 3290 3380 id
3316 3331 3420 3394 est,
3450 3326 3510 3380 in
3523 3326 3679 3380 adul-

2043 3418 2208 3489 terio,
2239 3420 2324 3474 vel
2352 3420 2398 3474 si
2423 3420 2612 3491 plures
2643 3436 2846 3475 uxores
2872 3419 3215 3489 habuerunt,
3245 3423 3345 3473 aut
3369 3418 3413 3472 si
3444 3419 3674 3490 sangui-

2044 3528 2174 3568 nem
2201 3513 2677 3584 Christianorum,
2704 3515 2816 3568 sive
2834 3529 3191 3584 paganorum
3215 3512 3559 3582 effuderunt,
3588 3513 3678 3566 vel

2044 3607 2214 3662 etiam
2240 3607 2360 3662 aliis
2387 3607 2664 3679 capitulis,
2707 3607 2913 3678 quibus
2947 3606 3255 3661 canonibus
3297 3606 3551 3661 obviasse
3581 3622 3676 3660 re-

2043 3701 2254 3772 pererit
2281 3707 2379 3756 tua
2404 3702 2689 3771 sanctitas,
2717 3702 2874 3756 nulla
2900 3701 3123 3756 ratione
3153 3701 3460 3772 apostolica
3490 3705 3678 3756 aucto-

2043 3795 2209 3849 ritate
2247 3795 2536 3867 permittat
2579 3795 2897 3850 sacerdotio
2937 3795 3120 3866 fungi,
3169 3795 3306 3866 quia
3340 3796 3480 3850 tales
3514 3812 3547 3850 a
3572 3811 3675 3850 suo

2044 3889 2275 3961 prOprio
2305 3905 2406 3944 ore
2436 3889 2563 3944 falsi
2589 3889 2965 3945 nominantur
2988 3888 3330 3957 sacerdotes,
3372 3893 3429 3943 et
3452 3888 3678 3960 pejores

2045 3998 2110 4036 ac
2138 3983 2456 4038 deteriores
2483 3983 2844 4039 saecularibus
2866 3999 2986 4040 esse
3014 3986 3345 4050 noscuntur,
3369 3983 3465 4055 qui
3491 4000 3551 4038 se
3581 3999 3678 4038 ne-

2044 4093 2153 4148 que
2176 4093 2209 4130 a
2235 4077 2728 4144 fornicationibus,
2760 4094 2951 4149 neque
2981 4094 3014 4131 a
3038 4077 3270 4132 nefariis
3293 4077 3678 4132 matrimoniis

2043 4170 2348 4239 abstinent,
2394 4188 2584 4244 neque
2633 4172 2703 4227 ab
2750 4172 3050 4227 hominum
3083 4171 3373 4243 sanguinis
3403 4170 3678 4226 effusione

2044 4281 2250 4319 manus
2281 4270 2504 4321 servant
2544 4267 2828 4334 innoxias,
2860 4267 3056 4338 quales
3096 4282 3156 4320 se
3200 4281 3321 4322 esse
3365 4264 3679 4322 sacerdotes

2044 4359 2393 4427 existimant,
2439 4363 2538 4415 aut
2579 4361 2717 4432 quid
2767 4360 2897 4417 inde
2935 4360 3210 4427 sentiunt,
3260 4359 3482 4415 dicente
3513 4361 3674 4414 Deo:

2045 4451 2376 4508 Sacerdotes
2405 4454 2520 4508 mei
2551 4455 2728 4509 semel
2756 4454 2995 4524 nubant,
3041 4457 3099 4508 et
3133 4453 3454 4525 Apostolus,
3505 4453 3678 4506 unius

309 4547 581 4618 sospitem
625 4550 701 4615 te,
741 4550 806 4601 ut
829 4563 1060 4618 semper
1089 4547 1370 4618 cupimus,
1401 4563 1522 4601 esse
1549 4547 1938 4618 cognovimus,
1962 4545 2020 4616 D
2044 4546 2238 4600 uxoris
2268 4546 2474 4617 virum,
2506 4552 2564 4602 et
2592 4551 2799 4602 caetera
2829 4549 2955 4614 (Tit.
2989 4564 3028 4615 1,
3058 4549 3131 4617 6),
3178 4549 3235 4602 et
3276 4547 3382 4601 hoc
3417 4550 3549 4600 ante
3579 4562 3673 4599 su-

308 4639 695 4712 omnipotenti
723 4657 787 4694 ac
813 4640 1344 4695 misericordissimo
1360 4641 1474 4695 Deo
1493 4645 1684 4696 nostro
1705 4658 1942 4713 magnas

307 4734 614 4788 retulimus
640 4735 874 4805 gratias,
902 4734 999 4805 qui
1023 4735 1126 4789 tibi
1155 4734 1214 4789 in
1239 4735 1509 4790 omnibus
1528 4735 1694 4791 bonis
1714 4753 1942 4808 prospe-

303 4829 421 4882 rari
451 4828 739 4900 dignatur.
768 4829 1029 4898 Magnam
1059 4829 1212 4883 enim
1242 4829 1302 4882 in
1333 4829 1600 4884 cordibus
1627 4830 1833 4886 nostris
1860 4831 1940 4885 in-

298 4921 492 4976 fundis
517 4921 796 4991 lmtitiam,
827 4922 1053 4993 quoties
1079 4922 1240 4976 nobis
1269 4923 1578 4978 sanctitatis
1599 4928 1713 4978 tua:
1735 4924 1941 4995 scripta

300 5015 630 5084 mittuntur,
655 5015 886 5086 quando
907 5017 1228 5088 reperimus
1253 5033 1382 5089 qua
1405 5017 1476 5072 ad
1504 5018 1747 5072 salutem
1767 5018 1942 5089 respi-

300 5109 463 5164 ciunt
505 5109 855 5176 animarum,
904 5110 1040 5164 dum
1080 5111 1336 5181 quotidie
1378 5111 1438 5165 in
1475 5110 1692 5181 gremio
1733 5115 1940 5166 sancta),

301 5203 504 5258 matris
531 5204 814 5270 Ecclesiae,
845 5220 948 5275 per
977 5209 1132 5258 tuam
1158 5204 1656 5276 praedicationem,
1688 5205 1816 5259 novi
1842 5221 1940 5276 po-

299 5296 423 5367 puli
454 5297 762 5352 adduntur.
791 5298 892 5352 Ubi
920 5303 976 5352 et
999 5301 1110 5353 tres
1130 5298 1424 5370 episcopos
1446 5315 1551 5369 per
1571 5299 1694 5353 loco
1714 5299 1940 5369 singula

297 5391 617 5446 secundum
647 5392 852 5447 seriem
894 5392 1245 5462 syllabarum
1293 5397 1523 5448 tuarum
1555 5396 1610 5447 te
1645 5393 1938 5448 ordinasse

293 5485 694 5554 cognovimus,
724 5485 821 5557 qui
852 5486 1037 5541 eidem
1069 5487 1303 5558 populo,
1335 5503 1508 5557 quem
1535 5486 1638 5540 sibi
1663 5487 1939 5541 Dominus

292 5582 444 5634 Deus
463 5583 656 5634 noster
671 5596 775 5650 per
788 5585 949 5635 tuam
967 5580 1320 5635 sanctitatem
1335 5596 1650 5651 aggregare
1669 5580 1939 5651 dignatus

291 5677 382 5728 est
413 5689 655 5743 praeesse
681 5673 930 5729 debeant
959 5677 1017 5728 et
1043 5673 1254 5746 petisti,
1305 5678 1370 5727 ut
1400 5690 1504 5744 per
1536 5673 1936 5729 auctoritatem

293 5770 507 5822 nostrae
564 5768 713 5823 sedis
765 5768 1110 5840 episcopales
1158 5767 1371 5823 ibidem
1415 5767 1576 5822 sedes
1613 5767 1932 5823 firmentur.

295 5860 407 5914 Sed
467 5864 563 5916 tua
607 5864 800 5917 sancta
850 5862 1176 5917 fraternitas
1227 5863 1528 5932 pertractct
1582 5863 1825 5927 mature,
1882 5864 1932 5915 et

2043 4644 2298 4711 sceptum
2345 4641 2751 4708 sacerdotium,
2799 4641 2880 4696 uti
2929 4640 3150 4695 licitum
3201 4645 3304 4695 est.
3350 4641 3493 4694 Nam
3520 4655 3554 4694 a
3587 4639 3678 4694 die

2043 4735 2286 4805 suscepti
2327 4734 2622 4789 sacerdotii
2653 4734 2828 4789 etiam
2859 4734 2930 4788 ab
2977 4734 3099 4806 ipso
3134 4733 3370 4805 proprio
3410 4733 3678 4805 conjugio

2043 4828 2384 4898 prohibendi
2402 4832 2555 4883 sunt.
2581 4827 2885 4892 Quomodo
2906 4827 3222 4883 sacerdotio
3249 4827 3414 4900 fungi
3427 4827 3679 4883 conside-

2043 4927 2189 4989 rant,
2223 4923 2320 4994 qui
2351 4923 2558 4977 talibus
2586 4922 2893 4978 sceleribus
2928 4922 3166 4977 involuti
3207 4938 3328 4978 esse
3353 4927 3673 4978 monstran-

1989 5026 1994 5032 ‘
2041 5019 2154 5082 tur,
2186 5022 2247 5072 ut
2269 5032 2452 5088 neque
2482 5017 2781 5072 saeculares
2804 5015 3004 5071 fideles
3025 5016 3113 5071 his
3142 5016 3487 5073 facinoribus
3506 5016 3676 5071 obvo-

2042 5111 2193 5164 lutos
2219 5114 2482 5180 optemus
2500 5111 2528 5165 ‘?
2564 5110 2860 5175 Quomodo
2901 5127 3017 5165 non
3047 5111 3459 5182 pertimescunt
3483 5108 3676 5164 divina

2044 5203 2314 5274 mysteria
2339 5205 2699 5275 contingere,
2735 5209 2834 5259 aut
2855 5205 3148 5276 quomodo
3168 5205 3238 5260 ad
3267 5203 3548 5258 orandum
3574 5217 3677 5272 pro

2042 5298 2282 5368 peccatis
2311 5298 2507 5370 populi
2539 5298 2807 5355 accedere
2837 5302 3215 5372 praasumunt,
3249 5298 3386 5368 dum
3416 5296 3560 5350 sacri
3589 5312 3679 5349 ca-

2040 5407 2241 5461 nones,
2275 5409 2464 5464 neque
2489 5409 2701 5464 purum
2731 5393 3021 5460 clericum,
3045 5392 3134 5446 cui
3157 5389 3540 5445 sacerdotium
3561 5405 3674 5443 non

2040 5489 2146 5553 est,
2179 5485 2441 5541 secundis
2469 5487 2722 5558 copulari
2748 5487 2961 5558 nuptiis
2991 5483 3378 5556 praecipiunt?
3402 5483 3497 5538 Isti
3523 5483 3677 5538 enim

2039 5595 2068 5634 e
2114 5580 2420 5647 contrario,
2474 5597 2588 5636 non
2635 5581 2817 5636 solum
2863 5583 2988 5650 post
3033 5580 3355 5650 susceptum
3413 5577 3673 5633 sacerdo-

2039 5673 2182 5728 tium
2228 5692 2286 5730 se
2330 5675 2615 5732 abstinere
2671 5675 2742 5729 ab
2767 5689 2881 5727 una
2907 5688 3085 5727 uxore
3117 5673 3339 5740 nolunt,
3369 5671 3486 5726 imo
3512 5672 3673 5727 luxo-

2036 5767 2134 5822 riae
2163 5767 2415 5824 obvoluti
2447 5768 2642 5840 pejora
2669 5766 3025 5821 szecularium
3050 5767 3262 5821 scelera
3287 5764 3670 5832 committunt,

2039 5865 2100 5916 ut
2123 5862 2314 5936 plures
2346 5877 2546 5918 uxores
2574 5861 2785 5917 habere
2835 5863 3205 5933 praesumant,
3248 5857 3452 5932 quibus
3485 5875 3672 5932 neque
