4092 6192
404 301 535 351 117ξί

831 299 1110 352 ΑΡΡΕΜ).
1157 300 1240 352 Al)
1281 300 1438 352 SxEC.
1484 300 1568 352 IX.
1604 326 1668 335 -
1709 297 1951 352 lSlDORl
1992 296 2414 351 MERCATORIS
2443 294 2910 349 DECRETALIUM
2950 291 3332 348 COLLECTIO.

3643 294 3771 343 1176

397 422 568 460 unam
615 420 944 459 concessum
983 409 1071 459 est
1108 407 1236 476 post
1276 409 1605 477 susceptum
1648 404 2031 460 ministerium
2052 403 2412 490 Asanguine
2443 419 2564 457 esse
2603 401 2950 472 redemptos,
2985 402 3043 454 et
3070 415 3187 454 non
3218 401 3418 470 sponte
3449 413 3508 452 se
3534 402 3767 452 contra-

392 502 711 554 attrectare.
764 497 874 553 Sed
925 496 1033 554 ista
1071 499 1562 570 parvipendentes,
1599 502 1769 571 atque
1816 498 1890 554 ad
1920 499 2028 552 ira-

395 592 660 648 cundiam
685 595 1081 663 provocantes,
1108 592 1332 664 majora
1358 592 1724 648 committunt
1753 592 2024 659 facinora,

394 687 530 741 dum
567 685 817 757 propriis
860 687 1122 740 manibus
1168 686 1511 742 Christianos
1555 692 1726 758 atque
1777 703 2030 758 paganos

398 779 658 834 homines
712 785 936 835 necant.
987 781 1051 834 Et
1099 779 1164 834 ﬁt
1204 784 1269 835 ut
1311 781 1515 852 quibus
1549 781 1607 834 in
1640 780 2033 836 remissionem

396 879 762 946 peccatorum
792 874 1115 930 debuerunt
1142 874 1428 929 lavacrum
1456 874 1904 945 regenerationis
1929 874 2035 928 im-

398 968 670 1038 pendere,
705 971 876 1038 atque
908 967 1115 1024 Christi
1149 971 1566 1023 sacramentum
1603 969 1836 1036 donare,
1877 984 1946 1023 ne
1974 969 2031 1022 in

403 1064 682 1117 aeternum
699 1061 974 1134 perirent,
995 1061 1328 1117 eorumdem
1347 1062 1630 1132 sacrilegis
1648 1063 1907 1117 manibus
1929 1062 2035 1134 ipsi

401 1155 856 1226 exstinguantur.
911 1155 1049 1219 Quis
1083 1155 1239 1210 enim
1275 1155 1498 1226 sapiens
1538 1155 1755 1210 habens
1794 1172 1892 1210 cor
1938 1173 2034 1211 eos

402 1248 646 1304 aestimet
701 1248 1046 1314 sacerdotes,
1109 1248 1208 1319 qui
1255 1265 1441 1320 neque
1486 1266 1519 1302 a
1567 1249 2034 1304 fornicationibus

404 1342 708 1408 abstinent,
740 1358 928 1413 neque
946 1343 1015 1396 ab
1035 1341 1310 1396 effusione
1329 1342 1676 1412 sanguinum
1693 1359 1896 1398 manus
1915 1361 2029 1398 ser-

401 1441 538 1490 vant
563 1435 858 1490 innoxias?
893 1435 1094 1500 Quisve
1124 1452 1321 1491 eorum
1342 1436 1628 1491 sacriﬁciis
1652 1438 1830 1492 Deum
1857 1438 2037 1492 credit

408 1545 528 1584 esse
557 1529 865 1600 placatum,
897 1529 1120 1584 dicente
1152 1530 1434 1601 Pr0pheta
1468 1548 1479 1584 :
1517 1553 1544 1580 ‹‹
1573 1530 1768 1584 Virum
1800 1531 2033 1601 sangui-

402 1624 616 1678 num'et
637 1622 895 1677 dolosum
912 1622 1333 1678 abominabitur
1348 1623 1618 1678 Dominus
1639 1623 1808 1695 (Psal.
1833 1641 1886 1691 v,
1909 1626 1980 1695 7).
2004 1646 2030 1673 ››

403 1716 499 1770 Isti
526 1732 791 1788 namque,
815 1720 880 1771 ut
897 1717 1170 1788 praemisi,
1203 1734 1274 1771 ne
1296 1718 1611 1772 sacerdotio
1634 1716 1797 1788 fungi
1819 1718 2036 1790 patian-

407 1813 520 1878 tur,
566 1825 753 1881 neque
793 1809 980 1864 divina
1023 1811 1355 1882 contingere
1387 1811 1658 1882 mysteria
1706 1791 2113 1866 commone-B

407 1919 554 1958 mus.
587 1902 874 1975 Quidquid
904 1919 1039 1957 vero
1065 1903 1242 1973 aliud,
1273 1907 1334 1958 ut
1359 1903 1573 1958 dictum
1601 1909 1702 1972 est,
1729 1921 1822 1958 eos
1844 1910 2040 1960 contra

405 1996 841 2052 ecclesiasticam
884 1997 1142 2068 regulam
1192 1997 1492 2052 excessisse
1528 1998 1829 2068 repereris,
1867 2015 2037 2052 cano-

404 2106 524 2159 nes,
571 2089 684 2144 sive
724 2089 979 2145 instituta
1026 2093 1277 2158 Patrum,
1326 2108 1445 2162 prm
1491 2091 1754 2145 manibus
1803 2091 2036 2160 habeto,

398 2184 562 2255 juxta
589 2183 742 2256 quod
771 2184 830 2237 in
872 2183 952 2238 eis
977 2184 1208 2238 edoctus
1236 2184 1411 2239 fueris
1433 2183 1708 2239 discerne.
1743 2187 1817 2240 De
1851 2201 1916 2240 eo
1937 2203 2036 2240 au-

407 2282 526 2332 tem
557 2278 710 2349 quod
739 2277 845 2331 tibi
877 2294 1261 2332 successorem
1294 2277 1669 2333 constitueres
1715 2278 1918 2347 dixisti,
1953 2283 2037 2346 ut,

407 2377 463 2426 te
486 2371 750 2441 jubente,
782 2370 840 2425 in
866 2374 967 2425 tuo
991 2371 1116 2426 loco
1145 2370 1387 2443 eligatur
1413 2372 1728 2444 episcOpus,
1753 2373 1859 2427 1100
1884 2373 2042 2427 nulla

406 2464 630 2519 ratione
657 2465 890 2520 concedi
921 2466 1190 2535 patimur,
1223 2465 1354 2536 quia
1385 2469 1584 2520 contra
1612 2483 1844 2548 omnem
1871 2467 2041 2521 eccle-

404 2559 692 2614 siasticam
733 2560 1015 2630 regulam,
1055 2561 1142 2612 vel
1173 2560 1431 2614 instituta
1456 2562 1687 2615 Patrum
1718 2576 1838 2614 esse
1866 2576 2032 2614 mon-

407 2655 635 2723 stratur,
683 2653 780 2707 sed
829 2653 1090 2707 volumus
1145 2658 1208 2707 ut
1255 2654 1354 2708 tibi
1416 2653 1720 2721 ministret,
1766 2657 1822 2708 et
1862 2654 1934 2708 sit
1982 2654 2040 2708 in

409 2746 782 2818 Evangelium
808 2746 1016 2802 Christi
1041 2747 1289 2817 adjutor,
1324 2747 1548 2801 dicente
1577 2748 1844 2818 Apostolo
1877 2764 1890 2801 :
1927 2769 1954 2796 «
1985 2747 2040 2802 Si

407 2840 532 2912 quis
555 2840 698 2894 bene
720 2840 1144 2908 ministraverit,
1167 2841 1410 2910 gradum
1429 2840 1534 2894 sibi
1555 2840 1770 2895 bonum
1787 2841 2044 2912 acquiret

411 2934 457 3001 (I
484 2935 622 2987 Tim.
654 2949 733 2999 Ill,
773 2936 876 3001 l3).
907 2953 934 2981 »
969 2931 1148 2986 Nimis
1179 2933 1331 2986 enim
1371 2933 1819 3003 reprehensibile
1864 2933 2042 2987 mani-

412 3026 620 3079 festum
669 3027 773 3089 est,
816 3028 881 3078 ut
915 3029 974 3078 te
1021 3023 1245 3078 vivente
1277 3025 1383 3078 tibi
1412 3024 1587 3078 alium
1619 3025 2040 3080 substituamus.

412 3118 516 3173 Sec
540 3118 646 3172 hoc
671 3133 1102 3172 commonemus
1131 3120 1211 3183 ut,
1243 3118 1497 3189 quandiu
1517 3123 1573 3172 te
1599 3118 1788 3173 divina
1811 3119 2043 3189 jusserit

413 3211 717 3267 clementia
761 3227 1076 3282 superesse,
1109 3212 1230 3266 sine
1267 3210 1688 3267 intermissione
1730 3229 1896 3267 orare
1924 3230 2042 3268 non

409 3321 608 3372 cesses,
659 3309 719 3359 ut
763 3305 865 3360 tibi
909 3306 1056 3360 Deus
1099 3305 1262 3360 illum
1307 3321 1692 3361 successorem
1741 3307 2039 3374 concedat,

406 3399 503 3470 qui
536 3399 589 3453 ei
617 3397 792 3470 possit
819 3415 940 3453 esse
983 3399 1296 3469 placabilis,
1331 3403 1387 3454 et
1420 3400 1716 3471 populum,
1762 3416 1936 3472 quem
1969 3400 2042 3454 ad

409 3509 571 3547 suam
603 3492 848 3563 gratiam
872 3509 977 3564 per
998 3497 1227 3547 aeternae
1253 3493 1568 3548 sanctitatis
1595 3493 1932 3549 industriam
1953 3510 2044 3547 vo-

409 3602 538 3640 care
563 3585 743 3640 voluit
767 3585 1343 3656 irreprehensibiliter
1389 3603 1591 3658 regere
1626 3587 1830 3653 valeat,
1874 3592 2043 3658 atque

412 3680 479 3734 ad
505 3680 656 3734 viam
685 3679 813 3733 vitze
836 3679 1087 3734 elaboret
1106 3680 1440 3750 perducere.
1460 3681 1599 3734 Nam
1618 3682 1899 3752 quomodo
1919 3681 2043 3736 haec

407 3790 535 3844 quas
569 3773 889 3844 poposcisti,
923 3773 967 3827 si
995 3777 1051 3828 et
1093 3773 1461 3841 voluerimus,
1497 3774 1825 3843 concedere,
1851 3791 2044 3846 possu-

409 3884 555 3936 mus,
603 3868 741 3922 dum
774 3883 876 3921 nos
909 3866 1138 3938 fragiles
1179 3867 1443 3922 homines
1487 3869 1808 3938 existentes,
1842 3874 1899 3924 et
1939 3871 2042 3923 sub

408 3961 732 4016 conditione
754 3961 953 4016 mortis
984 3961 1296 4030 constituti,
1322 3961 1668 4032 ignorantes,
1695 3963 1830 4034 quid
1852 3980 2044 4036 super-

411 4057 650 4109 ventura
678 4053 797 4108 dies
823 4055 1029 4126 pariat,
1052 4072 1166 4109 non
1194 4055 1446 4109 valentes
1472 4055 1813 4128 investigare
1842 4058 1941 4128 qui
1973 4058 2043 4113 de

409 4147 572 4202 nobis
619 4147 774 4219 prior
815 4148 886 4201 de
914 4148 1178 4219 prmsenti
1209 4149 1414 4203 saeculo
1445 4148 1674 4220 migret.
1717 4149 1816 4204 Sin
1850 4154 2040 4206 autem

410 4245 468 4295 et
497 4242 764 4296 eumdem
795 4241 982 4294 divina
1009 4241 1246 4296 voluerit
1273 4243 1575 4296 clementia
1600 4243 1757 4313 prius
1776 4243 1859 4296 tui
1887 4245 2040 4298 diem

412 4333 686 4388 transitus
732 4350 1048 4404 superesse,
1093 4335 1139 4386 si
1182 4351 1316 4388 eum
1361 4338 1557 4404 aptum
1597 4337 1948 4406 cognoveris,
1989 4341 2045 4392 et

411 4429 468 4482 in
496 4431 592 4483 tua
618 4428 906 4482 voluntate
936 4427 1108 4481 fuerit
1133 4427 1450 4495 deﬁnitum,
1480 4444 1542 4482 ea
1571 4429 1714 4484 hora
1746 4446 1858 4500 qua
1883 4434 1939 4484 te
1973 4430 2043 4485 de

2063 3162 2116 3236 C

2135 499 2294 563 dant,
2344 497 2444 552 nisi
2493 497 2563 551 ab
2602 497 2724 566 ipso
2771 494 3108 550 recesserint
3151 493 3362 548 incesto
3392 491 3768 546 matrimonio

2133 592 2341 646 diaboli
2368 589 2655 662 potestati,
2681 605 2782 644 seu
2810 587 2993 660 magis
3036 587 3119 641 illi
3154 588 3267 641 Deo
3302 591 3358 640 et
3392 585 3619 640 Christo
3657 585 3772 639 ﬁlio

2135 686 2183 755 ej
2194 703 2274 751 us,
2302 684 2534 755 Spiritui
2555 687 2749 738 sancto
2765 698 2992 754 quoque
3014 681 3074 735 in
3093 681 3252 752 cujus
3269 679 3505 734 nomine
3528 679 3600 733 ab
3623 679 3774 732 illius

2133 778 2349 850 antiqui
2369 777 2550 833 hostis
2571 776 2752 848 erepti
2768 778 2898 830 sunt
2911 778 3210 846 potestate.
3236 773 3472 828 Elabora
3497 789 3772 843 namque,

2136 872 2484 928 sanctissime
2510 872 2703 938 frater,
2735 871 2792 924 in
2825 870 2924 938 eis,
2955 868 3088 940 quia
3116 868 3389 940 scriptum
3418 867 3724 937 cognoscis
3757 884 3771 921 :

2139 990 2163 1015 (ί
2187 967 2291 1032 Qui
2310 966 2562 1021 converti
2581 965 2778 1020 fecerit
2798 967 3156 1034 peecatorem
3179 962 3250 1016 ab
3271 977 3462 1016 errore
3481 961 3613 1015 vitae
3635 977 3772 1029 sum,

2136 1061 2375 1116 salvabit
2393 1060 2646 1114 animam
2668 1059 2790 1130 ejus
2811 1075 2843 1112 a
2864 1060 3073 1127 morte,
3099 1060 3155 1111 et
3176 1071 3408 1110 suorum
3424 1055 3612 1126 operit
3634 1055 3774 1108 mul-

2132 1154 2439 1208 titudinem
2464 1155 2830 1224 peccatorum
2857 1153 2986 1221 (Jac.
3011 1167 3064 1217 v,
3091 1153 3201 1221 20).
3225 1150 3368 1204 Nam
3399 1153 3454 1204 et
3476 1165 3583 1202 nos
3602 1147 3654 1202 ei
3677 1165 3778 1218 pro

2136 1249 2241 1302 hoc
2265 1247 2701 1301 commonitoria
2729 1245 2934 1315 scripta
2963 1244 3294 1299 direximus.

2209 1340 2400 1414 292
2429 1342 2502 1394 De
2529 1340 2789 1394 Kalendis
2817 1354 2943 1393 vero
2970 1337 3268 1405 Ianuariis,
3303 1336 3388 1391 vel
3417 1338 3646 1391 caeteris
3675 1355 3774 1391 au-

2137 1436 2334 1508 guriis,
2364 1433 2728 1506 phylacteriis
2758 1436 2814 1487 et
2841 1431 3346 1497 incantationibus;
3388 1431 3476 1485 vel
3515 1430 3640 1485 aliis
3688 1432 3775 1485 di-

2136 1529 2310 1584 versis
2357 1527 2865 1594 observationibus,
2908 1543 3037 1598 quae
3067 1525 3266 1596 gentili
3295 1541 3458 1580 more
3489 1525 3776 1579 observari

2139 1623 2326 1677 dixisti
2353 1622 2507 1693 apud
2541 1622 2768 1676 beatum
2796 1623 3028 1675 Petrum
3055 1619 3392 1691 apostolum,
3429 1620 3520 1672 vel
3549 1619 3606 1672 in
3635 1619 3771 1673 urbe

2137 1719 2335 1783 Roma,
2371 1718 2477 1771 hoc
2506 1733 2539 1769 a
2562 1715 2727 1770 nobis
2757 1717 2812 1768 et
2852 1713 3119 1768 omnibus
3157 1712 3491 1767 Christianis
3526 1713 3767 1767 detesta-

2139 1811 2250 1866 bile
2297 1813 2356 1864 et
2398 1808 2779 1881 perniciosum
2817 1824 2938 1861 esse
2975 1806 3314 1878 judicamus,
3361 1807 3589 1861 dicente
3615 1807 3771 1860 Deo:

2143 1906 2307 1959 «Non
2322 1921 2390 1959 au
2401 1902 2768 1976 gurabimini,
2782 1901 2869 1956 vel
2884 1906 3032 1956 certe
3044 1917 3161 1955 non
3171 1899 3539 1954 observabitis
3551 1901 3778 1954 somnia

2145 1999 2281 2066 (Lev.
2316 2015 2424 2067 XIX,
2452 1996 2560 2068 26).
2597 2016 2624 2046 »
2655 1997 2720 2050 Et
2746 1995 2954 2050 iterum
2986 2011 2999 2048 :
3038 2016 3064 2042 ‹‹
3093 1994 3213 2048 Non
3249 1999 3332 2049 est
3372 1994 3689 2064 augurium
3721 1995 3778 2048 in

2141 2092 2332 2161 Israel,
2379 2107 2481 2145 nec
2525 2089 2841 2144 observatio
2889 2088 2946 2142 in
2991 2088 3160 2142 domo
3195 2087 3359 2143 Jacob
3400 2088 3585 2158 (Num.
3624 2104 3777 2154 xxm,

2141 2186 2248 2256 ‘23),
2274 2204 2300 2236 »
2344 2186 2418 2239 ita
2459 2188 2513 2237 et
2549 2201 2582 2237 a
2619 2183 2780 2237 nobis
2817 2182 3132 2237 cavendum
3184 2199 3304 2236 esse
3347 2197 3671 2246 censemus,
3719 2186 3783 2236 ut

2145 2279 2313 2334 nullis
2345 2279 2599 2350 auguriis
2624 2277 2711 2332 vel
2735 2276 3214 2332 observationibus
3234 2276 3615 2344 attendamus,
3647 2275 3783 2346 quia

2144 2373 2337 2428 omnia
2376 2373 2500 2427 11100
2529 2371 2769 2426 abscissa
2811 2387 2931 2426 esse
2975 2388 3008 2424 a
3048 2370 3304 2424 Patribus
3334 2385 3534 2423 sumus
3566 2369 3780 2424 edocti.

2142 2470 2210 2522 Et
2226 2467 2362 2538 quia
2377 2483 2478 2537 per
2503 2465 2934 2536 instigationem
2956 2464 3164 2519 diaboli
3189 2464 3396 2519 iterum
3413 2463 3783 2535 pullulabant

2141 2579 2172 2615 a
2218 2561 2310 2616 die
2351 2577 2464 2631 qua
2509 2577 2611 2614 nos
2641 2559 2810 2630 jussit
2845 2559 3032 2612 divina
3078 2557 3400 2626 clementia,
3448 2573 3781 2629 quanquam

2142 2654 2414 2709 immeriti
2447 2652 2853 2718 existimamus,
2895 2653 3130 2724 apostoli
3160 2652 3341 2706 vicem
3373 2668 3596 2723 gerere,
3625 2651 3780 2706 illico

2143 2748 2336 2803 omnia
2352 2749 2470 2802 11ωο
2486 2746 2925 2818 amputavimus.
2943 2746 3068 2801 Pari
3085 2745 3297 2800 etenim
3317 2745 3487 2800 modo
3508 2746 3778 2800 volumus

2142 2847 2302 2897 tuam
2345 2841 2705 2896 sanctitatem
2742 2839 2966 2911 populis
3014 2839 3118 2893 sibi
3164 2838 3401 2893 subditis
3439 2838 3783 2909 praedicare,

2144 2940 2313 3006 atque
2367 2935 2439 2989 ad
2494 2935 2645 2988 viam
2701 2936 2931 2989 1101011110
2977 2933 3286 3003 perducere
3329 2932 3472 2987 vitae.
3537 2933 3684 2986 Nam
3732 2940 3784 2986 et

2145 3033 2353 3084 sanctae
2384 3027 2793 3084 recordationis
2822 3027 3246 3098 prmdecessoris
3286 3029 3456 3097 atque
3484 3026 3788 3082 nutritoris

2143 3124 2320 3177 nostri
2373 3122 2596 3176 Domini
2646 3121 2903 3192 Gregorii
2948 3137 3108 3192 papae
3149 3119 3552 3175 constitutione
3588 3121 3787 3175 omnia

2145 3217 2264 3270 hinc
2310 3216 2401 3286 pie
2445 3232 2507 3270 ac
2550 3215 2792 3270 ﬁdeliter
2837 3217 3130 3285 amputata
3158 3217 3306 3280 sunt,
3337 3216 3392 3268 et
3428 3213 3539 3267 alia
3563 3214 3787 3268 diversa

2144 3326 2319 3380 quam
2351 3311 2516 3380 plura
2542 3326 2671 3381 quae
2701 3308 2924 3364 diabolo
2952 3312 3294 3379 suggerente
3335 3307 3701 3377 pullulabant
3733 3310 3784 3361 in

2143 3403 2350 3458 Christi
2384 3402 2535 3472 ovili,
2569 3403 2728 3473 cujus
2752 3402 2930 3456 instar
2959 3418 3062 3473 pro
3084 3400 3234 3455 illius
3256 3401 3452 3472 populi
3482 3402 3668 3454 salute
3699 3402 3786 3456 di-

2146 3498 2331 3567 rigere
2357 3496 2796 3550 maturavimus.
2830 3497 2967 3549 Nam
3006 3495 3075 3549 de
3117 3495 3497 3549 sacerdotibus
3537 3494 3652 3548 illis
3690 3496 3789 3566 qui

2145 3591 2287 3645 falsa
2314 3590 2643 3661 opinantur,
2684 3589 2780 3661 qui
2820 3589 2995 3643 etiam
3033 3588 3278 3642 adulteri
3315 3591 3374 3642 et
3409 3588 3788 3644 fornicatores

2145 3685 2480 3756 probantur,
2514 3688 2571 3738 et
2597 3683 2702 3738 sibi
2723 3682 2793 3737 ab
2823 3682 3129 3753 apostolica
3160 3681 3292 3737 sede
3323 3681 3614 3736 indultum
3638 3698 3788 3744 esse,

2143 3785 2198 3832 et
2225 3795 2254 3832 e
2287 3777 2567 3832 contrario
2591 3777 2696 3831 sibi
2728 3776 3015 3831 licentiam
3048 3775 3472 3847 praedicationis
3511 3775 3789 3846 largitam

2144 3888 2286 3939 esse,
2312 3872 2416 3925 hoc
2445 3871 2602 3925 nulla
2619 3870 2839 3925 ratione
2859 3870 3055 3925 credat
3079 3873 3175 3923 tua
3199 3873 3397 3923 sancta
3423 3870 3785 3936 fraternitas,

2144 3966 2240 4020 sed
2282 3965 2542 4020 similiter
2583 3964 2640 4018 in
2686 3965 2763 4018 eis
2805 3964 3133 4019 canonicam
3181 3979 3378 4018 exerce
3437 3964 3785 4029 vindictam,

2141 4058 2630 4130 quemadmodum
2645 4058 2715 4112 de
2730 4058 2816 4112 his
2827 4058 3032 4128 quibus
3051 4056 3307 4127 superius
3321 4073 3356 4111 a
3368 4056 3534 4110 nobis
3549 4057 3791 4113 edoctus

2143 4153 2500 4208 monstraris.
2531 4153 2652 4206 Non
2680 4152 2833 4206 enim
2865 4151 3017 4205 aliud
3047 4156 3101 4205 te
3130 4167 3303 4221 agere
3335 4151 3603 4205 volumus
3632 4169 3788 4222 pra:-

2145 4250 2407 4318 terquam
2435 4261 2561 4316 qua:
2584 4245 2724 4299 sacri
2747 4244 3083 4315 praecipiunt
3101 4260 3362 4310 canones,
3392 4244 3484 4298 vel
3505 4244 3684 4299 etiam
3722 4245 3790 4298 ab

2144 4341 2248 4394 hac
2277 4338 2584 4410 apostolica
2613 4338 2744 4392 sede
2771 4339 3077 4392 instructus
3115 4353 3238 4392 esse
3281 4337 3652 4407 dignosceris.
3691 4339 3792 4393 Se-

2143 4433 2396 4487 cundum
2415 4437 2529 4487 tua“:
2546 4448 2797 4503 namque
2823 4431 3131 4486 sanctitatis
3150 4430 3490 4503 petitionem
3523 4435 3585 4484 et
3607 4432 3795 4487 tribus

413 4522 676 4593 praesenti
706 4522 909 4576 saeculo
945 4521 1327 4593 migraturum
1358 4523 1710 4594 cognoveris,
1745 4525 2038 4596 11110εο1111-
2060 4534 2118 4606 D
2142 4526 2416 4598 episcopis
2443 4525 2552 4580 tuis
2578 4525 2827 4596 singulas
2846 4524 3291 4580 conﬁrmationis
3319 4525 3589 4595 epistolas
3617 4527 3783 4580 misi-

414 4618 518 4670 bus
544 4617 757 4674 cunctis
789 4615 889 4670 tibi
921 4632 1297 4671 successorem
1329 4617 1585 4689 designa,
1622 4621 1682 4671 ut
1715 4619 1824 4672 huc
1854 4620 2048 4675 veniat

413 4710 780 4779 ordinandus,
814 4710 969 4782 quod
1002 4710 1147 4764 nulli
1186 4710 1280 4764 alii
1312 4711 1548 4766 concedi
1585 4712 1857 4782 patimur,
1890 4713 2045 4784 quod

412 4802 514 4856 tibi
533 4803 809 4857 charitate
828 4807 1066 4874 cogente
1085 4803 1280 4875 largiri
1296 4803 1640 4859 censuimus.
1667 4806 1747 4860 De
1767 4805 1867 4860 illo
1890 4821 2048 4859 nam-

411 4913 521 4967 que
556 4895 653 4967 qui
690 4896 918 4951 viduam
951 4899 1214 4953 avunculi
1248 4898 1353 4968 sui,
1383 4915 1510 4970 quas
1537 4903 1594 4954 et
1622 4899 1745 4970 ipsa
1768 4899 1876 4953 fuit
1901 4915 2048 4954 uxor

414 4989 741 5046 consobrini
787 4990 892 5058 sui,
947 4993 1004 5045 et
1051 5009 1276 5047 sacrum
1320 4995 1580 5049 velamen
1627 4993 1842 5048 habere
1885 5009 2045 5048 mon-

410 5089 588 5140 strata
614 5089 714 5153 est,
747 5088 801 5139 et
832 5101 864 5138 a
893 5084 1070 5139 beata:
1096 5087 1388 5141 memoriae
1417 5088 1829 5158 prazdecessore
1854 5091 2050 5142 nostro

411 5179 514 5234 sibi
544 5178 832 5234 licentiam
861 5195 1184 5234 concessam
1214 5196 1334 5235 esse
1369 5181 1696 5253 divulgavit,
1730 5184 1791 5235 ut
1829 5199 1958 5236 eam
1989 5181 2048 5235 in

413 5273 729 5344 pernicioso
753 5272 1120 5327 matrimonio
1141 5290 1428 5329 assumere
1453 5275 1755 5342 debuisset,
1780 5275 1925 5329 absit
1945 5275 2050 5330 hoc

412 5371 476 5421 ut
500 5367 889 5438 prmdecessor
914 5369 1113 5422 noster
1141 5368 1217 5422 ita
1245 5368 1602 5440 praeciperet.
1645 5370 1754 5423 Nec
1800 5368 1953 5424 enim
1981 5369 2049 5424 ab

412 5461 718 5532 apostolica
761 5461 894 5516 sede
933 5461 1031 5516 illa
1075 5461 1421 5533 diriguntur,
1462 5479 1589 5533 qum
1617 5462 1902 5517 contraria
1929 5478 2050 5518 esse

412 5555 660 5621 Patrum,
691 5554 804 5609 sive
826 5572 1113 5611 canonum
1128 5555 1400 5610 institutis
1421 5554 1820 5627 perhibentur.
1843 5555 2049 5611 Admo-

413 5664 572 5716 nere,
599 5647 913 5718 adhortari,
937 5649 1233 5721 increpare
1249 5666 1365 5715 eos,
1386 5649 1581 5717 frater,
1604 5665 1677 5702 ne
1699 5664 1902 5717 cesses,
1921 5665 2053 5720 qua-

412 5745 580 5794 tenus
627 5759 659 5794 a
709 5741 804 5794 tali
852 5743 1087 5796 scelesto
1121 5745 1389 5798 recedant
1423 5741 1809 5810 matrimonio,
1849 5746 1911 5796 ut
1936 5759 2052 5798 non

417 5833 472 5884 in
509 5837 789 5887 aeternum
823 5840 1080 5904 pereant.
1111 5836 1572 5892 Reminiscantur
1591 5836 1749 5891 enim
1773 5852 1836 5893 se
1850 5836 2053 5893 Christi

2146 4638 2290 4688 mus,
2324 4636 2465 4690 quas
2497 4636 2602 4691 per
2625 4622 2738 4673 tua}
2768 4619 3079 4673 sanctitatis
3105 4635 3312 4673 manus
3340 4619 3418 4673 eis
3452 4619 3650 4690 largiri
3688 4637 3790 4674 vo-

2147 4714 2356 4769 lumus.
2383 4714 2449 4767 Et
2468 4714 2852 4768 Carlomanno
2875 4712 2992 4767 ﬁlio
3014 4717 3206 4767 nostro
3226 4712 3334 4766 alia
3352 4711 3565 4783 scripta
3579 4713 3795 4767 direxi-

2148 4825 2294 4874 mus,
2330 4813 2392 4862 ut
2420 4823 2548 4878 quae
2580 4807 2679 4862 tibi
2707 4806 2970 4878 promisit
2995 4805 3308 4876 adimplere
3330 4805 3580 4870 festinet,
3616 4810 3794 4878 atque

2154 4900 2498 4955 adminicula
2530 4904 2782 4971 praestet.
2813 4901 2923 4955 Sed
2952 4900 3093 4969 haec,
3125 4900 3302 4954 frater
3326 4899 3684 4967 charissime,
3725 4901 3794 4955 de

2153 4994 2413 5049 omnibus
2444 4993 2705 5065 superius
2731 4993 3161 5064 comprehensis
3191 4976 3470 5064 capitulis,
3501 4997 3567 5047 ut
3590 4993 3792 5048 Domi-

2152 5105 2259 5142 nus
2281 5087 2535 5156 donavit,
2560 5087 2976 5158 respondemus
2998 5087 3070 5142 ad
3090 5087 3283 5141 omnia
3307 5086 3658 5157 amputanda
3679 5087 3800 5140 dia-

2149 5181 2348 5235 bolicae
2376 5180 2592 5236 fraudis
2624 5181 2907 5236 scandala.
2934 5182 3049 5235 Tua
3077 5195 3209 5235 vero
3240 5184 3435 5234 sancta
3459 5180 3796 5235 fraternitas

2152 5276 2198 5329 si
2225 5275 2359 5346 quid
2406 5275 2478 5328 de
2524 5278 2726 5328 caetero
2771 5275 3039 5343 evenerit,
3080 5277 3143 5328 ut
3185 5274 3329 5328 sacri
3373 5274 3581 5328 docent
3625 5291 3793 5328 cano-

2152 5385 2270 5435 nes,
2305 5367 2527 5422 studeat
2555 5367 2860 5422 emendare
2887 5368 2944 5422 in
2973 5367 3234 5438 plebibus
3277 5367 3386 5422 sibi
3413 5384 3444 5420 a
3485 5369 3603 5421 Deo
3632 5383 3793 5421 com-

2151 5462 2354 5516 missis.
2402 5461 2524 5516 Non
2575 5459 2728 5516 enim
2773 5462 2926 5516 aliud
2971 5461 3134 5516 nobis
3165 5461 3427 5516 convenit
3457 5460 3796 5532 praedicare,

2152 5558 2362 5627 praeter
2381 5555 2530 5626 quod
2562 5571 2595 5608 a
2617 5554 2820 5609 sanctis
2841 5555 3103 5610 Patribus
3128 5571 3323 5609 sumus
3345 5553 3546 5609 edocti.
3578 5553 3640 5609 Si
3661 5569 3795 5608 vero

2154 5654 2210 5704 et
2264 5648 2394 5703 novi
2443 5647 2657 5721 aliquid
2707 5647 2923 5706 inimici
2965 5649 3170 5704 astutia
3225 5651 3449 5720 agente,
3501 5647 3796 5710 acciderit,

2153 5743 2307 5815 quod
2351 5747 2448 5797 tua
2490 5746 2684 5798 sancta
2728 5743 3058 5798 fraternitas
3099 5742 3338 5798 minime
3371 5757 3477 5814 per
3508 5757 3793 5797 canonum

2155 5837 2410 5893 instituta
2439 5837 2759 5893 discernere
2794 5837 2990 5910 possit,
3023 5837 3130 5893 hoc
3161 5836 3323 5892 nobis
3368 5852 3483 5893 non
3509 5836 3700 5908 pigeat
3733 5833 3790 5886 in
