4092 6192
330 330 464 385 1177

1353 328 1422 386 Μ.
1463 331 1524 384 ν.
1566 326 1843 386 PROBUS.
1875 359 1942 367 —
1981 327 2249 385 NOTITIA
2286 328 2660 385 HISTORICA.

3560 337 3693 390 1178

324 440 890 509 sinuare,quatenus,
906 439 1022 493 Deo
1035 439 1664 512 juvante,quazcunque
1676 440 1749 495 ad
1768 456 1961 495 emen-
1980 453 2046 525 Α,
2059 439 2213 493 Deus
2237 437 2609 510 diligentibus
2639 454 2698 495 se
2738 439 2874 511 (Jac.
2902 454 2961 507 ιι,
2993 441 3065 510 5).
3097 440 3165 495 Et
3194 457 3300 496 nos
3329 441 3460 498 licet
3501 459 3699 515 pecca-

324 532 616 587 dationem
634 548 795 587 nova:
817 532 995 603 plebis
1014 549 1135 588 esse
1152 536 1413 605 possunt,
1436 533 1541 588 tibi
1560 534 1773 605 absque
1792 533 1963 589 tardi-

324 630 440 681 tate
460 626 808 697 respondere
840 631 1211 682 maturemus.
1238 627 1552 698 Cognoscat
1577 628 1751 697 enim,
1786 628 1963 683 frater

324 719 677 788 charissime,
720 724 814 775 tua
857 724 1050 775 sancta
1088 720 1417 776 fraternitas
1460 722 1540 775 ita
1590 721 1959 777 dilectionem

322 818 485 867 tuam
520 830 624 867 nos
660 813 873 869 habere
912 813 970 868 in
998 813 1208 869 nostris
1233 814 1582 884 praecordiis,
1618 819 1679 870 ut
1713 818 1770 870 te
1809 831 1957 886 prae-

325 906 642 963 sentialiter
668 907 922 979 quotidie
956 907 1145 962 videre
1179 907 1591 977 desideremus,
1618 911 1675 964 et
1711 908 1787 963 ita
1816 913 1873 963 te
1900 908 1960 963 in

322 1005 521 1055 nostro
553 1000 842 1055 consortio
872 1000 1206 1069 habeamus,
1234 1004 1297 1055 ut
1322 1007 1474 1057 certe
1504 1001 1828 1057 ministrum
1858 1001 1961 1056 Dei

324 1098 384 1148 et
429 1094 880 1165 dispensatorem
908 1094 1292 1149 .Ecclesiarum
1339 1095 1566 1150 Christi.
1622 1096 1702 1149 De
1750 1099 1958 1151 caetero

322 1203 573 1259 namque
599 1188 918 1243 confortare
940 1187 998 1241 in
1024 1188 1287 1257 Domino,
1314 1188 1488 1244 frater
1517 1188 1870 1257 charissima,
1902 1191 1961 1242 et

321 1284 445 1335 esto
472 1280 737 1336 robustus
775 1281 949 1352 (Deut.
982 1298 1130 1349 xm,
1161 1283 1233 1351 '7),
1266 1286 1323 1336 et
1352 1282 1585 1337 elabora
1620 1282 1682 1337 in
1713 1299 1855 1354 opus
1888 1282 1959 1337 ad

324 1375 482 1445 quod
506 1378 562 1429 te
590 1375 781 1430 divina
804 1375 985 1430 voluit
998 1391 1232 1432 evocare
1248 1376 1572 1431 clementia.
1586 1376 1789 1447 Magna
1804 1376 1959 1431 enim

320 1471 383 1522 te
428 1484 555 1540 spes
590 1469 1071 1525 remunerationis
1113 1472 1421 1541 exspectat,
1468 1486 1641 1540 quam
1702 1469 1961 1540 promisit

2060 536 2211 587 tores
2254 532 2585 601 existamus,
2629 536 2822 588 tamen
2869 531 2967 587 Dei
3007 533 3186 588 nostri
3240 551 3359 590 non
3414 552 3698 592 cessamus

2062 625 2278 696 absque
2318 625 2739 681 intermissione
2779 625 3119 682 immensam
3164 645 3400 684 exorare
3438 630 3694 685 clemen-

2060 719 2219 785 tiam,
2247 718 2437 789 utqui
2474 719 2643 790 ccepit
2680 720 2739 773 in
2783 719 2945 775 vobis
2985 719 3243 791 perﬁciat
3282 739 3426 795 opus
3476 723 3697 779 bonum

2061 828 2236 885 usque
2278 812 2464 866 adhuc
2511 814 2727 883 (Philip.
2773 830 2812 882 1,
2846 814 2918 883 6).
2964 815 3034 869 Et
3072 814 3269 871 beatus
3306 816 3697 888 apostolorum

2059 906 2322 978 princeps
2357 907 2556 961 Petrus
2598 910 2936 978 cooperetur
2972 909 3073 964 tibi
3117 908 3175 964 in
3218 910 3484 966 omnibus
3531 911 3695 966 bonis

2059 1016 2188 1071 quae
2212 999 2263 1054 ei
2289 1015 2492 1070 parare
2522 999 2826 1056 desideras.
2861 1002 3006 1057 Deus
3035 1007 3092 1057 te
3122 1003 3469 1060 incolumem
3501 1009 3689 1061 custo-

2060 1093 2198 1161 diat,
2227 1093 2695 1149 reverendissime
2726 1101 2780 1149 et
2813 1097 3165 1153 sanctissime
3189 1098 3381 1154 frater.
3405 1096 3544 1154 Data
3572 1102 3690 1155 Kal.

2058 1187 2285 1259 Aprilis,
2331 1188 2649 1260 imperante
2688 1188 2925 1244 domino
2964 1190 3215 1261 piissimo
3258 1196 3510 1264 Augusto
3546 1194 3692 1248 Con—

2059 1282 2327 1351 stantino,
2350 1298 2383 1336 a
2406 1282 2519 1335 Deo
2546 1285 2816 1337 coronato
2835 1300 3046 1355 magno
3061 1284 3422 1356 imperatore,
3436 1303 3587 1342 anno
3600 1288 3690 1355 24,

2060 1374 2287 1446 imperii
2316 1374 2438 1445 ejus
2467 1391 2619 1430 anno
2646 1378 2699 1441 2,
2727 1376 3044 1435 indictione
3077 1382 3161 1432 ll.

323 1612 477 1668 Habe
509 1614 755 1685 gratiam
775 1615 1055 1691 studiosis,
1079 1616 1288 1691 Lector
1305 1615 1577 1691 studiose,
1600 1615 1755 1687 quod
1782 1631 1933 1669 nunc
1952 1614 2026 1691 ad
2047 1630 2281 1691 manum
2308 1614 2538 1691 habeas,
2559 1620 2674 1691 tam
2701 1616 3087 1691 conciliorum
3105 1623 3229 1672 acta
3248 1635 3422 1691 quam
3441 1620 3675 1691 pontiﬁ-

397 1701 555 1762 cum_,_
578 1701 716 1762 quia
734 1702 800 1742 ex
832 1686 1158 1762 Graecorum
1185 1692 1240 1741 et
1266 1686 1596 1762 Latinorum
1623 1685 2045 1762 lpromptuariis
2067 1686 2128 1740 in
2153 1703 2330 1762 unum
2364 1687 2950 1762 recollegitvolumen
2971 1688 3228 1762 _lsidorus
3258 1685 3618 1762 Hispalensis,

468 1757 749 1828 adjunctis
778 1758 1524 1830 sanctionibuspontiﬁcum
1546 1757 1924 1830 summorum,
1952 1757 2205 1830 Gregorii
2229 1757 2484 1824 secundi,
2514 1757 2796 1827 Vitaliani,
2824 1759 3067 1828 Martini,
3086 1759 3344 1830 Gregorii
3355 1757 3547 1830 'tertii,

540 1832 713 1899 atque
742 1829 1043 1885 Zachariae.
1077 1828 1294 1893 Quibus
1327 1829 1502 1884 ﬁnem
1535 1829 1811 1901 imposuit
1850 1829 2027 1884 solers
2058 1828 2518 1901 cbalcographus
2555 1834 2610 1883 et
2646 1830 2921 1885 honestus
2949 1830 3083 1885 civis
3124 1828 3480 1888 Coloniensis

1110 1903 1309 1956 Petrus
1335 1900 1688 1971 Quentellus,
1722 1917 1874 1955 anno
1903 1900 2133 1955 Domini
2158 1901 2399 1966 MDXXX,
2436 1917 2494 1955 Ill
2519 1901 2638 1955 Kal.
2672 1900 2898 1972 Aprilis.

872 2305 1491 2432 MARCUS
1584 2306 2366 2434 VALERIUS
2479 2307 3132 2435 PROBUS.

1506 2741 1897 2821 NOTITIA
1981 2739 2505 2820 HISTORICA.

396 3059 470 3112 De
497 3059 921 3132 Mareo_Valerio
949 3059 1129 3132 Probo
1153 3059 1277 3115 haec
1304 3061 1576 3131 leguntur
1600 3060 1660 3115 in
1685 3059 1932 3132 editione
1958 3059 2215 3132 opusculi
2236 3060 2313 3115 De
2335 3058 2485 3132 notis
2515 3058 2767 3132 antiquis
2792 3056 3017 3132 Parisiis
3036 3057 3169 3132 data
3193 3075 3345 3115 anno
3370 3063 3527 3129 1510,
3559 3077 3686 3132 pro-

324 3132 559 3184 curante
589 3129 907 3185 Godefredo
933 3131 1099 3185 Torin
1125 3148 1137 3186 :
1160 3152 1188 3181 «
1207 3129 1426 3187 Marcus
1454 3131 1705 3185 Valerius
1730 3131 1967 3199 Probus,
1990 3129 2298 3201 Berrytius,
2317 3131 2414 3185 diu
2436 3129 2816 3185 centuriatum
2836 3130 3000 3200 petiit
3019 3130 3201 3186 donec
3220 3132 3393 3187 taedio
3413 3132 3483 3187 ad
3500 3129 3691 3187 studia

326 3224 355 3249 ‹‹
397 3217 456 3254 se
483 3201 747 3256 contulit.
776 3201 1013 3274 Legerat
1035 3202 1094 3255 in
1121 3202 1420 3257 Provincia
1444 3202 1717 3274 quosdam
1759 3207 1978 3257 veteres
2004 3200 2218 3256 libellos
2246 3201 2399 3272 apud
2426 3201 2910 3274 grammatistam,
2943 3200 3183 3257 durante
3219 3203 3407 3258 adhuc
3434 3203 3513 3258 ibi
3541 3205 3686 3259 anti-

327 3293 355 3319 ι(
396 3288 642 3342 quorum
672 3272 974 3341 memoria,
999 3274 1244 3328 necdum
1259 3272 1506 3352 omnino
1529 3273 1738 3352 abolita
1757 3274 1899 3352 sicut
1923 3274 2123 3328 Roma.
2150 3274 2258 3352 Hes
2279 3288 2408 3352 cum
2433 3272 2763 3352 diligentius
2788 3274 3048 3352 repetere
3072 3278 3241 3352 atque
3262 3274 3402 3352 alios
3422 3274 3690 3352 deinceps

327 3365 355 3392 ‹‹
395 3359 739 3426 cognoscere
762 3350 1015 3426 cuperet,
1039 3345 1304 3426 quamvis
1325 3361 1383 3400 se
1405 3345 1689 3426 contemni
1709 3345 2003 3426 magisque
2023 3343 2330 3415 opprobrio
2348 3342 2671 3426 legentibus
2692 3358 2871 3426 quam
2893 3342 3093 3426 glorias
3115 3342 3172 3399 et
3195 3345 3404 3426 fructui
3425 3362 3548 3400 esse
3572 3342 3694 3426 ani-

327 3436 355 3462 ‹‹
398 3413 800 3488 madverteret,
819 3413 1268 3488 nihilominusin
1288 3416 1577 3488 prOposito
1599 3413 1830 3483 mansit,
1848 3413 2146 3486 multaque
2170 3414 2525 3488 exemplaria
2542 3418 2838 3488 contracta
2853 3413 3163 3470 emendare
3184 3431 3249 3488 ac
3266 3415 3614 3488 distinguere
3634 3424 3689 3471 et

328 3508 355 3533 ‹‹
397 3486 667 3567 adnotare
693 3487 909 3567 curavit
936 3503 950 3567 ς
979 3488 1085 3567 s_oli_
1114 3487 1245 3567 huic
1280 3484 1533 3550 nec—ulli
1562 3493 1846 3567 praeterea
1879 3484 2287 3567 grammatices
2317 3484 2466 3567 parti
2496 3485 2737 3540 deditus.
2770 3484 2865 3567 Hie
2892 3490 3151 3567 nontam
3178 3484 3491 3567 discipulos
3504 3503 3686 3567 quam

328 3579 355 3605 ιι
396 3561 700 3613 sectatores
736 3558 956 3630 aliquot
996 3559 1214 3628 habuit,
1260 3555 1580 3630 nunquam'
1600 3561 1682 3613 ita
1726 3555 1919 3630 docuit
1952 3560 2027 3630 ut
2061 3555 2333 3630 magistri
2372 3572 2678 3630 personam
2724 3555 3045 3630 sustineret.
3080 3558 3267 3630 Unum
3309 3555 3396 3612 vel
3441 3555 3689 3630 alterum

325 3648 354 3679 ‹‹
394 3629 477 3683 vel
506 3646 637 3683 cum
659 3626 931 3703 plurimos
948 3635 1063 3684 tres
1096 3626 1207 3685 aut
1237 3626 1488 3703 quatuor
1513 3629 1926 3700 pomeridianis
1941 3628 2104 3703 boris
2128 3626 2698 3703 admitteresolebat,
2722 3626 3068 3703 cubansque,
3091 3627 3250 3703 inter
3266 3630 3467 3701 longos
3486 3645 3551 3703 ac
3572 3629 3693 3684 vul-

328 3720 357 3747 ‹‹
397 3716 559 3780 gares
579 3698 889 3769 sermones,
912 3701 1104 3772 legere
1126 3698 1408 3773 quaedam,
1431 3698 1603 3772 idque
1623 3718 1880 3773 perraro,
1895 3700 2067 3755 nimis
2086 3716 2267 3771 pauca
2284 3705 2341 3755 et
2361 3699 2569 3772 exigua
2589 3699 2658 3753 de
2677 3698 3025 3780 quibusdam
3048 3699 3284 3755 minutis
3309 3698 3688 3772 quaestiuncu-

329 3793 355 3820 (ι
396 3772 461 3825 lis
492 3771 686 3827 edidit.
715 3772 963 3844 Reliquit
989 3778 1179 3829 autem
1207 3790 1325 3828 non
1352 3773 1698 3828 mediocrem
1729 3773 1928 3828 silvam
1958 3771 2416 3827 Observationum
2442 3787 2720 3827 sermoms
2749 3772 2991 3840 antiqui.
3022 3791 3050 3818 »

908 4119 1420 4187 GODOFREDUS
1464 4119 1806 4187 TORINUS
1846 4118 2284 4195 BITURICUS,
2332 4117 2662 4184 LECTORI
2708 4118 3100 4186 SALUTEM.

396 4301 436 4356 E
461 4318 577 4385 quo
606 4306 865 4385 tempore
886 4303 1142 4385 Probum
1176 4302 1461 4385 Valerium
1494 4302 1825 4385 imprimere
1853 4302 2051 4385 bonis,
2083 4306 2148 4358 ut
2173 4302 2547 4385 reor,‘avibus
2577 4302 2803 4385 incmpi,
2840 4319 2911 4358 ne
2952 4303 3095 4385 liber
3125 4303 3298 4385 unius
3322 4309 3421 4385 aut
3444 4304 3686 4385 dugrum

328 4393 356 4454 ς(
395 4373 657 4454 codicum
683 4374 995 4454 euehiridio
1021 4374 1211 4454 minus
1237 4377 1400 4454 aptus
1428 4374 1624 4454 exiret,
1653 4373 1908 4454 pluscula
1942 4374 2092 4454 scitu_
2112 4391 2233 4454 non
2256 4374 2493 4454 indigna
2526 4373 2905 4454 cqmprimere
2930 4375 3086 4429 venit
3124 4374 3181 4430 in
3216 4379 3491 4454 mentem.
3520 4377 3682 4454 Trac-

326 4448 508 4500 tatum
537 4445 607 4500 de
630 4444 981 4516 ponderibus
1005 4448 1062 4499 et
1090 4444 1375 4500 mensuris
1402 4462 1469 4499 ex
1499 4444 1816 4511 Prisciano;
1845 4446 2341 4516 quemadmodum
2379 4444 2529 4501 data:
2571 4444 2775 4500 formas
2807 4462 3078 4516 agrorum
3117 4447 3308 4501 metiri
3342 4447 3583 4502 debeant
3619 4464 3685 4500 ex

325 4515 837 4597 Columellai...Da,_
860 4533 1079 4597 precor,
1107 4518 1259 4597 bone
1286 4517 1476 4585 lector,
1507 4532 1740 4588 operam
1773 4532 1846 4571 ne
1864 4515 2002 4587 tibi,
2042 4517 2194 4588 quod
2225 4517 2401 4573 etiam
2440 4517 2798 4589 aanigmatice
2827 4517 3056 4572 Plautus
3081 4517 3138 4571 in
3166 4517 3334 4572 Milite
3363 4518 3442 4573 ait
3475 4535 3486 4572 :
3516 4519 3685 4575 Glau-

326 4603 475 4643 coma
501 4589 566 4643 ob
590 4589 766 4644 oculos
785 4588 1082 4657 objecerim.
1107 4589 1260 4643 Vale.

1317 4881 1665 4951 EJUSDEM
1708 4883 2093 4950 EPISTOLA
2134 4881 2686 4949 DEDICATOBIA.

399 5063 1011 5141 Godofredus'POaINUS
1046 5062 1339 5141 Bituricus,
1369 5063 1757 5141 ornatissimos
1784 5065 2161 5141 Philibertum
2196 5065 2413 5121 Basouu
2459 5067 2515 5118 et
2553 5065 2838 5119 Joannem
2872 5065 3175 5121 ΑιεΜΑΝωι
3198 5066 3510 5141 juniorem,
3541 5072 3687 5132 cives

331 5134 624 5207 Bituricos,
646 5135 769 5207 pari
786 5135 1036 5207 interese
1064 5135 1319 5190 amicitia
1342 5134 1860 5207 conjunctissimos,
1889 5138 2112 5192 salutat.

400 5206 649 5281 Debetur
662 5206 848 5281 vobis,
874 5206 978 5261 viri
1004 5206 1279 5281 singulari
1296 5206 1515 5281 virtute
1525 5207 1869 5281 plenissimi,
1890 5224 2089 5281 omnes
2114 5224 2253 5281 quos
2283 5210 2340 5262 et
2363 5210 2539 5281 noctu
2559 5210 2616 5261 et
2643 5206 2893 5281 interdiu
2915 5223 3207 5281 assumere
3232 5227 3463 5281 possum
3494 5216 3686 5280 (etiam

331 5278 401 5332 de
432 5277 1183 5353 industria)_labores._Eece,
1212 5278 1345 5349 quia
1369 5278 1629 5353 moribus
1656 5280 1922 5353 antiquis,
1951 5279 2010 5334 id
2033 5277 2149 5353 est,
2162 5277 2415 5353 honestis
2440 5282 2504 5353 et,
2520 5292 2654 5353 vere
2678 5277 2864 5346 bonis,
2879 5279 3036 5353 haud
3060 5277 3421 5353 mediocriter
3459 5277 3683 5343 utimini

327 5355 384 5433 et
409 5349 689 5433 gaudetis,
725 5350 967 5433 Probum
992 5348 1281 5433 Valerium
1309 5351 1720 5433 scripturarum
1749 5348 2117 5433 antiquarum
2131 5353 2200 5432 .et
2227 5348 2739 5433 abbreviationum,
2768 5367 2897 5423 quae
2923 5350 2983 5433 in
3008 5350 3387 5431 numismatis,
3413 5358 3685 5433 sepulcris

329 5424 388 5475 et
412 5420 633 5497 tabellis
662 5420 977 5497 antiquitus
1000 5422 1253 5492 perbelle
1284 5420 2313 5497 consi‘gnabantur,‘diligentissimum
2341 5420 2812 5497 c‘oacervatoremf,
2843 5420 3339 5497 certissimumque
3361 5420 3687 5497 explanato-

328 5507 451 5567 rem
482 5492 587 5546 sub
618 5491 807 5567 vestro
830 5491 972 5567 mibi
996 5491 1222 5567 semper
1247 5491 1491 5547 amando
1515 5492 1767 5567 nomine,
1789 5491 2010 5560 lubens,
2041 5493 2213 5567 ut‘vel
2238 5492 2528 5567 tantilium
2554 5493 2878 5567 reipublicae
2904 5491 3122 5567 valeam
3150 5491 3449 5567 prodesse,
3462 5499 3689 5558 charac-

331 5563 541 5617 laribus
582 5567 640 5618 et
673 5561 1146 5644 impressionibus
1184 5580 1315 5644 cum
1351 5569 1563 5644 nostra,
1598 5563 1819 5644 utinam
1866 5567 1985 5644 tam
2028 5564 2178 5644 felici
2215 5580 2392 5635 quam
2435 5561 3235 5644 diligenti,_mcognitiuncula
3264 5561 3447 5644 trado.
3487 5572 3686 5644 Sinite,

331 5651 538 5704 quaeso,
561 5631 870 5697 auctorem,
903 5650 1184 5706 perquam
1210 5631 1560 5707 singularem
1586 5635 1840 5706 primum
1865 5634 1926 5707 in
1953 5641 2183 5707 vestras,
2218 5631 2563 5707 emnemad'
2579 5631 2848 5689 virtutem
2876 5631 3213 5703 aptissimus,
3248 5634 3454 5695 deinde
3483 5631 3690 5701 studio:

330 5722 523 5760 sorum
550 5707 809 5761 omnium
831 5705 1075 5761 aliorum
1097 5705 1624 5761 manus'commode
1640 5707 1764 5778 jam
1796 5711 1854 5761 et
1879 5705 2152 5763 festiviter
2179 5708 2349 5762 exire.
2382 5706 2589 5762 Valete.

475 5795 766 5851 Parrhisiis
785 5796 936 5868 apud
956 5796 1262 5870 collegium
1290 5796 1691 5867 Plesseiacum,
1718 5812 1770 5851 v1
1802 5796 1951 5851 ldus.

690 5886 863 5943 Maias
895 5891 1050 5944 1510.

2587 5885 2735 5939 Cms
