  <div class='ocr_page' id='page_1' title='image "/cluster/home/n/w/nwhite01/storage/ocr_20150623/130/hvd.32044054759915/619.png"; bbox 0 0 4092 6192; ppageno 0'>
   <div class='ocr_carea' id='block_1_1' title="bbox 415 312 544 363">
    <p class='ocr_par' dir='ltr' id='par_1_1' title="bbox 415 312 544 363">
     <span class='ocr_line' id='line_1_1' title="bbox 415 312 544 363; baseline -0.023 -1"><span class='ocrx_word' id='word_1_1' title='bbox 415 312 544 363; x_wconf 75' lang='grc'>1179</span> 
     </span>
    </p>
   </div>
   <div class='ocr_carea' id='block_1_2' title="bbox 1656 303 2531 361">
    <p class='ocr_par' dir='ltr' id='par_1_2' title="bbox 1656 303 2531 361">
     <span class='ocr_line' id='line_1_2' title="bbox 1656 303 2531 361; baseline -0.001 -3"><span class='ocrx_word' id='word_1_2' title='bbox 1656 305 1721 358; x_wconf 83' lang='grc' dir='ltr'><strong>Μ.</strong></span> <span class='ocrx_word' id='word_1_3' title='bbox 1764 305 1822 360; x_wconf 89' lang='lat' dir='ltr'><strong>V.</strong></span> <span class='ocrx_word' id='word_1_4' title='bbox 1867 305 2061 360; x_wconf 81' lang='lat' dir='ltr'>PROBI</span> <span class='ocrx_word' id='word_1_5' title='bbox 2101 303 2531 361; x_wconf 77' lang='lat' dir='ltr'>GRAMMATICI.</span> 
     </span>
    </p>
   </div>
   <div class='ocr_carea' id='block_1_3' title="bbox 3638 312 3783 364">
    <p class='ocr_par' dir='ltr' id='par_1_3' title="bbox 3638 312 3783 364">
     <span class='ocr_line' id='line_1_3' title="bbox 3638 312 3783 364; baseline 0.014 -2"><span class='ocrx_word' id='word_1_6' title='bbox 3638 312 3783 364; x_wconf 69' lang='lat'>1180</span> 
     </span>
    </p>
   </div>
   <div class='ocr_carea' id='block_1_4' title="bbox 1237 668 2911 790">
    <p class='ocr_par' dir='ltr' id='par_1_4' title="bbox 1237 668 2911 790">
     <span class='ocr_line' id='line_1_4' title="bbox 1237 668 2911 790; baseline 0.001 -3"><span class='ocrx_word' id='word_1_7' title='bbox 1237 670 1428 788; x_wconf 84' lang='lat' dir='ltr'>M.</span> <span class='ocrx_word' id='word_1_8' title='bbox 1505 668 2270 787; x_wconf 75' lang='lat' dir='ltr'>VALERII</span> <span class='ocrx_word' id='word_1_9' title='bbox 2379 670 2911 790; x_wconf 77' lang='lat' dir='ltr'><strong>PROBI</strong></span> 
     </span>
    </p>
   </div>
   <div class='ocr_carea' id='block_1_5' title="bbox 1837 891 2334 948">
    <p class='ocr_par' dir='ltr' id='par_1_5' title="bbox 1837 891 2334 948">
     <span class='ocr_line' id='line_1_5' title="bbox 1837 891 2334 948; baseline 0 -3"><span class='ocrx_word' id='word_1_10' title='bbox 1837 891 2334 948; x_wconf 74' lang='lat' dir='ltr'>GRAMMATICI</span> 
     </span>
    </p>
   </div>
   <div class='ocr_carea' id='block_1_6' title="bbox 759 1053 3410 1204">
    <p class='ocr_par' dir='ltr' id='par_1_6' title="bbox 759 1053 3410 1204">
     <span class='ocr_line' id='line_1_6' title="bbox 759 1053 3410 1204; baseline 0 -24"><span class='ocrx_word' id='word_1_11' title='bbox 759 1053 1687 1180; x_wconf 87' lang='lat' dir='ltr'><strong>OPUSCULUM</strong></span> <span class='ocrx_word' id='word_1_12' title='bbox 1786 1055 1987 1177; x_wconf 91' lang='lat' dir='ltr'>DE</span> <span class='ocrx_word' id='word_1_13' title='bbox 2084 1053 2545 1181; x_wconf 89' lang='lat' dir='ltr'><strong>NOTIS</strong></span> <span class='ocrx_word' id='word_1_14' title='bbox 2638 1055 3410 1204; x_wconf 86' lang='lat' dir='ltr'><strong>ANTIQUIS.</strong></span> 
     </span>
    </p>
   </div>
   <div class='ocr_carea' id='block_1_7' title="bbox 410 1417 3780 1502">
    <p class='ocr_par' dir='ltr' id='par_1_7' title="bbox 410 1417 3780 1502">
     <span class='ocr_line' id='line_1_7' title="bbox 410 1417 3780 1502; baseline -0.001 -30"><span class='ocrx_word' id='word_1_15' title='bbox 410 1419 617 1472; x_wconf 75' lang='lat' dir='ltr'>Valerii</span> <span class='ocrx_word' id='word_1_16' title='bbox 645 1417 807 1502; x_wconf 73' lang='lat' dir='ltr'>probi</span> <span class='ocrx_word' id='word_1_17' title='bbox 841 1419 1182 1502; x_wconf 61' lang='lat' dir='ltr'>grammatici</span> <span class='ocrx_word' id='word_1_18' title='bbox 1217 1419 1744 1502; x_wconf 36' lang='lat' dir='ltr'>clem-terpretanclis</span> <span class='ocrx_word' id='word_1_19' title='bbox 1779 1422 2037 1502; x_wconf 64' lang='lat' dir='ltr'>Roinano-</span> <span class='ocrx_word' id='word_1_20' title='bbox 2058 1431 2115 1502; x_wconf 84' lang='grc' dir='ltr'><strong>Α</strong></span> <span class='ocrx_word' id='word_1_21' title='bbox 2206 1421 2450 1474; x_wconf 84' lang='lat' dir='ltr'><strong>AAAFF.</strong></span> <span class='ocrx_word' id='word_1_22' title='bbox 2479 1437 2589 1475; x_wconf 84' lang='lat' dir='ltr'>aere</span> <span class='ocrx_word' id='word_1_23' title='bbox 2613 1425 2872 1492; x_wconf 85' lang='lat' dir='ltr'>argento,</span> <span class='ocrx_word' id='word_1_24' title='bbox 2900 1437 3038 1475; x_wconf 88' lang='lat' dir='ltr'>auro</span> <span class='ocrx_word' id='word_1_25' title='bbox 3067 1420 3218 1490; x_wconf 84' lang='lat' dir='ltr'>flato,</span> <span class='ocrx_word' id='word_1_26' title='bbox 3250 1420 3495 1475; x_wconf 82' lang='lat' dir='ltr'>ferundo</span> <span class='ocrx_word' id='word_1_27' title='bbox 3519 1423 3610 1475; x_wconf 83' lang='lat' dir='ltr'>vel</span> <span class='ocrx_word' id='word_1_28' title='bbox 3633 1424 3780 1474; x_wconf 74' lang='lat' dir='ltr'>llam</span> 
     </span>
    </p>
   </div>
   <div class='ocr_carea' id='block_1_8' title="bbox 477 1491 2774 1570">
    <p class='ocr_par' dir='ltr' id='par_1_8' title="bbox 477 1491 2774 1570">
     <span class='ocr_line' id='line_1_8' title="bbox 477 1491 2774 1570; baseline 0.002 -29"><span class='ocrx_word' id='word_1_29' title='bbox 477 1505 596 1570; x_wconf 67' lang='lat' dir='ltr'>rum</span> <span class='ocrx_word' id='word_1_30' title='bbox 633 1491 775 1570; x_wconf 58' lang='lat' dir='ltr'>potis</span> <span class='ocrx_word' id='word_1_31' title='bbox 812 1491 1052 1558; x_wconf 71' lang='lat' dir='ltr'>antiquis</span> <span class='ocrx_word' id='word_1_32' title='bbox 1093 1505 1184 1543; x_wconf 84' lang='lat' dir='ltr'>seu</span> <span class='ocrx_word' id='word_1_33' title='bbox 1223 1491 1417 1544; x_wconf 77' lang='lat' dir='ltr'>litteris</span> <span class='ocrx_word' id='word_1_34' title='bbox 1451 1493 1770 1561; x_wconf 85' lang='lat' dir='ltr'>opusculum</span> <span class='ocrx_word' id='word_1_35' title='bbox 1807 1493 2037 1558; x_wconf 74' lang='lat' dir='ltr'>feliciter</span> <span class='ocrx_word' id='word_1_36' title='bbox 2058 1491 2115 1502; x_wconf 81' lang='grc'><strong>⁸⁵</strong></span> <span class='ocrx_word' id='word_1_37' title='bbox 2137 1513 2378 1566; x_wconf 62' lang='lat' dir='ltr'>ferundo</span> <span class='ocrx_word' id='word_1_38' title='bbox 2409 1516 2492 1569; x_wconf 59' lang='lat' dir='ltr'>vel</span> <span class='ocrx_word' id='word_1_39' title='bbox 2519 1491 2774 1570; x_wconf 45' lang='lat' dir='ltr'>fecundo.</span> 
     </span>
    </p>
   </div>
   <div class='ocr_carea' id='block_1_9' title="bbox 472 1562 679 1628">
    <p class='ocr_par' dir='ltr' id='par_1_9' title="bbox 472 1562 679 1628">
     <span class='ocr_line' id='line_1_9' title="bbox 472 1562 679 1628; baseline 0 -16"><span class='ocrx_word' id='word_1_40' title='bbox 472 1562 679 1628; x_wconf 74' lang='lat' dir='ltr'>incipit.</span> 
     </span>
    </p>
   </div>
   <div class='ocr_carea' id='block_1_10' title="bbox 477 1675 2029 1750">
    <p class='ocr_par' dir='ltr' id='par_1_10' title="bbox 477 1675 2029 1750">
     <span class='ocr_line' id='line_1_10' title="bbox 477 1675 2029 1750; baseline 0 -20"><span class='ocrx_word' id='word_1_41' title='bbox 477 1680 566 1731; x_wconf 75' lang='lat' dir='ltr'>Est</span> <span class='ocrx_word' id='word_1_42' title='bbox 596 1676 767 1729; x_wconf 89' lang='lat' dir='ltr'>etiam</span> <span class='ocrx_word' id='word_1_43' title='bbox 795 1675 940 1729; x_wconf 90' lang='lat' dir='ltr'>circa</span> <span class='ocrx_word' id='word_1_44' title='bbox 973 1677 1402 1747; x_wconf 89' lang='lat' dir='ltr'>perscribcndas</span> <span class='ocrx_word' id='word_1_45' title='bbox 1428 1679 1513 1732; x_wconf 90' lang='lat' dir='ltr'>vel</span> <span class='ocrx_word' id='word_1_46' title='bbox 1553 1677 1913 1750; x_wconf 84' lang='lat' dir='ltr'>paucioribus</span> <span class='ocrx_word' id='word_1_47' title='bbox 1941 1679 2029 1732; x_wconf 88' lang='lat' dir='ltr'>lit-</span> 
     </span>
    </p>
   </div>
   <div class='ocr_carea' id='block_1_11' title="bbox 401 1769 2029 1844">
    <p class='ocr_par' dir='ltr' id='par_1_11' title="bbox 401 1769 2029 1844">
     <span class='ocr_line' id='line_1_11' title="bbox 401 1769 2029 1844; baseline 0.001 -19"><span class='ocrx_word' id='word_1_48' title='bbox 401 1771 539 1825; x_wconf 82' lang='lat' dir='ltr'><strong>teris</strong></span> <span class='ocrx_word' id='word_1_49' title='bbox 594 1769 865 1823; x_wconf 88' lang='lat' dir='ltr'>notandas</span> <span class='ocrx_word' id='word_1_50' title='bbox 920 1786 1083 1824; x_wconf 86' lang='lat' dir='ltr'>voces</span> <span class='ocrx_word' id='word_1_51' title='bbox 1132 1772 1380 1826; x_wconf 90' lang='lat' dir='ltr'>studium</span> <span class='ocrx_word' id='word_1_52' title='bbox 1433 1772 1842 1835; x_wconf 79' lang='lat' dir='ltr'>necessarium.</span> <span class='ocrx_word' id='word_1_53' title='bbox 1882 1773 2029 1844; x_wconf 89' lang='lat' dir='ltr'>quod</span> 
     </span>
    </p>
   </div>
   <div class='ocr_carea' id='block_1_12' title="bbox 405 1864 2029 1936">
    <p class='ocr_par' dir='ltr' id='par_1_12' title="bbox 405 1864 2029 1936">
     <span class='ocr_line' id='line_1_12' title="bbox 405 1864 2029 1936; baseline 0.001 -19"><span class='ocrx_word' id='word_1_54' title='bbox 405 1865 612 1934; x_wconf 84' lang='lat' dir='ltr'>partim</span> <span class='ocrx_word' id='word_1_55' title='bbox 652 1880 755 1933; x_wconf 90' lang='lat' dir='ltr'>pro</span> <span class='ocrx_word' id='word_1_56' title='bbox 806 1864 1114 1932; x_wconf 80' lang='lat' dir='ltr'>voluntate,</span> <span class='ocrx_word' id='word_1_57' title='bbox 1146 1864 1416 1936; x_wconf 84' lang='lat' dir='ltr'>cujusque</span> <span class='ocrx_word' id='word_1_58' title='bbox 1443 1865 1524 1933; x_wconf 80' lang='lat' dir='ltr'>fit,</span> <span class='ocrx_word' id='word_1_59' title='bbox 1556 1866 1764 1936; x_wconf 82' lang='lat' dir='ltr'>partim</span> <span class='ocrx_word' id='word_1_60' title='bbox 1794 1882 1897 1936; x_wconf 87' lang='lat' dir='ltr'>pro</span> <span class='ocrx_word' id='word_1_61' title='bbox 1927 1883 2029 1919; x_wconf 90' lang='lat' dir='ltr'>usu</span> 
     </span>
    </p>
   </div>
   <div class='ocr_carea' id='block_1_13' title="bbox 403 1957 2029 2030">
    <p class='ocr_par' dir='ltr' id='par_1_13' title="bbox 403 1957 2029 2030">
     <span class='ocr_line' id='line_1_13' title="bbox 403 1957 2029 2030; baseline 0 -19"><span class='ocrx_word' id='word_1_62' title='bbox 403 1957 627 2028; x_wconf 88' lang='lat' dir='ltr'>publico</span> <span class='ocrx_word' id='word_1_63' title='bbox 683 1962 740 2010; x_wconf 88' lang='lat' dir='ltr'>et</span> <span class='ocrx_word' id='word_1_64' title='bbox 794 1957 1185 2014; x_wconf 77' lang='lat' dir='ltr'>observatione</span> <span class='ocrx_word' id='word_1_65' title='bbox 1238 1960 1550 2013; x_wconf 91' lang='lat' dir='ltr'>communi.</span> <span class='ocrx_word' id='word_1_66' title='bbox 1601 1960 1764 2030; x_wconf 91' lang='lat' dir='ltr'>Apud</span> <span class='ocrx_word' id='word_1_67' title='bbox 1817 1964 2029 2014; x_wconf 82' lang='lat' dir='ltr'>veteres</span> 
     </span>
    </p>
   </div>
   <div class='ocr_carea' id='block_1_14' title="bbox 401 2053 2030 2124">
    <p class='ocr_par' dir='ltr' id='par_1_14' title="bbox 401 2053 2030 2124">
     <span class='ocr_line' id='line_1_14' title="bbox 401 2053 2030 2124; baseline 0.001 -20"><span class='ocrx_word' id='word_1_68' title='bbox 401 2068 669 2122; x_wconf 86' lang='lat' dir='ltr'>namque,</span> <span class='ocrx_word' id='word_1_69' title='bbox 697 2067 828 2104; x_wconf 88' lang='lat' dir='ltr'>cum</span> <span class='ocrx_word' id='word_1_70' title='bbox 880 2068 1010 2104; x_wconf 90' lang='lat' dir='ltr'>usus</span> <span class='ocrx_word' id='word_1_71' title='bbox 1051 2055 1321 2106; x_wconf 89' lang='lat' dir='ltr'>notarum</span> <span class='ocrx_word' id='word_1_72' title='bbox 1368 2053 1556 2107; x_wconf 90' lang='lat' dir='ltr'>nullus</span> <span class='ocrx_word' id='word_1_73' title='bbox 1601 2055 1768 2121; x_wconf 82' lang='lat' dir='ltr'>esset,</span> <span class='ocrx_word' id='word_1_74' title='bbox 1799 2055 2030 2124; x_wconf 86' lang='lat' dir='ltr'>propter</span> 
     </span>
    </p>
   </div>
   <div class='ocr_carea' id='block_1_15' title="bbox 399 2144 2024 2217">
    <p class='ocr_par' dir='ltr' id='par_1_15' title="bbox 399 2144 2024 2217">
     <span class='ocr_line' id='line_1_15' title="bbox 399 2144 2024 2217; baseline 0.002 -19"><span class='ocrx_word' id='word_1_75' title='bbox 399 2144 681 2199; x_wconf 83' lang='lat' dir='ltr'>scribendi</span> <span class='ocrx_word' id='word_1_76' title='bbox 701 2145 1046 2214; x_wconf 81' lang='lat' dir='ltr'>facultatem,</span> <span class='ocrx_word' id='word_1_77' title='bbox 1075 2145 1323 2200; x_wconf 84' lang='lat' dir='ltr'>maxime</span> <span class='ocrx_word' id='word_1_78' title='bbox 1350 2145 1408 2199; x_wconf 91' lang='lat' dir='ltr'>in</span> <span class='ocrx_word' id='word_1_79' title='bbox 1435 2151 1635 2201; x_wconf 89' lang='lat' dir='ltr'>senatu</span> <span class='ocrx_word' id='word_1_80' title='bbox 1657 2145 1753 2217; x_wconf 88' lang='lat' dir='ltr'>qui</span> <span class='ocrx_word' id='word_1_81' title='bbox 1773 2147 2024 2211; x_wconf 88' lang='lat' dir='ltr'>aderant,</span> 
     </span>
    </p>
   </div>
   <div class='ocr_carea' id='block_1_16' title="bbox 401 2237 2026 2311">
    <p class='ocr_par' dir='ltr' id='par_1_16' title="bbox 401 2237 2026 2311">
     <span class='ocr_line' id='line_1_16' title="bbox 401 2237 2026 2311; baseline 0.001 -19"><span class='ocrx_word' id='word_1_82' title='bbox 401 2240 458 2293; x_wconf 88' lang='lat' dir='ltr'>in</span> <span class='ocrx_word' id='word_1_83' title='bbox 485 2237 780 2292; x_wconf 87' lang='lat' dir='ltr'>scribendo</span> <span class='ocrx_word' id='word_1_84' title='bbox 813 2243 872 2292; x_wconf 90' lang='lat' dir='ltr'>ut</span> <span class='ocrx_word' id='word_1_85' title='bbox 891 2239 1153 2293; x_wconf 85' lang='lat' dir='ltr'>celeriter</span> <span class='ocrx_word' id='word_1_86' title='bbox 1172 2240 1750 2311; x_wconf 84' lang='lat' dir='ltr'>comprehenderent,</span> <span class='ocrx_word' id='word_1_87' title='bbox 1767 2241 2026 2310; x_wconf 63' lang='lat' dir='ltr'>quaedam</span> 
     </span>
    </p>
   </div>
   <div class='ocr_carea' id='block_1_17' title="bbox 399 2331 2024 2404">
    <p class='ocr_par' dir='ltr' id='par_1_17' title="bbox 399 2331 2024 2404">
     <span class='ocr_line' id='line_1_17' title="bbox 399 2331 2024 2404; baseline 0.002 -20"><span class='ocrx_word' id='word_1_88' title='bbox 399 2333 565 2387; x_wconf 88' lang='lat' dir='ltr'>verba</span> <span class='ocrx_word' id='word_1_89' title='bbox 594 2335 763 2403; x_wconf 89' lang='lat' dir='ltr'>atque</span> <span class='ocrx_word' id='word_1_90' title='bbox 793 2331 1024 2386; x_wconf 88' lang='lat' dir='ltr'>nomina</span> <span class='ocrx_word' id='word_1_91' title='bbox 1045 2348 1110 2387; x_wconf 82' lang='lat' dir='ltr'>ex</span> <span class='ocrx_word' id='word_1_92' title='bbox 1137 2333 1427 2387; x_wconf 90' lang='lat' dir='ltr'>communi</span> <span class='ocrx_word' id='word_1_93' title='bbox 1455 2350 1626 2388; x_wconf 90' lang='lat' dir='ltr'>sensu</span> <span class='ocrx_word' id='word_1_94' title='bbox 1653 2333 1852 2404; x_wconf 89' lang='lat' dir='ltr'>primis</span> <span class='ocrx_word' id='word_1_95' title='bbox 1877 2334 2024 2388; x_wconf 88' lang='lat' dir='ltr'>litte-</span> 
     </span>
    </p>
   </div>
   <div class='ocr_carea' id='block_1_18' title="bbox 401 2425 2027 2498">
    <p class='ocr_par' dir='ltr' id='par_1_18' title="bbox 401 2425 2027 2498">
     <span class='ocr_line' id='line_1_18' title="bbox 401 2425 2027 2498; baseline 0.001 -20"><span class='ocrx_word' id='word_1_96' title='bbox 401 2426 475 2480; x_wconf 86' lang='lat' dir='ltr'>ris</span> <span class='ocrx_word' id='word_1_97' title='bbox 501 2425 798 2491; x_wconf 89' lang='lat' dir='ltr'>notabant,</span> <span class='ocrx_word' id='word_1_98' title='bbox 826 2429 882 2480; x_wconf 86' lang='lat' dir='ltr'>et</span> <span class='ocrx_word' id='word_1_99' title='bbox 907 2425 1147 2496; x_wconf 70' lang='lat' dir='ltr'>singulm</span> <span class='ocrx_word' id='word_1_100' title='bbox 1169 2426 1374 2481; x_wconf 59' lang='lat' dir='ltr'>litterae</span> <span class='ocrx_word' id='word_1_101' title='bbox 1404 2427 1540 2497; x_wconf 90' lang='lat' dir='ltr'>quid</span> <span class='ocrx_word' id='word_1_102' title='bbox 1565 2426 2027 2498; x_wconf 79' lang='lat' dir='ltr'>signiﬁcarentin</span> 
     </span>
    </p>
   </div>
   <div class='ocr_carea' id='block_1_19' title="bbox 399 2520 2028 2591">
    <p class='ocr_par' dir='ltr' id='par_1_19' title="bbox 399 2520 2028 2591">
     <span class='ocr_line' id='line_1_19' title="bbox 399 2520 2028 2591; baseline -0.001 -17"><span class='ocrx_word' id='word_1_103' title='bbox 399 2525 666 2591; x_wconf 89' lang='lat' dir='ltr'>promptu</span> <span class='ocrx_word' id='word_1_104' title='bbox 707 2522 862 2584; x_wconf 89' lang='lat' dir='ltr'>erat;</span> <span class='ocrx_word' id='word_1_105' title='bbox 897 2520 1047 2590; x_wconf 91' lang='lat' dir='ltr'>quod</span> <span class='ocrx_word' id='word_1_106' title='bbox 1082 2521 1142 2573; x_wconf 92' lang='lat' dir='ltr'>in</span> <span class='ocrx_word' id='word_1_107' title='bbox 1171 2520 1520 2586; x_wconf 88' lang='lat' dir='ltr'>nominibus,</span> <span class='ocrx_word' id='word_1_108' title='bbox 1548 2521 1766 2591; x_wconf 87' lang='lat' dir='ltr'>legibus</span> <span class='ocrx_word' id='word_1_109' title='bbox 1790 2520 2028 2591; x_wconf 86' lang='lat' dir='ltr'>publicis</span> 
     </span>
    </p>
   </div>
   <div class='ocr_carea' id='block_1_20' title="bbox 396 2613 2024 2686">
    <p class='ocr_par' dir='ltr' id='par_1_20' title="bbox 396 2613 2024 2686">
     <span class='ocr_line' id='line_1_20' title="bbox 396 2613 2024 2686; baseline 0 -18"><span class='ocrx_word' id='word_1_110' title='bbox 396 2614 839 2686; x_wconf 85' lang='lat' dir='ltr'>pontiﬁcumque</span> <span class='ocrx_word' id='word_1_111' title='bbox 881 2613 1268 2669; x_wconf 87' lang='lat' dir='ltr'>monumentis</span> <span class='ocrx_word' id='word_1_112' title='bbox 1297 2618 1352 2668; x_wconf 91' lang='lat' dir='ltr'>et</span> <span class='ocrx_word' id='word_1_113' title='bbox 1381 2615 1440 2668; x_wconf 90' lang='lat' dir='ltr'>iu</span> <span class='ocrx_word' id='word_1_114' title='bbox 1461 2613 1609 2684; x_wconf 85' lang='lat' dir='ltr'>juris</span> <span class='ocrx_word' id='word_1_115' title='bbox 1633 2614 1810 2668; x_wconf 88' lang='lat' dir='ltr'>civilis</span> <span class='ocrx_word' id='word_1_116' title='bbox 1841 2615 2024 2668; x_wconf 90' lang='lat' dir='ltr'>studio</span> 
     </span>
    </p>
   </div>
   <div class='ocr_carea' id='block_1_21' title="bbox 395 2707 2027 2778">
    <p class='ocr_par' dir='ltr' id='par_1_21' title="bbox 395 2707 2027 2778">
     <span class='ocr_line' id='line_1_21' title="bbox 395 2707 2027 2778; baseline -0.002 -15"><span class='ocrx_word' id='word_1_117' title='bbox 395 2714 449 2763; x_wconf 89' lang='lat' dir='ltr'>et</span> <span class='ocrx_word' id='word_1_118' title='bbox 480 2724 631 2762; x_wconf 92' lang='lat' dir='ltr'>nunc</span> <span class='ocrx_word' id='word_1_119' title='bbox 660 2710 875 2762; x_wconf 89' lang='lat' dir='ltr'>manet.</span> <span class='ocrx_word' id='word_1_120' title='bbox 902 2708 979 2761; x_wconf 92' lang='lat' dir='ltr'>Ad</span> <span class='ocrx_word' id='word_1_121' title='bbox 1009 2723 1151 2778; x_wconf 86' lang='lat' dir='ltr'>quas</span> <span class='ocrx_word' id='word_1_122' title='bbox 1177 2707 1491 2762; x_wconf 89' lang='lat' dir='ltr'>notationes</span> <span class='ocrx_word' id='word_1_123' title='bbox 1521 2708 1771 2778; x_wconf 89' lang='lat' dir='ltr'>publicas</span> <span class='ocrx_word' id='word_1_124' title='bbox 1809 2707 2027 2762; x_wconf 87' lang='lat' dir='ltr'>accedit</span> 
     </span>
    </p>
   </div>
   <div class='ocr_carea' id='block_1_22' title="bbox 395 2801 2176 2874">
    <p class='ocr_par' dir='ltr' id='par_1_22' title="bbox 395 2801 2176 2874">
     <span class='ocr_line' id='line_1_22' title="bbox 395 2801 2176 2874; baseline -0.001 -19"><span class='ocrx_word' id='word_1_125' title='bbox 395 2802 566 2856; x_wconf 85' lang='lat' dir='ltr'>etiam</span> <span class='ocrx_word' id='word_1_126' title='bbox 599 2805 657 2855; x_wconf 90' lang='lat' dir='ltr'>et</span> <span class='ocrx_word' id='word_1_127' title='bbox 700 2801 1020 2855; x_wconf 90' lang='lat' dir='ltr'>studiorum</span> <span class='ocrx_word' id='word_1_128' title='bbox 1068 2801 1332 2855; x_wconf 89' lang='lat' dir='ltr'>voluntas</span> <span class='ocrx_word' id='word_1_129' title='bbox 1365 2806 1426 2856; x_wconf 93' lang='lat' dir='ltr'>ut</span> <span class='ocrx_word' id='word_1_130' title='bbox 1455 2801 1840 2872; x_wconf 89' lang='lat' dir='ltr'>unusquisque</span> <span class='ocrx_word' id='word_1_131' title='bbox 1870 2801 2026 2855; x_wconf 88' lang='lat' dir='ltr'>fami-</span> <span class='ocrx_word' id='word_1_132' title='bbox 2046 2803 2103 2874; x_wconf 83' lang='grc' dir='ltr'>Β</span> <span class='ocrx_word' id='word_1_133' title='bbox 2174 2831 2176 2834; x_wconf 54' lang='grc' dir='ltr'>ν</span> 
     </span>
    </p>
   </div>
   <div class='ocr_carea' id='block_1_23' title="bbox 393 2894 2024 2965">
    <p class='ocr_par' dir='ltr' id='par_1_23' title="bbox 393 2894 2024 2965">
     <span class='ocr_line' id='line_1_23' title="bbox 393 2894 2024 2965; baseline 0 -17"><span class='ocrx_word' id='word_1_134' title='bbox 393 2896 561 2949; x_wconf 90' lang='lat' dir='ltr'>liares</span> <span class='ocrx_word' id='word_1_135' title='bbox 591 2894 697 2948; x_wconf 88' lang='lat' dir='ltr'>sibi</span> <span class='ocrx_word' id='word_1_136' title='bbox 724 2894 872 2948; x_wconf 87' lang='lat' dir='ltr'>notis</span> <span class='ocrx_word' id='word_1_137' title='bbox 896 2911 999 2964; x_wconf 88' lang='lat' dir='ltr'>pro</span> <span class='ocrx_word' id='word_1_138' title='bbox 1033 2896 1323 2948; x_wconf 86' lang='lat' dir='ltr'>voluntate</span> <span class='ocrx_word' id='word_1_139' title='bbox 1361 2894 1610 2964; x_wconf 82' lang='lat' dir='ltr'>signaret</span> <span class='ocrx_word' id='word_1_140' title='bbox 1639 2911 1652 2947; x_wconf 77' lang='grc' dir='ltr'>ε</span> <span class='ocrx_word' id='word_1_141' title='bbox 1689 2911 1830 2965; x_wconf 88' lang='lat' dir='ltr'>quas</span> <span class='ocrx_word' id='word_1_142' title='bbox 1870 2910 2024 2948; x_wconf 90' lang='lat' dir='ltr'>com-</span> 
     </span>
    </p>
   </div>
   <div class='ocr_carea' id='block_1_24' title="bbox 392 2986 2021 3059">
    <p class='ocr_par' dir='ltr' id='par_1_24' title="bbox 392 2986 2021 3059">
     <span class='ocr_line' id='line_1_24' title="bbox 392 2986 2021 3059; baseline 0 -18"><span class='ocrx_word' id='word_1_143' title='bbox 392 2987 750 3059; x_wconf 86' lang='lat' dir='ltr'>prehendere</span> <span class='ocrx_word' id='word_1_144' title='bbox 763 2986 1052 3040; x_wconf 86' lang='lat' dir='ltr'>infinitum</span> <span class='ocrx_word' id='word_1_145' title='bbox 1075 2991 1177 3041; x_wconf 90' lang='lat' dir='ltr'>est.</span> <span class='ocrx_word' id='word_1_146' title='bbox 1192 2986 1435 3040; x_wconf 83' lang='lat' dir='ltr'>Publicae</span> <span class='ocrx_word' id='word_1_147' title='bbox 1450 3003 1582 3040; x_wconf 89' lang='lat' dir='ltr'>sane</span> <span class='ocrx_word' id='word_1_148' title='bbox 1598 2987 1856 3042; x_wconf 72' lang='lat' dir='ltr'>tenendze</span> <span class='ocrx_word' id='word_1_149' title='bbox 1873 2993 2021 3055; x_wconf 90' lang='lat' dir='ltr'>sunt,</span> 
     </span>
    </p>
   </div>
   <div class='ocr_carea' id='block_1_25' title="bbox 393 3079 2024 3152">
    <p class='ocr_par' dir='ltr' id='par_1_25' title="bbox 393 3079 2024 3152">
     <span class='ocr_line' id='line_1_25' title="bbox 393 3079 2024 3152; baseline -0.001 -17"><span class='ocrx_word' id='word_1_150' title='bbox 393 3098 518 3152; x_wconf 81' lang='lat' dir='ltr'>quae</span> <span class='ocrx_word' id='word_1_151' title='bbox 549 3081 609 3134; x_wconf 93' lang='lat' dir='ltr'>in</span> <span class='ocrx_word' id='word_1_152' title='bbox 652 3079 1040 3134; x_wconf 85' lang='lat' dir='ltr'>monumentis</span> <span class='ocrx_word' id='word_1_153' title='bbox 1070 3079 1331 3150; x_wconf 86' lang='lat' dir='ltr'>plurimis</span> <span class='ocrx_word' id='word_1_154' title='bbox 1375 3085 1432 3135; x_wconf 89' lang='lat' dir='ltr'>et</span> <span class='ocrx_word' id='word_1_155' title='bbox 1475 3079 1840 3135; x_wconf 87' lang='lat' dir='ltr'>historiarum</span> <span class='ocrx_word' id='word_1_156' title='bbox 1864 3080 2024 3134; x_wconf 85' lang='lat' dir='ltr'>libris</span> 
     </span>
    </p>
   </div>
   <div class='ocr_carea' id='block_1_26' title="bbox 393 3174 1755 3246">
    <p class='ocr_par' dir='ltr' id='par_1_26' title="bbox 393 3174 1755 3246">
     <span class='ocr_line' id='line_1_26' title="bbox 393 3174 1755 3246; baseline 0.001 -17"><span class='ocrx_word' id='word_1_157' title='bbox 393 3175 678 3246; x_wconf 87' lang='lat' dir='ltr'>sacrisque</span> <span class='ocrx_word' id='word_1_158' title='bbox 703 3174 942 3246; x_wconf 87' lang='lat' dir='ltr'>publicis</span> <span class='ocrx_word' id='word_1_159' title='bbox 969 3174 1355 3245; x_wconf 87' lang='lat' dir='ltr'>reperiuntur,</span> <span class='ocrx_word' id='word_1_160' title='bbox 1381 3177 1442 3228; x_wconf 89' lang='lat' dir='ltr'>ut</span> <span class='ocrx_word' id='word_1_161' title='bbox 1471 3179 1603 3230; x_wconf 88' lang='lat' dir='ltr'>sunt</span> <span class='ocrx_word' id='word_1_162' title='bbox 1632 3174 1755 3230; x_wconf 88' lang='lat' dir='ltr'>ista.</span> 
     </span>
    </p>
   </div>
   <div class='ocr_carea' id='block_1_27' title="bbox 461 3342 1232 3484">
    <p class='ocr_par' dir='ltr' id='par_1_27' title="bbox 461 3342 1232 3484">
     <span class='ocr_line' id='line_1_27' title="bbox 461 3342 1232 3484; baseline -0.005 -15"><span class='ocrx_word' id='word_1_163' title='bbox 461 3419 526 3471; x_wconf 85' lang='lat' dir='ltr'>A.</span> <span class='ocrx_word' id='word_1_164' title='bbox 558 3414 733 3469; x_wconf 88' lang='lat' dir='ltr'>Aulus</span> <span class='ocrx_word' id='word_1_165' title='bbox 756 3413 840 3468; x_wconf 81' lang='lat' dir='ltr'>vel</span> <span class='ocrx_word' id='word_1_166' title='bbox 865 3429 1018 3484; x_wconf 88' lang='lat' dir='ltr'>ager.</span> <span class='ocrx_word' id='word_1_167' title='bbox 1186 3342 1232 3394; x_wconf 70' lang='grc' dir='ltr'>Α</span> 
     </span>
    </p>
   </div>
   <div class='ocr_carea' id='block_1_28' title="bbox 459 3508 1268 3580">
    <p class='ocr_par' dir='ltr' id='par_1_28' title="bbox 459 3508 1268 3580">
     <span class='ocr_line' id='line_1_28' title="bbox 459 3508 1268 3580; baseline -0.004 -17"><span class='ocrx_word' id='word_1_168' title='bbox 459 3510 614 3564; x_wconf 88' lang='lat' dir='ltr'><strong>AVG.</strong></span> <span class='ocrx_word' id='word_1_169' title='bbox 641 3511 928 3580; x_wconf 89' lang='lat' dir='ltr'>Augustus</span> <span class='ocrx_word' id='word_1_170' title='bbox 951 3508 1034 3561; x_wconf 90' lang='lat' dir='ltr'>vel</span> <span class='ocrx_word' id='word_1_171' title='bbox 1064 3522 1268 3577; x_wconf 84' lang='lat' dir='ltr'>augur.</span> 
     </span>
    </p>
   </div>
   <div class='ocr_carea' id='block_1_29' title="bbox 460 3603 1130 3671">
    <p class='ocr_par' dir='ltr' id='par_1_29' title="bbox 460 3603 1130 3671">
     <span class='ocr_line' id='line_1_29' title="bbox 460 3603 1130 3671; baseline -0.001 -14"><span class='ocrx_word' id='word_1_172' title='bbox 460 3607 572 3657; x_wconf 92' lang='lat' dir='ltr'><strong>AA.</strong></span> <span class='ocrx_word' id='word_1_173' title='bbox 604 3604 688 3657; x_wconf 86' lang='lat' dir='ltr'>vel</span> <span class='ocrx_word' id='word_1_174' title='bbox 713 3603 824 3656; x_wconf 90' lang='lat' dir='ltr'><strong>AV.</strong></span> <span class='ocrx_word' id='word_1_175' title='bbox 852 3604 1130 3671; x_wconf 87' lang='lat' dir='ltr'>Augusta.</span> 
     </span>
    </p>
   </div>
   <div class='ocr_carea' id='block_1_30' title="bbox 459 3695 1234 3765">
    <p class='ocr_par' dir='ltr' id='par_1_30' title="bbox 459 3695 1234 3765">
     <span class='ocr_line' id='line_1_30' title="bbox 459 3695 1234 3765; baseline -0.003 -13"><span class='ocrx_word' id='word_1_176' title='bbox 459 3700 572 3752; x_wconf 91' lang='lat' dir='ltr'>AA.</span> <span class='ocrx_word' id='word_1_177' title='bbox 596 3697 677 3750; x_wconf 91' lang='lat' dir='ltr'>vel</span> <span class='ocrx_word' id='word_1_178' title='bbox 703 3696 860 3750; x_wconf 86' lang='lat' dir='ltr'><strong>AVG.</strong></span> <span class='ocrx_word' id='word_1_179' title='bbox 890 3695 1234 3765; x_wconf 79' lang='lat' dir='ltr'>Augustalis.</span> 
     </span>
    </p>
   </div>
   <div class='ocr_carea' id='block_1_31' title="bbox 457 3789 928 3847">
    <p class='ocr_par' dir='ltr' id='par_1_31' title="bbox 457 3789 928 3847">
     <span class='ocr_line' id='line_1_31' title="bbox 457 3789 928 3847; baseline -0.006 -1"><span class='ocrx_word' id='word_1_180' title='bbox 457 3792 616 3847; x_wconf 81' lang='lat' dir='ltr'><strong>AVR.</strong></span> <span class='ocrx_word' id='word_1_181' title='bbox 648 3789 928 3846; x_wconf 76' lang='lat' dir='ltr'>Aurelius.</span> 
     </span>
    </p>
   </div>
   <div class='ocr_carea' id='block_1_32' title="bbox 457 3887 732 3957">
    <p class='ocr_par' dir='ltr' id='par_1_32' title="bbox 457 3887 732 3957">
     <span class='ocr_line' id='line_1_32' title="bbox 457 3887 732 3957; baseline -0.004 -17"><span class='ocrx_word' id='word_1_182' title='bbox 457 3889 569 3942; x_wconf 90' lang='lat' dir='ltr'><strong>AG.</strong></span> <span class='ocrx_word' id='word_1_183' title='bbox 594 3887 732 3957; x_wconf 85' lang='lat' dir='ltr'>agit.</span> 
     </span>
    </p>
   </div>
   <div class='ocr_carea' id='block_1_33' title="bbox 387 3980 766 4051">
    <p class='ocr_par' dir='ltr' id='par_1_33' title="bbox 387 3980 766 4051">
     <span class='ocr_line' id='line_1_33' title="bbox 387 3980 766 4051; baseline -0.008 -15"><span class='ocrx_word' id='word_1_184' title='bbox 458 3983 564 4038; x_wconf 90' lang='lat' dir='ltr'>AC.</span> <span class='ocrx_word' id='word_1_185' title='bbox 601 3980 766 4034; x_wconf 87' lang='lat' dir='ltr'>actio.</span> 
     </span>
    </p>
   </div>
   <div class='ocr_carea' id='block_1_34' title="bbox 458 4072 1178 4131">
    <p class='ocr_par' dir='ltr' id='par_1_34' title="bbox 458 4072 1178 4131">
     <span class='ocr_line' id='line_1_34' title="bbox 458 4072 1178 4131; baseline -0.007 0"><span class='ocrx_word' id='word_1_186' title='bbox 458 4076 564 4131; x_wconf 89' lang='lat' dir='ltr'><strong>AC.</strong></span> <span class='ocrx_word' id='word_1_187' title='bbox 597 4077 749 4129; x_wconf 92' lang='lat' dir='ltr'>Acon</span> <span class='ocrx_word' id='word_1_188' title='bbox 779 4074 863 4128; x_wconf 88' lang='lat' dir='ltr'>vel</span> <span class='ocrx_word' id='word_1_189' title='bbox 887 4072 1178 4128; x_wconf 86' lang='lat' dir='ltr'>Acontius.</span> 
     </span>
    </p>
   </div>
   <div class='ocr_carea' id='block_1_35' title="bbox 457 4169 997 4225">
    <p class='ocr_par' dir='ltr' id='par_1_35' title="bbox 457 4169 997 4225">
     <span class='ocr_line' id='line_1_35' title="bbox 457 4169 997 4225; baseline -0.006 0"><span class='ocrx_word' id='word_1_190' title='bbox 457 4169 659 4225; x_wconf 81' lang='lat' dir='ltr'><strong>ACON.</strong></span> <span class='ocrx_word' id='word_1_191' title='bbox 682 4169 997 4223; x_wconf 88' lang='lat' dir='ltr'>Achonum.</span> 
     </span>
    </p>
   </div>
   <div class='ocr_carea' id='block_1_36' title="bbox 453 4262 951 4321">
    <p class='ocr_par' dir='ltr' id='par_1_36' title="bbox 453 4262 951 4321">
     <span class='ocr_line' id='line_1_36' title="bbox 453 4262 951 4321; baseline -0.004 -3"><span class='ocrx_word' id='word_1_192' title='bbox 453 4265 652 4321; x_wconf 89' lang='lat' dir='ltr'><strong>ACON.</strong></span> <span class='ocrx_word' id='word_1_193' title='bbox 679 4262 951 4317; x_wconf 88' lang='lat' dir='ltr'>actiones.</span> 
     </span>
    </p>
   </div>
   <div class='ocr_carea' id='block_1_37' title="bbox 455 4355 974 4414">
    <p class='ocr_par' dir='ltr' id='par_1_37' title="bbox 455 4355 974 4414">
     <span class='ocr_line' id='line_1_37' title="bbox 455 4355 974 4414; baseline -0.01 -1"><span class='ocrx_word' id='word_1_194' title='bbox 455 4358 634 4414; x_wconf 86' lang='lat' dir='ltr'><strong>AClN.</strong></span> <span class='ocrx_word' id='word_1_195' title='bbox 669 4355 949 4412; x_wconf 84' lang='lat' dir='ltr'>actionem</span> <span class='ocrx_word' id='word_1_196' title='bbox 962 4397 974 4409; x_wconf 96' lang='lat'>.</span> 
     </span>
    </p>
   </div>
   <div class='ocr_carea' id='block_1_38' title="bbox 452 4450 837 4509">
    <p class='ocr_par' dir='ltr' id='par_1_38' title="bbox 452 4450 837 4509">
     <span class='ocr_line' id='line_1_38' title="bbox 452 4450 837 4509; baseline -0.01 0"><span class='ocrx_word' id='word_1_197' title='bbox 597 4450 837 4507; x_wconf 87' lang='lat' dir='ltr'>amicus.</span> 
     </span>
    </p>
   </div>
   <div class='ocr_carea' id='block_1_39' title="bbox 453 4546 1099 4605">
    <p class='ocr_par' dir='ltr' id='par_1_39' title="bbox 453 4546 1099 4605">
     <span class='ocr_line' id='line_1_39' title="bbox 453 4546 1099 4605; baseline -0.011 0"><span class='ocrx_word' id='word_1_198' title='bbox 453 4550 615 4605; x_wconf 87' lang='lat' dir='ltr'><strong>AMN.</strong></span> <span class='ocrx_word' id='word_1_199' title='bbox 645 4546 864 4603; x_wconf 88' lang='lat' dir='ltr'>amicus</span> <span class='ocrx_word' id='word_1_200' title='bbox 892 4547 1099 4600; x_wconf 88' lang='lat' dir='ltr'>noster.</span> 
     </span>
    </p>
   </div>
   <div class='ocr_carea' id='block_1_40' title="bbox 452 4639 1140 4712">
    <p class='ocr_par' dir='ltr' id='par_1_40' title="bbox 452 4639 1140 4712">
     <span class='ocr_line' id='line_1_40' title="bbox 452 4639 1140 4712; baseline -0.009 -14"><span class='ocrx_word' id='word_1_201' title='bbox 452 4645 604 4712; x_wconf 86' lang='lat' dir='ltr'><strong>AVC,</strong></span> <span class='ocrx_word' id='word_1_202' title='bbox 638 4643 788 4696; x_wconf 85' lang='lat' dir='ltr'><strong>AVT.</strong></span> <span class='ocrx_word' id='word_1_203' title='bbox 821 4639 1140 4695; x_wconf 84' lang='lat' dir='ltr'>auctoritas.</span> 
     </span>
    </p>
   </div>
   <div class='ocr_carea' id='block_1_41' title="bbox 455 4739 804 4792">
    <p class='ocr_par' dir='ltr' id='par_1_41' title="bbox 455 4739 804 4792">
     <span class='ocr_line' id='line_1_41' title="bbox 455 4739 804 4792; baseline -0.006 0"><span class='ocrx_word' id='word_1_204' title='bbox 455 4739 558 4792; x_wconf 88' lang='lat' dir='ltr'><strong>AT.</strong></span> <span class='ocrx_word' id='word_1_205' title='bbox 591 4741 804 4792; x_wconf 86' lang='lat' dir='ltr'>autem.</span> 
     </span>
    </p>
   </div>
   <div class='ocr_carea' id='block_1_42' title="bbox 451 4825 1404 4890">
    <p class='ocr_par' dir='ltr' id='par_1_42' title="bbox 451 4825 1404 4890">
     <span class='ocr_line' id='line_1_42' title="bbox 451 4825 1404 4890; baseline -0.008 -3"><span class='ocrx_word' id='word_1_206' title='bbox 451 4833 609 4890; x_wconf 85' lang='lat' dir='ltr'><strong>ACM.</strong></span> <span class='ocrx_word' id='word_1_207' title='bbox 641 4832 804 4885; x_wconf 80' lang='lat' dir='ltr'><strong>ANM.</strong></span> <span class='ocrx_word' id='word_1_208' title='bbox 836 4829 1120 4884; x_wconf 89' lang='lat' dir='ltr'>actionem</span> <span class='ocrx_word' id='word_1_209' title='bbox 1150 4825 1404 4880; x_wconf 89' lang='lat' dir='ltr'>mandat.</span> 
     </span>
    </p>
   </div>
   <div class='ocr_carea' id='block_1_43' title="bbox 452 4924 763 4997">
    <p class='ocr_par' dir='ltr' id='par_1_43' title="bbox 452 4924 763 4997">
     <span class='ocr_line' id='line_1_43' title="bbox 452 4924 763 4997; baseline -0.016 -15"><span class='ocrx_word' id='word_1_210' title='bbox 452 4930 559 4982; x_wconf 88' lang='lat' dir='ltr'><strong>AP.</strong></span> <span class='ocrx_word' id='word_1_211' title='bbox 593 4924 763 4997; x_wconf 91' lang='lat' dir='ltr'>apud.</span> 
     </span>
    </p>
   </div>
   <div class='ocr_carea' id='block_1_44' title="bbox 453 5017 889 5091">
    <p class='ocr_par' dir='ltr' id='par_1_44' title="bbox 453 5017 889 5091">
     <span class='ocr_line' id='line_1_44' title="bbox 453 5017 889 5091; baseline -0.011 -15"><span class='ocrx_word' id='word_1_212' title='bbox 453 5023 600 5076; x_wconf 87' lang='lat' dir='ltr'><strong>APP.</strong></span> <span class='ocrx_word' id='word_1_213' title='bbox 628 5017 889 5091; x_wconf 87' lang='lat' dir='ltr'>appellat.</span> 
     </span>
    </p>
   </div>
   <div class='ocr_carea' id='block_1_45' title="bbox 451 5111 1257 5185">
    <p class='ocr_par' dir='ltr' id='par_1_45' title="bbox 451 5111 1257 5185">
     <span class='ocr_line' id='line_1_45' title="bbox 451 5111 1257 5185; baseline -0.01 -13"><span class='ocrx_word' id='word_1_214' title='bbox 451 5119 597 5174; x_wconf 90' lang='lat' dir='ltr'><strong>ACC.</strong></span> <span class='ocrx_word' id='word_1_215' title='bbox 627 5117 949 5185; x_wconf 87' lang='lat' dir='ltr'>acceperat;</span> <span class='ocrx_word' id='word_1_216' title='bbox 984 5111 1257 5182; x_wconf 85' lang='lat' dir='ltr'>acceptat.</span> 
     </span>
    </p>
   </div>
   <div class='ocr_carea' id='block_1_46' title="bbox 449 5209 864 5280">
    <p class='ocr_par' dir='ltr' id='par_1_46' title="bbox 449 5209 864 5280">
     <span class='ocr_line' id='line_1_46' title="bbox 449 5209 864 5280; baseline -0.017 -12"><span class='ocrx_word' id='word_1_217' title='bbox 449 5213 587 5268; x_wconf 91' lang='lat' dir='ltr'><strong>ADl.</strong></span> <span class='ocrx_word' id='word_1_218' title='bbox 616 5209 864 5280; x_wconf 89' lang='lat' dir='ltr'>adjutor.</span> 
     </span>
    </p>
   </div>
   <div class='ocr_carea' id='block_1_47' title="bbox 448 5298 2012 5374">
    <p class='ocr_par' dir='ltr' id='par_1_47' title="bbox 448 5298 2012 5374">
     <span class='ocr_line' id='line_1_47' title="bbox 448 5298 2012 5374; baseline -0.007 -11"><span class='ocrx_word' id='word_1_219' title='bbox 448 5308 652 5362; x_wconf 79' lang='lat' dir='ltr'><strong>ADLP.</strong></span> <span class='ocrx_word' id='word_1_220' title='bbox 694 5303 920 5374; x_wconf 86' lang='lat' dir='ltr'>adjutor</span> <span class='ocrx_word' id='word_1_221' title='bbox 964 5299 1291 5371; x_wconf 61' lang='lat' dir='ltr'>provincias,</span> <span class='ocrx_word' id='word_1_222' title='bbox 1333 5298 1620 5370; x_wconf 65' lang='lat' dir='ltr'>potentiae,</span> <span class='ocrx_word' id='word_1_223' title='bbox 1663 5300 1880 5371; x_wconf 65' lang='lat' dir='ltr'>patrias,</span> <span class='ocrx_word' id='word_1_224' title='bbox 1930 5304 2012 5356; x_wconf 75' lang='lat' dir='ltr'>vel</span> 
     </span>
    </p>
   </div>
   <div class='ocr_carea' id='block_1_48' title="bbox 378 5403 587 5476">
    <p class='ocr_par' dir='ltr' id='par_1_48' title="bbox 378 5403 587 5476">
     <span class='ocr_line' id='line_1_48' title="bbox 378 5403 587 5476; baseline -0.024 -16"><span class='ocrx_word' id='word_1_225' title='bbox 378 5403 587 5476; x_wconf 90' lang='lat' dir='ltr'>populi.</span> 
     </span>
    </p>
   </div>
   <div class='ocr_carea' id='block_1_49' title="bbox 446 5489 1387 5552">
    <p class='ocr_par' dir='ltr' id='par_1_49' title="bbox 446 5489 1387 5552">
     <span class='ocr_line' id='line_1_49' title="bbox 446 5489 1387 5552; baseline -0.011 0"><span class='ocrx_word' id='word_1_226' title='bbox 446 5497 601 5552; x_wconf 90' lang='lat' dir='ltr'><strong>ADL.</strong></span> <span class='ocrx_word' id='word_1_227' title='bbox 635 5495 707 5550; x_wconf 87' lang='lat' dir='ltr'>ad</span> <span class='ocrx_word' id='word_1_228' title='bbox 737 5495 926 5549; x_wconf 90' lang='lat' dir='ltr'>locum</span> <span class='ocrx_word' id='word_1_229' title='bbox 951 5493 1035 5547; x_wconf 87' lang='lat' dir='ltr'>vel</span> <span class='ocrx_word' id='word_1_230' title='bbox 1063 5491 1133 5546; x_wconf 90' lang='lat' dir='ltr'>ad</span> <span class='ocrx_word' id='word_1_231' title='bbox 1163 5489 1387 5545; x_wconf 87' lang='lat' dir='ltr'>limites.</span> 
     </span>
    </p>
   </div>
   <div class='ocr_carea' id='block_1_50' title="bbox 444 5587 977 5645">
    <p class='ocr_par' dir='ltr' id='par_1_50' title="bbox 444 5587 977 5645">
     <span class='ocr_line' id='line_1_50' title="bbox 444 5587 977 5645; baseline -0.006 0"><span class='ocrx_word' id='word_1_232' title='bbox 444 5593 558 5645; x_wconf 94' lang='lat' dir='ltr'>AD.</span> <span class='ocrx_word' id='word_1_233' title='bbox 586 5590 645 5645; x_wconf 72' lang='grc' dir='ltr'>Ρ.</span> <span class='ocrx_word' id='word_1_234' title='bbox 673 5589 756 5644; x_wconf 93' lang='lat' dir='ltr'>Ad</span> <span class='ocrx_word' id='word_1_235' title='bbox 783 5587 977 5642; x_wconf 85' lang='lat' dir='ltr'>ﬁnem.</span> 
     </span>
    </p>
   </div>
   <div class='ocr_carea' id='block_1_51' title="bbox 445 5679 2006 5740">
    <p class='ocr_par' dir='ltr' id='par_1_51' title="bbox 445 5679 2006 5740">
     <span class='ocr_line' id='line_1_51' title="bbox 445 5679 2006 5740; baseline -0.002 -2"><span class='ocrx_word' id='word_1_236' title='bbox 445 5686 600 5740; x_wconf 77' lang='grc' dir='ltr'>ΑΒΕ.</span> <span class='ocrx_word' id='word_1_237' title='bbox 621 5683 692 5737; x_wconf 91' lang='lat' dir='ltr'>ad</span> <span class='ocrx_word' id='word_1_238' title='bbox 713 5685 1036 5738; x_wconf 84' lang='lat' dir='ltr'>exactorem</span> <span class='ocrx_word' id='word_1_239' title='bbox 1057 5682 1142 5736; x_wconf 82' lang='lat' dir='ltr'>vel</span> <span class='ocrx_word' id='word_1_240' title='bbox 1162 5681 1232 5734; x_wconf 90' lang='lat' dir='ltr'>ad</span> <span class='ocrx_word' id='word_1_241' title='bbox 1256 5679 1520 5734; x_wconf 70' lang='lat' dir='ltr'>allectum</span> <span class='ocrx_word' id='word_1_242' title='bbox 1548 5681 1632 5734; x_wconf 78' lang='lat' dir='ltr'>vel</span> <span class='ocrx_word' id='word_1_243' title='bbox 1659 5679 2006 5736; x_wconf 79' lang='lat' dir='ltr'>effectorem.</span> 
     </span>
    </p>
   </div>
   <div class='ocr_carea' id='block_1_52' title="bbox 447 5774 1193 5832">
    <p class='ocr_par' dir='ltr' id='par_1_52' title="bbox 447 5774 1193 5832">
     <span class='ocr_line' id='line_1_52' title="bbox 447 5774 1193 5832; baseline -0.001 -1"><span class='ocrx_word' id='word_1_244' title='bbox 447 5779 639 5832; x_wconf 84' lang='lat' dir='ltr'><strong>ABVC.</strong></span> <span class='ocrx_word' id='word_1_245' title='bbox 675 5777 746 5830; x_wconf 89' lang='lat' dir='ltr'>ab</span> <span class='ocrx_word' id='word_1_246' title='bbox 773 5775 919 5829; x_wconf 85' lang='lat' dir='ltr'>Urbe</span> <span class='ocrx_word' id='word_1_247' title='bbox 948 5774 1193 5830; x_wconf 84' lang='lat' dir='ltr'>condita.</span> 
     </span>
    </p>
   </div>
   <div class='ocr_carea' id='block_1_53' title="bbox 447 5869 804 5925">
    <p class='ocr_par' dir='ltr' id='par_1_53' title="bbox 447 5869 804 5925">
     <span class='ocr_line' id='line_1_53' title="bbox 447 5869 804 5925; baseline -0.008 0"><span class='ocrx_word' id='word_1_248' title='bbox 447 5872 601 5925; x_wconf 90' lang='lat' dir='ltr'>AED.</span> <span class='ocrx_word' id='word_1_249' title='bbox 633 5869 804 5924; x_wconf 72' lang='lat' dir='ltr'>aedes.</span> 
     </span>
    </p>
   </div>
   <div class='ocr_carea' id='block_1_54' title="bbox 2029 5549 2087 5621">
    <p class='ocr_par' dir='ltr' id='par_1_54' title="bbox 2029 5549 2087 5621">
     <span class='ocr_line' id='line_1_54' title="bbox 2029 5549 2087 5621; baseline 0 0"><span class='ocrx_word' id='word_1_250' title='bbox 2029 5549 2087 5621; x_wconf 91' lang='lat' dir='ltr'><strong>D</strong></span> 
     </span>
    </p>
   </div>
   <div class='ocr_carea' id='block_1_55' title="bbox 2206 1607 3223 1664">
    <p class='ocr_par' dir='ltr' id='par_1_55' title="bbox 2206 1607 3223 1664">
     <span class='ocr_line' id='line_1_55' title="bbox 2206 1607 3223 1664; baseline 0.003 -4"><span class='ocrx_word' id='word_1_251' title='bbox 2206 1607 2356 1661; x_wconf 81' lang='lat' dir='ltr'>ALE.</span> <span class='ocrx_word' id='word_1_252' title='bbox 2387 1607 2684 1663; x_wconf 88' lang='lat' dir='ltr'>arbitrium</span> <span class='ocrx_word' id='word_1_253' title='bbox 2711 1608 2824 1663; x_wconf 88' lang='lat' dir='ltr'>litis</span> <span class='ocrx_word' id='word_1_254' title='bbox 2850 1609 3223 1664; x_wconf 70' lang='lat' dir='ltr'>aestimandae.</span> 
     </span>
    </p>
   </div>
   <div class='ocr_carea' id='block_1_56' title="bbox 2205 1702 2929 1773">
    <p class='ocr_par' dir='ltr' id='par_1_56' title="bbox 2205 1702 2929 1773">
     <span class='ocr_line' id='line_1_56' title="bbox 2205 1702 2929 1773; baseline 0.003 -19"><span class='ocrx_word' id='word_1_255' title='bbox 2205 1703 2356 1756; x_wconf 80' lang='lat' dir='ltr'>ADP.</span> <span class='ocrx_word' id='word_1_256' title='bbox 2380 1707 2510 1756; x_wconf 88' lang='lat' dir='ltr'>ante</span> <span class='ocrx_word' id='word_1_257' title='bbox 2541 1702 2696 1756; x_wconf 90' lang='lat' dir='ltr'>diem</span> <span class='ocrx_word' id='word_1_258' title='bbox 2727 1702 2929 1773; x_wconf 88' lang='lat' dir='ltr'>pridie.</span> 
     </span>
    </p>
   </div>
   <div class='ocr_carea' id='block_1_57' title="bbox 2204 1796 3517 1866">
    <p class='ocr_par' dir='ltr' id='par_1_57' title="bbox 2204 1796 3517 1866">
     <span class='ocr_line' id='line_1_57' title="bbox 2204 1796 3517 1866; baseline 0.002 -17"><span class='ocrx_word' id='word_1_259' title='bbox 2204 1796 2478 1850; x_wconf 83' lang='lat' dir='ltr'><strong>A.A.L.M.</strong></span> <span class='ocrx_word' id='word_1_260' title='bbox 2505 1797 2654 1866; x_wconf 90' lang='lat' dir='ltr'>apud</span> <span class='ocrx_word' id='word_1_261' title='bbox 2681 1812 2888 1866; x_wconf 88' lang='lat' dir='ltr'>agrum</span> <span class='ocrx_word' id='word_1_262' title='bbox 2924 1797 3110 1852; x_wconf 89' lang='lat' dir='ltr'>locum</span> <span class='ocrx_word' id='word_1_263' title='bbox 3137 1800 3517 1853; x_wconf 87' lang='lat' dir='ltr'>monumenti.</span> 
     </span>
    </p>
   </div>
   <div class='ocr_carea' id='block_1_58' title="bbox 2203 1891 3404 1961">
    <p class='ocr_par' dir='ltr' id='par_1_58' title="bbox 2203 1891 3404 1961">
     <span class='ocr_line' id='line_1_58' title="bbox 2203 1891 3404 1961; baseline 0.002 -19"><span class='ocrx_word' id='word_1_264' title='bbox 2203 1891 2469 1945; x_wconf 83' lang='lat' dir='ltr'><strong>A.P.R.C.</strong></span> <span class='ocrx_word' id='word_1_265' title='bbox 2491 1907 2641 1944; x_wconf 90' lang='lat' dir='ltr'>anno</span> <span class='ocrx_word' id='word_1_266' title='bbox 2670 1896 2794 1961; x_wconf 91' lang='lat' dir='ltr'>post</span> <span class='ocrx_word' id='word_1_267' title='bbox 2822 1891 3063 1946; x_wconf 76' lang='lat' dir='ltr'>Romam</span> <span class='ocrx_word' id='word_1_268' title='bbox 3093 1891 3404 1946; x_wconf 87' lang='lat' dir='ltr'>conditam.</span> 
     </span>
    </p>
   </div>
   <div class='ocr_carea' id='block_1_59' title="bbox 2203 1984 3001 2056">
    <p class='ocr_par' dir='ltr' id='par_1_59' title="bbox 2203 1984 3001 2056">
     <span class='ocr_line' id='line_1_59' title="bbox 2203 1984 3001 2056; baseline 0.005 -20"><span class='ocrx_word' id='word_1_269' title='bbox 2203 1984 2356 2037; x_wconf 80' lang='lat' dir='ltr'><strong>AGB.</strong></span> <span class='ocrx_word' id='word_1_270' title='bbox 2388 2001 2592 2054; x_wconf 87' lang='lat' dir='ltr'>agrum</span> <span class='ocrx_word' id='word_1_271' title='bbox 2617 1986 2704 2038; x_wconf 87' lang='lat' dir='ltr'>vel</span> <span class='ocrx_word' id='word_1_272' title='bbox 2728 1985 3001 2056; x_wconf 86' lang='lat' dir='ltr'>Agrippa.</span> 
     </span>
    </p>
   </div>
   <div class='ocr_carea' id='block_1_60' title="bbox 2203 2078 3074 2134">
    <p class='ocr_par' dir='ltr' id='par_1_60' title="bbox 2203 2078 3074 2134">
     <span class='ocr_line' id='line_1_60' title="bbox 2203 2078 3074 2134; baseline 0.003 -3"><span class='ocrx_word' id='word_1_273' title='bbox 2203 2078 2422 2132; x_wconf 87' lang='lat' dir='ltr'><strong>AEDlL.</strong></span> <span class='ocrx_word' id='word_1_274' title='bbox 2457 2079 2611 2134; x_wconf 80' lang='lat' dir='ltr'><strong>CVR.</strong></span> <span class='ocrx_word' id='word_1_275' title='bbox 2635 2079 2818 2133; x_wconf 68' lang='lat' dir='ltr'>aadilis</span> <span class='ocrx_word' id='word_1_276' title='bbox 2843 2079 3074 2134; x_wconf 89' lang='lat' dir='ltr'>curulis.</span> 
     </span>
    </p>
   </div>
   <div class='ocr_carea' id='block_1_61' title="bbox 2203 2172 2888 2243">
    <p class='ocr_par' dir='ltr' id='par_1_61' title="bbox 2203 2172 2888 2243">
     <span class='ocr_line' id='line_1_61' title="bbox 2203 2172 2888 2243; baseline 0.001 -18"><span class='ocrx_word' id='word_1_277' title='bbox 2203 2172 2462 2226; x_wconf 86' lang='lat' dir='ltr'>AED.PL.</span> <span class='ocrx_word' id='word_1_278' title='bbox 2491 2172 2668 2226; x_wconf 72' lang='lat' dir='ltr'>mdilis</span> <span class='ocrx_word' id='word_1_279' title='bbox 2693 2173 2888 2243; x_wconf 88' lang='lat' dir='ltr'>plebis.</span> 
     </span>
    </p>
   </div>
   <div class='ocr_carea' id='block_1_62' title="bbox 2200 2264 2979 2330">
    <p class='ocr_par' dir='ltr' id='par_1_62' title="bbox 2200 2264 2979 2330">
     <span class='ocr_line' id='line_1_62' title="bbox 2200 2264 2979 2330; baseline 0.003 -13"><span class='ocrx_word' id='word_1_280' title='bbox 2200 2264 2404 2328; x_wconf 89' lang='lat' dir='ltr'><strong>A.P.Q.</strong></span> <span class='ocrx_word' id='word_1_281' title='bbox 2434 2266 2555 2320; x_wconf 88' lang='lat' dir='ltr'>Auli</span> <span class='ocrx_word' id='word_1_282' title='bbox 2585 2267 2740 2320; x_wconf 87' lang='lat' dir='ltr'>Publi</span> <span class='ocrx_word' id='word_1_283' title='bbox 2769 2266 2979 2330; x_wconf 84' lang='lat' dir='ltr'>Quinti.</span> 
     </span>
    </p>
   </div>
   <div class='ocr_carea' id='block_1_63' title="bbox 2199 2359 2765 2430">
    <p class='ocr_par' dir='ltr' id='par_1_63' title="bbox 2199 2359 2765 2430">
     <span class='ocr_line' id='line_1_63' title="bbox 2199 2359 2765 2430; baseline 0 -18"><span class='ocrx_word' id='word_1_284' title='bbox 2199 2362 2333 2413; x_wconf 86' lang='lat' dir='ltr'><strong>A.A.</strong></span> <span class='ocrx_word' id='word_1_285' title='bbox 2364 2359 2517 2429; x_wconf 90' lang='lat' dir='ltr'>apud</span> <span class='ocrx_word' id='word_1_286' title='bbox 2541 2376 2765 2430; x_wconf 88' lang='lat' dir='ltr'>agrum.</span> 
     </span>
    </p>
   </div>
   <div class='ocr_carea' id='block_1_64' title="bbox 2199 2453 2613 2523">
    <p class='ocr_par' dir='ltr' id='par_1_64' title="bbox 2199 2453 2613 2523">
     <span class='ocr_line' id='line_1_64' title="bbox 2199 2453 2613 2523; baseline 0.007 -19"><span class='ocrx_word' id='word_1_287' title='bbox 2199 2454 2348 2507; x_wconf 86' lang='lat' dir='ltr'><strong>APP.</strong></span> <span class='ocrx_word' id='word_1_288' title='bbox 2377 2453 2613 2523; x_wconf 89' lang='lat' dir='ltr'>Appius.</span> 
     </span>
    </p>
   </div>
   <div class='ocr_carea' id='block_1_65' title="bbox 2201 2547 3128 2602">
    <p class='ocr_par' dir='ltr' id='par_1_65' title="bbox 2201 2547 3128 2602">
     <span class='ocr_line' id='line_1_65' title="bbox 2201 2547 3128 2602; baseline 0.004 -4"><span class='ocrx_word' id='word_1_289' title='bbox 2201 2547 2358 2601; x_wconf 86' lang='lat' dir='ltr'><strong>ANN.</strong></span> <span class='ocrx_word' id='word_1_290' title='bbox 2385 2547 2470 2600; x_wconf 90' lang='lat' dir='ltr'>vel</span> <span class='ocrx_word' id='word_1_291' title='bbox 2496 2547 2610 2600; x_wconf 77' lang='lat' dir='ltr'>AN.</span> <span class='ocrx_word' id='word_1_292' title='bbox 2642 2547 2805 2602; x_wconf 89' lang='lat' dir='ltr'>annis</span> <span class='ocrx_word' id='word_1_293' title='bbox 2830 2549 2915 2602; x_wconf 88' lang='lat' dir='ltr'>vel</span> <span class='ocrx_word' id='word_1_294' title='bbox 2931 2563 3128 2602; x_wconf 89' lang='lat' dir='ltr'>annos.</span> 
     </span>
    </p>
   </div>
   <div class='ocr_carea' id='block_1_66' title="bbox 2197 2641 2832 2696">
    <p class='ocr_par' dir='ltr' id='par_1_66' title="bbox 2197 2641 2832 2696">
     <span class='ocr_line' id='line_1_66' title="bbox 2197 2641 2832 2696; baseline 0.002 -3"><span class='ocrx_word' id='word_1_295' title='bbox 2197 2641 2351 2694; x_wconf 87' lang='lat' dir='ltr'><strong>ANT.</strong></span> <span class='ocrx_word' id='word_1_296' title='bbox 2379 2643 2511 2694; x_wconf 88' lang='lat' dir='ltr'>ante</span> <span class='ocrx_word' id='word_1_297' title='bbox 2536 2643 2621 2696; x_wconf 86' lang='lat' dir='ltr'>vel</span> <span class='ocrx_word' id='word_1_298' title='bbox 2644 2646 2832 2696; x_wconf 88' lang='lat' dir='ltr'>antea.</span> 
     </span>
    </p>
   </div>
   <div class='ocr_carea' id='block_1_67' title="bbox 2198 2735 2763 2790">
    <p class='ocr_par' dir='ltr' id='par_1_67' title="bbox 2198 2735 2763 2790">
     <span class='ocr_line' id='line_1_67' title="bbox 2198 2735 2763 2790; baseline 0 -2"><span class='ocrx_word' id='word_1_299' title='bbox 2198 2735 2334 2788; x_wconf 83' lang='lat' dir='ltr'><strong>A.N.</strong></span> <span class='ocrx_word' id='word_1_300' title='bbox 2361 2737 2493 2788; x_wconf 87' lang='lat' dir='ltr'>ante</span> <span class='ocrx_word' id='word_1_301' title='bbox 2522 2738 2763 2790; x_wconf 90' lang='lat' dir='ltr'>noctem.</span> 
     </span>
    </p>
   </div>
   <div class='ocr_carea' id='block_1_68' title="bbox 2196 2827 2767 2884">
    <p class='ocr_par' dir='ltr' id='par_1_68' title="bbox 2196 2827 2767 2884">
     <span class='ocr_line' id='line_1_68' title="bbox 2196 2827 2767 2884; baseline 0 -2"><span class='ocrx_word' id='word_1_302' title='bbox 2196 2828 2325 2883; x_wconf 86' lang='lat' dir='ltr'><strong>A.X.</strong></span> <span class='ocrx_word' id='word_1_303' title='bbox 2359 2827 2522 2882; x_wconf 90' lang='lat' dir='ltr'>annis</span> <span class='ocrx_word' id='word_1_304' title='bbox 2545 2829 2767 2884; x_wconf 89' lang='lat' dir='ltr'>decem.</span> 
     </span>
    </p>
   </div>
   <div class='ocr_carea' id='block_1_69' title="bbox 2196 2923 3397 2979">
    <p class='ocr_par' dir='ltr' id='par_1_69' title="bbox 2196 2923 3397 2979">
     <span class='ocr_line' id='line_1_69' title="bbox 2196 2923 3397 2979; baseline 0.004 -5"><span class='ocrx_word' id='word_1_305' title='bbox 2196 2923 2480 2976; x_wconf 84' lang='lat' dir='ltr'>ANT.T.C.</span> <span class='ocrx_word' id='word_1_306' title='bbox 2511 2926 2641 2976; x_wconf 91' lang='lat' dir='ltr'>ante</span> <span class='ocrx_word' id='word_1_307' title='bbox 2673 2923 2984 2977; x_wconf 88' lang='lat' dir='ltr'>terminum</span> <span class='ocrx_word' id='word_1_308' title='bbox 3014 2923 3397 2979; x_wconf 88' lang='lat' dir='ltr'>constitutum.</span> 
     </span>
    </p>
   </div>
   <div class='ocr_carea' id='block_1_70' title="bbox 2193 3015 3509 3088">
    <p class='ocr_par' dir='ltr' id='par_1_70' title="bbox 2193 3015 3509 3088">
     <span class='ocr_line' id='line_1_70' title="bbox 2193 3015 3509 3088; baseline 0.003 -20"><span class='ocrx_word' id='word_1_309' title='bbox 2193 3016 2460 3069; x_wconf 76' lang='lat' dir='ltr'><strong>AAA.FF.</strong></span> <span class='ocrx_word' id='word_1_310' title='bbox 2486 3015 2609 3070; x_wconf 89' lang='lat' dir='ltr'>auri</span> <span class='ocrx_word' id='word_1_311' title='bbox 2641 3018 2886 3088; x_wconf 85' lang='lat' dir='ltr'>argenti,</span> <span class='ocrx_word' id='word_1_312' title='bbox 2921 3017 3050 3072; x_wconf 63' lang='lat' dir='ltr'>seris</span> <span class='ocrx_word' id='word_1_313' title='bbox 3081 3017 3243 3073; x_wconf 86' lang='lat' dir='ltr'>ﬂator</span> <span class='ocrx_word' id='word_1_314' title='bbox 3260 3017 3509 3072; x_wconf 56' lang='lat' dir='ltr'>fabricaa.</span> 
     </span>
    </p>
   </div>
   <div class='ocr_carea' id='block_1_71' title="bbox 2195 3109 2946 3174">
    <p class='ocr_par' dir='ltr' id='par_1_71' title="bbox 2195 3109 2946 3174">
     <span class='ocr_line' id='line_1_71' title="bbox 2195 3109 2946 3174; baseline 0.003 -12"><span class='ocrx_word' id='word_1_315' title='bbox 2195 3109 2391 3172; x_wconf 88' lang='lat' dir='ltr'><strong>QV.TI.</strong></span> <span class='ocrx_word' id='word_1_316' title='bbox 2411 3109 2715 3174; x_wconf 84' lang='lat' dir='ltr'>Quirinalis</span> <span class='ocrx_word' id='word_1_317' title='bbox 2744 3109 2946 3164; x_wconf 88' lang='lat' dir='ltr'>Tiberi.</span> 
     </span>
    </p>
   </div>
   <div class='ocr_carea' id='block_1_72' title="bbox 2193 3203 3040 3276">
    <p class='ocr_par' dir='ltr' id='par_1_72' title="bbox 2193 3203 3040 3276">
     <span class='ocr_line' id='line_1_72' title="bbox 2193 3203 3040 3276; baseline 0.005 -21"><span class='ocrx_word' id='word_1_318' title='bbox 2193 3205 2344 3257; x_wconf 82' lang='lat' dir='ltr'><strong>ADP.</strong></span> <span class='ocrx_word' id='word_1_319' title='bbox 2377 3203 2461 3258; x_wconf 93' lang='lat' dir='ltr'>vel</span> <span class='ocrx_word' id='word_1_320' title='bbox 2487 3203 2689 3259; x_wconf 90' lang='lat' dir='ltr'><strong>ADOP.</strong></span> <span class='ocrx_word' id='word_1_321' title='bbox 2724 3204 3040 3276; x_wconf 84' lang='lat' dir='ltr'>adoptivus.</span> 
     </span>
    </p>
   </div>
   <div class='ocr_carea' id='block_1_73' title="bbox 2194 3297 3408 3370">
    <p class='ocr_par' dir='ltr' id='par_1_73' title="bbox 2194 3297 3408 3370">
     <span class='ocr_line' id='line_1_73' title="bbox 2194 3297 3408 3370; baseline 0.005 -20"><span class='ocrx_word' id='word_1_322' title='bbox 2194 3297 2390 3353; x_wconf 87' lang='lat' dir='ltr'><strong>ACVB.</strong></span> <span class='ocrx_word' id='word_1_323' title='bbox 2423 3299 2621 3353; x_wconf 88' lang='lat' dir='ltr'><strong>AVGG.</strong></span> <span class='ocrx_word' id='word_1_324' title='bbox 2650 3314 2679 3350; x_wconf 71' lang='grc' dir='ltr'>ει</span> <span class='ocrx_word' id='word_1_325' title='bbox 2712 3298 2973 3354; x_wconf 90' lang='lat' dir='ltr'>cubiculo</span> <span class='ocrx_word' id='word_1_326' title='bbox 3000 3303 3408 3370; x_wconf 85' lang='lat' dir='ltr'>Augustorum.</span> 
     </span>
    </p>
   </div>
   <div class='ocr_carea' id='block_1_74' title="bbox 2813 3393 3058 3448">
    <p class='ocr_par' dir='ltr' id='par_1_74' title="bbox 2813 3393 3058 3448">
     <span class='ocr_line' id='line_1_74' title="bbox 2813 3393 3058 3448; baseline 0 -2"><span class='ocrx_word' id='word_1_327' title='bbox 2813 3393 3058 3448; x_wconf 78' lang='lat' dir='ltr'>Additio.</span> 
     </span>
    </p>
   </div>
   <div class='ocr_carea' id='block_1_75' title="bbox 2192 3491 2829 3546">
    <p class='ocr_par' dir='ltr' id='par_1_75' title="bbox 2192 3491 2829 3546">
     <span class='ocr_line' id='line_1_75' title="bbox 2192 3491 2829 3546; baseline 0.005 -3"><span class='ocrx_word' id='word_1_328' title='bbox 2192 3491 2417 3546; x_wconf 87' lang='lat' dir='ltr'>ADlAB.</span> <span class='ocrx_word' id='word_1_329' title='bbox 2445 3491 2829 3546; x_wconf 85' lang='lat' dir='ltr'>adiabenicus.</span> 
     </span>
    </p>
   </div>
   <div class='ocr_carea' id='block_1_76' title="bbox 2193 3584 2657 3640">
    <p class='ocr_par' dir='ltr' id='par_1_76' title="bbox 2193 3584 2657 3640">
     <span class='ocr_line' id='line_1_76' title="bbox 2193 3584 2657 3640; baseline 0 0"><span class='ocrx_word' id='word_1_330' title='bbox 2193 3585 2322 3640; x_wconf 89' lang='lat' dir='ltr'>A.B.</span> <span class='ocrx_word' id='word_1_331' title='bbox 2347 3584 2455 3639; x_wconf 87' lang='lat' dir='ltr'>alia</span> <span class='ocrx_word' id='word_1_332' title='bbox 2485 3585 2657 3640; x_wconf 90' lang='lat' dir='ltr'>bona.</span> 
     </span>
    </p>
   </div>
   <div class='ocr_carea' id='block_1_77' title="bbox 2194 3677 2804 3734">
    <p class='ocr_par' dir='ltr' id='par_1_77' title="bbox 2194 3677 2804 3734">
     <span class='ocr_line' id='line_1_77' title="bbox 2194 3677 2804 3734; baseline 0.003 -3"><span class='ocrx_word' id='word_1_333' title='bbox 2194 3680 2396 3734; x_wconf 88' lang='lat' dir='ltr'><strong>A.B.V.</strong></span> <span class='ocrx_word' id='word_1_334' title='bbox 2428 3695 2462 3734; x_wconf 88' lang='lat' dir='ltr'>a</span> <span class='ocrx_word' id='word_1_335' title='bbox 2489 3679 2640 3734; x_wconf 90' lang='lat' dir='ltr'>bono</span> <span class='ocrx_word' id='word_1_336' title='bbox 2666 3677 2804 3734; x_wconf 88' lang='lat' dir='ltr'>viro.</span> 
     </span>
    </p>
   </div>
   <div class='ocr_carea' id='block_1_78' title="bbox 2191 3772 2708 3828">
    <p class='ocr_par' dir='ltr' id='par_1_78' title="bbox 2191 3772 2708 3828">
     <span class='ocr_line' id='line_1_78' title="bbox 2191 3772 2708 3828; baseline 0.004 -4"><span class='ocrx_word' id='word_1_337' title='bbox 2191 3772 2362 3827; x_wconf 85' lang='lat' dir='ltr'><strong>AB.S.</strong></span> <span class='ocrx_word' id='word_1_338' title='bbox 2397 3772 2708 3828; x_wconf 86' lang='lat' dir='ltr'>absolutus.</span> 
     </span>
    </p>
   </div>
   <div class='ocr_carea' id='block_1_79' title="bbox 2189 3867 2920 3922">
    <p class='ocr_par' dir='ltr' id='par_1_79' title="bbox 2189 3867 2920 3922">
     <span class='ocr_line' id='line_1_79' title="bbox 2189 3867 2920 3922; baseline 0 -2"><span class='ocrx_word' id='word_1_339' title='bbox 2189 3867 2349 3921; x_wconf 81' lang='lat' dir='ltr'><strong>AER.</strong></span> <span class='ocrx_word' id='word_1_340' title='bbox 2376 3867 2523 3922; x_wconf 88' lang='lat' dir='ltr'><strong>COL.</strong></span> <span class='ocrx_word' id='word_1_341' title='bbox 2553 3883 2667 3921; x_wconf 74' lang='lat' dir='ltr'>aere</span> <span class='ocrx_word' id='word_1_342' title='bbox 2698 3867 2920 3922; x_wconf 87' lang='lat' dir='ltr'>collato.</span> 
     </span>
    </p>
   </div>
   <div class='ocr_carea' id='block_1_80' title="bbox 2189 3960 2601 4015">
    <p class='ocr_par' dir='ltr' id='par_1_80' title="bbox 2189 3960 2601 4015">
     <span class='ocr_line' id='line_1_80' title="bbox 2189 3960 2601 4015; baseline 0.002 -2"><span class='ocrx_word' id='word_1_343' title='bbox 2189 3961 2317 4014; x_wconf 89' lang='lat' dir='ltr'><strong>A.L.</strong></span> <span class='ocrx_word' id='word_1_344' title='bbox 2354 3960 2464 4015; x_wconf 89' lang='lat' dir='ltr'>alia</span> <span class='ocrx_word' id='word_1_345' title='bbox 2489 3961 2601 4015; x_wconf 84' lang='lat' dir='ltr'>lex.</span> 
     </span>
    </p>
   </div>
   <div class='ocr_carea' id='block_1_81' title="bbox 2188 4053 2628 4110">
    <p class='ocr_par' dir='ltr' id='par_1_81' title="bbox 2188 4053 2628 4110">
     <span class='ocr_line' id='line_1_81' title="bbox 2188 4053 2628 4110; baseline 0.002 -3"><span class='ocrx_word' id='word_1_346' title='bbox 2188 4055 2346 4110; x_wconf 82' lang='lat' dir='ltr'>AER.</span> <span class='ocrx_word' id='word_1_347' title='bbox 2370 4053 2628 4109; x_wconf 68' lang='lat' dir='ltr'>mrarius.</span> 
     </span>
    </p>
   </div>
   <div class='ocr_carea' id='block_1_82' title="bbox 2189 4148 3609 4223">
    <p class='ocr_par' dir='ltr' id='par_1_82' title="bbox 2189 4148 3609 4223">
     <span class='ocr_line' id='line_1_82' title="bbox 2189 4148 3609 4223; baseline 0.004 -22"><span class='ocrx_word' id='word_1_348' title='bbox 2189 4150 2369 4204; x_wconf 87' lang='lat' dir='ltr'><strong>AM.P.</strong></span> <span class='ocrx_word' id='word_1_349' title='bbox 2399 4148 2658 4203; x_wconf 89' lang='lat' dir='ltr'>amabilis</span> <span class='ocrx_word' id='word_1_350' title='bbox 2683 4165 2926 4220; x_wconf 87' lang='lat' dir='ltr'>persona</span> <span class='ocrx_word' id='word_1_351' title='bbox 2955 4150 3044 4204; x_wconf 90' lang='lat' dir='ltr'>vel</span> <span class='ocrx_word' id='word_1_352' title='bbox 3071 4150 3283 4205; x_wconf 90' lang='lat' dir='ltr'>amicus</span> <span class='ocrx_word' id='word_1_353' title='bbox 3317 4152 3609 4223; x_wconf 87' lang='lat' dir='ltr'>principis.</span> 
     </span>
    </p>
   </div>
   <div class='ocr_carea' id='block_1_83' title="bbox 2186 4242 2691 4298">
    <p class='ocr_par' dir='ltr' id='par_1_83' title="bbox 2186 4242 2691 4298">
     <span class='ocr_line' id='line_1_83' title="bbox 2186 4242 2691 4298; baseline 0.004 -2"><span class='ocrx_word' id='word_1_354' title='bbox 2186 4244 2320 4298; x_wconf 90' lang='lat' dir='ltr'><strong>A.O.</strong></span> <span class='ocrx_word' id='word_1_355' title='bbox 2348 4242 2444 4297; x_wconf 88' lang='lat' dir='ltr'>alii</span> <span class='ocrx_word' id='word_1_356' title='bbox 2476 4259 2691 4298; x_wconf 88' lang='lat' dir='ltr'>omnes.</span> 
     </span>
    </p>
   </div>
   <div class='ocr_carea' id='block_1_84' title="bbox 2189 4336 2903 4408">
    <p class='ocr_par' dir='ltr' id='par_1_84' title="bbox 2189 4336 2903 4408">
     <span class='ocr_line' id='line_1_84' title="bbox 2189 4336 2903 4408; baseline 0.001 -16"><span class='ocrx_word' id='word_1_357' title='bbox 2189 4338 2430 4392; x_wconf 75' lang='lat' dir='ltr'><strong>APJVD.</strong></span> <span class='ocrx_word' id='word_1_358' title='bbox 2453 4337 2607 4408; x_wconf 86' lang='lat' dir='ltr'>apud</span> <span class='ocrx_word' id='word_1_359' title='bbox 2629 4336 2903 4408; x_wconf 89' lang='lat' dir='ltr'>judicem.</span> 
     </span>
    </p>
   </div>
   <div class='ocr_carea' id='block_1_85' title="bbox 2187 4431 3349 4504">
    <p class='ocr_par' dir='ltr' id='par_1_85' title="bbox 2187 4431 3349 4504">
     <span class='ocr_line' id='line_1_85' title="bbox 2187 4431 3349 4504; baseline 0.003 -20"><span class='ocrx_word' id='word_1_360' title='bbox 2187 4431 2410 4495; x_wconf 89' lang='lat' dir='ltr'>AEQ.P.</span> <span class='ocrx_word' id='word_1_361' title='bbox 2442 4431 2679 4504; x_wconf 82' lang='lat' dir='ltr'>aequalis</span> <span class='ocrx_word' id='word_1_362' title='bbox 2705 4433 2790 4486; x_wconf 87' lang='lat' dir='ltr'>vel</span> <span class='ocrx_word' id='word_1_363' title='bbox 2819 4433 3094 4504; x_wconf 88' lang='lat' dir='ltr'>equestris</span> <span class='ocrx_word' id='word_1_364' title='bbox 3125 4449 3349 4504; x_wconf 74' lang='lat' dir='ltr'>praeses.</span> 
     </span>
    </p>
   </div>
   <div class='ocr_carea' id='block_1_86' title="bbox 2186 4526 2673 4597">
    <p class='ocr_par' dir='ltr' id='par_1_86' title="bbox 2186 4526 2673 4597">
     <span class='ocr_line' id='line_1_86' title="bbox 2186 4526 2673 4597; baseline 0.002 -18"><span class='ocrx_word' id='word_1_365' title='bbox 2186 4526 2409 4580; x_wconf 80' lang='lat' dir='ltr'>A.TER.</span> <span class='ocrx_word' id='word_1_366' title='bbox 2434 4543 2466 4580; x_wconf 89' lang='lat' dir='ltr'>a</span> <span class='ocrx_word' id='word_1_367' title='bbox 2491 4529 2673 4597; x_wconf 88' lang='lat' dir='ltr'>tergo.</span> 
     </span>
    </p>
   </div>
   <div class='ocr_carea' id='block_1_87' title="bbox 2183 4619 2692 4675">
    <p class='ocr_par' dir='ltr' id='par_1_87' title="bbox 2183 4619 2692 4675">
     <span class='ocr_line' id='line_1_87' title="bbox 2183 4619 2692 4675; baseline 0.002 -3"><span class='ocrx_word' id='word_1_368' title='bbox 2183 4622 2249 4673; x_wconf 89' lang='lat' dir='ltr'>A.</span> <span class='ocrx_word' id='word_1_369' title='bbox 2283 4620 2341 4674; x_wconf 84' lang='lat' dir='ltr'><strong>F.</strong></span> <span class='ocrx_word' id='word_1_370' title='bbox 2370 4619 2497 4672; x_wconf 91' lang='lat' dir='ltr'>Auli</span> <span class='ocrx_word' id='word_1_371' title='bbox 2524 4619 2692 4675; x_wconf 69' lang='lat' dir='ltr'>filius.</span> 
     </span>
    </p>
   </div>
   <div class='ocr_carea' id='block_1_88' title="bbox 2183 4713 3150 4787">
    <p class='ocr_par' dir='ltr' id='par_1_88' title="bbox 2183 4713 3150 4787">
     <span class='ocr_line' id='line_1_88' title="bbox 2183 4713 3150 4787; baseline 0.004 -21"><span class='ocrx_word' id='word_1_372' title='bbox 2183 4713 2388 4768; x_wconf 89' lang='lat' dir='ltr'><strong>AVGG.</strong></span> <span class='ocrx_word' id='word_1_373' title='bbox 2417 4714 2532 4768; x_wconf 92' lang='lat' dir='ltr'>duo</span> <span class='ocrx_word' id='word_1_374' title='bbox 2561 4715 2647 4769; x_wconf 89' lang='lat' dir='ltr'>vel</span> <span class='ocrx_word' id='word_1_375' title='bbox 2674 4716 2865 4786; x_wconf 88' lang='lat' dir='ltr'>plures</span> <span class='ocrx_word' id='word_1_376' title='bbox 2893 4717 3150 4787; x_wconf 86' lang='lat' dir='ltr'>Augusti.</span> 
     </span>
    </p>
   </div>
   <div class='ocr_carea' id='block_1_89' title="bbox 2186 4807 2525 4863">
    <p class='ocr_par' dir='ltr' id='par_1_89' title="bbox 2186 4807 2525 4863">
     <span class='ocr_line' id='line_1_89' title="bbox 2186 4807 2525 4863; baseline 0.003 -3"><span class='ocrx_word' id='word_1_377' title='bbox 2186 4807 2296 4861; x_wconf 85' lang='lat' dir='ltr'>AV.</span> <span class='ocrx_word' id='word_1_378' title='bbox 2321 4809 2525 4863; x_wconf 88' lang='lat' dir='ltr'>Aucus.</span> 
     </span>
    </p>
   </div>
   <div class='ocr_carea' id='block_1_90' title="bbox 2184 4901 2737 4958">
    <p class='ocr_par' dir='ltr' id='par_1_90' title="bbox 2184 4901 2737 4958">
     <span class='ocr_line' id='line_1_90' title="bbox 2184 4901 2737 4958; baseline 0.005 -3"><span class='ocrx_word' id='word_1_379' title='bbox 2184 4901 2427 4956; x_wconf 84' lang='lat' dir='ltr'><strong>AVREL.</strong></span> <span class='ocrx_word' id='word_1_380' title='bbox 2456 4902 2737 4958; x_wconf 89' lang='lat' dir='ltr'>Aurelius.</span> 
     </span>
    </p>
   </div>
   <div class='ocr_carea' id='block_1_91' title="bbox 2184 4996 2992 5053">
    <p class='ocr_par' dir='ltr' id='par_1_91' title="bbox 2184 4996 2992 5053">
     <span class='ocr_line' id='line_1_91' title="bbox 2184 4996 2992 5053; baseline 0.006 -5"><span class='ocrx_word' id='word_1_381' title='bbox 2184 4996 2342 5050; x_wconf 83' lang='lat' dir='ltr'><strong>AVR.</strong></span> <span class='ocrx_word' id='word_1_382' title='bbox 2371 5012 2577 5050; x_wconf 89' lang='lat' dir='ltr'>aurum</span> <span class='ocrx_word' id='word_1_383' title='bbox 2603 4998 2686 5051; x_wconf 88' lang='lat' dir='ltr'>vel</span> <span class='ocrx_word' id='word_1_384' title='bbox 2715 4999 2992 5053; x_wconf 88' lang='lat' dir='ltr'>Aurelius.</span> 
     </span>
    </p>
   </div>
   <div class='ocr_carea' id='block_1_92' title="bbox 2183 5090 3500 5163">
    <p class='ocr_par' dir='ltr' id='par_1_92' title="bbox 2183 5090 3500 5163">
     <span class='ocr_line' id='line_1_92' title="bbox 2183 5090 3500 5163; baseline 0.005 -21"><span class='ocrx_word' id='word_1_385' title='bbox 2183 5090 2338 5143; x_wconf 86' lang='lat' dir='ltr'><strong>AVG.</strong></span> <span class='ocrx_word' id='word_1_386' title='bbox 2371 5090 2592 5146; x_wconf 84' lang='lat' dir='ltr'>LIBER.</span> <span class='ocrx_word' id='word_1_387' title='bbox 2622 5093 2858 5163; x_wconf 85' lang='lat' dir='ltr'>Augusti</span> <span class='ocrx_word' id='word_1_388' title='bbox 2884 5092 3114 5147; x_wconf 88' lang='lat' dir='ltr'>libertas</span> <span class='ocrx_word' id='word_1_389' title='bbox 3136 5094 3220 5148; x_wconf 88' lang='lat' dir='ltr'>vel</span> <span class='ocrx_word' id='word_1_390' title='bbox 3249 5093 3500 5149; x_wconf 89' lang='lat' dir='ltr'>libertus.</span> 
     </span>
    </p>
   </div>
   <div class='ocr_carea' id='block_1_93' title="bbox 2182 5183 2851 5241">
    <p class='ocr_par' dir='ltr' id='par_1_93' title="bbox 2182 5183 2851 5241">
     <span class='ocr_line' id='line_1_93' title="bbox 2182 5183 2851 5241; baseline 0.009 -6"><span class='ocrx_word' id='word_1_391' title='bbox 2182 5183 2386 5238; x_wconf 89' lang='lat' dir='ltr'><strong>A.A.V.</strong></span> <span class='ocrx_word' id='word_1_392' title='bbox 2417 5185 2585 5239; x_wconf 91' lang='lat' dir='ltr'>ambo</span> <span class='ocrx_word' id='word_1_393' title='bbox 2619 5185 2851 5241; x_wconf 86' lang='lat' dir='ltr'>alterve.</span> 
     </span>
    </p>
   </div>
   <div class='ocr_carea' id='block_1_94' title="bbox 2181 5277 3604 5349">
    <p class='ocr_par' dir='ltr' id='par_1_94' title="bbox 2181 5277 3604 5349">
     <span class='ocr_line' id='line_1_94' title="bbox 2181 5277 3604 5349; baseline 0.006 -19"><span class='ocrx_word' id='word_1_394' title='bbox 2181 5277 2451 5332; x_wconf 82' lang='lat' dir='ltr'>A.F.P.R.</span> <span class='ocrx_word' id='word_1_395' title='bbox 2490 5283 2688 5349; x_wconf 90' lang='lat' dir='ltr'>aptum</span> <span class='ocrx_word' id='word_1_396' title='bbox 2708 5282 2793 5335; x_wconf 88' lang='lat' dir='ltr'>vel</span> <span class='ocrx_word' id='word_1_397' title='bbox 2817 5286 3008 5337; x_wconf 87' lang='lat' dir='ltr'>actum</span> <span class='ocrx_word' id='word_1_398' title='bbox 3033 5281 3144 5336; x_wconf 76' lang='lat' dir='ltr'>[ide</span> <span class='ocrx_word' id='word_1_399' title='bbox 3178 5281 3359 5337; x_wconf 86' lang='lat' dir='ltr'>Publii</span> <span class='ocrx_word' id='word_1_400' title='bbox 3389 5284 3604 5338; x_wconf 82' lang='lat' dir='ltr'>Rutilii.</span> 
     </span>
    </p>
   </div>
   <div class='ocr_carea' id='block_1_95' title="bbox 2909 5403 2946 5456">
    <p class='ocr_par' dir='ltr' id='par_1_95' title="bbox 2909 5403 2946 5456">
     <span class='ocr_line' id='line_1_95' title="bbox 2909 5403 2946 5456; baseline 0 0"><span class='ocrx_word' id='word_1_401' title='bbox 2909 5403 2946 5456; x_wconf 89' lang='grc' dir='ltr'>Β</span> 
     </span>
    </p>
   </div>
   <div class='ocr_carea' id='block_1_96' title="bbox 2183 5494 3580 5567">
    <p class='ocr_par' dir='ltr' id='par_1_96' title="bbox 2183 5494 3580 5567">
     <span class='ocr_line' id='line_1_96' title="bbox 2183 5494 3580 5567; baseline 0.004 -18"><span class='ocrx_word' id='word_1_402' title='bbox 2183 5494 2238 5549; x_wconf 87' lang='grc' dir='ltr'>Β.</span> <span class='ocrx_word' id='word_1_403' title='bbox 2267 5497 2469 5564; x_wconf 85' lang='lat' dir='ltr'>Bonus,</span> <span class='ocrx_word' id='word_1_404' title='bbox 2500 5497 2584 5552; x_wconf 85' lang='lat' dir='ltr'>vel</span> <span class='ocrx_word' id='word_1_405' title='bbox 2609 5498 2834 5567; x_wconf 90' lang='lat' dir='ltr'>Brutus,</span> <span class='ocrx_word' id='word_1_406' title='bbox 2862 5499 2946 5552; x_wconf 86' lang='lat' dir='ltr'>vel</span> <span class='ocrx_word' id='word_1_407' title='bbox 2971 5497 3216 5567; x_wconf 89' lang='lat' dir='ltr'>Balbius,</span> <span class='ocrx_word' id='word_1_408' title='bbox 3243 5500 3328 5553; x_wconf 88' lang='lat' dir='ltr'>vel</span> <span class='ocrx_word' id='word_1_409' title='bbox 3358 5500 3580 5556; x_wconf 85' lang='lat' dir='ltr'>Balbus.</span> 
     </span>
    </p>
   </div>
   <div class='ocr_carea' id='block_1_97' title="bbox 2186 5590 2648 5646">
    <p class='ocr_par' dir='ltr' id='par_1_97' title="bbox 2186 5590 2648 5646">
     <span class='ocr_line' id='line_1_97' title="bbox 2186 5590 2648 5646; baseline 0.004 -3"><span class='ocrx_word' id='word_1_410' title='bbox 2186 5590 2317 5644; x_wconf 84' lang='lat' dir='ltr'>B.R.</span> <span class='ocrx_word' id='word_1_411' title='bbox 2350 5591 2648 5646; x_wconf 90' lang='lat' dir='ltr'>bonorum.</span> 
     </span>
    </p>
   </div>
   <div class='ocr_carea' id='block_1_98' title="bbox 2185 5684 3451 5752">
    <p class='ocr_par' dir='ltr' id='par_1_98' title="bbox 2185 5684 3451 5752">
     <span class='ocr_line' id='line_1_98' title="bbox 2185 5684 3451 5752; baseline 0.006 -16"><span class='ocrx_word' id='word_1_412' title='bbox 2185 5685 2309 5740; x_wconf 84' lang='lat' dir='ltr'>B.F.</span> <span class='ocrx_word' id='word_1_413' title='bbox 2333 5685 2479 5739; x_wconf 89' lang='lat' dir='ltr'>bona</span> <span class='ocrx_word' id='word_1_414' title='bbox 2507 5684 2618 5740; x_wconf 79' lang='lat' dir='ltr'>fide</span> <span class='ocrx_word' id='word_1_415' title='bbox 2645 5687 2730 5741; x_wconf 86' lang='lat' dir='ltr'>vel</span> <span class='ocrx_word' id='word_1_416' title='bbox 2753 5686 2997 5752; x_wconf 86' lang='lat' dir='ltr'>fortuna,</span> <span class='ocrx_word' id='word_1_417' title='bbox 3032 5690 3115 5742; x_wconf 83' lang='lat' dir='ltr'>vel</span> <span class='ocrx_word' id='word_1_418' title='bbox 3143 5689 3293 5744; x_wconf 90' lang='lat' dir='ltr'>bona</span> <span class='ocrx_word' id='word_1_419' title='bbox 3319 5689 3451 5744; x_wconf 84' lang='lat' dir='ltr'>tilia.</span> 
     </span>
    </p>
   </div>
   <div class='ocr_carea' id='block_1_99' title="bbox 2183 5777 3740 5851">
    <p class='ocr_par' dir='ltr' id='par_1_99' title="bbox 2183 5777 3740 5851">
     <span class='ocr_line' id='line_1_99' title="bbox 2183 5777 3740 5851; baseline 0.006 -21"><span class='ocrx_word' id='word_1_420' title='bbox 2183 5777 2285 5832; x_wconf 86' lang='lat' dir='ltr'>BF.</span> <span class='ocrx_word' id='word_1_421' title='bbox 2309 5778 2670 5849; x_wconf 83' lang='lat' dir='ltr'>beneﬁcium,</span> <span class='ocrx_word' id='word_1_422' title='bbox 2699 5782 2783 5837; x_wconf 85' lang='lat' dir='ltr'>vel</span> <span class='ocrx_word' id='word_1_423' title='bbox 2807 5781 3022 5837; x_wconf 89' lang='lat' dir='ltr'>bonum</span> <span class='ocrx_word' id='word_1_424' title='bbox 3049 5784 3281 5851; x_wconf 85' lang='lat' dir='ltr'>factum,</span> <span class='ocrx_word' id='word_1_425' title='bbox 3315 5785 3398 5839; x_wconf 88' lang='lat' dir='ltr'>vel</span> <span class='ocrx_word' id='word_1_426' title='bbox 3438 5783 3740 5840; x_wconf 76' lang='lat' dir='ltr'>benefecit.</span> 
     </span>
    </p>
   </div>
   <div class='ocr_carea' id='block_1_100' title="bbox 2182 5871 3082 5934">
    <p class='ocr_par' dir='ltr' id='par_1_100' title="bbox 2182 5871 3082 5934">
     <span class='ocr_line' id='line_1_100' title="bbox 2182 5871 3082 5934; baseline 0.011 -10"><span class='ocrx_word' id='word_1_427' title='bbox 2182 5871 2370 5926; x_wconf 85' lang='lat' dir='ltr'><strong>B.F.C.</strong></span> <span class='ocrx_word' id='word_1_428' title='bbox 2399 5873 2549 5927; x_wconf 87' lang='lat' dir='ltr'>bona</span> <span class='ocrx_word' id='word_1_429' title='bbox 2575 5873 2685 5929; x_wconf 85' lang='lat' dir='ltr'>tide</span> <span class='ocrx_word' id='word_1_430' title='bbox 2713 5878 3082 5934; x_wconf 87' lang='lat' dir='ltr'>contractum.</span> 
     </span>
    </p>
   </div>
  </div>
