4092 6192
289 266 420 319 1181
1410 271 1810 339 OPUSCULUM
1847 285 1935 341 DE
1974 285 2167 345 NOTIS
2203 291 2533 361 ANTIQUIS.
3516 314 3649 373 H82

360 372 495 426 ΒΜ.
528 372 698 429 bonae
740 378 1056 449 memoriae,
1084 382 1170 436 vel
1215 380 1362 438 bene
1411 388 1619 458 meriti,
1648 391 1735 445 vel
1774 390 1920 447 bene
1938 406 2000 478 Α
2090 398 2197 453 CN.
2220 400 2383 455 ABR.
2410 404 2597 459 Cneus
2624 407 2840 463 Arrius.

285 465 555 520 merenti.
1938 465 2000 478 ﬂ
2088 490 2212 547 C.C.
2266 494 2570 552 concilium
2629 500 2816 573 coepit,
2862 504 2948 558 vel
3012 511 3214 576 cessat,
3272 512 3359 566 vel
3424 516 3650 586 cognita

353 558 394 586 ι)
432 560 454 586 Α
514 558 726 586 ιιι-...ιν-
758 564 1034 586 --ΔΕΑ-Αμ-

353 558 487 612 Β.Α.
514 558 731 616 bonam
755 564 1064 621 actionem.
2017 601 2204 642 causa.

351 652 476 706 B.P.
503 651 657 709 bona
694 659 993 727 possessio.
2084 681 2219 737 C.H.
2249 681 2524 742 Creticus.

351 745 551 803 B.M.F.
588 748 737 805 Bene
757 753 1007 809 merenti
1046 755 1200 811 fecit.
2083 774 2271 830 CONS.
2301 777 2676 837 consiliarius.

349 838 552 897 B.M.P.
585 842 733 899 bene
759 847 1010 902 merenti
1034 851 1241 919 posuit.
2083 866 2214 922 C.V.
2243 872 2684 930 centumvirum.

347 934 473 990 B.P.
499 935 721 992 bonum
742 938 1037 1010 publicum
1057 944 1144 999 vel
1169 943 1321 1000 bona
1349 951 1606 1016 paterna.
2082 960 2240 1016 COM.
2273 962 2383 1018 OB.
2418 966 2653 1023 comicia
2683 970 2951 1030 obchiaca
2995 980 3078 1033 vel
3120 980 3402 1055 obdriaca,
3430 988 3514 1042 vel
3539 989 3639 1043 ob-

347 1027 384 1055 ι)
414 1028 452 1055 υ
506 1028 649 1055 ι---
680 1031 809 1055 ιι..-ει
2027 1051 2063 1055 --

345 1027 474 1082 B.P.
505 1028 651 1086 bene
678 1031 829 1088 fecit.
2010 1051 2188 1108 diaca.

341 1120 545 1177 B.A.V.
577 1123 745 1179 bonis
779 1127 1045 1199 auspiciis
1072 1132 1157 1185 vel
1181 1130 1343 1187 bonis
1369 1133 1584 1188 avibus.
2076 1147 2215 1203 CES.
2244 1151 2312 1206 A.
2346 1154 2596 1209 censoris
2624 1158 2920 1217 arbitratu.

343 1214 473 1270 B.V.
502 1215 689 1273 bonus
714 1218 818 1274 vir.
2074 1240 2229 1297 COH.
2263 1245 2484 1302 cohors.

339 1308 467 1363 B.F.
495 1309 647 1366 bona
673 1312 907 1368 femina.
2075 1334 2225 1392 COS.
2254 1338 2399 1395 DES.
2433 1345 2691 1401 consules
2721 1348 3027 1421 designati.

338 1400 610 1459 B.R.P.N.
636 1404 785 1461 bono
815 1406 1142 1479 reipublicae
1172 1415 1325 1468 nato.
2069 1428 2196 1485 C.F.
2224 1432 2345 1488 Caii
2372 1434 2542 1492 ﬁlius.

338 1494 529 1551 B.P.P.
560 1498 722 1554 bonae
748 1499 884 1556 ﬁdei
914 1518 1223 1573 possessor.
2068 1523 2177 1579 CR.
2206 1524 2455 1598 Crispus.

952 1619 1201 1676 Additio.
2068 1633 2169 1686 [Π.
2204 1618 2336 1673 Caia
2374 1621 2599 1679 liberta.

329 1705 461 1759 ιλιι,
491 1705 777 1765 bonorum
805 1714 1013 1767 rector,
2068 1725 2219 1782 (rm.
2244 1713 2389 1769 Caim
2419 1716 2637 1773 libertae
2664 1722 3031 1784 charissimaa.
3054 1778 3059 1781 .

331 1799 455 1856 δέ,
486 1801 652 1857 bonis
679 1804 863 1859 cessit.
1912 1783 1968 1855 Β
2063 1804 2216 1861 CVR.
2248 1808 2574 1879 curionum,
2605 1815 2690 1869 vel
2714 1818 3025 1890 curiarum,
3055 1827 3142 1880 vel
3165 1844 3380 1886 cursor.

329 1893 461 1947 ΒΑ),
488 1894 707 1951 bonum
740 1898 960 1954 datum.
2060 1898 2257 1955 CENT.
2282 1906 2677 1962 centenarium
2698 1913 2785 1965 vel
2805 1917 3084 1988 centurio,
3103 1921 3187 1975 vel
3203 1926 3474 1994 centuria,
3498 1945 3628 1983 cen-

327 1987 456 2042 B.G.
487 1989 640 2045 bona
680 1992 885 2062 gratia.

687 1992 885 2062 gratia.
1992 1990 2303 2048 turionum.

323 2081 454 2136 B.H.
479 2082 660 2138 bonus
685 2084 877 2155 homo,
906 2090 992 2144 vel
1016 2090 1167 2146 bona
1196 2092 1580 2151 haereditaria.
2058 2085 2298 2142 CENTN-
2339 2092 2724 2151 Centuriones.

324 2175 430 2230 3.].
456 2175 677 2232 bonum
700 2178 1006 2250 judicium,
2058 2179 2141 2234 CA
2171 2181 2257 2235 vel
2287 2183 2443 2239 CAM.
2474 2185 2763 2246 Camillus.

322 2269 379 2323 Β,
412 2270 469 2324 L,
504 2271 655 2327 bona
682 2273 792 2330 lex,
2054 2272 2246 2330 CENS.
2275 2277 2359 2331 vel
2391 2278 2584 2336 CNSP.
2629 2299 2829 2342 censor
2867 2295 3200 2363 perpetuus,
3234 2299 3317 2353 vel
3360 2306 3618 2375 peregri-

316 2363 472 2419 B.I.l.
502 2363 716 2421 bonum
737 2368 947 2439 judicis
971 2371 1273 2442 judicium.
1984 2382 2110 2421 ﬂus-

316 2456 445 2512 B.N.
478 2457 697 2515 bonum
723 2478 954 2529 nomen,
981 2466 1067 2520 vel
1092 2466 1243 2522 bona
1277 2474 1484 2525 nostra.
2050 2461 2151 2516 CL-
2184 2463 2348 2518 Caius
2371 2465 2629 2525 libertus.

316 2550 442 2606 3.0.
474 2551 620 2608 bene
649 2555 886 2627 optime,
2047 2554 2313 2612 CONLIB.
2343 2561 2709 2620 conlibertus.

313 2643 449 2708 ΒΩ.
481 2644 632 2701 bona
660 2650 916 2720 quaesita.
2667 2683 2913 2739 Additi’o.

310 2737 497 2793 B.S.F.
529 2739 675 2796 bene
703 2743 989 2800 satisfecit.
1156 2774 1166 2783 -
2044 2742 2185 2798 CES.
2217 2746 2474 2817 Cespius.

310 2832 433 2886 B.’l‘.
463 2832 744 2890 bonorum
774 2841 948 2893 tutor.
2041 2837 2269 2893 CAESS.
2298 2841 2571 2899 Caesares.

307 2925 458 2981 ΒΗΤ,
492 2927 864 2986 Britannicus.
2039 2929 2135 2985 CS.
2168 2932 2546 2991 consiliarius.

303 3018 460 3075 BEN.
486 3020 599 3077 ME.
638 3022 784 3081 bene
816 3029 1079 3084 merenti.
2039 3022 2173 3079 CSS-
2209 3026 2541 3109 consiliarii.

303 3113 432 3169 B.V.
458 3114 603 3170 bene
630 3117 784 3174 vixit.
1882 3158 1936 3231 Ο
2032 3117 2354 3231 Chl).
2384 3123 2667 3231 p‘ubnlicus.

1029 3219 1067 3272 ρ
1598 3232 1605 3235 -
1886 3210 1936 3231 υ
2031 3210 2162 3265 C.R.
2196 3212 2364 3267 Caius
2398 3215 2594 3272 Rufus.

297 3280 363 3334 C.
397 3280 580 3336 Caius.
2030 3303 2133 3359 CV.
2164 3303 2510 3363 clarissimus
2539 3312 2626 3366 vir
2655 3317 2741 3371 vel
2768 3321 3098 3378 consularis.

294 3372 395 3427 CS.
436 3376 736 3431 consulum
769 3381 1071 3437 sententia.
2028 3396 2179 3452 CEN.
2211 3399 2321 3455 AR.
2350 3404 2598 3460 censoris
2624 3372 2919 3467 arbitratu.

290 3468 397 3522 CL.
429 3467 711 3526 Claudius.
731 3538 741 3548 ἰ
2026 3489 2182 3546 CAR.
2214 3493 2565 3553 carissimus.

292 3560 464 3616 ClPP.
495 3563 744 3635 cippum.
2028 3583 2161 3639 C.N.
2192 3585 2357 3642 Caius
2381 3596 2572 3647 noster
2599 3596 2685 3650 vel
2711 3596 2846 3653 civis
2874 3608 3091 3661 noster.

290 3654 403 3710 CM.
434 3658 612 3711 comis
638 3661 723 3713 vel
750 3676 958 3717 comes.
2027 3676 2175 3733 CVL.
2203 3679 2462 3738 cultores.

289 3748 400 3804 ΟΝ·
427 3749 671 3806 CneVius
690 3755 776 3809 υθῖ
798 3756 1004 3812 cnam
2025 3772 2154 3827 C.D.
2177 3774 2365 3846 capite
2378 3776 2716 3853 diminutus,
2730 3788 2816 3840 vel
2830 3789 2995 3846 Caius
3015 3794 3235 3868 Decius,
3260 3803 3343 3856 vel
3358 3803 3588 3865 Drusus.

290 3842 428 3868 nnn
483 3845 772 3868 0-....-12---
2038 3865 2056 3868 -
2082 3865 2100 3868 _
2118 3867 2129 3868 γ
2152 3867 2189 3868 κη

289 3842 451 3898 con.
482 3845 796 3903 Cornelius.
2025 3842 2318 3924 CONTUB.
2351 3842 2800 3935 contubernalis.

287 3936 476 3992 CAES.
509 3938 713 3995 Caesar.
2023 3959 2153 4014 C.O.
2182 3959 2375 4018 civitas
2399 3968 2605 4024 omnis.

287 4030 484 4087 CAES.
515 4036 578 4100 A,
610 4036 693 4089 vel
716 4037 871 4092 AVG.
901 4039 1086 4094 Caesar
1112 4043 1418 4113 Augustus.
2021 4052 2128 4108 CA.
2156 4054 2445 4126 Camillus,
2473 4062 2559 4118 vel
2582 4065 2756 4137 canis,
2787 4072 2871 4125 vel
2902 4073 3059 4131 Cato.

284 4124 399 4179 CR.
426 4130 804 4185 contractum.
2022 4146 2148 4203 C.B.
2180 4124 2485 4209 commune
2510 4156 2744 4215 bonum.

280 4219 344 4272 C.
372 4219 481 4275 CR.
513 4220 983 4281 CT.Contrarium
1012 4233 1396 4287 contractum.
2019 4241 2206 4298 C.C.C.
2236 4260 2403 4301 censa
2428 4247 2635 4307 civium
2663 4255 2868 4327 capita.

284 4328 347 4381 ς).
379 4313 511 4369 Caia
538 4317 623 4371 vel
650 4333 780 4373 con.
2016 4335 2149 4392 C.H.
2180 4343 2369 4395 custos
2402 4342 2722 4403 haeredum.

277 4404 391 4477 30.
422 4409 505 4463 vel
534 4423 593 4478 ί).
620 4415 1026 4470 controversia.
2018 4429 2207 4486 C.F.C.
2243 4434 2389 4490 clam
2418 4436 2677 4510 fugiendi
2719 4460 2904 4502 causa.

278 4500 383 4555 cc.
418 4502 650 4560 circum.
1862 4534 1922 4608 Ι)
2014 4523 2252 4582 COLLE.
2306 4500 2515 4586 mea:
2558 4533 2675 4589 ΜΒ.
2727 4500 2966 4612 collegio
3016 4545 3305 4609 fabrorum
3365 4558 3583 4619 militiae

276 4594 389 4649 CA.
421 4612 611 4652 causa.
1862 4594 1917 4608 ν
1947 4616 2310 4676 Ravennatis.

275 4688 412 4743 C.H.
443 4692 527 4745 vel
553 4693 752 4750 C.A.M.
785 4711 951 4753 causa
975 4700 1174 4756 mortis
1200 4703 1286 4759 vel
1311 4705 1481 4760 Caius
1508 4707 1732 4766 Marius.
2015 4711 2217 4769 COER.
2254 4718 2507 4774 cairavit.

276 4782 482 4840 C.H.C.
515 4786 676 4857 cujus
700 4790 784 4845 rei
810 4808 998 4848 causa.
2013 4806 2166 4863 CVR.
2201 4810 2376 4866 VIAR.
2406 4816 2634 4870 curator
2662 4817 2904 4876 viarum.

274 4877 543 4935 C.R.C.P.
574 4882 735 4953 cujus
760 4885 845 4939 rei
877 4902 1125 4959 causam,
1153 4891 1236 4945 vel
1265 4907 1434 4949 causa
1458 4896 1766 4965 promittis.
2012 4900 2160 4957 COS.
2189 4903 2255 4959 Il.
2284 4907 2479 4961 consul
2519 4907 2751 4967 iterum.

280 4970 430 5028 COS.
463 4976 679 5031 consul.
2012 4994 2156 5050 COS.
2187 4998 2275 5052 Ill.
2305 5002 2499 5055 consul
2527 5004 2781 5061 tertium.

278 5065 467 5123 COSS.
501 5071 779 5127 consules.
2007 5088 2163 5145 CON.
2195 5089 2341 5146 SEN.
2375 5093 2478 5149 ET.
2506 5096 2618 5161 EQ.
2647 5099 2758 5155 ΟΒ.
2789 5103 2991 5169 P.Q.R.
3022 5125 3301 5172 consensu
3342 5127 3567 5178 senatus

276 5159 404 5216 C.L.
432 5162 518 5218 vel
542 5163 671 5221 LIB.
700 5167 866 5223 Caius
894 5168 1126 5226 libertus
1150 5173 1238 5228 vel
1262 5173 1512 5233 libertas.
1941 5186 1999 5237 et
2024 5184 2299 5255 equestris
2319 5187 2535 5245 ordinis
2566 5159 2894 5268 populique

275 5253 431 5310 CON.
463 5260 795 5316 consularis.
2076 5253 2093 5255 ﬁ
2566 5253 2583 5263 .
2642 5253 2656 5265 ⁸
2737 5313 2778 5367 ι)

275 5348 410 5404 C.R.
435 5351 568 5407 civis
592 5354 906 5411 Romanus.
2010 5371 2070 5425 Ι).
2094 5370 2274 5429 divus.

273 5442 425 5498 COL.
455 5447 677 5502 colonia
706 5450 791 5505 vel
819 5451 1085 5521 colonias;
1116 5458 1297 5512 coloni
1340 5461 1423 5514 vel
1452 5463 1690 5534 collega.
2009 5468 2070 5522 D.
2102 5468 2190 5523 vel
2217 5469 2278 5524 C.
2308 5469 2457 5527 diva.

272 5537 469 5594 COLL.
494 5540 712 5613 collega
731 5545 815 5599 vel
837 5546 1101 5619 collegia,
1125 5553 1211 5605 vel
1229 5553 1561 5625 collegium,
1583 5559 1668 5612 vel
1687 5558 1838 5614 colo-
2006 5562 2194 5617 DEST.
2224 5563 2525 5629 destinato.

205 5627 332 5696 nias,
359 5634 443 5686 vel
474 5635 680 5690 coloni.
2009 5655 2176 5710 D.PP.
2204 5656 2315 5713 Deo
2340 5627 2636 5732 perpetuo.

276 5726 376 5792 οι...
406 5728 754 5787 conlibertus
775 5734 862 5789 vel
882 5736 1215 5793 conliberto.
2007 5748 2134 5804 D.P.
2162 5751 2274 5806 Deo
2299 5726 2598 5826 perpetuo.

272 5820 374 5876 (ΣΟ.
403 5822 489 5876 vel
514 5823 734 5882 COIUX.
766 5829 972 5901 coniux
998 5832 1084 5887 vel
1111 5832 1422 5905 conjunxit.
2005 5842 2133 5899 D.P.
2163 5820 2322 5901 divus
2346 5820 2475 5902 Pius
2503 5849 2589 5904 vel
2614 5850 2726 5906 Diis
2756 5851 3076 5917 Penatibus.
