4092 6192
491 295 620 348 1183
1732 284 1797 342 Μ.
1843 288 1900 339 V.
1944 285 2140 342 PROBI
2180 286 2220 341 G

2312 281 2592 339 .MMATICI
3715 277 3730 326 l
3749 277 3834 328 184

556 402 619 454 D.
642 400 898 453 devotus.
2137 415 2196 487 Α
2287 392 2420 446 D.G.
2449 389 2605 446 dedit
2633 389 2827 461 gratis.

558 493 694 547 D.D.
729 494 840 547 Deo
868 489 1092 558 dicavit,
1120 491 1204 545 vel
1233 489 1347 545 Diis
1378 488 1664 544 dantibus.
2137 480 2196 487 ”
2295 487 2426 540 Ι).Η.
2458 484 2612 540 dedit
2639 480 2976 537 haeredibus.

559 585 709 640 DEC.
737 585 959 640 Decius.
2294 581 2402 635 D.I.
2436 578 2550 633 Diis
2576 575 3016 644 immortalibus,
3045 573 3128 628 vel
3154 570 3275 626 dari
3309 569 3495 649 jussit.

558 682 686 734 D.D.
721 678 867 734 dotis
902 679 1095 747 dictio,
1125 680 1209 734 vel
1239 677 1354 732 Diis
1401 677 1688 747 dantibus,
1714 676 1798 731 vel
1838 675 1988 729 dono
2020 673 2119 728 de-
2294 674 2421 727 D.L.
2455 671 2690 726 donavit
2714 671 2904 724 locum
2932 668 3017 723 vel
3040 664 3191 721 Decii
3219 663 3474 718 libertus.

494 760 594 814 dit-
2295 766 2502 821 D.O.M.
2553 766 2664 819 Deo
2711 763 2940 835 Optimo
2989 759 3250 825 Maximo,
3292 759 3376 812 vel
3429 756 3543 811 Diis
3585 755 3839 810 omnibus

564 854 672 908 DD.
705 853 1130 909 dedicaverunt.
2225 861 2496 917 Manibus.

558 949 688 1002 D.V.
718 948 950 1003 devotus
977 948 1083 1015 vir,
1110 948 1196 1003 vel
1221 950 1422 1014 vester,
1447 948 1532 1001 vel
1570 945 1678 999 Diis
1703 942 2034 999 volentibus.
2299 955 2502 1009 D.M.F.
2533 971 2583 1007 ν,
2618 970 2668 1009 ο.
2703 952 2821 1007 doli
2848 950 2980 1005 mali
3011 948 3292 1004 fraudisve
3325 961 3511 1001 causa_

563 1042 714 1096 DOT.
747 1042 964 1098 dotem.
2301 1048 2766 1112 D,P.S.D.L.D.P.
2799 1044 3062 1116 deposuit
3088 1042 3192 1096 sibi
3223 1041 3338 1096 Diis
3367 1041 3552 1094 locum
3581 1037 3740 1093 dedit
3760 1054 3843 1107 pu-

564 1138 695 1191 D.P.
724 1137 917 1192 dotem
943 1135 1129 1208 petiit,
1158 1137 1241 1191 vel
1281 1135 1393 1190 Diis
1422 1134 1697 1204 paternis.
2229 1142 2393 1197 blice,

498 1231 694 1364 “131'?
726 1230 919 1285 domm
948 1230 1102 1302 feeit:
1130 1231 1214 1285 υθῖ
1242 1230 1462 1297 domm:
1491 1229 1574 1284 υθί
1607 1227 1842 1293 donum:
1866 1224 1948 1279 υθί
1978 1221 2126 1279 Dec“
2302 1238 2364 1290 D.
2394 1235 2723 1308 quingenta,
2751 1236 2836 1288 vel
2878 1232 3094 1300 Decius,
3124 1231 3359 1295 Drusus,
3389 1228 3650 1295 devotus,
3683 1223 3843 1278 dedit.

655 1352 666 1362 .
2303 1332 2344 1364 n
2372 1331 2406 1364 Ω
2436 1331 2476 1364 ι)
2530 1330 2597 1364 An
2628 1346 2724 1364 ann
2757 1327 2993 1364 nonnnin

570 1330 666 1363 lllS.

738 1405 825 1492 vel
998 1405 1197 1492 dolum
1232 1405 1469 1470 malum,
1498 1403 1582 1458 vel
1595 1400 1851 1491 .dubium
1890 1398 2127 1465 malum,

2312 1331 2495 1386 D.S.P.
2530 1330 2598 1384 de
2627 1346 2729 1383 sua
2756 1330 3018 1399 pecunia.

2312 1424 2631 1479 D.S.P.L.D.
2663 1423 2733 1477 de
2761 1439 2860 1476 sua
2893 1419 3137 1492 pecunia
3166 1417 3383 1473 laribus
3407 1416 3548 1470 dant
3574 1415 3661 1468 vel
3689 1411 3847 1467 dedit.

495 1485 580 1539 vel
608 1484 724 1538 Diis
752 1485 1026 1554 Manibus,
1054 1487 1140 1541 vel
1167 1486 1372 1540 domus
1398 1482 1630 1538 mortui.

577 1579 726 1633 DDS.
760 1579 873 1633 Diis
901 1579 1115 1635 deabus
1157 1580 1342 1634 sacris.

571 1673 722 1728 DMS.
755 1674 874 1728 Diis
894 1674 1149 1730 Manibus
1179 1691 1422 1728 sacrum.

574 1767 679 1822 DT.
711 1768 1005 1823 duntaxat.

572 1862 680 1915 DN.
718 1861 1003 1916 dominus.

571 1956 708 2010 DNN
719 1998 731 2010 .
765 1957 1035 2011 dominis.

2307 1519 2568 1572 D.L.A.P.
2602 1517 2818 1571 donum
2847 1515 3027 1570 libens
3058 1512 3250 1569 animo
3281 1510 3486 1582 posuit.

2308 1612 2456 1667 DEC.
2487 1611 2732 1666 decurio.

2309 1707 2441 1760 D.V.
2471 1705 2593 1759 dies
2617 1705 2868 1776 quintus.

2154 1796 2209 1867 B
2306 1799 2456 1854 DES.
2489 1797 2835 1868 designatus.

2306 1893 2620 1950 D.E.R.I.C.
2650 1892 2720 1945 de
2767 1907 2835 1944 ca
2879 1905 2939 1943 re
2991 1888 3070 1942 ita
3114 1888 3396 1953 curatum,
3423 1884 3508 1938 vel
3552 1881 3852 1937 consultum

573 2050 677 2104 DL.
711 2051 930 2122 delego.
1681 2080 1684 2084 .
2237 1994 2337 2043 es"
3037 2077 3074 2128 Ε

573 2145 678 2198 DF.
715 2145 1034 2200 defunctus.

2312 2177 2372 2230 E.
2403 2180 2504 2230 est.

585 2245 712 2300 DIC.
747 2243 1009 2296 dictator.
2313 2271 2418 2323 EE.
2448 2284 2589 2322 esse,

577 2343 708 2398 DlL.
739 2334 1157 2393 dilectissimus.

577 2435 732 2491 DUL.
762 2430 1139 2488 dulcissimus.

579 2530 715 2593 D.Q.
750 2526 861 2581 Diis
893 2520 1299 2589 Quirinalibus.

583 2622 792 2687 D.Q.R.
823 2620 891 2675 de
920 2635 1032 2690 qua
1068 2633 1150 2672 re.

574 2716 776 2782 D.Q.S.
802 2714 874 2769 de
903 2729 1017 2784 quo
1047 2725 1238 2780 supra.

579 2813 772 2868 D.G.S.
805 2809 875 2863 de
908 2805 1205 2862 consulum
1232 2799 1533 2857 sententia.

2315 2365 2423 2418 ER.
2454 2364 2623 2417 erunt
2647 2360 2730 2413 vel
2762 2358 2888 2424 erit,
2917 2358 2999 2413 vel
3030 2355 3236 2410 zerarii.

2315 2461 2475 2516 ELM.
2503 2459 2594 2512 vel
2624 2457 2759 2512 E.M.
2795 2455 3097 2526 ejusmodi.

2315 2556 2446 2610 E.N.
2476 2552 2822 2608 etiamnunc.

2319 2649 2427 2704 EG.
2456 2663 2612 2718 eger.

2316 2743 2492 2797 EP.M.
2529 2738 2829 2811 epistolam
2856 2737 3029 2790 misit.

2318 2836 2521 2900 E.Q.R.
2555 2848 2728 2905 eques
2754 2832 3056 2886 Romanus.

2318 2931 2517 2985 E.X.B.
2548 2926 2758 2982 exactis
2803 2924 3056 2996 regibus.

2318 3025 2473 3080 EOR.
2502 3037 2718 3077 eorum.

2320 3119 2449 3173 E.F.
2479 3117 2601 3188 ejus
2628 3115 2793 3169 ﬁlius.

2318 3214 2428 3267 ED.
2463 3211 2616 3267 CVR.
2647 3207 2824 3264 aedilis
2851 3207 3082 3262 curulis.

2942 3321 3186 3378 Additio.

580 2905 789 2961 DIG.M.
818 2902 1027 2971 dignus
1053 2896 1353 2952 memoria.

580 2996 868 3055 D.PEC.R.
895 2993 966 3047 de
993 2988 1250 3063 pecuniis
1275 2984 1626 3058 repetundis.

582 3090 840 3147 D.T.S.P~.
875 3087 1027 3141 diem
1053 3082 1286 3138 tertium
1313 3080 1427 3134 sive
1461 3075 1750 3149 perendie.

583 3187 715 3242 D.V.
751 3181 865 3238 Diis
890 3177 1229 3234 volentibus.
2166 3167 2220 3241 ρ

585 3278 790 3335 D.L.R.
826 3274 937 3328 Diis
961 3271 1193 3327 Laribus
1221 3285 1470 3325 sacrum.
1517 3257 1522 3261 ’

588 3375 699 3429 DR.
729 3373 959 3427 Drusus.

585 3468 722 3522 D.N.
751 3463 1024 3520 Dominus
1052 3461 1264 3515 noster.

588 3563 695 3617 DD.
730 3560 842 3614 NN.
876 3555 1127 3612 dominis
1154 3551 1382 3608 nostris.

583 3656 782 3712 D.D.D.
833 3651 996 3705 datus
1040 3648 1266 3704 decreto
1301 3662 1401 3700 seu
1449 3644 1598 3698 dono
1643 3641 1784 3695 decu

517 3737 670 3793 dono
696 3733 875 3800 dedit,
903 3729 1107 3786 dicavit
1133 3726 1387 3782 decurio.

585 3829 813 3888 D.M./E.
847 3827 962 3880 Deo
992 3838 1207 3894 magno
1238 3824 1476 3875 aeterno.

590 3926 724 3980 D.D.
755 3925 869 3978 Deo
900 3917 1236 3974 domestico.

591 4017 783 4074 DlL.S.
815 4012 1214 4070 dilectissimus
1254 4025 1467 4065 servus.

2317 3402 2379 3456 E.
2413 3398 2647 3454 Ennius.

2318 3495 2516 3558 E.Q.P.
2560 3491 2776 3563 equalis
2820 3491 2902 3543 vel
2946 3485 3223 3559 equestris
3269 3498 3529 3555 persona,
3575 3482 3662 3536 vel
3713 3494 3867 3550 equus

1791 3639 2036 3706 rionum,
2065 3639 2150 3692 vel
2247 3589 2524 3706 Ραξὲξωξξ

2320 3685 2431 3738 ER.
2461 3681 2610 3736 COL.
2648 3695 2742 3734 ere
2783 3679 3000 3733 collato.

2321 3776 2561 3832 EDIL.P.
2593 3773 2754 3829 edilis
2781 3770 2982 3844 plebis.

2323 3871 2498 3925 ER.P.
2529 3884 2622 3924 ere
2651 3865 2893 3938 publico.

2322 3966 2454 4019 E.B.
2484 3963 2606 4034 ejus
2631 3961 2803 4016 bona.

2325 4061 2453 4114 E.D.
2486 4057 2607 4128 ejus
2641 4057 2863 4110 domus.

592 4112 742 4168 DEC.
765 4108 916 4164 DEC.
939 4107 1140 4162 decem
1161 4102 1386 4173 decani,
1406 4103 1490 4157 vel
1508 4101 1738 4155 decreto
1759 4097 2149 4164 decurionum,
2325 4097 2453 4208 '
2485 4097 2534 4206 ξιξ
2546 4097 2607 4111 ιω

592 4195 603 4221 ’
631 4190 961 4221 ’²’““““²““⁰“
2376 4195 2387 4208 .
2443 4193 2454 4206 .
2511 4167 2607 4221 jus
2631 4167 2678 4204 se
2708 4166 2769 4204 as

519 4195 603 4251 vel
629 4190 982 4248 decuriones.

595 4245 834 4343 Didat
857 4280 1076 4336 laudes.
2052 4245 2057 4248 “
2487 4246 2610 4343 ejus
2634 4245 2835 4343 haeres.

599 4339 750 4437 DDS.
782 4373 1124 4447 designavit.
2329 4342 2463 4447 EI:
2487 4339 2789 4447 edita-lex.

595 4435 732 4532 13.1).
761 4473 872 4528 LM.
904 4435 1057 4525 dono
1084 4464 1241 4522 dedit
1267 4463 1446 4519 libero
1475 4479 1733 4520 munere.
2331 4436 2486 4532 ΕΨῙ-
2514 4435 2730 4532 erepta-

763 4519 1158 4624 ἐξειέῇ
1228 4519 1237 4521 ν
1634 4519 1637 4520 ν
2179 4545 2232 4619 C
2329 4527 2635 4584 EX.S.C.D.
2667 4541 2735 4579 ex
2771 4520 3265 4579 senatusconsulto
3310 4523 3366 4575 et
3405 4519 3659 4573 decreto.

595 4621 930 4720 D.D.—SjDeo
961 4657 1149 4730 posuit
1178 4654 1304 4710 sibi.
2330 4621 2603 4730 quivnﬂ.
2634 4634 2809 4730 equos
2839 4621 3089 4730 auratus:

596 4705 1425 4812 Blliiiivbiis'ldedid—dedit
1453 4746 1697 4818 publice.
2331 4714 2572 4771 E-M-SP-
2604 4713 2864 4785 equitum
2893 4710 3167 4782 magister
3194 4707 3434 4780 Spurius
3465 4705 3788 4777 Pompeius.

598 4849 904 4906 DVC.DVC.
933 4847 1146 4902 ducum
1186 4844 1444 4910 ductore,
1476 4842 1560 4897 vel
1597 4841 1897 4896 ductorum
1939 4839 2155 4894 ductor.
2334 4907 2370 4910 _
2493 4906 2507 4910 _
2545 4903 2630 4910 ___
3061 4828 3098 4881 F

1054 4901 1478 4994 immortalibus
1505 4951 1745 4990 sacrum.
2333 4907 2390 4961 F-
2423 4906 2512 5001 V91
2544 4901 2869 5001 Flljr‘ﬁlills-

600 4998 786 5096 om.
815 5035 928 5089 Diis
958 5033 1156 5088 inferis
1181 5031 1516 5086 maledictis.
2335 5003 2374 5056 F
2405 5000 2494 5056 vel
2523 4998 2750 5096 d.__ﬁlia.

911 5127 1026 5183 Deo
1052 5127 1291 5197 dignum
1315 5127 1462 5181 dono
1486 5123 1730 5180 donavit.
2335 5096 2513 5197 E-FA:
2537 5092 2684 5197 ﬁlius
2707 5091 2970 5147 familias-

603 5188 711 5285 DV.
740 5226 974 5282 devotus
1002 5188 1204 5275 Vestae.
2335 5188 2712 5285 F.S.fratres_.

891 5317 1018 5374 divo
1048 5315 1324 5386 Augusto.
2335 5283 2510 5338 FR.F.
2537 5281 2726 5337 fratris
2771 5280 2936 5334 ﬁlius.

605 5368 1210 5473 Caesar
1243 5409 1553 5478 Augustus,
2334 5377 2490 5432 FOR.
2526 5375 2681 5430 Foris
2714 5376 2799 5430 vel
2830 5374 2996 5441 foras,
3026 5372 3214 5427 forum
3240 5371 3384 5425 forte
3415 5368 3669 5423 fortuna.

605 5465 1214 5567 Bbilfddiijm.
1259 5465 1412 5556 va.
1463 5501 1661 5556 SACR.
1711 5501 1767 5555 F.
1797 5501 1854 5554 c.
1887 5497 2166 5553 Domitius
2339 5470 2780 5567 FR-L-l-Aforilm
2813 5467 3017 5567 [filium
3044 5465 3358 5567 ethlium.

535 5592 731 5650 consul
755 5589 989 5645 tertium
1017 5585 1202 5641 decim
1245 5583 1407 5638 ludos
1435 5598 1621 5637 sacros
1654 5597 1752 5636 seu
1779 5581 2071 5635 saeculares
2091 5579 2166 5634 fa-
2338 5566 2529 5621 F.F.F-
2575 5564 2772 5620 fortior
2821 5563 3051 5618 fortuna
3104 5562 3244 5629 fato,
3285 5559 3368 5613 vel
3417 5555 3618 5612 fortius
3671 5553 3875 5607 fortun3

537 5672 801 5730 ciendum
828 5667 1062 5750 curavit.
2265 5662 2470 5718 fatum.

1232 5759 1474 5814 Additio.
2340 5756 2475 5811 F.M.
2502 5753 2605 5811 fati
2629 5769 2861 5820 munus,
2888 5753 2974 5808 vel
2997 5750 3120 5806 ﬁeri
3148 5746 3465 5804 mandavit.

612 5860 747 5923 D.Q.
776 5857 935 5914 divus
959 5857 1223 5927 quaestor.
2340 5849 2520 5906 F.M.l.
2550 5849 2648 5904 fati
2680 5863 2887 5905 munus
2911 5845 3190 5920 implevit.
