4092 6192
236 311 372 365 H85

1359 328 1760 393 OPUSCULUM
1800 338 1887 394 DE
1926 341 2120 399 NOTIS
2156 347 2481 417 ANTIQUIS.

3466 375 3595 427 H86

297 418 426 474 F.C.
449 418 580 476 ﬁdei
604 426 1321 501 commissum,velﬁduciae
1343 454 1532 511 causa,
1551 445 1635 500 vel
1654 445 1859 502 fraude
1883 460 1937 533 Α
2034 451 2167 508 Η.Η.
2200 455 2374 512 homo
2402 458 2694 516 honestus.

220 512 544 571 creditoris.

294 608 423 664 F.F.
448 610 727 686 fecerunt,
749 619 835 673 vel
856 619 1255 693 fundaverunt,
1283 632 1369 686 vel
1397 631 1761 690 fabricatum.

297 703 353 756 F.
390 704 455 760 R.
486 706 700 765 fronte.

290 797 420 853 F.l..
449 800 668 858 Flavius
693 808 778 861 vel
802 807 1193 871 Flamminius.

290 892 439 949 FAC.
471 895 625 951 facti.

289 986 415 1058 ΚΑ.
440 1006 543 1060 pro
564 991 624 1046 F.
658 998 713 1048 et
742 995 949 1054 dicitur
982 1002 1294 1077 digamma,
1331 1014 1388 1064 et
1408 1013 1728 1081 ponebatur
1753 1031 1855 1085 pro

214 1080 276 1133 V.
308 1087 373 1136 ut
403 1082 686 1155 SERJIVS
708 1105 815 1160 pro
850 1094 1085 1160 Servius,
1120 1104 1174 1154 et
1206 1103 1461 1171 δνιονδ
1498 1122 1600 1176 pro
1640 1080 1849 1177 vulg-us.

288 1175 414 1229 F.V.
448 1178 509 1232 C.
538 1179 823 1240 fraudisve
851 1203 1036 1245 causa.

285 1268 417 1324 F.H.
451 1271 599 1327 ﬁlius
626 1275 825 1333 hmres.

911 1379 1156 1437 Additio.

282 1458 480 1515 F.E.D.
509 1462 724 1519 factum
759 1483 879 1523 esse
910 1471 1149 1531 dicetur.

284 1553 484 1609 FABR.
527 1556 831 1616 Fabricius.

282 1646 429 1701 FAC.
460 1649 518 1703 C.
549 1649 875 1711 faciendum
902 1664 1137 1719 curavit.

280 1740 407 1795 F.D.
437 1742 580 1798 ﬁdes
611 1745 756 1816 data,
780 1752 866 1804 vel
894 1751 1005 1809 ﬁde
1033 1757 1183 1812 data.

280 1833 405 1888 F.E.
438 1834 578 1892 ﬁdes
609 1840 754 1910 ejus.

277 1926 473 1983 F.F.E.
508 1931 609 1987 ﬁat
634 1933 771 1991 fides
798 1938 940 2008 ejus.

274 2020 385 2077 F.l.
414 2023 538 2079 ﬁeri
563 2027 753 2096 jussit.

277 2115 406 2169 ΚΝ.
438 2117 575 2175 ﬁdes
612 2127 823 2178 nostra.

272 2209 469 2265 F.R.S.
504 2211 691 2270 forum
719 2217 1223 2292 Sempronianum.

270 2303 429 2358 FOR.
463 2306 619 2362 RED.
652 2310 895 2369 fortuna;
931 2319 1140 2376 reduci.

271 2397 444 2453 FEBR
457 2442 469 2454 .
497 2400 646 2458 FEB.
678 2405 1033 2467 Februarius.

269 2490 463 2547 F.F.F.
522 2496 694 2568 ferro,
753 2501 987 2559 ﬂamma
1058 2510 1207 2566 fame
1273 2518 1354 2570 vel
1407 2520 1626 2578 Flavius
1680 2528 1829 2585 ﬁlius

194 2585 353 2641 fecit.

265 2679 391 2735 F.F.
415 2680 590 2739 ﬁdem
624 2686 776 2743 fecit.

263 2774 462 2831 F.N.C.
485 2776 618 2834 ﬁdei
641 2786 853 2839 nostrae
878 2792 1178 2850 commisit.

264 2867 321 2921 F.
354 2868 507 2925 fecit.

262 2961 396 3018 ΕΜ.
417 2964 538 3021 ﬁeri
570 2972 881 3030 mandavit.

977 3075 1018 3127 G

258 3151 318 3205 G.
349 3154 644 3225 gaudium,
667 3163 751 3216 vel
779 3165 1004 3236 genius,
1035 3172 1118 3225 vel
1148 3189 1345 3243 genus.

255 3246 394 3302 (ΞΒ.
424 3251 602 3320 gratis
626 3255 711 3308 vel
740 3259 907 3327 gerit.

256 3338 362 3393 GS.
395 3340 500 3396 GG.
534 3356 848 3415 gesserunt.

254 3432 393 3489 (ΞΒ.
423 3452 605 3507 genus
630 3428 857 3512 regium
888 3451 971 3505 vel
998 3468 1211 3511 rerum.

250 3527 357 3583 GL.
380 3530 574 3601 gloria.

251 3621 425 3677 GL.P.
457 3626 638 3696 gloria
664 3641 986 3708 parentum,
1020 3646 1105 3699 vel
1130 3649 1348 3719 patriae,
1378 3657 1462 3710 vel
1486 3664 1705 3732 populi.

246 3715 495 3774 cuna.
527 3723 709 3792 gloria
734 3732 1015 3789 exercitus
1042 3715 1309 3800 Romani.

246 3809 377 3866 G.S.
413 3815 581 3884 genio
607 3834 765 3876 sacro
790 3827 876 3879 vel
904 3844 1150 3889 sacrum.

243 3904 306 3958 G.
341 3907 498 3963 AVG.
529 3913 699 3982 genio
729 3919 987 3989 Augusti.

244 3999 491 4057 GL.N.L.
525 4005 707 4075 gloria
734 4014 982 4071 nominis
1010 4019 1215 4080 Latini.

242 4093 398 4149 GER.
429 4096 817 4160 Germanicus.

238 4187 349 4243 GL.
378 4190 459 4244 R.’
473 4194 656 4263 gloria
680 4199 1087 4265 Romanorum.

239 4280 487 4339 GL.P.R.
524 4289 701 4357 gloria
731 4298 924 4367 populi
951 4301 1214 4364 Romani.

858 4393 1108 4454 Additz'o.

235 4470 301 4525 G.
330 4471 538 4542 Gelius,
566 4480 652 4532 vel
675 4481 875 4555 Gades,
906 4492 992 4543 vel
1015 4492 1201 4551 Gaius.

233 4565 347 4619 GN.
375 4567 583 4625 Gneus.

226 4658 380 4715 GNS.
410 4666 577 4733 genio
604 4684 823 4727 sacrum
855 4680 941 4731 vel
966 4682 1107 4737 Gnei
1138 4704 1315 4746 sacro.

225 4751 433 4810 GRAC.
467 4757 766 4821 Gracchus.

226 4846 454 4915 amr,
485 4852 596 4910 ea.
626 4856 689 4912 ι).
718 4864 895 4931 gratis
926 4868 1104 4927 dedit.

222 4940 401 4998 GL.C.
426 4947 609 5015 gloria
636 4957 957 5017 consulum.

222 5034 471 5094 GL.V.R.
507 5042 686 5112 gloria
708 5050 866 5106 urbis
892 5056 1104 5116 Romae.

942 5152 984 5205 ll

220 5224 287 5278 ll.
321 5226 541 5298 honori,
572 5233 769 5305 honos,
806 5241 1087 5318 honestas,
1110 5256 1195 5308 vel
1221 5256 1426 5328 haeres,
1468 5266 1554 5318 vel
1586 5266 1743 5325 hora.

218 5318 355 5374 H.V.
386 5322 656 5383 honestus
682 5332 786 5403 vir,
817 5335 1055 5398 honesta
1080 5346 1216 5404 vita.

214 5412 358 5469 ΗΜ.
390 5417 476 5471 vel
504 5435 570 5489 ﬁ.
600 5422 840 5484 honesta
861 5436 1087 5495 mulier.

212 5507 349 5562 ﬂ.F.
385 5511 619 5569 honesta
646 5517 884 5581 femina.

211 5601 414 5658 H.L.N.
446 5605 686 5666 honesto
706 5613 829 5672 loco
855 5626 1041 5680 natus.

206 5695 418 5752 H.B.M.
444 5699 585 5756 hora
614 5704 803 5780 bona;
851 5718 1019 5773 mala.

204 5788 338 5843 ΗΡ.
372 5790 516 5851 hora
544 5802 814 5869 pessima.

206 5882 336 5940 H.S.
364 5885 505 5943 hora
532 5897 779 5952 secunda
806 5905 892 5957 vel
916 5922 1087 5965 sacra.

464 5988 735 6060 PATROL.
788 5999 1014 6069 CXXX.

2035 546 2162 601 H.P.
2191 547 2283 603 hic
2308 553 2494 622 posuit
2520 556 2607 610 vel
2634 556 2694 610 hi
2722 565 2976 629 possunt.

2033 640 2157 697 H.S.
2194 642 2299 699 hoc
2327 645 2424 701 sic.

2033 734 2148 790 HJ.
2178 737 2541 797 haareditario
2562 744 2715 814 jure.

2030 828 2162 885 H.F.
2195 832 2286 886 hic
2316 832 2519 890 fundat
2547 840 2632 893 vel
2655 839 2931 899 fundavit.

2030 923 2164 978 H.M.
2198 926 2324 981 H.S.
2358 928 2468 984 hoc
2486 941 2925 992 monumentum
2952 939 3210 999 hazredes
3240 949 3515 1019 sequitur.

2030 1018 2203 1073 τωο.
2240 1020 2331 1075 hic
2364 1022 2661 1081 dedicavit.

2029 1113 2368 1170 H.S.V.F.M.
2402 1116 2508 1173 hoc
2536 1120 2639 1175 sibi
2664 1122 2854 1179 vivens
2884 1126 3004 1182 ﬁeri
3028 1132 3332 1189 mandavit.

2026 1206 2400 1264 H.L.H.N.S.I.
2430 1211 2520 1267 hic
2551 1213 2711 1272 locus
2735 1217 2921 1275 haeres
2948 1238 3063 1277 non
3093 1228 3368 1295 sequitur.

2648 1340 2893 1395 Additz'o.

2020 1423 2063 1476 Η
2094 1424 2160 1479 Β.
2186 1424 2514 1483 haareditas.

2023 1516 2413 1573 H.M.AD.H.N.
2442 1522 2645 1577 TRAN.
2681 1526 2787 1581 hoc
2818 1540 3261 1589 monumentum
3295 1540 3363 1593 ad
3396 1540 3580 1597 haere-

1949 1609 2046 1663 des
2074 1627 2187 1666 non
2217 1613 2439 1669 transit.

2019 1704 2177 1761 H.Vl.
2209 1706 2347 1761 hora
2374 1714 2530 1765 sexta
2555 1714 2642 1767 vel
2666 1713 2820 1770 horis
2845 1733 2955 1773 sex.

2018 1798 2120 1853 HS.
2152 1799 2514 1858 Sextertium.

1866 1863 1920 1933 B
2016 1891 2177 1949 una.
2214 1895 2548 1952 Hadrianus.

2013 1985 2207 2041 H.B.F.
2244 1988 2413 2045 homo
2442 1992 2603 2048 bonae
2630 1994 2783 2067 ﬁdei,
2812 2002 2895 2055 vel
2934 2002 3110 2059 homo
3137 2006 3323 2062 bonus
3352 2011 3501 2067 fecit.

2011 2078 2267 2137 H.POSS.
2317 2084 2500 2140 haeres
2550 2105 2855 2161 possessor,
2902 2098 2987 2150 vel
3040 2098 3390 2159 haereditatis
3437 2124 3570 2177 pos-

1940 2189 2141 2229 SBSSOI‘.

2010 2268 2211 2324 H.L.D.
2245 2271 2399 2327 hunc
2430 2275 2620 2332 locum
2647 2279 2871 2337 donavit
2894 2286 2977 2339 vel
3005 2287 3182 2343 dabit.

2007 2362 2212 2418 H.M.P.
2244 2363 2351 2420 hoc
2382 2371 2682 2427 memoriae
2714 2376 2923 2446 posuit,
2960 2382 3048 2434 vel
3086 2382 3191 2437 hoc
3238 2402 3577 2446 monumen-

1936 2457 2053 2511 tum
2084 2458 2289 2527 posuit.

2008 2552 2152 2607 llOS.
2182 2553 2363 2609 hostis
2384 2558 2471 2612 vel
2496 2558 2719 2632 hospes.

2004 2641 2140 2695 ΗΒ.
2173 2642 2417 2700 honesta
2443 2647 2603 2702 ratio.

1999 2735 2192 2791 H.S.S.
2224 2737 2313 2791 hic
2342 2741 2547 2810 sepulti
2570 2750 2719 2799 sunt.
2751 2812 2754 2816 Α

1998 2828 2111 2883 HD.
2143 2830 2268 2899 hoc,
2296 2834 2382 2887 vel
2401 2834 2491 2889 hic
2515 2835 2762 2906 donavit,
2791 2844 2875 2896 vel
2907 2844 3134 2903 dicavit.

1998 2923 2129 2979 H.S.
2163 2927 2441 2981 sestertia.

1996 3017 2341 3075 HS.lll.M.N.
2376 3024 2628 3080 sestertia
2661 3028 2765 3083 tria
2795 3031 2971 3087 millia
2998 3051 3326 3096 nummum.

1995 3112 2123 3167 H.T.
2154 3112 2338 3169 haeres
2359 3132 2426 3171 ex
2448 3120 2809 3178 testamento.

1996 3206 2333 3263 H.B.M.F.C.
2389 3210 2573 3266 haeres
2617 3214 2765 3271 bene
2820 3225 3063 3278 merenti
3102 3226 3431 3287 faciendum
3460 3250 3559 3288 cu-

1926 3299 2089 3353 ravit.

1994 3394 2291 3451 H.M.EX.N
2320 3398 2382 3452 R.
2416 3399 2519 3454 hoc
2560 3412 2999 3464 monumentum
3029 3417 3287 3470 exterum
3322 3435 3435 3475 onn
3467 3438 3557 3476 rc-

1922 3489 2079 3559 cipit.

1994 3584 2346 3641 H.M.D.M.A.
2378 3588 2509 3645 huic
2537 3600 2912 3650 monumento
2940 3598 3105 3654 dolus
3128 3606 3309 3661 malus
3333 3610 3547 3667 abesto.

2718 3740 2735 3790 l

1988 3844 2025 3898 Ι.
2058 3844 2231 3914 inter,
2258 3845 2339 3915 in,
2373 3847 2793 3920 Julius,justus.

1986 3940 2069 3994 ID.
2099 3939 2407 3995 interdum.

1984 4035 2138 4088 lA.P.
2171 4034 2321 4089 intra
2351 4037 2723 4107 provinciam.

1986 4129 2023 4181 Ι.
2053 4129 2113 4183 L.
2146 4128 2295 4183 intra
2326 4129 2589 4188 limitem.

1980 4225 2020 4278 l.
2056 4226 2116 4279 C.
2151 4224 2301 4279 intra
2329 4225 2622 4282 circulum.

1980 4319 2149 4373 I.T.C.
2176 4319 2323 4374 intra
2354 4325 2577 4393 tempus
2607 4324 2999 4384 constitutum.

1978 4412 2109 4467 IMP.
2139 4400 2469 4485 imperator.

1978 4507 2043 4561 lM
2053 4507 2153 4561 PP.
2181 4508 2571 4578 imperatores.

1975 4602 2083 4656 Η).
2113 4600 2172 4655 in
2200 4599 2458 4657 dimidio.

1967 4696 2075 4750 Μ).
2097 4694 2469 4766 jurisdicendi
2502 4700 2587 4753 vel
2603 4699 2994 4769 juridicundo.

1964 4790 2071 4845 LP.
2101 4788 2160 4845 in
2185 4791 2556 4861 possessione.

1963 4884 2133 4939 l.L.S.
2164 4884 2222 4939 in
2245 4885 2368 4941 loco
2394 4903 2576 4941 sacro.

1961 4979 2209 5034 I.L.R.D.
2241 4980 2301 5033 in
2334 4982 2459 5036 loco
2486 4981 2774 5053 religioso,
2810 4986 3020 5043 divino.

1957 5072 2512 5131 l.F.P.XII].I.A.P.T.
2556 5076 2614 5130 in
2649 5077 2834 5134 fronte
2876 5083 3050 5153 pedes
3077 5086 3352 5143 tredecim
3383 5108 3520 5163 agro

1884 5167 2062 5239 pedes
2090 5168 2348 5223 totidem.

1956 5264 2064 5318 Ι.Ε.
2087 5263 2263 5334 judex
2284 5267 2425 5319 esto.

1955 5357 2104 5412 LLP.
2135 5358 2193 5411 in
2219 5359 2341 5412 loco
2364 5358 2610 5430 publico.

1953 5451 2055 5507 I.S.
2080 5451 2363 5522 judicium
2392 5436 2535 5509 solvi
2565 5457 2649 5510 vel
2674 5456 2733 5511 in
2761 5474 2915 5515 sena.

1952 5546 2121 5603 l.S.C.
2152 5547 2209 5601 in
2241 5551 2469 5603 senatus
2488 5551 2769 5606 consulto.

1951 5641 2057 5695 LP.
2079 5640 2267 5712 justus
2294 5659 2599 5714 possessor.

1950 5734 2149 5806 l.F.[in
2180 5735 2320 5791 foro.

1949 5831 2116 5885 l.F.C.
2142 5830 2198 5886 in
2227 5832 2347 5887 foro
2374 5833 2625 5889 Caesaris.

1944 5926 2167 5982 l.FO.P.
2200 5928 2257 5981 in
2286 5927 2410 5982 foro
2439 5927 2598 5982 Pacis
2625 5929 2708 5982 vel
2734 5929 2997 5986 Palladis.

3111 6039 3186 6097 38
