4092 6192
507 322 639 373 “87
1312 298 1594 357 APPEND.
1638 294 1724 350 AD
1764 291 1923 347 S/EC.
1965 289 2051 342 IX.
2088 314 2155 324 —
2192 283 2262 337 M.
2306 280 2366 333 V.
2408 273 2605 332 PROBI
2644 262 3055 327 GRAMMATICI
3732 251 3853 302 “$8

574 424 731 480 LFO.
752 421 861 475 TR.
891 418 949 472 in
978 416 1103 471 foro
1132 412 1377 483 Trajani.
2160 410 2215 481 Α
2309 388 2442 456 KQ].
2473 380 2783 439 carissima.

578 476 823 574 l.FO.IV.
852 513 935 569 vel
961 513 1001 565 Ι.
1032 510 1089 565 in
1114 476 1415 571 foro'Julii,
1443 503 1527 557 vel
1548 499 1723 566 Lucii,
1752 497 1836 552 vel
1862 493 2025 550 Livii.
2160 476 2215 481 η
2308 482 2375 536 Κ.
2409 476 2600 550 caput.

578 614 691 668 [Β.
714 611 845 682 jure
870 605 1093 678 rogavit
1117 605 1202 658 vel
1225 603 1356 673 jure
1381 566 1656 653 Romano.
2309 575 2449 630 K.K.
2482 566 2783 627 calumniae
2808 578 2995 619 causa.

577 666 1029 762 ἰζῈΟΪιπιΑΜῘίη
1061 700 1184 753 foro
1205 666 1465 751 summa
1489 692 1573 746 vel
1594 687 1884 744 Flaminis.
2312 671 2372 724 K.
2403 666 2589 723 cardo.

2320 842 2379 897 L.
2412 841 2612 898 Lucius
2641 837 2728 892 vel
2757 832 2978 889 Laelius.
3037 748 3076 800 L

2310 942 2436 998 [με.
2463 934 2666 993 Lucius
2688 926 2897 986 Catius.

2312 1035 2447 1092 L.M.
2476 1027 2679 1086 Lucius
2702 1024 2948 1078 Murena.

2311 1128 2479 1185 LC.S.
2507 1126 2730 1179 lucrum
2770 1127 3013 1170 sacrum.

2314 1222 2490 1279 LG.D.
2517 1218 2741 1272 lucrum
2767 1207 3039 1265 divinum.

2318 1318 2424 1371 LD.
2450 1314 2641 1368 locum
2670 1304 2951 1362 deditum.

2316 1409 2494 1466 LEM.
2525 1407 2678 1460 locus
2702 1402 2945 1469 emptus.
2986 1414 2997 1419 ·

2316 1505 2440 1559 L.P.
2472 1502 2631 1555 locus
2660 1491 2955 1567 propitius,
2987 1486 3071 1541 vel
3094 1481 3379 1556 proprius.

2321 1596 2469 1661 LQ.S
2484 1636 2496 1649 .
2524 1594 2681 1647 locus
2701 1602 2813 1659 quo
2834 1598 3025 1654 supra.

2321 1689 2491 1746 LA.C.
2522 1682 2707 1741 Latini
2729 1677 2933 1735 coloni.

2172 1796 2230 1868 Β
2324 1785 2444 1840 L.S.
2472 1778 2707 1836 Laribus
2731 1786 2970 1829 sacrum.

2325 1875 2582 1934 L.P.S.R.
2614 1869 2794 1926 Latini
2824 1863 2993 1938 prisci
3023 1861 3169 1916 cives
3195 1854 3456 1913 Romani.

2326 1969 2599 2028 L.D.D.D.
2626 1967 2814 2020 locum
2842 1959 2950 2014 diis
2973 1952 3268 2017 dedicavit,
3304 1950 3388 2004 vel
3414 1949 3570 2001 locus
3601 1944 3765 1998 datus
3788 1940 3873 1993 de-

2258 2070 2409 2123 creto
2434 2061 2824 2120 decurionum.

2331 2159 2557 2216 LGM.D.
2580 2156 2770 2226 legem
2797 2150 2931 2204 dam
2955 2147 3039 2201 vel
3059 2142 3234 2198 dedit.

2330 2224 2673 2309 L.D.A.B.Mv.
2704 2248 2897 2300 locum
2924 2239 3079 2297 dedit
3108 2236 3281 2292 Aulus
3314 2232 3457 2285 bene
3490 2224 3753 2282 merenti.

2330 2346 2508 2402 L.AG.
2540 2344 2633 2398 lex
2664 2338 2907 2411 agraria.

2337 2442 2490 2497 LJV.
2523 2440 2617 2493 lex
2640 2433 2805 2491 Julia.

2336 2532 2559 2590 [υνυς.
2589 2531 2676 2585 lex
2702 2524 2968 2580 Voconia.

2338 2627 2540 2684 L.CIN.
2574 2624 2662 2680 lex
2689 2619 2935 2679 Cinthia.

2342 2723 2471 2777 LIB.
2499 2718 2770 2774 Libertas.

2344 2816 2471 2871 L.L.
2496 2811 2650 2868 Lucii
2678 2807 2889 2864 liberti.

2346 2909 2495 2965 LEG.
2522 2907 2583 2961 X.
2612 2903 2761 2974 legio
2790 2897 3030 2954 decima.

2346 3002 2560 3061 L.PVB.
2588 3000 2711 3054 loco
2741 2994 2988 3067 publico.

2350 3098 2525 3153 L.PR.
2552 3095 2676 3148 loco
2701 3089 2940 3163 privato.

2199 3162 2253 3245 (ἶ
2350 3193 2483 3246 L.H.
2514 3162 2715 3244 locum
2725 3186 2898 3239 hunc.

2354 3286 2479 3341 L.P.
2506 3281 2662 3338 Lucii
2691 3279 2858 3334 ﬁlius.

2355 3381 2482 3435 L.D.
2510 3379 2698 3432 locum
2727 3371 2904 3429 dedit.

2357 3472 2615 3537 L.L.Q.F.
2648 3468 2885 3523 Lucium
2912 3461 3178 3519 Luceium
3201 3454 3399 3521 Quinti
3422 3450 3636 3506 ﬁlium.

2359 3567 2553 3622 L.L.L.
2591 3563 2744 3619 Lucii
2775 3558 2961 3616 liberti
2983 3557 3160 3613 locus.

2985 3660 3230 3720 Additio.

2378 3769 2639 3826 L.V.G.P.
2686 3759 2888 3818 Lucius
2930 3760 3111 3825 vetus,
3156 3752 3241 3807 vel
3269 3750 3467 3813 Verus,
3502 3742 3699 3799 Gallia:
3726 3750 3901 3811 procn-

579 797 894 856 [.FO.POP.
916 795 976 849 in
1001 794 1123 848 foro
1143 788 1422 861 Pompilii.

579 897 645 950 Vl
672 894 757 949 vel
778 889 1059 945 IllIll.Vir.
1089 883 1399 941 sextumvir
1428 883 1511 936 vel
1536 878 1779 934 sexium.

584 986 877 1044 l.FO.P.R.
908 982 966 1036 in
996 981 1117 1036 foro
1143 996 1247 1050 pro
1276 974 1488 1031 rostris.

586 1082 763 1146 I.N.Q.
805 1077 1029 1150 injustis
1054 1072 1269 1145 nuptiis
1297 1069 1588 1143 quensitus.

584 1176 761 1233 I.D.P.
778 1172 896 1245 juri
927 1169 1172 1226 dicundo
1197 1164 1448 1238 praeerit.

582 1269 834 1326 llll.VlR.
866 1262 1240 1336 quartumvir.

587 1364 793 1422 ll.VlR.
829 1358 1111 1417 duumvir.

590 1459 761 1514 I.D.C.
787 1454 932 1526 juris
958 1451 1184 1509 dicendi
1213 1464 1398 1504 causa.

590 1551 833 1608 l.C.E.V.
860 1549 1013 1619 justa
1042 1560 1208 1600 causa
1234 1558 1352 1597 esse
1376 1539 1619 1593 videtur.

592 1646 836 1703 l.0.M.S.
866 1640 983 1696 Jovi
1011 1639 1230 1710 optimo
1268 1633 1519 1690 maximo
1548 1644 1794 1685 sacrum.

593 1742 706 1797 I.D.
740 1737 936 1792 inferis
958 1734 1084 1789 diis.

596 1831 887 1889 IN.A.P.X.
914 1829 973 1883 in
1002 1843 1140 1899 agro
1168 1824 1382 1897 pedum
1427 1822 1650 1876 decem.

599 1927 824 1985 IVNON.
859 1925 942 1979 ET
967 1920 1298 1977 PROSERP.
1331 1914 1535 1972 lunoni
1563 1918 1619 1969 et
1644 1909 2011 1981 Proserpinae.

1222 2035 1466 2093 Additio.
1540 2014 1549 2019 ’

596 2122 706 2177 Ι.Α.
737 2118 972 2172 interea.

600 2216 708 2271 l.C.
737 2210 915 2268 Julius
944 2207 1132 2263 Cmsar
1154 2205 1239 2259 vel
1256 2202 1400 2256 intra
1426 2198 1723 2253 circulum.

604 2309 711 2364 I.T.
738 2306 889 2361 intra
910 2306 1154 2372 tempus.

603 2401 773 2459 l.S.S.
807 2396 1045 2454 inferius
1074 2393 1279 2465 scripta
1307 2394 1459 2445 sunt.

606 2497 779 2552 l.F.B.
811 2494 868 2548 in
896 2492 1020 2546 foro
1052 2487 1277 2543 Boario.

605 2594 668 2648 IV
672 2592 737 2646 D.
765 2586 1066 2660 judicium.

610 2687 718 2742 LH.
745 2685 932 2755 justus
956 2680 1131 2735 homo
1151 2678 1235 2732 vel
1269 2676 1325 2729 in
1354 2674 1600 2728 hostem.

608 2781 715 2835 l.L.
740 2778 869 2850 jure
894 2772 1037 2844 legis
1064 2772 1150 2827 vel
1170 2771 1325 2841 justa
1355 2768 1499 2835 lege.

613 2874 746 2928 IAN.
781 2868 1106 2926 Ianuarius.

614 2966 770 3021 “LV.
801 2959 1105 3017 triumviri.

619 3060 747 3115 X.V.
781 3052 1119 3112 decemviri.

619 3154 822 3209 lVR.D.
847 3145 1185 3221 jurisdietio.

619 3251 725 3304 Ι.Ρ.
749 3247 906 3318 justa
933 3257 1196 3314 persona.

618 3340 906 3400 I.O.M.IM.
934 3337 1059 3393 Jovi
1084 3334 1298 3407 optimo
1327 3328 1576 3385 maximo
1606 3319 1933 3379 immortali.

620 3436 846 3493 l.SN.R.
874 3433 933 3487 in
959 3434 1165 3486 senatu
1200 3429 1482 3482 Romano.

624 3533 758 3589 [ΜΡ.
792 3527 1121 3600 imperator.

636 3624 903 3682 IN.FR.P.
933 3622 995 3675 in
1024 3619 1210 3674 fronte
1246 3613 1436 3685 pedes.

627 3731 669 3784 Ι.
697 3737 900 3781 unum,
927 3716 1013 3771 vel
1049 3711 1268 3775 Junius,
1310 3708 1393 3763 vel
1419 3704 1618 3761 Julius.

630 3819 790 3877 IOVI.
818 3810 1049 3871 SABAZ.
1077 3804 1198 3862 Jovi
1224 3800 1477 3859 Sabazio.

628 3918 697 3972 II.
724 3914 934 3969 iterum
959 3904 1044 3961 vel
1069 3897 1372 3956 secundus.
2296 3874 2468 3929 rator.

1361 3949 1370 3952 ’
2368 3964 2497 4020 ne.
2528 3955 2741 4029 legavit
2765 3953 2850 4009 vel
2867 3949 3140 4020 legatum.

2370 4056 2567 4115 L.A.P.
2594 4028 2717 4106 ludi
2745 4041 3026 4118 Apollinis
3053 4038 3138 4094 vel
3171 4028 3541 4106 Apollinaris.

2369 4150 2565 4208 L.P.D.
2598 4147 2752 4200 locus
2777 4136 3001 4212 publice
3032 4133 3212 4188 datus.

2373 4246 2548 4301 LG.D.
2575 4240 2726 4311 legio
2752 4232 2989 4292 decima.

2375 4343 2436 4396 L.
2467 4339 2523 4394 S.
2551 4336 2756 4391 liberto
2777 4346 2896 4385 suo.

638 4199 773 4255 ILV.
802 4186 1106 4249 duumviri.

640 4294 749 4349 LP.
775 4289 872 4361 jus
896 4280 1253 4356 pontiﬁcum.

640 4391 747 4446 I.D.
772 4379 1092 4456 judicatum
1113 4368 1275 4425 solvi.

1396 4482 1437 4534 Κ
2379 4432 2565 4492 LL.SS
2595 4429 2681 4484 vel
2704 4424 2871 4482 L.SS.
2899 4417 3121 4475 libertis
3152 4413 3287 4469 suis.

645 4573 848 4645 K.,KL.
880 4560 1167 4621 Kalendae.
1398 4511 1437 4534 1‘
2226 4548 2286 4622 D
2379 4529 2511 4585 LM.
2538 4526 2695 4581 locus
2720 4511 3100 4576 monumenti.

2381 4625 2399 4645 '
2444 4624 2486 4645 Π
2534 4621 2659 4645 ιρι-Λ
2684 4612 2915 4645 muniens:

650 4612 1386 4733 Eia‘llialendae—quintiles.
2228 4612 2275 4622 ’⁷
2381 4624 2506 4678 L.P.
2534 4621 2660 4690 lege
2684 4612 2935 4687 punitus.

652 4694 763 4733 λου
796 4694 1062 4720 natauou
1093 4694 1386 4726 “un-un"...

651 4768 691 4820 K
721 4765 744 4817 l
772 4758 857 4815 vel
882 4754 1016 4811 IAN.
1045 4745 1320 4804 Kalendae
1344 4738 1617 4798 Januarii.
2379 4716 2574 4781 L.D.S.
2600 4713 2755 4766 locus
2774 4702 3046 4778 quaesitus
3068 4694 3309 4753 senatui.

2383 4813 2402 4820 ·
2452 4811 2491 4820 ··
2560 4809 2580 4820 ·
2679 4805 2689 4816 ε
2748 4819 2751 4820 ν
2798 4797 3010 4820 nun—zu-
3081 4792 3166 4820 ..ιιι
3207 4788 3309 4820 mm

652 4768 691 4820 Κ
721 4768 744 4817 Ι
772 4768 857 4815 vel
884 4768 1016 4811 IAN.
1046 4768 1320 4804 naienuu:
1344 4768 1617 4798 Juuuuru.
2385 4768 2546 4781 --ηπ
2790 4768 2813 4778 ⁵

652 4857 778 4913 K.S.
812 4846 1086 4906 Kalendae
1112 4840 1358 4897 sextiles.
2383 4811 2511 4867 L.P.
2560 4805 2765 4862 Lucius
2798 4797 3033 4863 Flavius,
3081 4792 3167 4847 vel
3207 4783 3540 4851 Flaminius,
3579 4780 3668 4835 vel
3698 4773 3835 4831 Lucii
3859 4768 3909 4821 li-

818 4942 1004 5015 capite
1023 4936 1353 4994 diminutus.
2313 4909 2440 4964 lius.

2388 4999 2587 5057 L.A.N.
2614 4993 2818 5051 Lucius
2846 4984 3085 5053 Annius,
3112 4979 3199 5036 vel
3220 4970 3647 5049 quinquaginta
3665 4963 3834 5021 annis.

656 5047 787 5103 K.C.
819 5035 1002 5109 capite
1027 5046 1250 5098 census,
1285 5028 1369 5083 vel
1394 5037 1685 5088 censuum,
1713 5020 1798 5075 vel
1822 5016 2109 5087 Carthago
2136 5014 2214 5069 ci-

2388 5053 2727 5151 LLL.L.M.M.
2784 5084 3017 5147 lacerat,
3088 5076 3363 5130 lacertum
3435 5063 3648 5135 Largii,
3701 5053 3913 5114 mordax-

583 5145 746 5201 vitas.

658 5188 786 5293 ΞΡ.
812 5225 981 5286 cardo
1012 5220 1255 5294 positus.
2318 5188 2633 5248 Memmius.

821 5322 999 5394 capite
1015 5272 1253 5371 rtonsus.
1674 5376 1696 5392 ⁸
2391 5286 2544 5342 LAD.
2567 5282 2724 5337 locus
2747 5274 2909 5332 alteri
2935 5272 3119 5328 datus.

2394 5381 2411 5394 .
2460 5380 2499 5394 η
2524 5378 2573 5394 ..
2603 5376 2645 5394 η
2911 5368 3062 5394 ,mm
3089 5380 3119 5394 ,η

660 5338 793 5387 Κ.ἰ“.
821 5338 999 5394 capite
1034 5338 1253 5371 tonsus.
1674 5376 1696 5392 ⁸
2393 5338 2509 5342 *ων

660 5424 817 5483 KAB.
843 5414 1151 5483 Carthago.
2394 5376 2669 5436 L.B.M.D.
2696 5374 2888 5429 locum
2911 5368 3063 5423 bene
3089 5356 3336 5418 merenti
3365 5352 3522 5410 dedit
3553 5350 3639 5405 vel
3667 5338 3885 5401 donavit.

2393 5475 2593 5531 L.E.D.
2622 5471 2718 5524 lex
2744 5466 2867 5538 ejus
2891 5463 3206 5519 damnatus.

826 5603 994 5663 cardo
1024 5597 1230 5654 ﬁnalis.
2395 5569 2526 5624 L.R.
2554 5566 2683 5636 lege
2708 5563 2960 5632 rogatus,
2987 5554 3074 5610 vel
3098 5553 3185 5607 lex
3209 5548 3484 5604 Romana.

2398 5664 2415 5669 μ
2464 5664 2503 5669 --
2553 5661 2567 5669 -
2747 5659 2758 5669 .
2806 5658 2816 5669 .
2921 5651 2959 5669 ᾼ.
2994 5640 3399 5669 μηεῃκηηεῄιη
3431 5652 3483 5669 m

664 5635 766 5669 IMP
785 5652 795 5664 .
826 5635 994 5663 wruu
1027 5635 1230 5654 ιιιιιιιιυ.

663 5709 729 5763 Κ.
759 5706 960 5759 castra.
2398 5664 2524 5719 L.V.
2553 5635 2648 5715 lex
2674 5658 2845 5722 vetat,
2874 5651 2959 5706 vel
2985 5640 3403 5719 quinquaginta
3431 5635 3704 5706 quinque.

667 5749 793 5856 ΞΗ).
826 5749 1005 5848 castra
1022 5785 1206 5860 ponit.
2396 5757 2522 5814 L.P.
2551 5750 2707 5810 Lucii
2734 5749 2903 5805 ﬁlius.

1098 5876 1447 5933 dedicamus.
2398 5854 2457 5909 L,
2488 5844 2920 5923 quinquaginta.

660 5519 803 5575 K.M.
831 5510 1001 5569 cardo
1022 5502 1326 5562 maximus.
