4092 6192
606 237 619 284 l
644 237 734 287 lilii

667 344 722 396 V.
756 344 820 406 Ο.
854 347 915 396 Α.
950 344 1006 397 L.
1050 343 1114 396 Κ.
1146 347 1199 399 S.
1232 342 1435 415 viginti
1478 345 1730 417 quinque
1772 363 1920 404 asses
1964 349 2215 420 legitime
2238 363 2296 435 Α

592 435 953 491 condemnati
980 439 1131 491 sunt.

656 531 719 583 V.
751 529 1023 601 quinque.

661 625 717 676 V.
750 625 811 678 V.
840 624 998 678 MAX.
1030 624 1187 693 virgo
1217 627 1440 681 vestalis
1466 628 1732 683 maxima.

661 720 721 773 V.
775 722 837 772 A.
896 720 999 775 ΧΠ.
1053 721 1121 773 Μ.
1176 721 1239 775 ll.
1298 721 1360 774 D.
1419 723 1505 777 Ill.
1560 724 1625 777 Η.
1686 724 1795 778 llll.
1847 724 1984 779 vixit
2036 741 2215 779 annos

587 812 904 877 duodecim,
978 829 1201 869 menses
1277 814 1408 881 duo,
1475 816 1595 870 dies
1672 820 1804 886 tres,
1862 822 2214 891 quatuorque

586 907 771 961 horas.

657 999 807 1055 VOL.
840 1002 1083 1055 Volesus.

656 1094 807 1149 VOP.
843 1094 1128 1165 Vopiscus.

659 1188 764 1243 VO.
801 1188 1024 1243 Volero.

654 1289 734 1341 Vl.
771 1287 827 1342 S.
858 1303 950 1342 sex
981 1291 1037 1341 et
1063 1286 1249 1342 semis.

654 1384 736 1436 VI.
768 1383 831 1436 V.
861 1381 1191 1436 sextumvir.

654 1476 712 1529 V.
744 1475 800 1529 P.
834 1475 917 1528 vir
941 1475 1189 1545 prudens
1213 1476 1296 1530 vel
1322 1476 1405 1531 vir
1432 1477 1735 1547 perfectus.

656 1571 713 1623 V.
744 1570 799 1623 S.
829 1569 917 1622 vir
942 1584 1114 1625 sacer.

1376 1674 1425 1727 x,

648 1769 707 1823 Χ.
740 1769 799 1822 V.
830 1767 1115 1822 decemvir
1140 1768 1225 1822 vel
1262 1767 1384 1822 viri.

649 1863 708 1917 X.
741 1862 935 1917 decem
962 1863 1047 1917 vel
1072 1860 1311 1917 denarii.

649 1958 753 2011 XV.
787 1956 923 2011 VIR.
953 1955 1011 2011 S.
1034 1956 1093 2011 F.
1118 1955 1535 2027 quindeciinvir
1560 1956 1729 2011 sacris
1764 1956 2057 2014 faciendis.

646 2052 795 2105 XXII.
820 2051 875 2105 S.
905 2050 1122 2121 viginto
1147 2050 1259 2104 duo
1292 2052 1347 2105 et
1372 2049 1566 2105 semis.

646 2146 730 2199 1X1
760 2145 1031 2215 signiﬁcat
1057 2142 1211 2198 mille
1234 2144 1416 2198 videre
1441 2146 1500 2199 in
1525 2159 1810 2200 marmore.

649 2241 1042 2293 Romanorum
1067 2236 1272 2292 civium
1290 2237 1523 2292 nomina
1546 2238 1894 2308 pronomina
1915 2256 1979 2293 ac
2001 2256 2204 2311 cogno-

575 2333 730 2387 mina
788 2347 1099 2403 eorumque
1166 2329 1606 2402 magistratuum
1659 2348 1788 2403 quae.
1838 2332 1895 2387 in
1951 2333 2203 2405 antiquis

574 2426 860 2498 descripta
888 2424 1176 2481 codicibus
1212 2425 1596 2497 reperiuntur,
1623 2442 1726 2497 per
1756 2426 2199 2483 abreviationem

571 2521 893 2576 litterarum
921 2526 1071 2587 sunt,
1106 2525 1167 2575 ut
1194 2519 1341 2574 infra
1369 2519 1602 2591 patebit.

642 2617 745 2671 Per
771 2614 1023 2687 primum
1054 2629 1266 2669 nomen
1300 2629 1631 2685 praenomen
1654 2614 1958 2685 intelliges.

645 2711 749 2764 Per
777 2709 1087 2765 secundum
1115 2708 1417 2782 proprium
1445 2724 1681 2764 nomen.

642 2806 747 2859 Per
788 2803 1023 2859 tertium
1061 2818 1195 2859 vero
1239 2818 1547 2874 agnomen.
1594 2803 1863 2874 Idemque
1909 2808 1994 2860 est
2032 2821 2199 2875 supra

572 2914 782 2953 nomen
810 2898 1122 2965 interdum,
1148 2901 1214 2951 ut
1238 2896 1298 2950 in
1328 2896 1590 2966 exemplo
1626 2913 1639 2950 :

783 2991 842 3046 C.
873 2989 1091 3044 lVLlUS
1123 2988 1390 3043 CAESAR

784 3084 889 3138 CN.
918 3082 1251 3138 POMPEIVS
1284 3081 1557 3137 MAGNVS

784 3178 843 3231 L.
874 3176 1146 3232 STATIVS
1175 3174 1522 3232 DIODORVS

784 3272 843 3326 L.
876 3270 1207 3326 POMPEIVS
1234 3270 1731 3327 CORNELIANVS.

641 3368 707 3421 Et
750 3366 827 3420 sic
863 3365 1077 3421 debent
1117 3364 1254 3437 poni
1296 3364 1489 3420 omnia
1518 3364 1579 3420 in
1606 3381 1672 3421 eo
1703 3381 1836 3420 casu
1869 3368 1925 3419 et
1956 3364 2196 3437 proferri

569 3462 625 3514 in
701 3476 816 3531 quo
890 3459 1089 3531 positae
1142 3463 1274 3514 sunt
1327 3458 1619 3529 dictiones,
1686 3460 1756 3514 ad
1831 3475 1974 3531 quas
2048 3459 2191 3514 refe-

568 3558 773 3609 runtur
802 3572 813 3608 :

709 3649 775 3701 Μ.
890 3645 1134 3702 CICERO
1280 3647 1368 3700 IM.
1564 3646 1749 3715 CAES.
1900 3646 2050 3701 AVG.

635 3742 850 3795 Marcus
916 3740 1111 3796 Cicero
1170 3740 1504 3813 imperator.
1561 3741 1750 3795 Caesar
1816 3743 2120 3811 Augustus.

638 3836 902 3891 HIRCNS
966 3836 1051 3889 ET
1109 3835 1325 3890 PANSA
1435 3835 1608 3889 IMPP.

672 3928 891 3984 Hircius
988 3932 1045 3984 et
1126 3930 1307 3984 Pansa
1347 3927 1739 3999 imperatores.

1798 240 2137 297 APPENDIX
2177 242 2262 298 AD
2303 245 2632 301 SxECLlUM
2676 248 2758 302 IX.

3819 260 3939 310 “illi

2390 353 2739 410 SYLVANVS
2769 357 2854 410 ET
2875 357 3157 413 MVRENA
3232 359 3421 415 COSS.
3582 361 3800 417 DESIG.

2443 424 2718 495 Sylvanus
2783 432 2841 482 et
2907 429 3137 484 Murena
3210 432 3467 487 consules
3541 432 3844 504 designati.

2907 556 2992 610 DE
3040 556 3360 614 NUMERIS.

2387 665 2799 736 Exprimuntur
2826 682 2976 722 unus
3014 684 3122 739 per
3149 669 3191 736 Ι,
3218 668 3471 725 binarius
3514 688 3619 743 per
3646 676 3710 740 ll,
3739 675 3930 746 quina-

2316 758 2433 813 rius
2474 775 2579 830 per
2605 760 2664 826 V,
2696 759 2967 816 denarius
3005 778 3112 833 per
3148 762 3208 816 X.
3241 762 3452 819 Littera
3482 767 3503 819 Ι
3532 770 3595 820 ut
3633 768 3710 821 sic
3750 769 3809 823 IX
3847 771 3930 825 ha-

2314 852 2472 906 bebit
2511 868 2737 922 novem,
2767 855 2815 908 si
2855 858 3229 927 postponatur
3270 857 3512 913 habetur
3555 860 3827 916 undecim
3860 865 3928 920 XI.

2314 946 2354 999 L
2374 946 2813 1019 quinquaginta,
2832 949 2873 1003 C
2894 954 3150 1018 centum,
3166 951 3211 1005 D
3239 951 3685 1024 quinquaginta,
3704 956 3750 1009 Il
3771 957 3927 1023 mille,

2315 1040 2421 1106 sic;
2454 1046 2511 1095 et
2554 1044 2690 1096 nota
2734 1042 2887 1113 quod
2929 1043 3183 1114 quolibet
3222 1044 3405 1116 ﬁgura
3443 1046 3490 1100 si
3534 1046 3861 1119 imponatur
3886 1054 3927 1105 ei

2312 1133 2463 1188 linea
2488 1151 2558 1189 ex
2588 1139 2907 1191 transverso
2933 1136 3167 1206 directa,
3196 1142 3284 1193 tot
3315 1139 3659 1210 signiﬁcabit
3688 1142 3926 1198 millena-

2312 1226 2425 1282 rios
2467 1234 2607 1299 quot
2649 1246 2753 1299 per
2794 1247 2852 1285 se
2894 1229 3179 1301 signiﬁcat
3218 1232 3480 1301 unitates,
3509 1240 3575 1290 ut
3614 1234 3769 1291 mille
3812 1240 3924 1292 uni-

2314 1324 2479 1377 tates.

2382 1414 2423 1485 Ϊζ
2455 1417 2610 1471 mille
2638 1417 2938 1489 signiﬁcat.

2380 1507 2447 1579 V,
2473 1510 2727 1583 quinque
2752 1511 2952 1568 millia.

2382 1600 2444 1675 1T,
2471 1605 2671 1661 decem
2696 1605 2894 1662 millia.

2378 1712 2432 1747 ω
2470 1701 2553 1754 vel
2590 1700 2696 1771 CC,
2729 1700 2989 1757 ducenta.

2378 1798 2427 1853 Μ
2451 1798 2537 1853 vel
2563 1817 2614 1850 oo
2634 1839 2649 1864 ,
2683 1795 2862 1851 mille.

2378 1894 2416 1946 l.
2452 1908 2536 1961 33
2562 1890 2817 1964 quinque
2844 1890 3041 1947 millia.

2379 1987 2609 2057 CCI33;
2638 1981 2713 2053 3f;
2746 1986 2906 2056 3M0:
2944 1986 3058 2053 IMI,
3086 1986 3290 2041 decem
3311 1987 3506 2043 millia.

2378 2082 2657 2151 DM1333;
2681 2078 2743 2138 Ῑῗ
2758 2081 3179 2153 quinquaginta
3206 2081 3405 2136 millia.

2374 2175 2657 2245 CCCI333
2674 2192 2690 2244 ;
2722 2178 2953 2229 centum
2983 2175 3164 2229 millia
3194 2175 3282 2231 vel
3305 2175 3365 2240 Ε,
3395 2166 3610 2233 eam

2377 2269 2509 2339 CM3
2534 2270 2619 2324 vel
2649 2268 2804 2339 C03,
2836 2268 2990 2323 mille
3018 2268 3219 2324 millia.

2708 2408 2885 2462 ALUE
2909 2408 3520 2465 ABBREVIATIONES.

2376 2521 2433 2573 P.
2467 2521 2505 2574 Ι.
2533 2520 2598 2574 Β.
2630 2520 2687 2575 Ρ.
2721 2522 2784 2583 Ο.
2831 2521 2873 2574 I.
2914 2520 2975 2574 S.
3017 2522 3056 2574 l.
3091 2521 3151 2575 F.
3180 2521 3242 2576 P.
3269 2521 3334 2577 Β.
3371 2522 3433 2577 Ε.
3462 2524 3527 2577 Α.
3560 2522 3624 2576 D.
3654 2525 3717 2577 P.
3758 2540 3908 2594 popu-

2301 2615 2387 2668 lus
2405 2614 2535 2685 jure
2560 2613 2803 2683 .rogavit
2845 2614 3205 2686 populusque
3249 2614 3379 2685 jure
3421 2617 3675 2688 suscepit
3714 2618 3771 2671 in
3807 2619 3909 2671 foro

2302 2723 2403 2779 pro
2429 2706 2629 2762 rostris
2654 2712 2711 2762 et
2736 2710 2868 2762 ante
2902 2707 3057 2763 diem
3083 2707 3286 2779 pridie.

2373 2802 2433 2855 E.
2465 2801 2529 2855 H.
2560 2801 2626 2856 Ο.
2655 2801 2713 2855 L.
2744 2802 2807 2855 Ν.
2837 2802 2901 2856 R.
2941 2802 3065 2872 ejus
3107 2802 3216 2856 hac
3257 2802 3525 2857 omnibus
3569 2805 3758 2875 legem
3781 2804 3903 2858 nihi-

2299 2896 2419 2950 lum
2445 2899 2700 2966 rogatur.

2371 2991 2427 3045 S.
2461 2991 2523 3043 Β.
2553 2990 2612 3043 L.
2646 2990 2709 3044 E.
2742 2990 2805 3044 E.
2834 2990 2895 3045 Ο.
2922 2990 2987 3054 Q.
3015 2990 3079 3046 O.
3110 2991 3177 3046 Β.
3208 2991 3270 3046 Ε.
3308 2991 3356 3045 si
3404 3007 3530 3046 rem
3577 2993 3669 3048 lex
3706 3008 3769 3047 ex
3809 2993 3905 3062 ejus

2220 3106 2274 3180 Ο
2300 3099 2580 3155 causaque
2604 3082 2863 3138 omnium
2900 3099 3096 3139 rerum
3123 3088 3265 3139 esto.

2369 3177 2436 3231 M.
2467 3177 2529 3233 E.
2558 3177 2625 3233 Μ.
2654 3179 2716 3233 D.
2750 3177 2809 3232 Ι).
2843 3178 2903 3243 Ε,
2938 3176 3237 3249 municeps
3278 3178 3402 3249 ejus
3446 3179 3752 3251 municipii
3793 3178 3901 3232 dare

2298 3269 2601 3326 damnatus
2630 3273 2768 3326 esto.

2369 3364 2429 3419 C.
2461 3365 2521 3418 E.
2553 3364 2613 3418 Ι).
2643 3364 3011 3437 conjunctum
3038 3380 3161 3420 esse
3185 3364 3423 3421 dicetur.

2372 3458 2429 3513 S.
2460 3459 2524 3523 Q.
2566 3459 2634 3513 Μ.
2675 3458 2737 3513 ι).
2784 3459 2845 3513 Ε.
2896 3459 2963 3514 R.
3008 3461 3075 3514 A.
3119 3461 3179 3515 P.
3225 3460 3286 3514 P.
3318 3459 3476 3515 v.0.
3521 3461 3587 3515 E.
3642 3461 3897 3516 CONSPR.

2297 3554 2403 3607 TR.
2433 3553 2493 3607 P.
2522 3552 2580 3606 L.
2614 3551 2679 3617 Ο.
2712 3552 2776 3606 Ν.
2824 3552 2881 3607 S.
2931 3552 2998 3617 Ο.
3040 3553 3103 3608 Ε.
3130 3554 3192 3608 ν.
3223 3556 3288 3610 Α.
3328 3554 3389 3609 Ρ.
3431 3554 3537 3609 PL.
3583 3555 3649 3611 F.
3681 3556 3737 3610 Si
3771 3552 3897 3625 quod

2298 3662 2391 3701 me
2419 3645 2491 3701 de
2519 3662 2587 3701 ea
2622 3662 2683 3701 re
2726 3646 2798 3701 ad
2841 3647 3121 3719 populum
3165 3647 3401 3718 plebum
3438 3648 3631 3705 valeto
3665 3665 3796 3721 opus
3830 3651 3896 3702 est

2296 3743 2617 3812 conspreto.
2647 3739 2882 3795 Tribuni
2912 3740 3091 3812 plebis
3130 3742 3229 3813 qui
3276 3758 3427 3798 nunc
3466 3746 3605 3799 sunt
3634 3743 3777 3815 quod
3798 3741 3895 3813 ejus

2295 3833 2577 3889 videbitur
2601 3834 2672 3889 ad
2697 3834 2975 3907 populum
3010 3834 3191 3907 plebis
3218 3835 3423 3893 ferant.

2366 3929 2433 3983 Et
2463 3927 2541 3983 sic
2567 3928 2638 3984 ad
2662 3927 2971 3984 inﬁnitum.

909 4317 1352 4501 fEVI
1477 4312 2465 4498 CAROLINI
2589 4313 3589 4496 CABMINA.

1348 4768 1365 4829 Ι

576 4868 799 4967 Versus
830 4870 910 4967 in.
927 4870 1189 4967 laudem
1220 4870 1521 4967 Lgtharz'i
1534 4873 1962 4967 imperatoris
1985 4876 2188 4967 positi

637 4949 705 5036 in
728 4949 945 5036 fronte
989 4958 1199 5014 textus
1244 4949 1763 5036 Evangeliofqm
1811 4949 2004 5035 quem
2048 4956 2183 5036 ipse

634 5028 864 5190 θριξἘί
911 5032 1309 5095 manasterz'o
1354 5028 1569 5096 sancti
1603 5028 1885 5098 Martini
1930 5028 2178 5101 Meten-

634 5127 718 5172 szs
834 5157 846 5171 .

629 5127 718 5172 εις
740 5127 846 5172 (4).

694 5212 875 5285 [Apud
914 5213 1122 5282 Baluz.,
1167 5216 1403 5287 Capitul.
1431 5222 1553 5274 tom
1596 5220 1655 5274 ll.
1689 5220 1797 5275 col.
1831 5222 2010 5292 1565.]

546 5315 775 5371 Arbiter
799 5316 1142 5373 altithronus
1166 5319 1388 5388 mundi,
1417 5321 1692 5378 formator
1714 5327 1771 5378 et
1793 5327 2011 5392 auctor,

544 5409 765 5481 Quique
791 5411 951 5482 polos
976 5428 1184 5480 servas,
1207 5416 1265 5470 et
1289 5418 1490 5471 cuncta
1520 5421 1786 5489 potenter
1810 5422 1867 5474 et
1896 5419 2027 5486 aevi;

542 5502 646 5566 Qui
678 5519 917 5575 regnare
949 5505 1118 5576 jubes
1145 5523 1312 5580 reges
1341 5525 1442 5580 per
1468 5513 1674 5568 saecula
1703 5512 1925 5580 mundi,

612 5659 684 5733 (4)
708 5661 892 5735 Codex
919 5662 1012 5735 ille
1040 5666 1475 5735 Evangeliorum
1504 5685 1538 5721 a
1559 5668 1823 5724 Lothario
1853 5669 2015 5724 datus
2042 5688 2165 5727 mo-

539 5733 785 5811 nasterio
829 5734 1146 5811 Sh.__lll_art_ini
1190 5733 1471 5811 MAetensis,
1502 5742 1764 5811 servatur
1805 5740 1865 5795 in
1910 5758 2163 5811 prtesen-

536 5802 739 5858 tiarum
769 5804 823 5858 in
856 5806 1197 5863 Bibliotheca
1229 5809 1424 5880 Regia,
1449 5802 1508 5865 in
1539 5810 1699 5882 cujus
1725 5811 1886 5868 initio
1906 5802 2164 5886 apposita

2202 4784 2263 4857 D
2287 4768 2662 4839 Hlotharium,
2691 4771 2789 4843 qui
2817 4787 2966 4827 nunc
2994 4773 3167 4829 fultus
3192 4774 3402 4845 pietate
3437 4778 3535 4830 tua
3562 4777 3712 4831 alma

2283 4862 2658 4934 lnduperator
2696 4864 2935 4921 habetur
2965 4883 3063 4922 rex
3091 4869 3377 4940 Augustus
3406 4868 3468 4923 in
3502 4870 3663 4935 orbe,

2280 4956 2513 5014 Dextera
2537 4958 2685 5014 celsa
2712 4962 2813 5014 tua
2840 4960 3065 5031 exaltet,
3095 4961 3372 5018 defendat
3401 4968 3458 5019 et
3488 4968 3672 5031 ornet,

2277 5050 2591 5122 Imperium
2624 5055 2685 5107 ut
2709 5056 2918 5122 teneat,
2949 5053 3163 5125 dilatet,
3196 5056 3409 5124 ﬁrmet,
3435 5058 3667 5124 adunet,

2278 5145 2478 5199 Utatur
2502 5145 2647 5201 bene
2676 5163 2811 5218 pace
2837 5147 3031 5203 fruens
3058 5152 3114 5204 et
3138 5151 3533 5222 prosperitate,

2274 5239 2352 5293 Ac
2376 5240 2578 5308 valeat,
2612 5240 2818 5312 vigeat,
2845 5242 2996 5298 vivat
3026 5260 3131 5314 per
3154 5244 3363 5300 saecula
3390 5246 3550 5301 felix.

2275 5332 2416 5387 Nam
2444 5332 2572 5404 pius
2595 5333 2717 5406 ipse
2742 5337 3050 5408 Augustus,
3082 5337 3292 5393 Christi
3311 5339 3513 5395 ductus
3538 5355 3748 5403 amore,

2276 5425 2386 5480 Hoc
2417 5426 2588 5483 decus
2610 5427 2922 5484 almiﬁcum
2947 5431 3211 5488 Ecclesiae
3238 5433 3497 5505 praevidit
3532 5439 3597 5489 ut
3625 5436 3776 5491 esset.

2272 5519 2530 5576 Prazsulis
2566 5526 2737 5594 atque
2767 5522 2920 5579 beati
2962 5525 3190 5583 Martini
3216 5532 3489 5584 venerata

2269 5679 2353 5755 est
2393 5676 2602 5755 imago_
2629 5679 2876 5736 Lotharii
2922 5682 2991 5737 de
3040 5699 3154 5755 qua
3203 5688 3436 5741 vers-22
3467 5703 3480 5740 :
3512 5689 3685 5743 Pietas
3722 5682 3852 5737 hab»:-

2268 5750 2377 5810 tur,
2408 5751 2537 5811 etc.,
2572 5750 2764 5807 BALUZ.
