4092 6192
234 277 365 328 ili".

1497 272 1626 325 ΑΕΗ
1665 270 1978 325 CAROLlNl
2015 271 2331 325 CARMINA.

3462 270 3589 319 H‘JR

227 381 387 435 Hunc
449 380 796 451 pulchreque
851 395 1087 448 gregem
1148 379 1356 434 librum
1409 379 1561 434 intra
1617 379 1862 436 scribere
1884 379 2111 464 AQuos
2143 382 2197 432 te
2223 379 2392 433 corde
2417 381 2512 432 tuo
2540 377 2672 432 satis
2697 381 3022 449 acceptasse
3049 377 3263 432 fateris.

1575 476 1588 543 [
1598 474 1786 545 jussit.

228 568 412 637 Ipsius
437 566 631 622 ornari
655 584 794 622 auro
829 571 884 621 et
914 568 1146 639 picturis
1171 568 1518 634 venerande,

228 663 298 716 Ut
326 665 530 715 notum
555 661 724 716 faciat
749 665 1027 733 quantum
1056 661 1235 732 pollet
1261 663 1412 717 locus
1437 662 1550 717 ille.

226 755 339 809 Sed
372 755 618 825 Sigilaus
649 772 850 826 parens
873 756 1043 827 jussis
1069 756 1220 826 regis
1261 755 1508 810 studiose

224 851 342 904 Hoc
379 849 750 920 Evangelium
775 849 887 904 illic
919 854 1105 905 totum
1132 849 1380 906 scribere
1399 851 1592 921 jussit.

227 943 547 1015 l’rzescripti
579 948 750 1015 atque
783 944 975 1015 gregis
1004 944 1180 1000 voluit
1205 946 1380 1000 frater
1403 944 1520 999 fore
1545 947 1750 1008 Caesar,

225 1037 453 1092 Scilicet
483 1041 542 1090 ut
569 1037 799 1092 humilis
821 1037 1035 1092 donum
1055 1037 1355 1110 capiatque
1379 1055 1711 1110 supernum.

227 1132 444 1202 Nempe
473 1131 592 1202 ipse
617 1147 759 1201 grex
785 1137 904 1188 toto
931 1132 1057 1186 nisu
1080 1132 1563 1204 cunctipotentem

225 1228 333 1280 Pro
372 1225 574 1280 virtute
606 1227 846 1297 Augusti
875 1230 932 1281 et
956 1227 1331 1298 prosperitate
1357 1228 1618 1298 perenni,

224 1321 333 1374 Pro
367 1321 690 1375 veneranda
723 1325 780 1376 et
803 1321 1045 1392 conjuge
1072 1337 1295 1376 necnon
1319 1322 1477 1392 prole
1507 1327 1782 1392 precatur.

225 1414 416 1468 Pictus
443 1413 686 1469 habetur
712 1414 782 1468 ob
810 1415 917 1470 hoc
948 1431 1169 1470 necnon
1198 1432 1296 1470 rex
1325 1415 1529 1486 pagina
1559 1416 1616 1469 in
1639 1416 1766 1481 ista,

225 1509 296 1562 l't
347 1507 603 1580 quisquis
653 1510 872 1564 vultum
923 1509 1162 1580 Augusti
1215 1509 1304 1564 hic
1359 1510 1719 1581 conspexerit
1762 1527 1858 1564 un-

1569 1602 1784 1676 trinam,

226 1697 485 1769 Supplex
512 1699 630 1768 ipse
657 1699 769 1754 Deo
798 1698 945 1754 dicat
963 1698 976 1770 [
995 1716 1007 1754 :
1025 1698 1181 1772 Laus]
1216 1699 1640 1771 Cunctipotenti
1665 1717 1677 1766 ;

225 1791 522 1846 Letharius
544 1791 799 1863 requiem
829 1796 1117 1849 mereatur
1140 1793 1351 1849 habere
1379 1809 1712 1865 perennem,

224 1888 332 1940 Per
372 1887 673 1942 Dominum
710 1891 969 1943 nostrum
1018 1888 1326 1957 Christum,
1367 1890 1464 1960 qui
1504 1891 1707 1961 regnat
1735 1888 1856 1943 ubi-

1633 1983 1763 2055 [que

1005 2066 1076 2127 ll.

241 2179 467 2242 Versus
520 2181 586 2241 in
629 2182 845 2259 fronte
888 2180 1254 2244 Bibliorum
1293 2183 1494 2261 positi
1534 2190 1595 2243 et
1639 2183 1858 2244 aureis

308 2261 535 2322 litteris
590 2262 854 2322 exarati
892 2262 960 2322 in
1008 2262 1437 2324 vetustissimo
1485 2261 1697 2324 codice
1734 2280 1853 2324 ms.

305 2341 949 2423 monasterii__satzcti
992 2341 1318 2423 Dionysii,
1373 2343 1493 2423 qui
1536 2360 1708 2404 nunc
1755 2361 1858 2404 ex-

303 2429 432 2483 stat
467 2422 536 2484 in
575 2421 955 2484 bibliotheca
999 2421 1226 2502 Regia.

831 2526 1066 2595 [Baluz.,
1094 2527 1254 2597 ibid]

222 2643 514 2698 Biblorum
539 2643 746 2698 seriem
767 2644 994 2699 Carolus
1022 2660 1125 2698 rex
1149 2643 1393 2715 inclytus
1424 2644 1585 2699 istam

223 2737 494 2793 Contexit
518 2737 718 2809 chryso
744 2738 915 2793 corde
940 2738 1131 2793 colens
1157 2738 1410 2792 catharo.

222 2833 267 2886 Ο
290 2831 552 2886 miranda
577 2831 746 2886 nimis
777 2832 1001 2887 Domini
1036 2832 1314 2904 sapientia
1337 2834 1567 2899 summi,

217 2928 354 2990 Quae
380 2941 630 2996 praesens
660 2926 856 2980 aderat
883 2926 1021 2981 dum
1049 2929 1215 2982 caelos
1246 2927 1366 2998 ipse
1397 2927 1637 2998 parabat
1660 2928 1672 2980 !

223 3022 332 3074 Nec
359 3019 662 3090 spectanda
690 3020 880 3074 minus
906 3020 1061 3092 quod
1090 3021 1166 3075 sic
1193 3018 1493 3092 disponere
1524 3026 1723 3078 cuncta

220 3114 435 3168 Ordine
464 3115 774 3184 composito
804 3115 983 3168 nostri
1011 3114 1114 3168 sub
1133 3115 1266 3184 jure
1293 3120 1512 3186 coapto.

217 3209 298 3262 Tu
328 3207 514 3261 stellas
539 3207 712 3262 stellis
741 3207 1144 3279 interposuisse
1177 3208 1403 3275 videris,

220 3301 490 3356 Sidereas
514 3301 666 3356 vario
697 3317 1036 3373 expungens
1063 3302 1386 3357 discrimine
1418 3308 1613 3360 metas.

219 3394 556 3449 Luminibus
581 3395 797 3449 cunctis
822 3399 1072 3451 statuens
1099 3413 1430 3467 praeponere
1455 3399 1655 3452 solem.

217 3490 301 3543 Tn
327 3503 557 3560 quoque
588 3488 865 3543 circuiens
891 3489 1016 3544 cceli
1045 3489 1123 3543 sic
1149 3489 1404 3561 undique
1432 3507 1657 3562 gyrum,

218 3582 433 3638 Nexisti
464 3583 713 3637 mediam
738 3599 988 3637 convexo
1018 3583 1241 3639 climate
1270 3587 1502 3639 terram.

216 3679 299 3732 Tu
324 3694 484 3733 mare
510 3677 848 3732 fluctifluum
873 3677 1053 3732 divisa
1079 3682 1238 3749 parte
1263 3678 1477 3733 locasti.

217 3772 472 3827 Diversas
497 3775 696 3842 gentes
726 3771 952 3826 habitus
977 3771 1055 3826 sic
1089 3788 1328 3844 mosque
1356 3779 1668 3828 reservant.

216 3866 328 3921 Sed
351 3871 408 3921 tu
438 3866 747 3936 primatum
775 3865 991 3920 cunctis
1017 3867 1074 3920 in
1114 3866 1377 3936 gentibus
1409 3883 1637 3938 azquum

217 3961 349 4015 Sola
380 3963 560 4027 tenes,
589 3961 818 4031 propria
843 3960 1165 4031 reprimens
1191 3959 1398 4015 virtute
1427 3962 1714 4032 superbos.

218 4054 473 4125 Regibus
505 4062 559 4108 et
587 4053 782 4125 regnis
811 4070 1034 4125 semper
1062 4057 1122 4108 tu
1145 4054 1280 4125 jura
1308 4054 1542 4122 dedisti;

216 4147 412 4201 Paruit
436 4152 602 4218 atque
632 4147 742 4201 tuis
770 4148 1024 4219 quisquis
1050 4147 1119 4203 de
1150 4147 1383 4218 regibus
1408 4149 1567 4216 orsis,

217 4241 479 4296 Culmine
511 4241 736 4296 sublimi
761 4242 964 4297 micuit
986 4241 1283 4297 sublimior
1317 4242 1454 4313 ipse.

221 4335 430 4390 Felices
455 4334 608 4404 dicti,
635 4335 824 4391 felices
851 4339 984 4391 sunt
1010 4353 1236 4408 quoque
1267 4337 1416 4389 facti.

217 4429 441 4499 Quique
468 4429 682 4484 hmsere
715 4430 839 4500 tibi,
869 4436 963 4485 tua
993 4431 1112 4484 laus
1138 4435 1193 4485 et
1234 4430 1413 4501 gloria
1437 4433 1701 4501 regnant.

217 4522 503 4577 Biblorum
533 4524 674 4578 serie
702 4524 772 4578 de
803 4524 997 4578 multis
1024 4526 1201 4578 multa
1226 4524 1510 4578 feruntur.

216 4617 496 4672 Correctis
522 4617 666 4680 aliis,
698 4618 1015 4688 reprobatis
1040 4619 1287 4689 denique
1315 4618 1524 4672 multis.

213 4710 498 4775 Quosdam
530 4710 781 4782 gloriﬁco
807 4711 1004 4767 rexisti
1032 4711 1263 4767 nomine
1294 4727 1473 4782 reges.

213 4803 324 4859 Sed
353 4821 599 4858 servasse
630 4809 793 4860 tuum
825 4805 1048 4862 tibimet
1075 4805 1395 4877 specialiter
1422 4822 1601 4860 unum

211 4903 289 4952 Ac
322 4898 614 4969 proprium
644 4899 906 4955 Carolum
933 4901 1106 4956 claret
1136 4899 1484 4970 sapientibus
1505 4900 1676 4968 orbis,

216 4993 400 5056 Quem
433 4991 610 5048 solem
637 4994 823 5048 solum
851 4993 1035 5065 regali
1061 4993 1349 5048 schemate
1377 4993 1611 5061 clarum,

216 5085 456 5141 Lumine
484 5087 857 5158 conspicuum
887 5088 1069 5160 ponis,
1098 5087 1398 5160 sapientia,
1435 5087 1702 5157 primum.

217 5183 376 5235 Nunc
403 5181 533 5235 licet
556 5187 728 5252 atque
753 5181 893 5236 libet
921 5182 1158 5237 scrutari
1190 5181 1446 5237 funditus
1474 5181 1635 5235 illum

219 5273 344 5328 Rite
369 5275 603 5330 modum
632 5291 795 5347 reges
822 5276 923 5330 tibi
949 5293 1062 5348 quo
1088 5276 1365 5348 placuisse
1398 5275 1656 5330 sciuntur
1681 5292 1692 5329 :

215 5368 421 5440 Sicque
449 5374 578 5424 tuus
604 5369 710 5424 dici
740 5370 969 5424 Carolus
994 5371 1079 5424 vel
1113 5370 1291 5440 possit
1319 5370 1539 5438 haberi,

219 5462 510 5517 Pandatur
535 5463 736 5519 saltem
767 5463 958 5535 paucis
987 5463 1331 5535 rudibusque
1359 5463 1616 5534 loquelis.

221 5557 400 5610 Fortis
426 5573 676 5628 namque
703 5556 872 5612 David
901 5574 1006 5628 per
1033 5561 1087 5611 te
1115 5556 1377 5627 regnavit
1403 5560 1461 5610 et
1487 5556 1622 5626 egit,

217 5654 395 5704 Arma
418 5650 739 5721 beatorum,
767 5667 991 5707 necnon
1021 5654 1079 5705 et
1104 5667 1307 5706 norma
1333 5665 1586 5718 reorum,

221 5747 384 5799 Stare
428 5745 633 5800 docens
672 5749 916 5812 sanctos,
964 5760 1272 5815 rursusque
1313 5759 1614 5814 resurgere
1649 5745 1850 5816 lapsos.

220 5839 340 5893 Non
373 5839 577 5911 pateris
605 5841 846 5896 humiles
875 5842 1101 5915 penitus
1132 5844 1211 5908 tu,
1243 5842 1454 5903 sancta,
1487 5839 1692 5910 perire,

1964 472 2208 543 Corripis
2235 476 2290 528 et
2313 472 2575 544 reprimis
2605 488 2750 544 quos
2773 471 3031 544 corrigis,
3059 471 3232 544 erigis
3265 486 3444 542 aeque.

1965 568 2202 622 Exerces
2237 571 2471 622 cunctos
2501 567 2696 623 animo
2723 583 2867 640 quos
2899 567 3086 638 diligis
3111 567 3262 622 almo
3293 582 3305 620 :

1966 660 2185 715 Viribus
2212 663 2268 716 et
2297 660 2491 717 validis
2516 662 2753 718 virtutes
2783 665 2943 733 grata
2972 661 3277 716 ministras.

1964 755 2325 826 Displicuisse
2365 761 2568 827 putant
2593 756 2782 811 stolidi
2811 772 2951 828 quos
2991 755 3179 826 diligis
3207 755 3341 809 imo.

1963 851 2080 905 Rex
2111 851 2381 905 Salomon
2415 851 2683 921 quoniam
2719 856 2887 921 potus
2912 856 3010 905 tua
3036 851 3184 905 dona
3212 849 3429 921 petivit,

1964 946 2031 998 Ut
2056 943 2276 1016 sapiens
2303 949 2490 1016 posset
2515 945 2662 1014 fieri,
2690 945 3008 1016 praecelsior
3038 944 3164 998 ullis

1962 1038 2210 1110 Regibus
2241 1039 2510 1109 existens,
2545 1039 2745 1111 opibus
2774 1039 3017 1110 pollebat
3043 1037 3268 1108 Opimis,

1959 1137 2285 1209 Judicioque
2313 1141 2439 1192 rato
2470 1144 2657 1193 tecum
2688 1139 2838 1193 bona
2865 1137 3111 1208 plurima
3136 1138 3338 1203 sanxit,

1960 1232 2334 1304 Doctrinaque
2365 1235 2458 1286 tua
2489 1233 2768 1288 mundum
2798 1231 3085 1287 redimivit
3111 1229 3362 1296 abunde,

1959 1327 2252 1381 Mirificum
2274 1326 2744 1398 Domino:meruit
2763 1343 2993 1398 quoque
3019 1326 3268 1380 condere
3289 1325 3562 1396 templum
3577 1365 3591 1390 ,

1960 1425 2001 1474 Λ
2031 1426 2084 1475 te
2115 1421 2404 1488 secedens,
2436 1421 2493 1476 in
2521 1438 2579 1476 se
2608 1420 2908 1492 dispendia
2936 1437 3150 1491 passus,

1959 1518 2176 1586 Dogma
2205 1516 2358 1588 quod
2387 1515 2648 1570 exhausit
2675 1515 2745 1568 de
2773 1520 2849 1581 te,
2873 1531 2978 1586 per
3005 1516 3208 1568 szecnla
3231 1516 3402 1568 lucet.

1959 1613 2182 1682 Ergone
2213 1614 2329 1665 tute
2361 1613 2526 1664 tuum
2556 1609 2826 1663 Carolum
2859 1624 2974 1662 non
3009 1608 3192 1679 diligis
3225 1608 3370 1661 ultro
3391 1609 3418 1661 ’ἶ

1957 1709 2041 1760 An
2070 1704 2369 1759 hominum
2397 1703 2667 1774 cuiquam
2697 1703 2899 1757 humili
2922 1703 2983 1757 fit
3005 1702 3174 1756 corde
3196 1701 3475 1756 secundus
3497 1702 3524 1754 2’

1879 1778 1935 1849 B
1959 1802 2042 1854 An
2064 1798 2275 1870 pietate
2304 1798 2450 1852 calet
2479 1797 2766 1869 caluitque
2794 1800 2952 1850 tanta
2976 1796 3064 1850 vel
3091 1795 3232 1850 alter
3259 1796 3286 1848 ?

1955 1893 2060 1958 Qui
2092 1908 2414 1948 memorans
2446 1891 2586 1946 adeo
2617 1896 2945 1945 cunctarum
2977 1894 3205 1960 pectore
3234 1905 3426 1944 rerum

1957 1989 2025 2042 Ut
2052 1987 2194 2042 nihil
2222 1986 2478 2041 auditum
2508 1985 2591 2039 vel
2617 1985 2800 2039 visum
2830 1983 3038 2038 oblivio
3065 1988 3275 2055 carpat.

1958 2082 2192 2153 Pmpria
2219 2081 2335 2136 sola
2360 2082 2500 2135 latet
2524 2080 2715 2134 delata
2741 2078 2952 2149 injuria
2985 2083 3196 2133 mente.

1958 2180 2044 2230 An
2083 2176 2152 2230 de
2177 2175 2412 2246 justitiaz
2441 2174 2624 2229 dicam
2657 2173 2924 2228 sileamve
2952 2177 3148 2228 tenore
3177 2174 3204 2226 ‘?

1960 2271 2016 2326 Si
2049 2270 2188 2341 quid
2215 2270 2359 2326 forte
2389 2269 2600 2338 minus,
2629 2268 2826 2334 fateor,
2856 2267 3144 2322 miseratio
3172 2267 3342 2322 vincit

1959 2365 2056 2419 Eia
2086 2381 2210 2436 age,
2249 2380 2448 2436 prome
2496 2379 2728 2417 manum
2770 2364 3007 2433 largam,
3041 2378 3150 2416 vox
3176 2361 3357 2416 libera
3391 2362 3542 2416 dictu
3579 2379 3590 2417 :

1956 2459 2136 2514 Testis
2169 2458 2277 2514 erit
2303 2473 2466 2513 verax
2492 2473 2644 2512 nunc
2674 2456 2965 2527 orphanus
2988 2461 3158 2527 atque
3188 2456 3454 2527 pupillus.

1959 2552 2048 2608 Sic
2075 2552 2279 2607 merito
2305 2554 2541 2606 cunctos
2572 2552 2812 2606 istorum
2835 2550 3065 2605 nomine
3085 2551 3268 2621 signo,

1957 2648 2107 2701 Dum
2136 2662 2251 2701 non
2283 2646 2563 2717 excipitur
2582 2646 2904 2718 quisquam,
2937 2661 3040 2701 nec
3069 2645 3301 2716 pellitur
3326 2661 3588 2715 usquam.

1958 2742 2069 2794 Nec
2098 2755 2252 2795 mare
2278 2743 2556 2812 praeterea
2586 2740 2812 2794 fervens
2842 2739 2898 2793 in
2941 2739 3168 2810 gurgite
3199 2743 3357 2793 vasto

1959 2836 2115 2890 Hanc
2133 2835 2381 2889 retinere
2403 2851 2636 2889 manum
2658 2833 2841 2904 potuit
2860 2833 3185 2904 poteritque
3207 2833 3297 2887 vel
3315 2849 3588 2905 unquam.

1957 2929 2198 2984 Diversas
2227 2929 2335 2984 hoc
2362 2928 2572 2999 lingua:
2599 2928 2822 2982 diversa
2851 2931 3011 2998 parte
3037 2928 3349 2999 loquuntur
3383 2943 3396 2981 :

1959 3023 2172 3078 Diversi
2203 3039 2393 3078 mores
2420 3021 2657 3078 laudant
2687 3021 3043 3077 concorditer
3071 3021 3279 3093 ipsam.

1876 3158 1929 3230 Ο
1959 3118 2105 3172 Felix
2134 3133 2270 3189 ergo
2299 3133 2524 3184 manus,
2550 3117 2647 3171 sed
2674 3132 2837 3170 mens
2864 3115 3106 3171 feliciter
3130 3116 3304 3187 hujus

1955 3213 2174 3282 Pauper
2197 3227 2324 3282 qua:
2353 3211 2538 3281 potius
2570 3226 2763 3264 secum
2792 3210 2930 3280 quin
2957 3213 3177 3264 constat
3210 3226 3408 3280 egena,

1955 3309 2074 3360 Non
2106 3305 2300 3359 inﬂata
2332 3307 2558 3359 tumens
2589 3303 2797 3374 regalis
2825 3305 3121 3358 stemmate
3145 3304 3280 3375 typi.

1956 3399 2065 3454 Sed
2095 3415 2222 3453 caro
2251 3398 2388 3453 dum
2419 3397 2666 3468 gemmis
2692 3413 2947 3468 auroque
2977 3400 3179 3450 ornata
3209 3397 3476 3467 refulget.

1957 3494 2082 3547 Rrec
2112 3509 2302 3547 secum
2328 3507 2556 3562 semper
2585 3490 2896 3546 meditatur
2922 3494 3085 3545 nocte
3111 3491 3335 3561 dieque,

1955 3586 2217 3642 Lucidior
2241 3587 2464 3644 Christo
2491 3602 2605 3657 quo
2633 3586 2753 3640 sole
2782 3584 3144 3656 resplendeat
3169 3585 3315 3656 ipso.

1956 3681 2157 3752 Sicque
2179 3686 2342 3735 tuum
2371 3681 2632 3736 Carolum
2655 3680 2816 3747 facis,
2845 3696 2877 3734 o
2907 3679 3210 3750 sapientia,
3243 3680 3440 3736 solem.

1955 3776 2167 3845 Nempe
2194 3775 2292 3828 ubi
2321 3775 2642 3840 thesaurus,
2681 3790 2776 3827 cor
2803 3773 2879 3827 ibi
2922 3773 3042 3827 fore
3083 3774 3189 3828 rite
3217 3774 3510 3845 probatur,

1953 3867 2119 3932 Quod
2147 3868 2315 3939 hujus
2346 3868 2581 3923 domino
2621 3883 2848 3938 semper
2873 3873 3197 3922 constanter
3221 3869 3472 3923 adhieret
3496 3887 3508 3932 ;

1954 3965 2014 4018 ln
2042 3979 2155 4035 quo
2185 3962 2462 4034 quidquid
2491 3961 2685 4029 habet,
2718 3961 2865 4016 dulci
2893 3962 3103 4032 pietate
3133 3963 3402 4017 recondit.

1954 4057 2100 4121 Quid
2129 4057 2175 4111 si
2202 4073 2354 4111 nunc
2381 4057 2570 4127 ipsum
2597 4056 2764 4110 terris
2789 4055 2848 4109 in
2877 4072 3046 4110 carne
3072 4057 3294 4110 videret
3321 4057 3348 4109 ‘?

1953 4151 2074 4215 Quo
2100 4151 2204 4205 sub
2228 4167 2424 4205 amore
2457 4150 2646 4221 pedes,
2679 4167 2792 4221 quo
2819 4154 2946 4204 voto
2973 4149 3175 4221 figeret
3203 4151 3308 4216 ori,

1951 4245 2185 4309 Quando
2213 4244 2401 4299 datam
2429 4245 2617 4315 legem
2645 4247 2804 4298 tanto
2829 4249 3128 4299 veneratur
3156 4245 3405 4313 honore;

1953 4338 2100 4402 Quid
2125 4339 2193 4394 de
2220 4338 2550 4409 evangelico
2577 4341 2735 4393 textu
2767 4339 3059 4409 replicabo
3089 4339 3325 4395 colendo
3346 4342 3373 4394 ?

1952 4433 2033 4485 En
2063 4431 2212 4502 ipsos
2235 4431 2424 4502 apices
2451 4432 2698 4502 gemmis
2722 4431 3037 4486 circumdat
3059 4437 3114 4486 et
3136 4449 3298 4487 auro.

1870 4530 1928 4602 D
1951 4528 1993 4580 Ο
2020 4530 2233 4596 quanto
2265 4525 2555 4580 Christum
2587 4541 2751 4579 mens
2778 4525 2990 4579 fervida
3018 4525 3204 4595 diligit
3233 4527 3360 4592 ista,

1949 4620 2120 4690 Cujus
2143 4636 2340 4674 amore
2373 4618 2480 4672 sibi
2508 4619 2783 4672 vilescunt
2809 4619 2998 4672 omnia
3021 4619 3222 4672 mundi
3248 4620 3260 4672 l

1952 4715 2044 4768 Est
2069 4713 2268 4768 modus
2315 4718 2374 4768 ut
2415 4729 2520 4766 nec
2551 4711 2764 4766 habens
2791 4711 3015 4778 habeat,
3049 4728 3152 4767 nec
3183 4713 3393 4767 habere
3423 4716 3581 4785 cupi-

3342 4809 3477 4879 [scat
3502 4827 3513 4873 ;

1952 4905 2048 4959 Est
2067 4908 2122 4958 et
2150 4903 2364 4958 habens
2391 4900 2535 4955 sicut
2565 4916 2667 4955 nec
2698 4901 2934 4969 habens,
2969 4901 3066 4956 sed
3097 4905 3153 4956 et
3181 4905 3379 4973 erogat
3408 4903 3579 4958 ultro.

1954 4999 2058 5051 Ista
2084 4996 2267 5051 virum
2292 4995 2470 5050 virtus
2500 4994 2782 5065 condigno
2807 4995 3040 5049 nomine
3071 4995 3267 5051 comit.

1957 5093 2096 5144 Ecce
2127 5093 2288 5162 patet
2317 5089 2585 5144 Salomon
2615 5089 2907 5159 quoniam,
2939 5107 2972 5144 ο
3000 5090 3300 5162 sapientia,
3335 5097 3502 5147 temet

1955 5186 2076 5239 Non
2103 5185 2230 5254 plus
2257 5181 2451 5238 dilexit
2475 5183 2674 5237 Carolo
2705 5183 2826 5237 sine
2855 5184 2966 5239 fine
2997 5184 3240 5240 beando.

1954 5280 2033 5332 Tu
2063 5293 2288 5348 quoque
2313 5292 2416 5331 nec
2446 5276 2616 5332 David
2646 5278 2925 5348 tantisper
2945 5294 3187 5350 qumque
3209 5277 3472 5348 probasti.

1957 5373 2108 5426 lnter
2136 5388 2264 5442 quae
2293 5372 2560 5442 quatdam
2592 5371 2662 5426 de
2691 5373 2940 5443 quodam
2978 5371 3154 5441 gratia
3190 5371 3336 5424 facto

1956 5465 2123 5519 Multa
2152 5464 2252 5519 tibi
2281 5467 2397 5519 toto
2425 5465 2669 5520 debetur
2695 5465 2866 5520 corde
2901 5463 3154 5518 ferenda.

1955 5558 2160 5614 Amisit
2190 5559 2364 5614 David
2392 5575 2639 5630 regnum
2664 5573 2972 5628 rursusque
3001 5558 3228 5627 recepit.

1958 5653 2132 5708 Morte
2161 5657 2351 5708 tamen
2374 5653 2551 5724 geniti
2575 5653 2827 5708 tristatus
2846 5649 3009 5704 valde
3037 5650 3266 5705 dolebat
3289 5670 3299 5705 :

1958 5747 2150 5818 Tuque
2178 5750 2273 5802 tuo
2300 5749 2501 5802 Carolo
2531 5745 2804 5817 reparasti
2830 5760 3005 5814 regna
3047 5749 3300 5814 paterna.

1959 5841 2068 5898 Nec
2099 5841 2259 5897 dolor
2282 5841 2530 5909 accessit,
2564 5839 2658 5895 sed
2689 5855 2856 5893 amor
2888 5839 3176 5894 fraternus
3207 5839 3464 5896 adhwsit.
