4092 6192
538 242 667 293 lim!
1736 242 2063 297 APPENDIX
2106 242 2191 297 AD
2230 242 2556 297 SA'JCULEM
2599 243 2683 297 IX.
3756 247 3875 298 i200

525 349 682 405 Unde
716 353 877 404 tuum
906 349 1174 404 Carolum
1205 366 1433 420 semper
1464 349 1712 405 servabis
1738 350 1966 421 ubique.
2179 363 2237 435 Α
2257 352 2545 415 Quatenus
2572 351 2869 422 ingenium
2895 353 3217 407 concrescat
3243 350 3505 405 acumine
3531 366 3741 413 sensus,

527 445 673 513 Ergo
705 459 807 498 nec
837 443 989 499 hunc
1016 443 1205 511 David,
1238 460 1345 498 nec
1368 444 1473 499 Job
1506 444 1688 515 magis
1715 461 1834 500 esse
1860 446 2122 516 probatos
2337 448 2477 500 Cum
2502 461 2631 500 caro
2658 446 2838 517 putris
2864 445 3001 513 abit,
3028 461 3160 499 cum
3186 447 3418 499 tenuata
3456 444 3624 515 perit.

524 541 772 608 Apparet
797 537 987 609 plane,
1018 554 1123 609 pro
1151 542 1207 594 te
1238 555 1339 594 nec
1367 538 1526 610 plura
1560 538 1775 595 tulisse.
2262 540 2438 593 Carne
2472 538 2726 609 fatigata,
2754 538 3109 609 pedetentim
3140 537 3326 609 gliscit
3356 554 3598 592 acumen

527 632 749 695 Quanta
780 634 909 687 tuus
938 632 1189 702 Carolus,
1221 631 1397 698 mitis,
1428 632 1556 702 pius
1582 636 1756 703 atque
1784 633 2086 704 benignus,
2335 633 2551 702 Cordis,
2577 636 2635 687 et
2655 631 2882 688 initium
2909 632 3086 687 sumit
3120 632 3337 687 habere
3358 632 3578 686 datum.

600 749 818 805 sobrius
980 749 1203 821 sapiens
1386 750 1545 804 fortis
1681 754 1848 821 atque
1918 751 2123 821 justus.
2262 727 2367 780 C05
2406 729 2560 782 acuit
2583 726 2821 821 ferrum:
3026 727 3214 795 crede:
3248 741 3444 821 ξθθδῖθ
3469 726 3746 797 capillum

526 843 873 893 ΝηφΑΔΕοο
908 820 1244 893 ψΡοΜΜοο
1271 844 1635 893 οΠοΥΑΑιοο
1672 820 1864 892 κΑἰΔΕ
1911 820 2142 894 Annum

1977 843 2163 894 κΑιοο
2336 822 2560 875 Radere
2579 837 2676 876 seu
2704 820 2922 892 pariter
2946 820 3162 891 absque
3191 820 3383 875 labore
3403 824 3590 891 caput.

578 959 831 986 ,λη-,ΜΗ
855 959 1049 986 nam,“
1085 960 1388 986 ,ωηεν-ιω
1426 960 1683 986 mum,“
1719 959 1886 986 ,ιη-η
2264 916 2373 970 Nec
2404 915 2593 970 minus
2622 914 2887 971 affectum
2910 915 3064 986 justo
3086 913 3489 970 moderamine
3517 929 3716 986 corpus

533 959 833 1031 .Equivoco
854 959 1050 1014 Carolo
1083 960 1390 1014 frustratus
1424 960 1685 1030 germine
1716 959 1909 1030 digno,

531 1054 764 1109 Indulsit
785 1071 889 1125 pro
920 1060 973 1109 te
995 1070 1142 1108 szevo
1174 1069 1468 1125 scaevoque
1500 1056 1779 1124 tyranno;

526 1147 804 1203 Omnibus
833 1152 1004 1219 atque
1033 1147 1149 1201 suis
1175 1162 1353 1217 regno
1382 1146 1731 1218 privantibus
1757 1147 1948 1218 ipsum

525 1244 666 1296 Tam
693 1241 952 1297 bonitate
978 1240 1176 1311 proba,
1207 1244 1364 1295 tanta
1391 1240 1599 1311 pietate
1627 1242 1893 1312 pepercit.

529 1336 678 1400 Quin
718 1335 982 1406 pervalde
1008 1335 1123 1389 suis
1155 1334 1404 1388 inimicis
1431 1334 1681 1389 maxima
1711 1351 1903 1389 rursus

530 1429 744 1485 Praedia
771 1428 1037 1495 restituit,
1069 1429 1287 1483 donans
1314 1445 1379 1483 ac
1406 1430 1566 1500 plura
1594 1429 1959 1501 quibusdam.

526 1524 669 1586 Quid
696 1526 986 1578 mereatur
1004 1524 1179 1577 herus
1209 1524 1406 1587 sancti,
1441 1523 1738 1595 sapientia,
1769 1526 1978 1578 tantus.

521 1614 737 1671 Judicio
766 1620 961 1671 nostro
990 1616 1209 1688 primus
1236 1632 1353 1687 prie
1381 1616 1613 1687 regibus
1644 1619 1843 1672 exstat.

530 1713 831 1781 Pragmate
856 1726 1030 1782 posco
1060 1710 1174 1782 pio,
1206 1711 1545 1781 populorum
1574 1714 1799 1782 pectora
1826 1711 2035 1784 pando.

530 1806 781 1860 Prmcluo
810 1804 992 1877 prosit
1021 1803 1336 1876 perprobra
1364 1804 1698 1876 proprietas.

2336 1009 2689 1065 Intellectum
2720 1009 2903 1080 effert,
2932 1014 3101 1064 sanat
3122 1011 3179 1065 et
3204 1013 3377 1080 auget
3393 1023 3548 1063 eum.

2264 1102 2514 1173 Denique
2539 1103 2676 1159 dum
2707 1103 2980 1175 superent
3000 1118 3176 1175 gazas,
3203 1102 3340 1157 dum
3365 1102 3524 1173 larga
3544 1101 3786 1167 facultas,

2336 1198 2478 1251 Dum
2505 1197 2729 1267 majora
2752 1196 2961 1265 inhies,
2990 1195 3129 1250 dum
3157 1195 3387 1250 utiliora
3412 1211 3602 1266 roges,

2264 1294 2342 1345 Da
2368 1292 2522 1362 quod
2551 1297 2724 1363 egent
2751 1290 2992 1360 miseris,
3017 1290 3292 1345 miserum
3317 1290 3572 1345 defensio
3606 1290 3727 1357 tito;

2334 1388 2578 1458 Pauper,
2607 1402 2845 1457 egenus,
2862 1374 3039 1457 inops
3063 1388 3119 1440 te
3145 1384 3454 1440 miserante
3478 1384 3631 1439 boet.

2263 1482 2338 1535 Te
2369 1478 2677 1535 miserante
2708 1479 2841 1535 boet
2869 1480 3015 1534 vivat
3039 1478 3364 1551 quicunque
3392 1477 3667 1543 misellus,

2333 1576 2407 1628 Te
2432 1573 2710 1628 auxilium
2739 1573 2865 1628 vitae
2895 1574 3149 1645 postulat
3177 1589 3299 1627 esse
3337 1589 3472 1627 suae.

2268 1669 2395 1723 Esto
2435 1672 2614 1738 pater,
2654 1667 2852 1735 frater,
2881 1673 3082 1735 mater,
3112 1682 3292 1735 soror,
3321 1683 3505 1737 agnus
3534 1667 3807 1738 utrinque,

2187 1739 2240 1808 Β
2335 1760 2620 1817 Debilibus
2646 1778 2793 1832 spes,
2820 1776 2929 1829 res,
2966 1761 3148 1832 gloria
3168 1776 3407 1827 summa,
3439 1759 3580 1814 dies.

2264 1854 2440 1926 Dilige
2465 1854 2767 1925 justitiam,
2794 1854 2949 1909 callis
2980 1855 3286 1910 comitetur
3315 1853 3533 1908 amicus

1294 1942 1396 2005 ΙΙΙ.
2334 1948 2571 2004 Justitiae
2598 1951 2788 2003 tecum
2817 1948 3033 2020 primus
3058 1948 3130 2003 ad
3159 1963 3335 2003 omne
3357 1947 3594 2002 bonum.

548 2054 771 2117 l"ersus
803 2057 871 2117 in
894 2058 1110 2135 fronte
1136 2056 1503 2120 Bibliomm
1529 2058 1748 2119 aureis
1780 2057 2164 2120 characteri-

1825 2057 2167 2120 haracten'.
2266 2043 2479 2110 Exalta,
2503 2042 2684 2109 muni,
2716 2042 2955 2109 custodi,
2999 2041 3218 2113 collige,
3252 2040 3441 2109 lauda,

612 2136 729 2197 [ms
773 2136 1035 2198 exarati
1080 2136 1148 2199 in
1193 2138 1629 2199 vetustissimo
1664 2137 1879 2199 codice
1907 2157 2026 2201 ms.
2067 2139 2162 2200 ὀί-
2337 2136 2592 2191 Sublima
2618 2136 2833 2191 clerum
2853 2153 2957 2190 seu
2981 2151 3250 2192 venerare
3280 2140 3465 2190 tuum.

615 2215 941 2297 biz'othecae
987 2215 1397 2293 Colbertinae,
1450 2217 1568 2297 qui
1601 2217 1735 2296 fuit
1767 2219 1977 2281 sancti
2016 2218 2162 2283 Ste-
2265 2230 2499 2286 Edibus
2527 2234 2583 2285 et
2607 2230 2779 2285 sacris
2810 2229 3045 2285 meritos
3071 2230 3149 2284 sic
3178 2229 3339 2284 defer
3370 2229 3617 2283 honores

602 2296 821 2378 phani
845 2296 1165 2359 Metensis.
1460 2296 1471 2297 ί

2337 2323 2577 2380 Sedibus
2602 2324 2661 2379 in
2681 2324 2891 2379 sanctis
2909 2329 2974 2379 ut
3000 2322 3271 2379 merearis
3292 2338 3481 2394 Opem.

982 2400 1185 2471 [Βθιυῑο
1216 2401 1372 2463 ibid"
1402 2402 1509 2456 οοῘ·
1545 2404 1722 2472 1563-]
2264 2421 2538 2490 Tempore
2564 2418 2869 2485 manduca,
2898 2417 3048 2487 bibe,
3077 2417 3281 2486 dormi,
3316 2432 3509 2487 surge,
3541 2416 3749 2479 labora,

531 2515 650 2567 Rex
678 2512 996 2583 benedicte,
1028 2512 1132 2568 tibi
1173 2512 1298 2568 hazc
1336 2513 1555 2584 placeat
1589 2514 1953 2583 bibliotheca,
1983 2514 2161 2583 Carle,
2337 2513 2481 2567 Sunt
2501 2511 2758 2566 facienda
2788 2511 2903 2565 suis
2934 2511 3130 2566 omnia
3154 2510 3525 2582 temporibus.

603 2609 967 2663 Testamenta
994 2607 1107 2663 duo
1140 2624 1269 2680 quae
1299 2607 1605 2679 relegenda
1634 2607 1798 2680 gerit.
2266 2606 2360 2661 His
2389 2605 2593 2660 habitis
2620 2604 2859 2677 aliisque
2885 2604 3046 2659 bonis
3073 2605 3133 2659 in
3165 2604 3399 2660 nomine
3428 2604 3579 2659 trino

532 2702 659 2756 Fert
703 2702 853 2772 quod
902 2718 1083 2771 amas,
1133 2702 1285 2774 quod
1333 2718 1522 2758 amare
1570 2703 1723 2771 velis,
1758 2703 1911 2773 quod
1951 2702 2165 2757 discere
2336 2697 2787 2770 Cunctipotentis
2814 2698 2937 2752 heri
2965 2714 3096 2753 cum
3125 2697 3333 2752 deitate
3362 2697 3469 2762 sui,

1871 2794 2091 2866 [prosit,
2267 2793 2444 2864 Hujus
2472 2792 2541 2846 ab
2572 2791 2731 2847 initio
2750 2791 2888 2847 tomi
2918 2790 3245 2861 scrutarier,
3271 2806 3395 2859 oro,

602 2888 768 2951 Quod
795 2889 1003 2959 capias,
1039 2892 1250 2957 teneas,
1283 2889 1551 2959 quodque
1578 2890 1909 2960 frequenter
1938 2905 2092 2959 agas.
2340 2887 2472 2957 Ejus
2498 2886 2705 2957 scripta
2728 2885 2823 2958 pia
2846 2888 3058 2956 mente,
3086 2901 3280 2957 opere,
3312 2884 3447 2954 ﬁde,
3476 2902 3599 2940 oro.

531 2980 798 3051 llorrigit,
822 2982 1103 3048 hortatur,
1137 2980 1337 3048 reficit,
1366 2980 1620 3052 castigat,
1651 2982 1931 3049 honestat,
2269 2980 2365 3035 Hic
2398 2981 2544 3048 fons,
2577 2979 2669 3034 hic
2697 2979 2954 3035 doctrina
2982 2984 3204 3051 potens,
3240 2978 3333 3033 hic
3356 2978 3600 3034 ﬂumina
3623 2979 3800 3049 opima

612 3074 834 3147 Arguit,
862 3074 1138 3144 obsecrat,
1174 3074 1448 3147 increpat,
1477 3080 1659 3145 emat,
1692 3075 1810 3131 alit.
2191 3112 2242 3147 ρ
2344 3074 2602 3129 Ecclesiae
2629 3078 2837 3129 sancta:
2864 3072 3193 3128 candidiora
3219 3072 3367 3129 nive.

541 3170 858 3241 Eloquium,
891 3184 1101 3237 mores,
1136 3168 1388 3224 studium
1416 3169 1712 3242 componit
1737 3173 1795 3224 et
1820 3175 2010 3237 actus;
2196 3166 2245 3184 ν
2271 3168 2494 3224 Scilicet
2518 3166 2817 3222 atticanori
2842 3167 3097 3240 quinque
3122 3166 3414 3222 volumina
3442 3167 3619 3237 Moysi

606 3264 812 3335 Estque
839 3263 1018 3333 cibus,
1049 3266 1236 3335 potus,
1266 3279 1489 3333 norma,
1519 3264 1624 3332 via,
1656 3280 1834 3334 arma,
1869 3265 2037 3319 salus.
2336 3264 2361 3317 ,Ι
2370 3265 2537 3317 uncta
2564 3261 2748 3318 nitent
2767 3263 3016 3316 mortem
3042 3260 3195 3315 illius
3218 3276 3402 3332 usque
3419 3266 3646 3315 canant.

534 3357 808 3413 Interiora
834 3358 1079 3413 hominis
1105 3358 1332 3429 promit,
1365 3358 1609 3414 cmlestia
1636 3357 1852 3429 pandit,
2266 3360 2431 3413 Josue
2456 3357 2569 3412 dux
2588 3356 2801 3412 ducens
2830 3355 3122 3427 consurgit
3147 3353 3307 3410 fortis
3326 3354 3386 3410 in
3406 3354 3587 3410 armis

602 3454 768 3523 Aptat
794 3456 1102 3524 utrumque
1134 3451 1239 3506 sibi
1269 3467 1509 3508 munere
1540 3453 1710 3523 plena
1735 3452 1854 3519 Dei,
2339 3454 2401 3507 ln
2427 3450 2668 3523 patriam
2688 3450 2965 3523 populum
2989 3450 3121 3521 jure
3143 3452 3376 3505 tenente
3402 3448 3616 3504 locum.

534 3546 593 3599 Et
624 3562 875 3616 praesens
904 3549 1184 3600 transacta
1212 3545 1380 3611 canit,
1410 3545 1711 3616 praesentia
1734 3550 2075 3601 monstrans.
2271 3545 2557 3618 Septimus
2586 3560 2715 3601 ecce
2747 3544 2913 3600 Liber
2938 3559 3237 3600 censorum
3262 3542 3499 3598 nomina
3527 3542 3677 3597 fatur

607 3638 844 3711 Singula
863 3639 997 3710 jura
1024 3639 1171 3709 silet,
1201 3638 1423 3710 singula
1455 3638 1554 3695 sed
1580 3642 1830 3694 resonat.
2342 3639 2598 3704 Quorum
2628 3638 2866 3695 Hebrtea
2889 3637 2998 3693 fuit
3026 3637 3132 3692 sub
3158 3637 3376 3693 ditione
3400 3652 3626 3692 manus.

534 3731 857 3787 lnstabilem
890 3732 1149 3804 quamvis
1185 3732 1449 3788 stabilem
1490 3736 1618 3804 post
1646 3732 1853 3789 reddet
1881 3738 2170 3789 amantem
2270 3736 2484 3789 Horum
2530 3733 2700 3803 facta,
2740 3748 2941 3804 genus,
2971 3736 3218 3804 tempus,
3251 3731 3394 3795 loca,
3423 3730 3595 3800 bella,
3632 3725 3866 3798 triumphi

606 3826 678 3881 Se
707 3826 751 3880 si
783 3825 854 3881 sit
878 3825 1039 3881 fassis
1066 3826 1291 3882 deditus
1316 3826 1411 3882 ille
1439 3827 1573 3882 suis.
2342 3829 2487 3883 Sunt
2514 3827 2727 3883 inserta
2761 3825 2869 3881 sibi
2900 3825 3091 3881 debito
3119 3826 3342 3881 honore
3370 3824 3476 3880 sui.

536 3961 550 3976 .
596 3962 609 3974 .
660 3962 672 3974 .
721 3964 729 3973 .
778 3963 787 3973 .
838 3962 848 3974 .
887 3938 950 3974 us
977 3923 1040 3975 ut
1068 3937 1264 3976 verum
1304 3921 1501 3975 credat
1543 3921 1698 3992 quod
1726 3922 1979 3977 continet
2002 3938 2171 3977 omne
2272 3920 2505 3977 Femina
2528 3920 2656 3993 quis
2686 3920 2894 3975 sociata
2924 3919 3082 3976 sedet
3108 3919 3261 3975 Ruth
3287 3918 3492 3974 nobilis
3520 3936 3657 3987 una,

609 4014 741 4069 Inde
772 4030 1012 4085 sequens
1040 4014 1157 4068 veri
1186 4032 1314 4086 spes
1346 4015 1442 4070 fiat
1464 4031 1627 4087 aequa
1654 4015 1751 4086 pii.
2344 4016 2526 4080 Quam
2550 4014 2649 4071 Job
2677 4013 2905 4069 eximias
2934 4013 3307 4086 consequitur
3335 4012 3491 4068 fidei.

538 4108 721 4161 Dulcis
752 4124 916 4162 amor
940 4107 1184 4163 nimium
1213 4124 1341 4163 mox
1372 4108 1477 4164 rite
1505 4109 1728 4163 duobus
1758 4110 1818 4164 in
1845 4110 1969 4164 ollis
2274 4111 2429 4164 Hunc
2461 4108 2687 4163 imitare
2713 4107 2916 4176 libens,
2946 4106 3219 4179 quoniam
3247 4106 3529 4179 patientia
3557 4124 3695 4178 pura

600 4201 821 4255 Tertius
848 4202 1097 4267 incedat,
1122 4202 1335 4272 jungat
1361 4205 1419 4256 et
1444 4201 1561 4273 ipse
1592 4202 1717 4256 tria.
2345 4201 2586 4270 Exstitit,
2619 4218 2681 4257 ac
2707 4201 2873 4257 nobis
2902 4217 3115 4274 magna
3145 4201 3329 4273 figura
3352 4200 3484 4257 fuit.

534 4296 657 4349 lam
685 4294 928 4348 subeant
955 4294 1134 4349 menti
1156 4294 1368 4349 fuerint
1391 4311 1519 4366 quae
1542 4295 1710 4349 noxia
1734 4297 1934 4366 culpar,
2272 4298 2547 4361 Quattuor
2573 4299 2630 4351 et
2653 4296 2875 4367 Regum
2904 4294 3062 4350 libris
3089 4294 3180 4350 his
3207 4299 3334 4350 octo
3359 4295 3670 4366 prophetas

606 4390 708 4444 Per
731 4388 1012 4458 lacrymas
1041 4388 1267 4459 genitus
1306 4404 1523 4460 perque
1556 4388 1765 4443 doloris
1790 4406 1952 4460 opus.
2344 4392 2513 4457 Ante,
2536 4388 2741 4462 quibus
2761 4387 2935 4444 David
2954 4388 3221 4461 jungitur
3241 4387 3588 4460 hymniﬁcus
3610 4407 3627 4457 ;

535 4484 623 4539 Sic
654 4482 737 4537 sic
766 4498 897 4537 cum
929 4482 1191 4554 precibus
1219 4485 1513 4555 quaeratur
1534 4482 1718 4553 gratia
1749 4483 1984 4553 Christi,
2195 4487 2253 4559 D
2276 4483 2553 4555 Hymnica
2582 4482 2936 4537 Psalmorum
2968 4481 3174 4537 cecinit
3197 4482 3299 4554 qui
3325 4482 3583 4538 carmina
3614 4479 3784 4543 David,

606 4577 852 4632 Muneris
880 4580 966 4631 est
995 4576 1157 4649 cujus
1183 4576 1461 4649 quidquid
1489 4576 1550 4631 in
1575 4576 1711 4632 orbe
1739 4577 1871 4633 boni
1907 4594 1919 4631 :
2347 4576 2599 4632 Plurima
2625 4575 2694 4631 de
2727 4574 2949 4631 Christo
2978 4575 3216 4647 mystica
3244 4592 3392 4647 saepe
3419 4576 3695 4647 loquens;

539 4671 681 4734 Quid
712 4672 994 4740 volumus,
1036 4671 1300 4742 petimus,
1331 4670 1610 4740 facimus,
1644 4670 1780 4742 quid
1807 4671 2034 4741 scimus,
2076 4673 2172 4726 ha-
2276 4669 2493 4726 Prodiit
2512 4686 2577 4725 ex
2603 4668 2764 4741 cujus
2793 4669 2972 4741 regali
2999 4670 3158 4742 virgo
3188 4670 3360 4725 Maria

1860 4764 2100 4835 [hemus,
2348 4763 2598 4831 Semine,
2627 4779 2755 4835 quae
2784 4763 3007 4834 peperit
3031 4762 3188 4835 virgo
3215 4762 3383 4817 beata
3413 4764 3612 4817 Deum.

610 4856 744 4910 Inde
773 4857 941 4911 datur
969 4859 1172 4912 nostris
1197 4859 1332 4913 utile
1363 4876 1478 4914 non
1506 4858 1746 4926 meritis,
2276 4857 2544 4914 Paciﬁcas
2568 4857 2858 4925 Salomon,
2888 4872 3112 4912 necnon
3144 4855 3437 4928 Sapientia
3459 4856 3641 4927 juxta,

535 4951 644 5003 Aut
672 4965 884 5003 vanum
911 4954 1008 5005 aut
1056 4967 1290 5007 vacuum
1334 4959 1433 5008 aut
1471 4952 1545 5007 nil
1594 4957 1690 5007 aut
1730 4952 2006 5009 laudabile
2049 4970 2174 5008 nus-
2292 5020 2309 5038 1
2347 4952 2567 5008 Tertius
2596 4954 2680 5007 est
2697 4953 2856 5007 Jesus
2882 4951 3246 5006 continuatus
3273 4951 3375 5006 eis.

1913 5046 2105 5119 [quam
2277 5049 2405 5102 Post
2432 5044 2928 5117 Paralipomenon,
2963 5046 3127 5100 Ezras
3153 5060 3403 5117 quoque,
3428 5042 3542 5100 sive
3568 5042 3789 5099 Nemias.

606 5136 847 5208 Spiritus
873 5141 1070 5191 auctor
1108 5154 1283 5208 agens
1303 5140 1391 5194 cui
1418 5140 1524 5195 nisi
1545 5144 1771 5195 sanctus
1797 5144 1903 5197 eat.
2349 5140 2486 5195 Hinc
2516 5142 2695 5207 Ester,
2724 5138 2939 5209 Iudith,
2965 5144 3022 5195 et
3039 5138 3237 5194 Tobias
3258 5137 3479 5195 recinit.

538 5231 662 5295 Quo
691 5232 833 5287 duce
862 5248 953 5285 res
978 5230 1254 5302 adaperta
1284 5238 1442 5303 patet
1477 5251 1606 5305 quae
1627 5236 1815 5291 clausa
1838 5235 2064 5301 latebat,
2278 5235 2490 5306 inclyta
2516 5233 2666 5290 bella
2693 5232 2899 5289 deinde
2930 5235 3129 5288 tonant
3152 5231 3451 5288 Machabea
3474 5230 3752 5305 quondam

606 5325 785 5379 Antea
812 5342 878 5381 eo
904 5330 1045 5381 nutu
1076 5325 1221 5379 hanc
1253 5332 1539 5382 reserante
1573 5344 1705 5383 suo:
2344 5330 2449 5384 Pro
2473 5328 2599 5399 lege
2624 5344 2688 5383 ac
2719 5325 2901 5399 patria
2921 5342 3138 5399 proque
3159 5326 3337 5381 salute
3360 5326 3511 5381 data.

535 5419 675 5473 Cum
702 5436 817 5491 quo
846 5436 1007 5475 mens
1034 5419 1228 5492 pollet,
1271 5419 1392 5475 sine
1438 5438 1550 5493 quo
1597 5422 1936 5478 tenebraseit
1961 5423 2017 5477 in
2050 5440 2170 5477 um-
2277 5424 2404 5479 Haec
2432 5422 2725 5494 Scriptura
2755 5420 2987 5493 quidem
3014 5420 3263 5477 breviter
3280 5422 3599 5477 memorata
3619 5418 3805 5474 vetusta

1946 5516 2104 5586 [hris,
2348 5519 2487 5586 Stat,
2520 5531 2849 5589 quanquam
2879 5516 3102 5572 modico
3130 5514 3513 5588 rusticnloque
3542 5513 3696 5585 stylo.

607 5607 725 5660 Ceu
756 5611 946 5662 careat
964 5609 1085 5665 luce
1108 5610 1194 5664 vel
1222 5608 1455 5665 rationis
1478 5626 1603 5681 ope.
2280 5611 2509 5667 lnitiant
2532 5609 2881 5666 Testamenti
2906 5614 3193 5682 praecepta
3218 5609 3433 5667 Novelli

530 5699 811 5755 Praeterea
839 5718 1047 5773 corpus
1073 5704 1342 5759 minuant
1360 5704 1585 5775 jejunia
1611 5704 1782 5775 digne
2347 5705 2436 5761 Bis
2464 5704 2576 5761 duo
2607 5704 2875 5761 concordi
2903 5703 3120 5761 famine
3147 5704 3497 5771 sanctivomi,

598 5793 757 5846 Casta
788 5797 959 5865 atque
988 5796 1237 5853 excubiae
1268 5797 1446 5855 noctis
1470 5797 1681 5872 ubique
1714 5798 1879 5854 bene.
2275 5800 2590 5868 Matthacus,
2621 5800 2858 5870 Marcus,
2889 5798 3064 5855 Lucas
3086 5799 3379 5872 celsusque
3404 5800 3661 5865 Joannes,
