4092 6192
285 269 407 323 1201

350 382 409 432 In
437 395 610 434 sensu
637 378 805 449 parili
836 379 1045 449 dogma
1075 383 1324 437 tonando
1353 384 1450 439 Dei
1481 402 1493 439 ε

273 475 543 528 Persona
577 489 823 546 quorum
855 472 1042 541 varia,
1072 475 1326 531 doctrina
1357 478 1455 533 sed
1485 495 1621 549 una,

347 570 506 624 Unus
528 568 784 641 utrisque
810 572 993 637 tenor,
1021 585 1139 625 una
1165 572 1450 643 sequenda
1480 573 1585 628 via.

275 662 340 717 Hi
368 662 527 734 quid,
552 663 640 718 vel
668 679 816 735 qua,
845 666 1056 735 quanta
1087 679 1183 720 seu
1211 666 1297 720 vel
1320 665 1564 736 qualiter
1589 668 1706 740 egit

343 759 391 810 A
416 758 580 813 Patre
607 757 960 814 descendens
986 759 1181 825 Natus,
1207 760 1416 832 ubique
1444 761 1673 818 docent.

274 851 415 905 Hinc
446 851 691 907 hominis
716 851 906 924 primo
941 854 1113 909 facies
1143 855 1467 923 ascribitur,
1497 873 1659 911 orsus

344 947 460 1011 Est,
490 946 626 1018 quia
651 950 737 1001 sat
760 948 986 1003 Domini
1014 948 1231 1004 calitus
1261 965 1330 1004 ex
1356 950 1582 1006 Genesi.

272 1041 473 1095 Forma
499 1040 679 1095 leonis
704 1041 855 1097 inest
876 1042 1115 1114 pulchre
1141 1043 1389 1099 formata
1415 1046 1687 1111 secundo,

347 1134 511 1199 Quod
537 1135 728 1207 tetigit
751 1152 884 1192 rura
910 1137 1074 1192 devia
1097 1154 1235 1193 voce
1260 1154 1381 1193 sua.

271 1228 462 1284 Rebus
487 1229 566 1285 ait
594 1230 767 1285 sacris
794 1230 1080 1302 siquidem
1111 1233 1246 1304 quia
1271 1233 1494 1303 tertius,
1524 1235 1653 1290 inde

342 1325 502 1378 Nunc
530 1324 626 1379 olli
651 1324 864 1397 species
895 1324 1249 1397 imprimitur
1276 1328 1437 1382 vituli

268 1418 417 1473 More
446 1418 653 1491 aquila
680 1419 947 1490 quoniam
985 1421 1335 1477 transcendit
1358 1422 1539 1477 sidera
1569 1427 1828 1495 quartus,

337 1511 472 1582 Ejus
498 1512 569 1587 ob
598 1511 655 1567 id
684 1512 974 1583 specimen
1006 1514 1303 1569 stemnatis
1329 1515 1452 1594 ipse
1484 1516 1651 1587 gerit.

269 1604 404 1669 Quis
430 1609 488 1660 et
512 1604 852 1677 apostolicos
880 1607 1053 1661 Lucas
1096 1624 1237 1679 quos
1279 1608 1457 1663 edidit
1482 1610 1653 1664 Actus

336 1698 557 1767 Subdit,
585 1698 683 1754 ubi
712 1702 864 1755 totus
890 1701 1195 1756 instruitur
1219 1704 1481 1774 populus.

265 1792 567 1848 Catholica
593 1794 727 1849 hinc
757 1798 981 1865 septem
1008 1795 1273 1851 redolent
1301 1797 1561 1852 mirabile
1591 1800 1822 1867 charta,

335 1888 566 1942 Format
589 1887 929 1959 apostolicus
954 1906 1095 1960 quas
1122 1892 1413 1961 operando
1449 1894 1646 1963 stylus.

264 1981 358 2036 His
386 1982 609 2037 harent
631 1981 717 2036 bis
744 1984 964 2053 septem
990 1983 1146 2038 Pauli
1182 1984 1393 2056 scripta
1419 1986 1646 2054 deinde,

329 2078 478 2130 Ante
509 2076 706 2148 lupina
734 2077 826 2131 cui
854 2094 981 2146 vox,
1011 2078 1184 2132 modo
1216 2079 1384 2134 ovina
1412 2079 1609 2136 micat.

263 2172 375 2225 Hoc
401 2170 693 2226 concludit
716 2188 859 2243 opus
877 2172 1000 2243 jam
1028 2172 1169 2226 visio
1196 2176 1387 2228 sancta
1412 2175 1663 2243 Joannis,

336 2264 482 2319 Visio
508 2269 700 2320 sancta
728 2265 862 2320 satis
891 2282 954 2320 ac
985 2268 1360 2322 memoranda
1388 2268 1577 2323 nimis.

262 2361 389 2414 Hac
420 2375 568 2415 nova
591 2358 698 2415 rite
723 2359 858 2414 cluit
887 2358 1057 2414 series
1086 2360 1388 2431 subjuncta
1428 2362 1622 2433 priori,

333 2453 542 2508 Umbra
562 2453 721 2525 prior
744 2469 993 2525 quarum
1024 2470 1306 2527 causaque
1340 2457 1642 2527 posterior.

264 2549 412 2619 Ergo
440 2547 545 2603 iter
572 2551 660 2603 est
684 2548 893 2620 duplex
922 2548 1222 2620 utriusque
1248 2548 1481 2605 effectus
1513 2552 1572 2604 in
1602 2568 1715 2606 uno

333 2642 453 2706 Quo
479 2640 765 2697 tribuente
789 2642 954 2698 datur
981 2642 1199 2698 scansio
1231 2644 1382 2698 celsa
1406 2643 1525 2714 poli
1557 2661 1569 2698 :

266 2735 361 2790 Hic
388 2736 522 2807 quia
551 2734 760 2790 divitia
790 2740 1021 2791 aterna
1046 2735 1239 2792 vitalia
1266 2752 1463 2792 mense
1572 2712 1592 2732 ’

334 2830 579 2902 lmplent
606 2829 840 2884 omnino
868 2835 1098 2886 nectare
1129 2833 1442 2901 perpetuo;

264 2925 383 2992 Hic,
412 2922 691 2995 paradise,
721 2926 855 2978 tuus
882 2922 1059 2979 nitida
1086 2923 1309 2979 ratione
1339 2925 1577 2995 patescit

334 3017 699 3073 Multimodus
723 3017 941 3073 fructus
972 3016 1399 3089 melliferaxque
1428 3019 1601 3072 locus.

263 3112 361 3166 Hic
391 3110 587 3165 sitiens
620 3115 840 3183 potum,
868 3110 1121 3165 esuriens
1145 3127 1376 3183 panem,
1403 3112 1604 3166 anxius
1629 3128 1789 3184 aque

336 3204 614 3260 Latitiam
653 3204 924 3273 inveniet,
955 3206 1118 3260 latus
1145 3209 1200 3259 et
1227 3204 1361 3259 inde
1387 3203 1503 3259 ﬁet.

264 3300 391 3353 Hac
416 3302 606 3353 tamen
632 3299 691 3353 in
719 3299 830 3353 hoc
856 3299 1080 3353 mortali
1108 3298 1246 3353 dum
1277 3314 1514 3370 corpore
1538 3298 1792 3371 quisquis

337 3392 500 3463 Degit
536 3374 823 3463 habetque
852 3392 1055 3463 magis,
1084 3391 1210 3462 plus
1239 3391 1310 3446 ab
1337 3407 1534 3448 amore
1563 3392 1714 3447 velit.

264 3485 354 3540 Sic
378 3486 425 3540 si
454 3485 612 3557 ligna
639 3484 824 3555 magis
850 3485 1077 3551 dentur,
1108 3484 1290 3556 magis
1317 3488 1518 3540 astuat
1546 3484 1714 3556 ignis.

334 3579 425 3634 Sic
454 3596 620 3651 mage
647 3579 781 3634 vina
806 3579 927 3634 sitit
956 3582 1125 3651 prout
1152 3594 1315 3648 mage
1342 3579 1585 3651 quisque
1625 3580 1783 3635 bibit.

262 3675 405 3728 Cum
428 3689 565 3727 vero
593 3688 722 3743 spes
748 3689 840 3727 res
867 3672 1056 3740 fuerit,
1089 3676 1225 3727 tunc
1251 3671 1495 3743 pleniter
1520 3672 1730 3728 horum

334 3768 537 3822 Plenus
565 3770 791 3822 amator
817 3766 944 3833 erit,
966 3767 1088 3837 jam
1114 3766 1350 3820 satiatus
1378 3782 1499 3820 ero.

263 3862 346 3916 Ad
373 3860 528 3932 quod
553 3860 677 3915 hac
703 3860 925 3928 domus,
954 3860 1075 3914 hac
1102 3859 1382 3927 doctrina,
1414 3860 1534 3915 hac
1562 3861 1761 3915 semita
1784 3865 1903 3915 tan—

1690 3953 1829 4025 [tum

331 4050 483 4105 Mens
511 4050 679 4105 instet
708 4065 839 4105 vere
870 4049 974 4104 sub
1015 4048 1242 4103 deitatis
1269 4066 1395 4119 ope.

265 4144 321 4198 In
348 4143 613 4216 physicis,
646 4142 863 4215 logicis,
894 4142 1071 4197 etiam
1112 4141 1420 4195 moralibus
1451 4142 1613 4197 isthic

335 4238 541 4293 Omnia
566 4241 717 4307 sunt,
746 4236 941 4305 lector,
974 4235 1035 4290 in
1064 4235 1336 4290 brevitate
1362 4234 1482 4291 tibi.

265 4332 360 4386 llic
398 4332 490 4386 hic
516 4335 841 4402 argentum,
870 4345 1096 4397 aurum,
1127 4344 1395 4399 gemma,
1426 4330 1669 4395 vascula,
1698 4334 1897 4398 vestes,

336 4427 403 4479 Et
428 4424 707 4496 quidquid
735 4428 905 4480 terrae
935 4423 1121 4477 carius
1148 4438 1270 4477 esse
1297 4422 1461 4477 valet.

266 4519 361 4573 Hic
393 4521 451 4573 et
474 4519 564 4574 lex
599 4516 866 4589 pretiosa.
900 4516 1048 4571 Nihil
1078 4516 1362 4588 pretiosus
1394 4515 1489 4569 illa

334 4615 447 4667 Aut
476 4616 581 4681 est,
611 4616 712 4667 aut
736 4611 907 4682 viget,
938 4613 1036 4665 aut
1070 4609 1235 4677 ridet,
1270 4610 1451 4665 oletve
1485 4625 1656 4664 sacre.

261 4707 417 4761 .lusta
438 4705 669 4776 jubens,
698 4704 912 4775 injusta
938 4708 1155 4773 vetans,
1186 4704 1339 4758 mala
1364 4706 1567 4761 cuncta
1594 4702 1893 4773 repellens,

334 4802 611 4858 Omnibus
639 4796 813 4874 inque
838 4801 1004 4857 bonis
1032 4800 1325 4857 nobilitate
1360 4805 1579 4871 potens.

262 4896 597 4963 Discidium,
627 4897 806 4966 furor,
840 4896 942 4965 ira,
977 4895 1162 4962 dolus,
1200 4893 1503 4960 discordia,
1536 4893 1659 4947 rixa

334 4989 583 5045 Concilio
616 4990 781 5062 Legis
808 4990 980 5061 hujus
1010 4988 1169 5059 obire
1200 4992 1441 5060 queunt.

262 5084 464 5139 Erudit
490 5083 762 5152 indoctos,
793 5083 1070 5156 quosdam
1100 5082 1449 5154 sapientibus
1478 5096 1729 5152 aquans,

336 5178 655 5234 Contribuit
681 5178 887 5233 mediis
914 5177 1128 5248 dogma
1156 5175 1355 5231 salutis
1381 5176 1480 5229 ita.

260 5273 461 5344 Magna
486 5271 632 5343 pluit
654 5270 903 5342 magnis,
933 5270 1185 5342 disponit
1218 5268 1453 5341 parvula
1476 5268 1678 5341 parvis.

336 5366 429 5420 Est
456 5365 515 5421 in
540 5371 783 5438 utroque
811 5366 989 5436 stylus
1009 5362 1249 5434 justitia
1275 5362 1511 5418 validus.

263 5458 532 5515 Notitiam
556 5461 684 5515 Jesu
710 5458 930 5532 prabet
955 5457 1229 5513 confessio
1254 5456 1487 5511 munda.

336 5554 526 5609 Exstat
549 5569 614 5608 ea
643 5570 715 5609 en
737 5551 956 5608 homini
983 5551 1069 5606 lex
1090 5550 1421 5605 veneranda
1446 5548 1572 5604 sibi.

264 5648 457 5703 Exstat
486 5664 551 5701 ea
577 5664 648 5703 en
686 5645 908 5702 homini
934 5645 1128 5700 lumen
1157 5659 1259 5715 per
1283 5642 1533 5714 compita
1558 5642 1757 5697 mundi

332 5740 586 5796 Terribili
612 5758 745 5795 voce
772 5742 868 5796 lux
897 5743 955 5795 et
985 5738 1144 5810 origo
1173 5736 1280 5791 sui.

264 5833 494 5889 Artibus
519 5833 783 5905 ingenuis
812 5832 1088 5905 pracellit
1126 5829 1355 5901 dignius
1383 5827 1503 5885 ista.

1535 277 1658 329 .EVI
1699 276 2011 333 CAROLINI
2051 280 2372 335 CARMINA.

3510 289 3639 343 1202

1930 399 1987 472 Α
2078 390 2200 456 Ars,
2234 405 2463 459 genere,
2499 390 2748 462 eloquio,
2779 391 2851 458 vi,
2887 391 3129 462 ratione,
3160 393 3301 448 vice.

2012 480 2157 537 Utile
2179 482 2293 537 sive
2324 483 2532 540 decens
2561 501 2786 540 necnon
2810 487 3147 559 perstringit
3170 488 3494 545 honestum.

2080 575 2307 645 lmbuit,
2341 581 2597 645 exornat,
2632 578 2882 646 instruit,
2910 584 3120 648 armat,
3149 584 3322 636 amat.

2009 670 2137 725 Hac
2162 670 2347 742 aperit
2374 674 2527 727 totus
2552 676 2851 744 postquam
2881 674 3186 730 mutaverit
3209 675 3359 730 orbis

2080 763 2224 828 Quid
2252 764 2325 819 sit
2346 763 2424 819 ibi
2456 765 2699 821 Ecclesia
2724 782 2857 821 mox
2883 768 3139 823 reditura
3161 768 3338 825 citim.

2006 858 2203 913 Terret
2228 857 2310 912 ibi
2334 859 2549 930 plures,
2581 861 2861 931 quosdam
2884 862 3170 918 demulcet
3199 868 3258 919 et
3280 862 3393 918 illic

2080 951 2210 1007 Fixa
2242 951 2434 1007 futura
2469 957 2671 1008 notans
2699 972 2803 1010 nec
2832 955 3085 1011 dubitate
3116 956 3374 1028 quidem.

2006 1048 2152 1101 Ante
2177 1049 2372 1101 tamen
2402 1049 2622 1102 reserat
2652 1048 2802 1103 clare
2835 1048 3149 1120 primordia
3178 1050 3380 1118 cosmi,

2077 1140 2145 1194 Et
2168 1155 2270 1210 per
2296 1155 2471 1211 quam
2507 1140 2659 1195 illius
2687 1157 2806 1196 esse
2831 1142 2938 1198 fuit
2963 1143 3246 1215 sophiam.

2006 1235 2065 1288 In
2098 1233 2300 1305 primis
2326 1234 2451 1289 cali
2490 1238 2770 1307 terraque
2800 1237 3085 1308 marisque
3115 1240 3354 1305 creator,

2074 1327 2253 1399 Ipsius
2282 1333 2341 1383 et
2368 1329 2561 1395 Natus,
2592 1329 2835 1401 Spiritus
2867 1335 3040 1402 atque
3066 1332 3247 1403 agius.

2004 1421 2181 1493 Hujus
2212 1422 2284 1477 ab
2315 1438 2484 1478 amne
2510 1422 2638 1478 ﬂuit
2666 1423 2861 1479 divina
2888 1424 3119 1481 scientia
3148 1426 3281 1491 late,

2072 1515 2344 1571 Mundum
2370 1516 2656 1587 pestiferis
2683 1517 3000 1588 exspolians
3042 1519 3317 1586 tenebris,

2004 1609 2244 1681 Quoque
2269 1609 2441 1664 modo
2472 1610 2729 1682 quisquis
2757 1614 2955 1666 caveat
2976 1612 3232 1667 munitus
3260 1613 3332 1669 ab
3361 1613 3536 1668 armis

2074 1702 2255 1759 Hostis
2279 1703 2527 1775 perversi
2555 1705 2664 1758 tela
2688 1703 2917 1759 inimica
2945 1705 3134 1760 nimis.

1920 1774 1976 1847 Β
2002 1774 2377 1861 Quadrivium
2412 1796 2599 1868 gignit
2628 1797 2848 1853 virtutis
2875 1798 3063 1855 nobile
3090 1816 3250 1868 sane,

2072 1891 2451 1963 Terrigenum
2497 1891 2674 1946 mittit
2710 1908 2813 1963 per
2840 1892 2995 1963 quod
3022 1893 3081 1947 in
3112 1896 3263 1948 astra
3292 1910 3492 1963 genus.

2002 1986 2131 2039 Hac
2159 2001 2327 2056 quam
2360 1984 2661 2056 multiplici
2689 2001 2953 2042 sermone
2978 1986 3225 2042 salubria
3251 2003 3474 2059 semper

2071 2078 2319 2135 Attrahit
2350 2083 2521 2151 atque
2544 2084 2760 2150 monet,
2783 2080 2900 2135 sive
2925 2081 3216 2137 monendo
3236 2081 3422 2153 jubet.

2000 2173 2129 2227 Hac
2147 2173 2337 2243 jubet,
2367 2176 2489 2228 atra
2513 2173 2693 2255 fugat,
2726 2173 2931 2229 dehinc
2961 2174 3189 2230 fallacia
3214 2175 3395 2247 pellit,

2071 2268 2212 2322 Vera
2237 2283 2488 2338 superna
2520 2267 2678 2339 cupit
2717 2285 2730 2321 :
2761 2269 2882 2322 hac
2920 2268 3073 2338 facit,
3106 2269 3203 2323 illa
3228 2268 3392 2340 fugit.

1999 2360 2168 2415 Exsul
2194 2360 2264 2415 ab
2294 2360 2489 2416 exsilio
2514 2361 2757 2433 dapibus
2784 2362 3001 2417 solatur
3027 2362 3252 2433 opimis,

2067 2456 2209 2511 Cum
2234 2453 2376 2526 legit
2406 2460 2504 2509 aut
2535 2455 2759 2526 relegit,
2793 2471 3038 2527 cumque
3070 2457 3283 2511 reiecta
3309 2457 3470 2528 sapit.

1998 2548 2126 2602 Hac
2152 2548 2307 2602 mala
2334 2548 2442 2603 vile
2468 2548 2625 2602 vehit
2648 2548 2910 2603 coeuntia
2940 2549 3213 2621 temporis
3245 2550 3435 2619 hujus,

2068 2642 2178 2695 Nec
2205 2641 2384 2713 digna
2413 2643 2643 2697 aternis
2671 2642 2919 2697 astimat
2944 2658 3065 2698 esse
3090 2643 3274 2711 bonis,

1997 2737 2110 2789 Aut
2140 2751 2208 2790 ea
2233 2751 2405 2790 cerne
2433 2735 2613 2803 timet,
2638 2739 2861 2791 tantum
2883 2736 3157 2791 formidat
3179 2753 3351 2792 am..a

2066 2830 2352 2893 Quantum
2375 2844 2448 2884 ne
2482 2845 2600 2885 non
2626 2829 2701 2884 sit
2726 2829 2961 2885 coetibus
2986 2830 3047 2884 in
3079 2831 3318 2902 superis.

1996 2922 2093 2977 Hic
2118 2922 2396 2977 Dominus
2421 2922 2696 2993 loquitur,
2726 2923 2817 2977 hic
2844 2939 2950 2977 nos
2971 2923 3025 2977 ei
3051 2924 3219 2979 corde
3244 2924 3563 2996 loquamur,

2067 3016 2191 3081 Quo
2222 3016 2303 3071 nil
2330 3016 2516 3087 majus
2540 3014 2678 3083 adit,
2709 3016 2788 3070 nil
2817 3017 2904 3071 vel
2927 3015 3086 3071 adire
3116 3021 3318 3087 potest.

1915 3147 1971 3221 Ο
1994 3109 2255 3182 Quisquis
2298 3126 2357 3165 es
2386 3109 2698 3164 instructus
2726 3110 3033 3165 mundanis
3065 3110 3256 3166 usibus
3283 3111 3455 3175 hisce,

2069 3202 2207 3268 Quis
2232 3203 2504 3258 Salomon
2537 3202 2741 3274 opibus
2769 3203 2939 3257 ditior
2966 3204 3219 3273 emicuit,

1998 3298 2107 3352 Hoc
2134 3312 2397 3351 concessa
2424 3295 2516 3351 cui
2543 3293 2698 3350 dives
2726 3295 3006 3366 sapientia
3033 3296 3184 3361 fecit,

2070 3389 2321 3461 Regibus
2346 3405 2412 3443 ac
2438 3389 2655 3444 cunctis
2679 3389 2833 3443 hunc
2861 3405 2931 3446 ea
2956 3390 3288 3460 praposuit.

1998 3484 2077 3538 Tu
2103 3498 2332 3554 quoque
2363 3482 2461 3554 qui
2483 3498 2543 3537 es
2569 3480 2824 3548 humilis,
2846 3482 3119 3553 prudens,
3145 3482 3388 3538 intentio
3418 3487 3632 3549 sancta,

2070 3577 2135 3631 Se
2166 3579 2400 3647 propter
2436 3575 2699 3646 sophiam
2735 3574 2935 3647 dilige,
2966 3591 3155 3646 posce,
3187 3591 3348 3647 cape.

1999 3674 2204 3725 Annon
2236 3670 2364 3741 plus
2395 3669 2451 3724 id
2478 3685 2581 3740 pro
2609 3685 2725 3740 quo
2751 3668 2906 3723 aliud
2924 3669 2997 3723 sit
3017 3686 3189 3742 quam
3220 3670 3366 3725 actio
3393 3686 3522 3742 qua
3545 3670 3632 3724 sit.

2072 3762 2144 3836 se
2170 3767 2368 3819 tamen
2399 3762 2522 3816 hac
2549 3762 2748 3833 sophia
2774 3762 2900 3833 plus
2925 3778 3029 3818 nec
3059 3762 3268 3818 habere
3294 3764 3456 3835 quiit.

2000 3859 2150 3929 Ergo
2178 3856 2320 3912 Deus
2360 3855 2563 3933 trinus,
2598 3872 2727 3927 pax,
2759 3872 2855 3911 seu
2882 3856 3164 3928 sapientia
3197 3874 3350 3925 vera,

2070 3951 2223 4006 Ultra
2253 3966 2368 4005 non
2396 3950 2542 4017 laus,
2564 3966 2670 4005 nec
2697 3950 3025 4005 versiﬁcalis
3054 3967 3219 4022 apex.

2003 4044 2141 4099 Huic
2171 4044 2332 4115 operi
2361 4059 2576 4115 magno
2601 4044 2829 4115 magnis
2847 4046 2904 4097 te
2934 4043 3150 4099 nisibus
3172 4049 3352 4116 aptas,

2072 4138 2284 4211 lnclyte
2316 4154 2419 4194 rex
2443 4137 2656 4204 Carole,
2690 4138 2905 4192 lumine
2934 4138 3106 4193 chare
3134 4154 3324 4210 mage,

2001 4235 2072 4288 Es
2100 4233 2368 4305 splendor
2395 4231 2614 4304 populi,
2645 4230 2739 4285 lux
2766 4230 2991 4301 mundi,
3022 4231 3204 4303 gloria
3237 4232 3419 4303 regni,

2072 4328 2140 4382 Et
2164 4326 2413 4382 bonitate
2446 4325 2620 4397 prior,
2651 4340 2754 4380 nec
2784 4324 2997 4396 pietate
3034 4326 3245 4395 minor,

2002 4422 2161 4475 Nunc
2187 4420 2358 4475 etiam
2382 4419 2603 4475 cunctis
2630 4419 2901 4490 praelatus
2933 4419 3144 4489 justius
3169 4420 3318 4473 alme

1920 4518 1979 4591 Ι)
2072 4515 2135 4566 In
2166 4528 2378 4584 genere
2403 4512 2655 4566 humano
2686 4512 2835 4579 nisu,
2867 4526 3058 4582 opere,
3091 4515 3233 4579 arte,
3261 4511 3390 4566 ﬁde.

1998 4606 2061 4660 Vi
2088 4604 2284 4674 David,
2312 4605 2606 4661 intellectu
2638 4604 2904 4659 Salomon
2933 4603 3253 4672 benedicto,

2066 4701 2127 4754 In
2156 4698 2344 4770 specie
2381 4698 2611 4769 Joseph,
2637 4714 2735 4769 spe
2765 4697 3141 4769 induperator
3169 4714 3357 4751 ovans.

1997 4793 2102 4857 Qui
2128 4809 2308 4861 mare,
2341 4792 2439 4864 qui
2463 4797 2696 4858 terrain,
2726 4791 2827 4863 qui
2856 4794 3035 4846 totum
3064 4791 3315 4846 continet
3342 4791 3561 4858 orbem,

2068 4887 2144 4941 Te
2164 4887 2482 4954 conservet,
2511 4891 2687 4953 amet,
2716 4884 2884 4939 ducat
2913 4876 3169 4955 adusque
3200 4885 3420 4955 polum.

2000 4980 2080 5035 Sit
2110 4979 2210 5035 tibi
2237 4980 2441 5048 honor,
2472 4996 2599 5050 pax,
2631 4978 2796 5044 ordo,
2825 4978 3015 5048 decus,
3044 4978 3341 5049 patientia,
3369 4995 3631 5051 regnum,

2071 5072 2423 5145 Prosperitas
2452 5072 2657 5139 omnis,
2691 5075 2749 5127 et
2774 5071 2895 5127 sine
2923 5071 3038 5126 fine
3063 5073 3202 5128 vale.

2408 5225 2471 5277 In
2497 5225 2678 5289 fronte
2704 5223 2842 5279 Novi
2877 5224 3219 5278 Testamenta

2004 5357 2228 5413 Exsulta
2256 5359 2445 5411 [atare
2473 5356 2627 5424 satis,
2656 5373 2752 5413 rex
2794 5358 3002 5429 inclyte
3040 5354 3207 5411 David

2072 5449 2302 5522 Egregii
2331 5450 2443 5504 voti
2470 5466 2706 5522 compos
2734 5451 2945 5522 ubiquc
2975 5449 3076 5504 tui.

2000 5545 2159 5599 Carle
2190 5544 2362 5600 decus
2386 5544 2575 5615 regni,
2603 5544 2698 5599 fax
2734 5542 2928 5609 cosmi,
2963 5540 3142 5612 gloria
3171 5540 3325 5607 cleri,

2072 5638 2332 5694 Ecclesia
2358 5637 2546 5693 fautor
2574 5636 2907 5706 militiaque
2938 5634 3129 5689 decor.

2001 5734 2083 5789 En
2104 5732 2223 5802 jam
2251 5731 2392 5787 lecta
2423 5730 2526 5786 tibi
2554 5728 2729 5785 series
2757 5730 3043 5783 transacta
3070 5730 3308 5795 vetusta,

2073 5825 2185 5881 Sed
2212 5841 2355 5880 nova
2380 5824 2486 5881 rite
2521 5838 2764 5896 sequens
2795 5821 2902 5876 ista
2930 5821 3175 5894 legenda
3200 5824 3375 5894 patet.
