4092 6192
487 280 613 334 1203

479 387 648 457 Cujus
674 385 732 438 in
758 383 918 438 initio
943 383 1093 436 clare
1120 380 1435 453 primordia
1460 381 1610 435 clara

550 479 847 534 Matthteus
874 475 1096 530 Domini
1123 475 1371 530 concinit
1401 491 1470 531 ex
1498 475 1717 530 Genesi.

478 577 587 628 Ceu
617 573 708 626 leo
735 587 838 642 per
866 571 1108 635 deserta,
1141 569 1334 624 fremit
1361 570 1587 624 deserta
1617 569 1894 625 minando

549 670 666 721 Vox
693 670 811 734 tua,
838 666 1041 733 Marce,
1076 681 1176 720 suo
1200 665 1340 719 fulta
1369 679 1621 735 perenne
1650 664 1787 718 Deo.

481 761 707 833 Mystica
738 776 895 815 sacra
920 775 1093 815 sacra:
1119 764 1305 831 partes
1327 775 1432 830 per
1452 761 1725 830 quattuor
1751 757 1901 812 orbis

555 857 683 911 Fert
708 855 959 910 studium
985 855 1147 909 Lucae
1175 853 1315 908 lucis
1343 853 1412 908 ab
1435 869 1563 908 arce
1590 853 1719 923 pice.

479 951 560 1004 Ad
593 950 859 1004 Genitum
886 949 1066 1004 Patris
1095 963 1266 1020 super
1292 948 1528 1015 aethera,
1565 946 1710 1002 celse
1745 948 2006 1010 Joannes,

553 1043 806 1112 Scandis,
836 1047 892 1098 et
918 1059 983 1098 ex
1009 1042 1190 1098 Verbo
1217 1041 1393 1096 verba
1424 1041 1659 1096 colenda
1689 1040 1860 1096 canis.

482 1137 683 1192 Eximii
711 1138 770 1192 hi
789 1138 1015 1209 jaciunt
1039 1137 1147 1191 late
1177 1136 1448 1207 mysteria
1478 1135 1706 1205 Christi,

552 1234 612 1287 In
641 1249 810 1286 sensu
840 1231 1006 1303 parili
1038 1230 1494 1301 conveniuntque
1526 1229 1651 1284 sibi.

485 1327 680 1381 Plusve
702 1325 958 1380 minusve
970 1326 1058 1380 vel
1073 1340 1236 1395 aequa
1255 1324 1450 1392 boant,
1467 1340 1567 1377 sua
1584 1323 1772 1395 sicque
1791 1323 2112 1380 dehiscunt.

554 1423 819 1476 Attamen
845 1420 1073 1475 effectus
1104 1435 1254 1473 unus
1281 1418 1553 1490 utrinque
1582 1434 1775 1472 novus.

485 1516 598 1569 Hoc
627 1514 1000 1585 Evangelium
1027 1518 1208 1580 sanat,
1242 1512 1552 1579 blanditur,
1587 1513 1845 1581 honorat,

556 1608 823 1680 Castigat,
852 1608 1052 1676 reﬁcit,
1083 1607 1292 1673 munit,
1321 1608 1606 1676 honestat,
1638 1607 1755 1661 alit.

487 1703 581 1757 Hic
613 1703 816 1757 modus
854 1701 1082 1772 effandi,
1111 1701 1202 1756 hic
1236 1701 1434 1768 virtus,
1465 1700 1555 1755 hic
1588 1701 1734 1756 actio
1765 1701 2005 1769 munda,

557 1796 654 1850 Hie
679 1796 854 1865 cibus,
884 1797 977 1851 hic
1003 1800 1192 1867 potus,
1221 1795 1312 1850 hic
1341 1795 1641 1850 benedicta
1668 1796 1836 1850 salus.

489 1892 581 1946 Hic
609 1891 736 1958 vita,
767 1890 1029 1959 charitas,
1058 1891 1168 1959 via,
1197 1906 1345 1961 spes,
1372 1905 1703 1962 verumque,
1733 1891 2008 1962 ﬁdesque,

555 1986 663 2041 Seu
694 1985 843 2040 bona
867 1988 1068 2040 cuncta
1087 1985 1255 2039 simul
1281 1984 1601 2039 consociata
1626 1985 1840 2055 vigent.

487 2081 580 2135 His
605 2095 859 2134 assuesce
890 2079 1007 2147 diu,
1041 2080 1164 2134 haec
1194 2079 1487 2145 meditare,
1513 2079 1631 2133 haec
1668 2078 1860 2150 dilige,
1895 2079 2008 2133 sive

556 2177 616 2229 In
645 2189 904 2228 sermone
932 2189 1105 2244 opere
1137 2173 1257 2226 haec
1284 2171 1542 2226 habitare
1573 2172 1756 2226 stude.

491 2271 606 2324 Rex
630 2268 802 2336 bone,
836 2283 936 2322 rex
963 2266 1204 2338 sapiens,
1230 2282 1330 2320 rex
1362 2266 1632 2336 prudens,
1661 2282 1760 2321 rex
1779 2265 2116 2336 venerande,

557 2363 671 2416 Rex
700 2362 896 2417 Carole
923 2362 1094 2429 alme,
1122 2361 1244 2415 vale
1273 2377 1402 2414 cum
1444 2359 1676 2432 pietatis
1706 2377 1832 2432 ope.

487 2459 589 2512 Det
615 2455 714 2510 tibi
746 2459 965 2526 sceptra
986 2455 1167 2527 patris
1191 2456 1368 2523 Jesus,
1402 2453 1716 2524 conﬁrmet,
1746 2455 1976 2524 adunet,

558 2551 796 2606 Praemia
823 2553 1151 2606 sanctorum
1177 2555 1240 2604 ut
1267 2549 1559 2604 merearis.
1589 2550 1794 2604 Amen.

992 2715 1020 2736 ·’
1082 2704 1143 2755 1η
1173 2704 1277 2770 ﬁne
1304 2701 1521 2755 codicis.

489 2839 531 2890 Ο
566 2839 756 2904 decus,
787 2853 819 2890 ο
848 2835 1174 2890 veneranda
1202 2835 1369 2900 salus,
1400 2853 1431 2888 0
1461 2835 1758 2905 splendide
1793 2833 1988 2901 David,

558 2933 671 2985 Rex
699 2929 898 2984 Carole
924 2929 1069 2982 alme
1101 2929 1230 2997 vige
1270 2927 1714 2997 cunctipotentis
1741 2942 1867 2998 Ope.

488 3023 694 3090 Gloria,
722 3022 866 3088 laus,
892 3021 1093 3089 honor,
1117 3037 1287 3074 omne
1316 3020 1541 3088 decens,
1564 3020 1850 3074 miseratio
1871 3019 2122 3076 clemens

558 3117 743 3172 Pictus
771 3132 830 3170 es
865 3114 956 3168 hic
982 3113 1168 3168 studio
1198 3113 1334 3168 artis
1362 3114 1431 3167 ab
1461 3113 1690 3169 eximio.

487 3212 594 3266 Sed
624 3210 758 3282 quia
786 3214 904 3264 tam
932 3209 1055 3263 haec
1080 3209 1317 3263 rutilans
1343 3207 1559 3279 species
1599 3209 1642 3263 it
1665 3206 1890 3263 nonnisi
1919 3207 2051 3263 fecit

560 3306 701 3358 Vera
726 3303 810 3359 tui
834 3302 1022 3358 omnis
1052 3301 1140 3357 cui
1173 3301 1320 3357 cedit
1347 3302 1540 3372 imago
1566 3302 1694 3370 viri,

486 3401 556 3453 Es
586 3398 745 3470 prior
772 3396 982 3468 effigie,
1015 3412 1184 3450 sensu
1210 3394 1387 3466 prior,
1418 3395 1654 3466 artibus,
1690 3395 1812 3450 odis
1840 3413 1852 3449 :

559 3492 652 3546 His
671 3490 830 3562 prior
856 3493 954 3545 aut
978 3489 1105 3559 illis,
1135 3493 1307 3544 restat
1333 3489 1394 3543 in
1422 3489 1724 3560 ambiguis.

488 3589 554 3641 Et
582 3587 730 3641 bene
755 3587 913 3656 grata
937 3585 1052 3639 tuis
1077 3584 1198 3638 haec
1230 3583 1531 3653 ignoratio,
1565 3583 1758 3650 David,

559 3681 760 3750 Fulget
783 3678 995 3750 ubique
1026 3678 1183 3732 locus
1220 3677 1428 3732 laetitiae
1460 3677 1687 3732 nimius.

489 3777 613 3830 Fert
641 3777 698 3828 et
727 3772 808 3828 eis
835 3771 1134 3827 manifeste
1163 3773 1317 3843 quod
1345 3772 1418 3826 sis
1446 3772 1626 3842 major
1652 3772 1924 3843 utrinque

559 3868 768 3939 Magnis
803 3867 863 3921 in
889 3866 1111 3922 cunctis
1139 3866 1402 3921 omnibus
1430 3865 1569 3920 orbe
1591 3866 1745 3922 viris.

488 3965 639 4017 Justa
657 3961 847 4032 jubes,
879 3960 1086 4032 injusta
1119 3965 1293 4028 vetas,
1325 3961 1473 4014 mala
1503 3963 1702 4015 cuncta
1728 3959 1932 4015 recidis
1964 3976 1975 4012 :

559 4054 727 4110 Dictis
753 4070 853 4110 seu
878 4054 1040 4109 factis
1067 4053 1114 4108 is
1139 4053 1227 4108 via
1253 4059 1450 4109 sancta
1487 4053 1615 4108 tuis.

490 4151 626 4215 Quae
677 4147 835 4204 canis
885 4148 1004 4220 ipse
1054 4148 1210 4218 facis,
1266 4163 1453 4220 neque
1496 4147 1555 4203 in
1613 4148 1703 4204 his
1753 4146 2123 4219 reprehensio

1891 4240 2120 4311 [sordet,

561 4339 673 4391 Aut
697 4337 756 4392 in
789 4340 1027 4407 utroque
1055 4335 1164 4389 nisi
1192 4336 1334 4390 actio
1366 4336 1660 4406 pura.Dei.

494 4431 749 4488 Ecclesiae
776 4430 987 4499 fautor,
1016 4428 1183 4483 cleris
1213 4428 1550 4501 populisque
1579 4429 1841 4484 levamen

564 4525 986 4596 Ordinibusque
1013 4523 1187 4579 sacris
1219 4539 1394 4596 quam
1426 4539 1588 4578 sacer
1617 4523 1754 4579 ordo
1782 4523 1939 4578 satis.

496 4625 596 4678 Per
625 4624 680 4677 te
711 4618 1009 4693 pontiﬁces
1036 4633 1243 4690 pueros
1271 4633 1401 4672 cum
1431 4617 1735 4672 chrismate
1764 4622 1956 4673 sancto

564 4715 799 4770 Nomine
827 4714 898 4770 de
926 4712 1134 4770 Christi
1161 4712 1268 4766 rite
1312 4727 1524 4768 novare
1556 4715 1807 4784 queunt;

499 4807 634 4872 Quis
660 4808 864 4863 tribuis
895 4807 1128 4863 meritos
1166 4806 1374 4862 merito
1418 4805 1642 4864 deitatis
1681 4807 1950 4872 honores,

568 4904 716 4958 Dum
746 4906 803 4957 te
846 4901 1036 4956 subdis
1064 4902 1147 4957 eis
1173 4901 1368 4969 corde,
1403 4917 1594 4973 opere,
1631 4917 1748 4970 ore,
1782 4900 1912 4955 fide.

500 4996 615 5052 Scis
639 4995 770 5052 ideo
801 5012 990 5050 servas
1015 4995 1168 5068 quod
1203 4996 1390 5068 portio
1419 4995 1625 5051 debeat
1655 4995 1738 5050 ire

566 5090 759 5146 Prima
787 5089 871 5144 tui
897 5089 1150 5157 Domini,
1182 5089 1279 5162 qui
1308 5090 1467 5146 dedit
1496 5105 1615 5144 esse
1652 5088 1771 5143 tibi.

498 5188 737 5258 Pauper,
790 5200 1029 5255 egenus,
1079 5183 1264 5255 inops,
1309 5184 1500 5252 vidua,
1550 5183 1859 5255 orphanus,
1908 5181 2129 5247 anxius,

1847 5275 2058 5346 [orbus,

567 5375 662 5429 His
691 5373 928 5446 aliisque
961 5373 1127 5428 datus
1151 5388 1210 5427 es
1236 5375 1401 5444 pater
1426 5374 1598 5443 atque
1629 5370 1804 5426 cibus.

497 5467 700 5524 .ludicii
725 5468 905 5523 volvis
944 5466 1155 5522 totiens
1187 5471 1439 5524 extrema
1469 5465 1600 5534 diei,

568 5563 848 5635 Quodque
875 5560 1057 5634 putris
1083 5578 1214 5617 caro
1241 5561 1307 5617 ﬁs
1333 5577 1397 5616 ac
1440 5560 1731 5634 periturus
1758 5559 1950 5612 homo.

500 5661 803 5730 Propterea
831 5674 891 5712 es
919 5657 1128 5728 justus,
1159 5657 1438 5729 prudens,
1470 5652 1653 5722 fortis,
1687 5651 2019 5707 moderatus
2050 5669 2061 5704 :

571 5753 804 5823 Semper
829 5753 985 5823 larga
1015 5769 1243 5823 manus,
1281 5757 1337 5807 et
1360 5749 1584 5823 pietatis
1614 5763 1775 5819 opus.

500 5846 602 5909 Qui
637 5846 841 5916 pluviae
873 5849 1086 5916 guttas,
1127 5862 1429 5901 numerum
1463 5843 1560 5915 qui
1603 5841 1758 5896 novit
1785 5856 1992 5910 arenae,

1684 273 2014 328 APPENDIX
2055 274 2141 329 AD
2183 275 2510 334 S/ECULUM
2553 274 2638 327 IX.

2136 1780 2192 1851 B

3702 275 3815 324 l20i

2132 395 2189 468 Α
2281 385 2353 437 Te
2386 382 2614 437 laudare
2643 383 2826 452 potest
2861 379 3104 451 pleniter
3137 383 3234 433 aut
3259 378 3480 433 merito.

2213 479 2324 534 Ceu
2350 476 2650 550 plumbum
2667 479 2928 546 argento,
2953 491 3029 530 aes
3054 490 3214 540 auro,
3242 489 3338 527 rus
3369 473 3554 528 sidere
3581 473 3759 542 distat,

2286 574 2522 628 Gemma
2551 572 2716 638 vitro,
2745 570 2962 626 scandit
2988 570 3114 641 plus
3139 574 3239 624 tua
3264 570 3418 624 fama
3447 569 3639 624 modo.

2216 670 2361 724 Ante
2389 668 2540 723 Brito
2571 666 2782 722 stabilis
2805 665 2905 721 ﬁet
2933 665 3017 720 vel
3048 664 3234 719 musio
3266 664 3418 718 muri

2289 767 2392 819 Pax
2418 764 2568 819 bona
2596 778 2770 834 quam
2800 777 3012 815 nomen
3039 758 3182 815 desit
3209 759 3508 830 honosque
3553 763 3728 815 tuum.

2215 862 2335 916 Jam
2357 859 2480 931 jam
2508 874 2609 928 pro
2634 861 2807 923 tanto,
2841 871 2944 926 pro
2971 854 3070 910 tali
3102 869 3236 924 rege
3268 854 3529 926 profusas

2288 954 2450 1008 Orbis
2479 957 2609 1024 agat
2638 966 2868 1006 mecum
2893 952 3046 1004 totus
3075 948 3299 1004 abunde
3341 965 3561 1020 preces,

2218 1050 2286 1103 Ut
2312 1049 2516 1114 valeat,
2549 1046 2761 1117 vigeat,
2796 1044 2945 1099 vivat
2970 1060 3070 1115 per
3101 1043 3305 1098 saecula
3332 1043 3489 1111 felix,

2287 1144 2490 1197 Utatur
2513 1157 2674 1214 pace,
2701 1139 3083 1213 prosperitate
3111 1139 3329 1206 fruens,

2220 1238 2482 1307 Regnum
2513 1236 2738 1301 habeat,
2773 1237 2980 1300 teneat,
3017 1233 3229 1298 dilatet,
3260 1232 3475 1300 fulciat,
3498 1237 3679 1298 ornet,

2290 1330 2470 1384 Addat
2501 1329 2550 1384 ei
2583 1329 2715 1399 jura
2742 1328 2881 1400 legis
2909 1327 2978 1381 ab
3008 1342 3135 1381 arce
3161 1326 3277 1398 pia,

2219 1426 2456 1495 Insuper
2485 1423 2570 1477 his
2598 1421 2806 1478 habitis
2839 1421 3112 1493 praeclare
3137 1420 3196 1475 in
3222 1425 3480 1492 tempore
3507 1421 3706 1474 mortis

2287 1520 2630 1589 Perpetuam
2657 1517 2914 1589 requiem
2939 1516 3031 1570 hic
3059 1518 3367 1571 mereatur.
3397 1518 3600 1570 Amen.

2217 1743 2280 1795 In
2308 1741 2503 1793 ultima
2548 1739 2675 1792 libri
2713 1739 2942 1808 pagina,
2975 1741 3098 1790 ante
3135 1738 3422 1803 imaginem
3465 1738 3620 1802 cujus
3661 1736 3831 1788 mentio

2463 1822 2616 1886 facta
2652 1823 2730 1872 est
2755 1820 2816 1871 in
2853 1821 2982 1872 nota
3009 1817 3084 1870 ad
3104 1832 3317 1870 carmen
3345 1817 3602 1886 primum.

2222 1991 2348 2044 Haec
2379 1973 2551 2043 etiam
2583 1987 2804 2058 pictura
2831 1986 3071 2042 recludit
3093 1985 3340 2058 qualiter
3367 1984 3535 2039 heros

2293 2081 2470 2137 Otl‘ert
2497 2081 2762 2136 Vivianus
2788 2097 2918 2136 cum
2953 2097 3128 2151 grege
3155 2097 3306 2134 nunc
3343 2081 3451 2135 hoc
3478 2095 3639 2150 opus.

2222 2179 2364 2232 Ante
2395 2176 2492 2231 ubi
2518 2179 2645 2248 post
2672 2178 2893 2247 patrem
2923 2174 3182 2246 primites
3214 2175 3464 2230 mundus
3489 2171 3773 2234 amandus,

2291 2271 2590 2342 Sigualdus
2613 2271 2822 2340 justus,
2857 2286 3113 2323 summus
3138 2269 3462 2340 Aregarius.

2224 2365 2357 2428 Quis
2382 2364 2561 2418 tribus
2599 2367 2683 2418 est
2714 2363 2983 2435 probitas,
3014 2363 3196 2434 pietas
3235 2379 3576 2434 verumque,
3604 2361 3834 2432 ﬁdesque

2293 2460 2509 2513 Cmtera
2539 2459 2776 2513 honesta
2801 2473 3026 2529 quoque
3057 2457 3380 2511 consociata
3408 2456 3603 2511 simul.

2221 2556 2462 2618 Quartus
2490 2553 2576 2606 his
2603 2553 2782 2607 haeret
2800 2551 3032 2622 junctus
3064 2550 3412 2606 sanctissime
3449 2550 3641 2616 David,

2294 2646 2399 2711 Qui
2427 2650 2481 2702 te
2507 2647 2561 2701 vi
2593 2649 2709 2700 tota
2737 2645 2947 2700 mentis
2975 2661 3174 2699 amore
3203 2646 3353 2699 colit.

2225 2742 2286 2796 Hi
2314 2741 2483 2812 proni
2511 2740 2738 2794 tibimet
2767 2739 3008 2793 Domino
3036 2738 3105 2792 de
3127 2742 3286 2809 parte
3313 2739 3464 2794 beati

2295 2834 2516 2890 Martini
2543 2850 2607 2889 ac
2631 2835 2871 2889 fratrum
2906 2848 3033 2888 ecce
3063 2833 3275 2888 librum
3303 2833 3565 2888 tribuunt
3591 2851 3603 2896 ;

2225 2929 2393 3000 Cujus
2424 2930 2641 2983 honore
2672 2933 2883 2998 rogant
2908 2927 3148 2998 placeat,
3183 2926 3466 2996 laudetur,
3499 2929 3719 2982 ametur

2295 3025 2602 3090 Scrutetur,
2632 3022 2829 3093 prosit,
2860 3021 3191 3090 auxilietur,
3222 3022 3366 3088 alat;

2175 3169 2194 3193 η
2223 3121 2282 3174 In
2310 3133 2422 3188 quo
2454 3116 2533 3170 nil
2561 3115 2717 3170 aliud
2743 3131 2913 3186 quam
2940 3116 3183 3169 fratrum
3215 3116 3335 3170 sola
3359 3115 3619 3168 voluntas

2295 3213 2369 3265 Ex
2399 3215 2495 3266 tua
2523 3227 2664 3282 quas
2691 3209 2834 3263 villis
2866 3209 3048 3279 jussio
3077 3209 3425 3264 reddiderat.

2227 3304 2431 3360 Reddis
2457 3320 2566 3373 eas,
2601 3304 2810 3370 Caesar,
2839 3303 3059 3358 Martini
3085 3319 3189 3374 pro
3218 3305 3510 3367 venerata,

2296 3398 2494 3452 Domni
2523 3414 2621 3452 seu
2655 3397 2918 3469 precibus
2951 3413 3184 3468 semper
3211 3396 3553 3451 amabilibus

2225 3493 2507 3563 Perpetui,
2541 3508 2764 3547 necnon
2795 3490 2993 3546 Briccii
3024 3491 3304 3546 tutamine
3331 3492 3533 3556 sancti,

2296 3588 2519 3657 Proque
2548 3585 2672 3640 aliis
2709 3584 2963 3656 reliquis,
2996 3602 3028 3639 ο
3056 3585 3335 3656 paradise,
3369 3585 3499 3639 tuis.

2224 3683 2339 3734 lmo
2367 3680 2550 3751 magis
2578 3696 2684 3750 pro
2711 3683 2790 3748 te,
2817 3679 2947 3732 Jesu
2978 3678 3232 3734 Salvator
3259 3685 3465 3742 amate,

2296 3773 2381 3828 Sis
2406 3777 2472 3828 ut
2498 3772 2548 3828 ei
2579 3773 2696 3827 vita
2723 3772 2974 3842 denique
3000 3777 3294 3844 perpetua.

2225 3870 2329 3921 Pro
2360 3866 2587 3921 famulis
2612 3865 2780 3921 nobis
2808 3866 2983 3920 etiam
3010 3867 3332 3921 oratoribus
3370 3867 3537 3937 aptis,

2297 3961 2447 4026 Quos
2477 3960 2596 4015 sitis
2623 3960 2908 4028 obruerat,
2938 3960 3118 4030 frigus
3147 3964 3204 4013 et
3230 3963 3354 4014 atra
3375 3960 3570 4014 fames.

2227 4057 2268 4110 Ο
2298 4072 2420 4124 rex,
2451 4072 2483 4109 ο
2510 4054 2844 4121 reverende,
2877 4052 2976 4108 ﬁat
3006 4053 3297 4109 renovatio
3325 4052 3430 4108 ﬁxa

2295 4151 2340 4203 Α
2364 4149 2623 4205 mercede
2652 4151 2749 4203 tua
2779 4147 2894 4202 sive
2923 4147 3098 4202 salute
3129 4152 3246 4202 tua.

2226 4244 2533 4299 Praevaleat
2559 4242 2754 4313 regale
2784 4241 2976 4311 decus,
3014 4246 3358 4312 superetque
3402 4245 3649 4312 potestas

2297 4340 2521 4408 Regum
2551 4336 2618 4392 de
2649 4352 2809 4391 more
2842 4336 2940 4407 qui
2970 4335 3196 4390 coluere
3229 4335 3466 4390 bonum.

2225 4435 2578 4503 Praeceptum
2620 4429 2918 4501 genitoris,
2948 4429 3057 4498 avi,
3087 4429 3284 4500 proavi
3316 4431 3618 4483 renovasti.

2144 4545 2202 4616 D
2298 4527 2409 4580 Hoc
2434 4528 2562 4591 stet,
2590 4524 2698 4578 hoc
2727 4526 2978 4590 maneat,
3008 4523 3116 4576 hoc
3137 4539 3243 4576 nec
3275 4522 3430 4577 obire
3455 4530 3646 4594 queat.

2229 4620 2391 4685 Quod
2419 4623 2514 4673 tua
2547 4621 2740 4672 sancta
2765 4633 2968 4672 manus
2994 4632 3180 4686 nuper
3205 4616 3451 4671 ﬁrmavit
3483 4618 3721 4673 honeste

2301 4712 2573 4784 Praecepti
2595 4711 2760 4778 serie,
2792 4727 3023 4782 prorsus
3050 4713 3143 4765 eat
3175 4710 3398 4766 stabile.

2230 4807 2374 4872 Quid
2400 4805 2609 4861 facient
2636 4804 2732 4860 alii
2759 4805 2912 4876 regis
2939 4804 3179 4859 mutatio
3207 4805 3349 4859 tanti

2302 4903 2364 4955 In
2392 4901 2537 4956 facto
2564 4901 2669 4954 hoc
2694 4898 2867 4954 fuerit
2893 4898 2937 4953 si
2964 4900 3122 4953 hoste
3148 4897 3377 4969 vigente
3409 4901 3578 4953 malo.

2234 4999 2252 5051 l
2282 4995 2479 5068 procul
2509 4998 2680 5065 atque
2706 4992 2905 5065 procul
2935 4993 3114 5047 scelus
3150 4993 3258 5047 hoc
3298 4992 3523 5048 crudele
3549 5010 3656 5064 per
3681 5008 3844 5048 omne.

2301 5090 2381 5143 Tu
2411 5103 2589 5159 prope
2609 5086 2830 5158 justitia
2859 5086 3018 5140 vince
3047 5086 3262 5156 nociva,
3294 5087 3446 5157 fuga.

2235 5183 2388 5247 Quas
2419 5181 2614 5237 laudes
2643 5180 2766 5249 tibi,
2795 5197 2936 5252 quas
2975 5185 3184 5252 grates,
3213 5197 3341 5252 quae
3392 5182 3669 5248 carmina,
3699 5178 3845 5237 David

2306 5276 2467 5341 Quod
2501 5291 2606 5347 par
2633 5273 2796 5329 dulce
2825 5273 3030 5344 melos,
3060 5291 3184 5341 vox,
3209 5275 3346 5346 lyrae
3373 5275 3592 5329 chorda
3613 5279 3788 5330 canet.

2235 5375 2343 5428 Nos
2373 5369 2658 5442 siquidem
2685 5368 2956 5440 psalmos,
2980 5367 3177 5423 missas
3206 5369 3446 5440 speciale
3475 5385 3790 5440 precamur,

2306 5464 2610 5520 Psallemus
2651 5478 2758 5534 pro
2788 5466 2864 5532 te,
2893 5462 3160 5534 conjuge,
3187 5464 3370 5534 prole,
3403 5463 3512 5534 pie.

2238 5559 2327 5615 Sic
2355 5557 2531 5614 nostri
2562 5571 2693 5611 vere
2730 5559 2860 5628 post
2891 5571 2996 5610 nos
3027 5555 3349 5628 quicunque
3377 5556 3553 5611 futuri

2309 5651 2574 5707 Assiduas
2599 5649 2843 5707 fundent
2869 5648 3321 5721 multiplicesque
3347 5665 3562 5722 preces.

2240 5745 2365 5803 Sint
2390 5745 2490 5801 tibi
2520 5762 2669 5817 spes,
2698 5744 2898 5813 virtus,
2925 5745 3142 5814 lumen,
3171 5743 3418 5812 victoria,
3448 5744 3726 5808 Christus,

2308 5842 2439 5910 Pax,
2469 5841 2590 5896 laus
2617 5839 2904 5908 continue,
2937 5855 3035 5895 rex
3067 5839 3212 5894 bone
3240 5839 3433 5907 David,
3465 5853 3585 5894 ave.
