4092 6192
496 244 628 295 1207
1707 237 2048 293 ᾹΡΡΕΝΟΙΧ
2088 238 2127 289 Α

2217 233 2539 288 8,Ε(1151Λ,ῙΜ
2579 233 2663 285 ΙΧ.
3725 235 3831 284 1208

777 351 895 403 Non
930 349 1147 403 crimen
1177 352 1354 404 ullum

776 444 898 497 Non
928 443 1193 514 rapinam
1220 443 1533 515 quamlibet

774 538 848 592 Te
876 540 1231 609 perpetrasse

779 632 920 687 Cum
950 633 1103 687 fores
1128 632 1463 687 mitissimus
1492 649 1505 685 :

776 729 916 782 Cum
941 727 1069 798 plus
1098 726 1365 798 prodesse

777 822 955 883 Quam
980 836 1191 874 nocere
1221 820 1486 891 cuiquam

851 914 1089 985 Semper
1113 930 1355 969 amares.

640 1138 1080 1219 Epitaphium
1113 1137 1414 1203 Clodarz’z’
1438 1136 1633 1218 pueri
1671 1138 1841 1217 regis
1873 1136 1977 1215 (6).

763 1242 945 1313 [Apud
978 1242 1248 1295 abbatem
1280 1240 1513 1307 Lebeuf,
1536 1240 1630 1294 ubi
1650 1240 1864 1310 supra]

498 1355 609 1408 Hoc
636 1358 788 1408 satus
815 1354 873 1407 in
903 1353 1067 1407 viridi
1094 1358 1349 1407 servatur
1374 1352 1641 1407 flosculus
1668 1369 1799 1407 arvo

571 1448 860 1502 Pulchrior
885 1464 956 1501 en
979 1448 1119 1501 lacte
1146 1446 1559 1517 candidiorque
1590 1447 1735 1501 nive.

498 1544 681 1596 Donec
706 1542 1012 1612 altipotens
1032 1541 1225 1595 veniat
1252 1556 1355 1611 per
1380 1541 1584 1595 smcula
1600 1541 1778 1611 judex

568 1635 673 1699 Qui
701 1639 877 1691 metet
904 1634 1191 1690 ostriﬂuus
1219 1635 1360 1690 falce
1392 1651 1645 1707 perenne
1674 1651 1843 1690 rosas.

502 1730 658 1782 llunc
690 1732 787 1783 tua
810 1729 1071 1784 Jordanis
1098 1732 1319 1784 sacrata
1349 1729 1583 1800 protulit
1609 1728 1761 1784 unda

571 1823 877 1893 Pampinus
907 1822 1165 1895 Engaddi
1192 1838 1323 1877 rore
1343 1823 1534 1878 beavit
1555 1839 1710 1878 eum.

500 1916 692 1971 Vivida
717 1917 1019 1987 purpureis
1046 1915 1287 1971 vatcinia
1305 1917 1485 1971 cincta
1511 1916 1707 1971 rosetis

569 2013 777 2066 Vernat
806 2016 1005 2065 ventre
1039 2012 1222 2065 solum
1246 2011 1431 2082 gliscit
1457 2011 1514 2065 in
1536 2026 1705 2065 omne
1736 2011 1926 2073 decus,

500 2105 709 2159 Pallida
734 2121 834 2159 seu
865 2105 1060 2159 sandix
1088 2105 1238 2160 inter
1263 2105 1504 2159 viburna
1533 2104 1800 2174 refulget,

572 2200 639 2253 Et
664 2199 779 2253 ruit
798 2198 1097 2253 imbrifluis
1123 2198 1399 2269 Cynthius
1427 2199 1573 2253 altus
1599 2199 1778 2269 aquis.

500 2294 565 2347 Et
593 2293 732 2346 rutit
752 2292 942 2346 obriza
962 2292 1241 2363 flagrandi
1263 2295 1425 2347 cocta
1445 2307 1741 2356 camoenee,

572 2387 641 2441 Et
665 2386 859 2440 rutilat
888 2388 1044 2440 vario
1064 2386 1236 2441 Indus
1260 2387 1482 2441 honore
1508 2386 1671 2457 lapis.

501 2481 659 2537 Hunc
691 2496 852 2535 secus
884 2479 1117 2535 emicuit
1145 2480 1370 2552 gracilis
1392 2480 1631 2535 infantia
1652 2480 1789 2547 nati,

572 2576 750 2638 Quem
781 2577 946 2629 Pater
972 2574 1334 2645 omnipotens
1364 2574 1520 2630 misit
1544 2575 1614 2629 ad
1647 2578 1795 2629 astra
1818 2574 1932 2646 poli

502 2667 599 2723 Hic
632 2674 754 2724 erat
783 2670 931 2723 altus
957 2684 1135 2735 amor,
1166 2669 1374 2740 prolita
1404 2670 1465 2723 in
1490 2669 1658 2723 melle
1685 2668 1889 2738 sagitta

576 2762 849 2819 Vulnifico
878 2763 1045 2819 fodiit
1074 2763 1246 2817 corda
1268 2779 1541 2818 mucrone
1572 2762 1765 2834 patris.

504 2857 624 2910 Heu
658 2856 947 2926 genitricis
972 2857 1142 2927 hujus
1170 2856 1396 2909 violavit
1428 2856 1638 2927 gaudia
1665 2856 1803 2909 lucis

578 2950 916 3020 Decoxitque
944 2948 1076 3003 satis
1102 2952 1296 3018 pectus
1326 2949 1529 3003 adusta
1555 2965 1690 3002 suae.

506 3042 637 3097 Sola
672 3043 772 3097 sed
798 3042 929 3097 inde
954 3045 1151 3096 manet
1176 3041 1313 3096 felix
1345 3041 1553 3096 fiducia
1574 3042 1693 3113 spei

576 3136 737 3200 Quod
763 3136 891 3191 talis
920 3137 1043 3191 coeli
1073 3136 1304 3207 spiritus
1333 3140 1485 3190 astra
1510 3136 1653 3207 petit

506 3232 666 3285 llunc
694 3231 910 3301 galeata
940 3231 1185 3302 phalanx
1229 3247 1344 3285 non
1386 3231 1558 3285 traxit
1601 3230 1674 3285 ad
1720 3247 1881 3285 arma
1911 3230 2081 3284 duelli
2123 3247 2134 3283 :

576 3326 886 3396 Perpetuus
916 3324 1079 3379 miles
1107 3328 1313 3395 regnat
1336 3325 1395 3379 in
1423 3324 1555 3379 aula
1581 3324 1698 3379 Dei.

503 3420 775 3473 Gazarum
803 3434 919 3473 non
946 3419 1137 3473 hausit
1162 3435 1317 3490 opes,
1350 3435 1468 3473 non
1494 3418 1707 3490 prazdia
1737 3434 1949 3485 rerum,

576 3514 686 3567 Nec
716 3513 903 3583 rapuit
927 3512 1129 3567 mandi
1157 3518 1356 3584 captus
1383 3528 1579 3567 amore
1609 3513 1800 3584 dapes.

502 3609 809 3661 Contentus
835 3607 1057 3661 cunulis
1080 3606 1283 3661 Christi
1316 3605 1669 3677 gratissimus
1696 3606 1865 3661 heros

574 3700 803 3755 Divitias
828 3700 1041 3755 meruit
1073 3701 1227 3755 lactis
1256 3700 1326 3754 ab
1345 3716 1512 3755 amne
1539 3701 1672 3771 poli.

504 3798 817 3850 Stcmmate
841 3794 1116 3867 clarigero
1143 3794 1322 3865 regali
1350 3794 1632 3865 sanguine
1660 3799 1845 3849 cretus

572 3893 755 3944 Aurea
780 3906 896 3945 non
924 3889 1101 3943 valuit
1128 3892 1351 3959 sceptra
1378 3888 1569 3943 videre
1598 3889 1793 3959 patris.

504 3984 824 4039 Priscorum
853 3984 1093 4039 nimium
1125 3999 1325 4054 regum
1353 3982 1603 4037 devictus
1624 3998 1825 4036 amore

574 4078 932 4133 Hlutharium
964 4078 1191 4150 genitor
1212 4093 1423 4131 nomen
1455 4076 1663 4131 habere
1690 4075 1864 4131 dedit.

502 4172 573 4225 llt
601 4172 816 4243 gemini
843 4176 1088 4243 surgunt
1116 4187 1231 4225 uno
1257 4171 1324 4225 de
1356 4169 1613 4241 germine
1644 4169 1836 4237 flores,

572 4264 661 4319 Sic
683 4265 887 4336 pariles
919 4265 1163 4335 genitrix
1192 4263 1340 4318 fudit
1376 4269 1650 4333 utrosque
1676 4263 1803 4316 sinu
1837 4279 1849 4315 :

502 4360 659 4413 Alter
688 4358 747 4412 in
779 4363 911 4414 ante
938 4373 1174 4412 manens
1198 4356 1415 4411 vernali
1442 4355 1654 4426 cespite
1681 4357 1875 4427 pollet,

571 4453 725 4508 Alter
751 4452 823 4508 ad
850 4457 1000 4508 astra
1024 4452 1223 4506 volans
1253 4467 1431 4504 aurea
1457 4450 1620 4503 saecla
1650 4452 1823 4504 tenet.

503 4548 612 4601 lloc
651 4546 750 4601 tibi
790 4546 957 4601 chare
1002 4545 1176 4599 decus
1213 4543 1448 4599 Carolus
1487 4542 1854 4614 lacrymabile
1882 4558 2132 4612 carmen,

572 4640 772 4708 Edidit,
803 4639 1129 4711 ensipotens
1157 4654 1255 4692 rex
1284 4638 1621 4708 genitorque
1649 4639 1815 4691 tuus.‘

504 4738 601 4788 Ast
627 4750 757 4805 ego,
785 4738 935 4800 nate,
964 4733 1069 4788 tibi
1097 4731 1339 4803 genitrix
1371 4730 1571 4801 regina
1596 4730 1828 4785 remitto

574 4827 911 4898 Hildegarda
937 4842 1098 4881 meus
1127 4825 1283 4881 basia
1304 4824 1481 4879 dulcis
1508 4840 1687 4878 amor.

504 4922 682 4975 Senos
707 4937 761 4991 q.
783 4920 940 4991 prius
968 4935 1187 4975 menses
1216 4934 1387 4990 quam
1415 4919 1665 4973 volveret
1691 4934 1874 4973 annus

572 5014 872 5069 Gemmula
903 5013 1141 5068 deﬂoret
1165 5017 1331 5068 nocte
1366 5012 1667 5083 repulsa...

502 5112 609 5165 lloc
644 5110 872 5165 niveum
903 5123 1061 5162 sacra
1091 5107 1326 5178 preliba
1354 5122 1567 5163 munus
1595 5107 1651 5161 in
1678 5122 1773 5161 ara

568 5203 776 5259 Judicis
805 5200 1097 5257 altithroni
1125 5200 1284 5271 virgo
1313 5201 1483 5256 Maria
1513 5216 1731 5272 precor.
1836 5216 1843 5221 *

500 5300 542 5351 O
571 5314 669 5353 vos
694 5294 1044 5352 Christicolae
1072 5294 1169 5367 qui
1194 5293 1353 5349 fertis
1383 5309 1629 5349 munera
1654 5294 1853 5365 templi

572 5390 875 5446 Nobiscum
899 5394 1148 5445 matrem
1177 5388 1343 5443 corde
1375 5390 1594 5460 rogate,
1628 5404 1847 5460 precor.

503 5488 572 5541 Ut
592 5488 808 5557 patrem
841 5485 978 5539 solio
1006 5484 1276 5555 dignetur
1303 5482 1553 5537 nominis
1579 5483 1679 5538 alti

572 5579 860 5633 Associare
891 5578 1007 5632 suis
1034 5578 1264 5633 vocibus
1291 5578 1385 5633 illa
1408 5576 1600 5632 sacris.

576 5672 775 5728 Eadem
802 5688 968 5726 manu
995 5673 1149 5739 infra
1176 5674 1439 5742 scriptum
1466 5690 1481 5724 :

579 5795 647 5863 (6)
679 5794 863 5851 Caroli
894 5794 1081 5865 Magni
1109 5794 1229 5849 ﬁlii.

2161 3112 2214 3186 C

2149 356 2201 428 Α
2299 341 2451 397 Obiit
2490 345 2680 397 autem
2730 340 2819 395 die
2868 357 2917 393 vx
2972 339 3050 393 ld.
3082 339 3270 407 Febr,
3306 355 3458 394 anno
3498 355 3553 405 Χ,
3592 346 3836 410 regnante

2232 441 2389 508 patre
2421 435 2596 507 ipsius
2620 434 2763 490 Car].
2799 434 2873 503 gl.
2911 449 3068 505 rege.

2997 555 3100 619 Vl.

2231 662 2474 726 Incerti
2490 666 2695 741 poeta:
2738 678 2960 741 versus
2987 658 3067 721 de
3097 657 3325 741 ordine
3351 660 3836 738 comprovincia-

2757 740 2921 803 lium
2944 739 3342 820 pontiﬁcum.

2309 844 2488 915 [Apud
2523 843 2727 899 Mabill.
2766 846 2880 899 Vet.
2923 843 3169 899 Analect.
3212 857 3339 896 nov.
3374 841 3491 907 ed.,
3519 841 3624 896 col.
3650 843 3780 911 346.)

2645 958 2693 1009 l.
2726 956 2979 1025 Episcopi
3000 952 3457 1021 Saltzburgcnses.

2232 1065 2385 1119 Dicta
2413 1064 2623 1118 Juvavo
2648 1063 2754 1117 fuit
2773 1062 3062 1134 quondam
3089 1060 3423 1131 metropolis
3442 1061 3569 1119 ista.

2231 1160 2409 1222 Quam
2439 1157 2625 1228 primo
2648 1156 2895 1211 fundans
2925 1154 3237 1210 Hrodberto
3276 1158 3501 1208 rexerat
3524 1153 3718 1208 almus.

2234 1254 2363 1305 Post
2391 1252 2541 1305 hunc
2566 1250 2757 1304 Vitalis
2783 1250 3014 1305 antistes
3041 1248 3183 1304 rexit
3213 1247 3502 1303 eamdem.
3764 1320 3771 1324 .

2233 1345 2414 1417 Ipsius
2441 1344 2579 1399 inde
2603 1343 2983 1415 Flobargisus,
3013 1343 3111 1414 qui
3143 1345 3229 1397 est
3251 1342 3426 1396 fultus
3450 1342 3700 1396 honoris.

2232 1441 2472 1504 Quartus
2495 1439 2779 1494 Iohannes
2810 1438 3017 1504 fuerat,
3047 1436 3357 1506 sedemque
3388 1435 3665 1506 regendo.

2234 1533 2465 1587 Advena
2492 1531 2760 1602 Virgilius
2786 1535 3041 1585 statuens
3073 1546 3247 1601 quam
3274 1529 3520 1599 plurima
3551 1529 3784 1600 quintus.

2234 1627 2403 1681 Multo
2431 1627 2595 1698 plura
2625 1640 2831 1695 gerens
2853 1628 3002 1680 Arno
3028 1640 3199 1696 super
3224 1623 3416 1678 omnia
3444 1628 3655 1677 sextus.

2154 1731 2207 1801 Β
2232 1720 2521 1790 Septimus
2547 1719 2679 1774 hinc
2707 1718 2973 1773 successit
3000 1717 3271 1773 Adalram
3294 1722 3488 1788 pastor
3514 1716 3752 1788 opimus.

2234 1815 2512 1884 Tempore
2526 1828 2776 1884 namque
2790 1829 2891 1867 suo
2907 1815 3159 1867 statuens
3170 1826 3345 1883 quam
3357 1809 3606 1882 plurima
3618 1810 3839 1881 pulchre.

2236 1907 2474 1961 Octavus
2504 1906 2736 1961 veniens
2764 1906 3206 1976 Liuphrammus
3246 1903 3451 1974 ιιι-ωειλ]
3482 1903 3658 1967 ovilis,

2236 2000 2496 2055 Officium
2528 1999 2755 2054 Domini
2783 2015 3067 2054 renovans
3094 1999 3396 2053 formosius
3422 2013 3607 2069 aeque.

2564 2120 2617 2170 2.
2651 2117 3057 2187 Archiepiscopi
3085 2115 3546 2184 Sattzburgenses.

2238 2224 2335 2279 Hic
2356 2226 2532 2291 locus,
2560 2228 2625 2279 ut
2647 2223 2848 2291 fertur,
2877 2222 3095 2278 dudum
3120 2223 3333 2277 Juvavo
3361 2226 3608 2289 vocatus,

2308 2323 2544 2394 Magnus
2573 2322 2789 2376 honore
2817 2320 2943 2389 fuit,
2974 2324 3039 2375 ut
3064 2320 3235 2375 modo
3276 2320 3440 2391 signa
3473 2321 3722 2393 probant,

2238 2419 2514 2488 Tempore
2556 2432 2671 2487 quo
2719 2418 2952 2487 gentem
2993 2414 3341 2469 Hrodbertus
3380 2415 3674 2486 episcopus
3700 2415 3837 2469 istam

2311 2513 2571 2577 Rexerat,
2599 2514 2655 2565 et
2685 2509 2886 2564 struxit
2909 2508 3057 2564 sedis
3088 2508 3231 2564 ovile
3257 2524 3479 2563 sacrum
3509 2508 3599 2564 hic
3626 2527 3639 2563 2

2240 2607 2300 2658 In
2332 2620 2444 2674 qua
2471 2602 2761 2675 pontifices
2785 2603 2994 2657 multos
3022 2607 3152 2674 post
3178 2601 3282 2657 rite
3313 2602 3573 2659 sedentes

2310 2700 2425 2751 Arn
2455 2697 2725 2752 successit
2746 2713 2917 2751 ovans
2942 2700 3127 2752 rector
3151 2696 3295 2751 ovile
3324 2712 3552 2768 regens.

2239 2794 2419 2856 Quem
2441 2792 2671 2847 Carolus
2694 2790 2960 2863 princeps
2986 2789 3149 2861 regni
3180 2790 3510 2861 superauxit
3534 2791 3739 2845 honore

2310 2884 2805 2953 Archisacerdotis,
2838 2882 3064 2955 dignior
3084 2887 3148 2937 ut
3164 2883 3347 2938 ﬁeret.

2242 2980 2427 3044 Quem
2451 2980 2562 3034 Leo
2592 2995 2741 3050 papa
2770 2977 2857 3033 sui
2884 2980 3033 3033 veste
3060 2977 3282 3033 vestivit
3310 2977 3567 3043 honoris,

2313 3075 2378 3128 Et
2402 3072 2700 3145 privilegia
2732 3072 2872 3126 dans
2897 3087 3031 3126 mox
3057 3071 3317 3127 solidavit
3341 3087 3492 3126 eum.

2243 3170 2309 3223 Ut
2336 3167 2585 3238 regionis
2614 3183 2761 3237 apex
2785 3183 2849 3220 ac
2876 3182 3133 3220 summus
3163 3165 3467 3238 episcopus
3495 3170 3659 3235 esset,

2310 3261 2571 3333 Urbsque
2600 3261 2719 3316 haec
2747 3260 3079 3332 metropolis
3110 3266 3335 3331 tempus
3364 3260 3422 3315 in
3448 3277 3619 3319 omne
3635 3261 3781 3317 foret.

2241 3355 2376 3410 Huic
2407 3355 2676 3409 successit
2700 3354 3097 3409 Adalrammus
3122 3354 3355 3409 antestis
3379 3358 3616 3423 amatus,

2309 3450 2489 3514 Quem
2520 3465 2668 3521 papa
2697 3449 2986 3520 Eugenius
3011 3448 3258 3520 compsit
3283 3448 3501 3503 honore
3528 3450 3639 3521 pio.

2239 3546 2365 3598 Post
2393 3543 2548 3598 hunc
2578 3542 2846 3597 successit
2876 3542 3325 3614 Liuphrammus
3349 3543 3457 3598 rite
3488 3543 3751 3609 sacerdos,

2310 3639 2555 3692 Functus
2585 3637 2881 3708 apostolici
2912 3652 3154 3692 munere
3178 3637 3458 3708 Gregorii.

2240 3733 2379 3785 Nam
2406 3732 2562 3785 velut
2591 3729 3075 3785 archisacerdotes
3103 3730 3165 3784 in
3196 3730 3331 3786 sede
3363 3736 3675 3795 manentes,

2308 3824 2584 3895 Legitime
2612 3824 2791 3880 functi
2822 3824 3060 3879 numine
3079 3823 3410 3895 apostolico,

2240 3919 2489 3974 Plurima
2512 3918 2750 3973 diversis
2769 3920 3099 3973 struxerunt
3128 3922 3427 3973 stemmata
3454 3919 3640 3985 rebus,

2311 4014 2380 4067 Ut
2408 4012 2528 4067 vice
2554 4011 2793 4084 quisque
2825 4028 2923 4066 sua
2954 4011 3171 4083 Optime
3198 4012 3491 4083 prmvaluit
3519 4030 3531 4067 :

2240 4106 2330 4161 Sic
2355 4106 2606 4177 reliquos
2632 4121 2980 4160 successores
3010 4105 3067 4160 in
3093 4105 3227 4161 sede
3253 4105 3472 4160 futuros

2310 4199 2461 4255 Talia
2485 4204 2616 4254 vota
2643 4198 2810 4255 simul
2842 4214 3072 4270 semper
3102 4198 3310 4254 habere
3335 4198 3515 4254 decet.

2239 4293 2462 4348 Cunctis
2491 4293 2793 4365 prmteritis
2818 4292 3079 4365 patribus
3110 4292 3281 4346 simul
3311 4296 3484 4365 atque
3508 4293 3704 4348 futuris

2310 4389 2488 4442 Donet
2517 4387 2578 4441 in
2614 4402 2741 4441 arce
2770 4387 2883 4458 poli
2915 4386 3122 4458 gaudia
3151 4402 3365 4457 magna
3394 4387 3539 4442 Deus
3573 4404 3585 4441 :

2157 4488 2214 4560 D
2240 4482 2303 4536 Et
2328 4480 2555 4537 veniam
2576 4480 2853 4535 scelerum
2884 4481 3151 4552 subjectis
3182 4486 3411 4553 praestet
3442 4497 3655 4545 eorum,

2308 4577 2374 4631 Et
2404 4574 2650 4645 gaudere
2678 4573 2849 4629 simul
2876 4573 2937 4628 in
2965 4575 3156 4646 requie
3181 4574 3420 4646 jugiter.

2664 4693 2716 4746 3.
2737 4693 2994 4762 Episcopi
3019 4694 3447 4762 llattsponenses.

2238 4798 2337 4853 llic
2364 4796 2703 4869 Reginensis
2733 4798 2879 4853 sedis
2907 4798 3182 4854 vocitatur
3208 4799 3278 4853 ab
3309 4799 3451 4854 urbe

2236 4894 2419 4958 Quam
2449 4892 2596 4946 rexit
2620 4891 2806 4963 primo
2833 4891 3153 4965 Wicterpus
3178 4894 3477 4964 episcopus
3503 4893 3613 4948 ille.

2238 4988 2365 5041 Post
2389 4985 2531 5041 alius
2556 4986 2929 5059 Cauvipaldus
2962 4986 3059 5057 qui
3088 4987 3316 5042 nomine
3342 4987 3543 5042 dictus.

2238 5080 2458 5135 Tertius
2486 5079 2760 5151 Sigiricus
2785 5083 2908 5135 erat
2936 5085 3185 5136 sacratus
3214 5081 3287 5136 ad
3310 5081 3517 5136 aulam.

2238 5176 2368 5229 Post
2396 5175 2548 5229 hunc
2566 5174 2692 5246 jam
2717 5174 2905 5229 fuerat
2934 5174 3273 5231 Sindbertus
3306 5175 3363 5230 in
3394 5174 3595 5230 ordine
3623 5175 3831 5246 quartus.

2237 5268 2475 5333 Quintus
2499 5267 2823 5323 Adalwinus
2842 5269 3052 5338 fuerat,
3082 5270 3389 5341 sedemque
3417 5267 3690 5341 regendo.

2241 5364 2369 5418 Post
2394 5363 2546 5418 hunc
2574 5362 2869 5417 Baturicus
2896 5362 3080 5418 tenuit
3104 5363 3231 5435 pius
3263 5363 3477 5434 optime
3502 5363 3705 5418 sedem.

2242 5455 2648 5512 Erchanfredus
2676 5471 2851 5512 ovans
2882 5456 3141 5529 sequitur
3174 5457 3309 5512 hinc
3336 5459 3533 5528 pastor
3563 5454 3778 5527 opimm.

2686 5570 2735 5623 4.
2767 5571 3016 5640 Episcopi
3044 5571 3429 5641 Frisingenses.

2242 5676 2593 5746 Frigisiensis
2625 5676 2781 5732 enim
2810 5676 2956 5733 sedis
2984 5677 3103 5732 haec
3131 5679 3262 5732 aula
3286 5683 3485 5734 vocata
3511 5682 3612 5745 est,
