4092 6192
274 354 289 402 l
308 351 414 402 209

266 456 636 511 Corbiniacus
667 472 838 511 ovans
864 473 1036 527 quam
1060 459 1277 529 primus
1311 464 1533 515 rexerat
1559 461 1759 513 almus.

271 550 409 605 Inde
432 550 528 605 Dei
560 550 807 605 famulus
833 551 1207 622 Ermperhtus
1240 553 1472 608 nomine
1497 553 1661 608 sedit.

266 644 488 699 Tertius
508 643 643 699 hinc
671 645 899 716 Joseph,
928 647 1234 716 praeclarus
1266 663 1474 719 nempe
1501 646 1798 717 magister.

268 741 455 809 Arpeo
480 742 719 810 quartus
749 743 872 792 erat
900 738 1145 794 facundo
1184 740 1396 796 famine
1424 741 1620 796 fretus.

271 832 515 896 Quintus
540 832 900 903 apostolicam
928 833 1112 888 tenuit
1141 834 1270 905 pius
1301 838 1431 890 Atto
1459 824 1808 890 cathedram.

267 927 401 980 Post
426 925 581 980 hunc
608 926 761 981 Hitto
789 910 956 997 pater
981 926 1177 982 sedem
1199 928 1320 999 jam
1347 934 1570 984 rexerat
1592 928 1797 982 almus.

272 1019 481 1074 Exhinc
519 1020 788 1075 successit
813 1020 1206 1091 Erchanperht
1232 1026 1421 1093 pastor
1449 1026 1689 1077 amatus.

269 1114 407 1167 Ecce
436 1114 563 1185 pius
592 1114 789 1168 sedem
819 1131 1071 1185 praesens
1092 1132 1240 1170 nunc
1269 1118 1434 1171 Anno
1465 1116 1760 1187 gubernat.

735 1240 783 1289 5.
814 1238 1157 1293 Patavienses
1183 1239 1440 1307 episcopi.

267 1347 611 1403 Pattaviensi
642 1364 781 1420 ergo
822 1348 943 1403 sedi
970 1354 1055 1403 est
1081 1350 1201 1403 haec
1227 1350 1357 1404 aula
1383 1349 1585 1417 dicata,

264 1442 447 1506 Quam
479 1441 664 1496 tenuit
686 1442 872 1512 primo
897 1443 1156 1498 Vivolvus
1174 1444 1299 1513 jam
1325 1443 1445 1514 ipse
1474 1442 1758 1497 sacerdos.

265 1534 510 1589 Nomine
538 1538 665 1606 post
691 1534 854 1589 illum
878 1535 1109 1591 antistes
1136 1554 1267 1591 mox
1294 1537 1401 1591 rite
1430 1537 1651 1592 Beatus.

264 1628 487 1682 Tertius
514 1632 599 1683 est
626 1629 841 1684 etenim
872 1628 1141 1684 Sidonius
1175 1634 1376 1685 auctus
1404 1631 1646 1685 honore.

264 1721 609 1776 Anthelmus
635 1725 875 1794 quartus
899 1723 1116 1777 meritis
1147 1729 1203 1778 et
1228 1725 1499 1796 dogmate
1528 1740 1793 1795 magnus.

266 1814 405 1869 Hinc
434 1815 739 1869 Wisuricus
769 1833 941 1871 ovans
967 1816 1119 1871 sedis
1156 1818 1485 1872 conscendit
1513 1817 1795 1871 honorem

264 1909 459 1980 Nuper
484 1909 793 1964 Waldricus
816 1910 947 1964 felix
974 1911 1060 1964 vir
1084 1911 1142 1964 in
1172 1911 1373 1965 ordine
1403 1915 1617 1965 sextus.

264 2002 424 2055 Nunc
453 2002 610 2057 sedet
637 2003 869 2058 antistes
916 2020 1160 2075 magnus
1190 2004 1269 2058 ill.
1306 2006 1451 2061 sedis
1497 2006 1772 2059 honorem
1809 2008 1900 2075 (7).

730 2128 780 2178 6.
806 2127 1056 2196 Episcopi
1080 2125 1449 2181 Sabionenses.

268 2237 392 2290 Haec
418 2235 566 2291 sedis
593 2235 755 2290 vallis
780 2236 1072 2292 Noricanaa
1098 2237 1249 2291 dicta
1276 2237 1521 2305 Sebana,

269 2328 614 2400 lngenuinus
639 2328 855 2384 habens
880 2330 1067 2401 primo
1093 2346 1267 2401 quam
1292 2334 1523 2385 rexerat
1550 2330 1752 2385 almus.

267 2423 498 2478 Mastulo
528 2423 812 2478 secundus
837 2423 1092 2494 seditque
1119 2424 1372 2495 regendo
1410 2425 1755 2480 cathedram.

268 2518 394 2571 Post
426 2516 590 2571 illum
615 2522 809 2589 pastor
834 2517 1074 2572 servavit
1103 2517 1247 2572 ovile
1279 2519 1543 2574 Joannes.

268 2611 477 2664 Przesul
503 2610 720 2665 Alimus
747 2614 872 2665 erat
894 2610 1119 2666 meritis
1145 2612 1243 2682 qui
1265 2617 1322 2666 et
1351 2613 1618 2683 dogmate
1647 2616 1896 2684 quartus.

270 2703 514 2767 Quintus
539 2704 760 2758 honore
792 2704 953 2759 sedet
978 2704 1055 2758 ill.
1088 2704 1263 2760 fultus
1287 2705 1489 2761 eodem
1523 2706 1613 2775 (8).

410 2825 767 2895 Epitaphium
797 2827 1019 2892 Virgilii
1037 2828 1270 2897 episcopi
1298 2826 1756 2896 Saltzburgensis.

270 2936 365 2991 Hic
392 2940 555 3007 pater
584 2942 641 2991 et
666 2942 878 3008 pastor,
909 2937 1141 2992 humilis
1172 2938 1481 3010 doctusque
1510 2938 1792 3007 sacerdos,

264 3032 516 3102 Corpore
544 3030 807 3102 Virgilius
834 3036 1056 3101 pausat,
1089 3048 1262 3103 quem
1292 3032 1594 3086 Hibernica
1634 3033 1795 3087 tellus

268 3123 614 3195 Disponente
637 3125 751 3179 Deo
772 3128 964 3197 partes
996 3125 1199 3179 direxit
1228 3126 1286 3180 in
1319 3126 1473 3192 istas,

263 3217 489 3288 Quique
519 3218 751 3289 regebat
778 3235 947 3273 ovans
972 3219 1268 3291 prazsentis
1300 3219 1550 3274 culmina
1576 3220 1725 3274 sedis

265 3311 471 3367 Ferme
502 3312 886 3383 quaterdenos
911 3313 1095 3367 charis
1123 3329 1255 3368 cum
1277 3313 1545 3367 fratribus
1572 3330 1752 3368 annos
1781 3332 1792 3367 :

263 3410 311 3459 A
338 3405 545 3478 quibus
572 3406 667 3461 ille
693 3411 749 3461 et
784 3411 1008 3461 amatus
1054 3413 1195 3478 erat,
1224 3408 1315 3479 pie
1344 3424 1485 3479 quos
1515 3414 1571 3462 et
1597 3409 1825 3462 amavit.

270 3499 507 3554 Interim
538 3502 595 3553 et
620 3500 797 3556 erexit
818 3501 1056 3572 pulchro
1082 3501 1378 3557 molimine
1405 3503 1584 3557 multa

266 3594 522 3665 Templa,
552 3594 678 3649 loco
705 3595 972 3666 quaedam
1004 3612 1157 3650 nunc
1183 3612 1310 3667 quae
1341 3601 1653 3651 cernuntur
1684 3597 1743 3651 in
1772 3596 1900 3651 isto.

271 3689 507 3759 Insuper
530 3692 588 3742 et
609 3689 828 3743 miseris
852 3689 1048 3760 largus
1072 3690 1241 3743 simul
1279 3690 1543 3745 omnibus
1570 3694 1756 3762 aptus.

267 3784 375 3836 Pro
406 3798 541 3854 quo,
568 3783 808 3855 quisque
831 3784 973 3853 legis
1000 3800 1215 3851 versus,
1248 3801 1409 3839 orare
1448 3790 1756 3841 memento.

342 3905 696 3974 Epitaphium
716 3907 955 3961 Arnonis
974 3908 1361 3978 archiepiscopi
1375 3908 1829 3977 Saltzburgensis.

273 4015 525 4088 Quisque
554 4016 692 4071 velis
719 4022 978 4089 cryptam
1007 4018 1321 4074 subsistens
1353 4037 1540 4086 nosse,
1568 4021 1769 4090 viator,
1858 4060 1863 4063 ι

272 4109 425 4165 Scito
447 4111 603 4181 quod
629 4110 753 4182 ipse
778 4112 920 4167 mihi
950 4112 1108 4168 vivus
1148 4114 1294 4168 hanc
1320 4117 1475 4168 Arno
1500 4116 1720 4186 peregi,

272 4204 381 4267 Qui
407 4203 625 4261 fueram
652 4211 837 4262 rector
860 4207 1152 4278 praesentis
1174 4208 1432 4279 regmine
1463 4209 1627 4275 sedis,

268 4301 347 4352 Ac
372 4298 574 4370 opibus
600 4300 815 4370 multis,
842 4302 1136 4371 multoque
1164 4302 1373 4371 potitus
1402 4302 1617 4357 honore
1648 4320 1660 4356 :

267 4393 428 4447 Nunc
464 4394 553 4449 hic
579 4395 801 4450 omissis
840 4395 1080 4463 cunctis,
1109 4411 1239 4450 mea
1277 4395 1538 4451 membra
1582 4397 1899 4468 quiescunt.

268 4488 341 4542 Te
368 4503 530 4560 rogo,
547 4505 703 4543 nunc
727 4490 1034 4545 Dominum
1061 4489 1321 4561 precibus
1338 4492 1563 4562 pulsare
1585 4497 1900 4562 memento,

1540 349 1669 405 fEVl
1707 348 2021 404 CAROLINI
2063 348 2382 404 CARMINA.

3504 351 3636 405 1210

1930 471 1986 541 Α
2005 458 2183 512 Amisi
2210 459 2309 513 sed
2332 473 2447 512 non
2474 473 2601 512 mea
2629 473 2799 525 nunc,
2830 472 2958 529 quae
2985 462 3116 513 sunt
3143 474 3272 513 mea
3296 474 3546 524 mecum,

2080 550 2276 606 Sentio
2309 568 2321 605 :
2352 567 2456 622 pro
2487 550 2660 605 simili
2688 550 3014 607 conditione
3055 568 3244 622 geme.

2010 645 2192 699 Flecte
2214 645 2391 700 etiam
2412 645 2675 716 precibus
2694 662 2800 717 pro
2822 662 2914 701 me
2925 646 3282 718 jamjamque
3300 647 3637 713 Tonantem,

2077 740 2263 811 Atque
2290 739 2498 793 animae
2521 740 2766 809 veniam,
2800 756 3017 810 quaeso,
3046 756 3278 811 precare
3305 755 3468 795 meas.

2010 833 2175 887 Dicor
2205 833 2615 899 Adalrammus,
2644 834 2867 888 fueram
2895 833 2993 906 qui
3021 837 3211 889 rector
3232 834 3393 888 ovilis

2078 926 2375 982 Praesentis
2403 925 2628 980 Domini
2658 926 2819 981 istius
2845 927 3115 982 ecclesiae.

2006 1020 2222 1091 Corpus
2249 1020 2621 1085 Adalrammi,
2651 1021 2802 1091 quod
2830 1021 3071 1090 praesule
3097 1020 3292 1076 ﬂoruit
3329 1019 3467 1074 urbs
3494 1021 3634 1088 hmo,

2079 1114 2205 1167 Haec
2231 1113 2333 1167 sub
2364 1115 2512 1167 mole
2533 1115 2710 1183 jacet,
2738 1117 2801 1167 tu
2830 1129 2984 1184 rape,
3012 1114 3254 1181 Christe,
3285 1113 3562 1169 animam.

2597 1235 2768 1289 Aliud
2795 1235 3049 1302 ejusdem.

2008 1346 2064 1399 Si
2094 1347 2220 1416 quis
2246 1362 2362 1401 non
2392 1347 2575 1401 valeas
2604 1361 2849 1416 praesens
2874 1362 3003 1399 cum
3034 1362 3168 1400 voce
3198 1345 3425 1412 referre,

2075 1440 2271 1503 Qualia
2290 1440 2416 1511 jam
2445 1440 2675 1495 fuerant
2700 1438 2980 1509 pontiﬁcis
3005 1440 3209 1495 merita
3234 1458 3247 1492 :

2006 1532 2166 1586 Solve
2193 1538 2385 1587 tamen
2413 1533 2659 1603 gemitus
2693 1548 2853 1586 more
2886 1538 3246 1604 conpunctus
3271 1534 3461 1597 amici,

2077 1626 2237 1689 Quod
2266 1626 2375 1680 cito
2403 1626 2673 1696 migravit
2698 1629 2889 1680 tantus
2918 1642 3114 1680 amore
3142 1627 3330 1693 Pater,

2004 1719 2243 1773 Nomine
2269 1719 2687 1788 Adalrammus,
2711 1719 2903 1775 sedem
2933 1720 3032 1789 qui
3061 1724 3285 1775 rexerat
3309 1721 3495 1785 istam,

2076 1808 2247 1879 Cujus
2274 1808 2331 1863 in
2359 1810 2463 1863 hac
2488 1810 2616 1863 aula
2643 1808 2903 1864 membra
2932 1809 3150 1879 sepulta
3172 1810 3386 1880 jacent.

2007 1902 2287 1957 Strenuus
2318 1904 2436 1974 ipse
2462 1902 2779 1957 ministerio
2805 1918 2979 1973 super
3008 1902 3201 1958 omnia
3241 1920 3421 1969 sacro,

2078 1998 2146 2051 Ut
2173 1996 2383 2063 decuit,
2412 1997 2600 2051 fuerat
2629 2012 2732 2067 per
2757 1995 2865 2050 tria
2901 1996 3075 2051 lustra
3103 1996 3316 2068 vigens.

2005 2089 2265 2145 Creditur
2292 2089 2421 2144 hinc
2451 2090 2704 2144 animam
2731 2089 2983 2160 gaudere
3020 2106 3122 2160 per
3146 2089 3255 2145 alta
3281 2092 3566 2162 polorum,

2075 2184 2195 2247 Quo
2222 2183 2496 2238 Dominus
2521 2182 2741 2237 meritis
2768 2184 3002 2253 praemia
3036 2183 3318 2239 retribuit.

2007 2278 2110 2330 Pro
2137 2293 2250 2348 qua
2275 2277 2372 2347 qui
2405 2277 2610 2332 recitas
2634 2293 2851 2345 versus,
2885 2277 2975 2331 dic
3004 2281 3233 2347 pectore
3260 2295 3404 2349 puro
3431 2297 3442 2333 :

2077 2370 2171 2437 Da,
2205 2371 2438 2425 Domine
2464 2372 2736 2439 clemens,
2764 2370 2899 2424 huic
2925 2370 3134 2425 animm
3165 2372 3424 2442 requiem

2006 2463 2075 2516 Ut
2106 2479 2237 2517 cum
2265 2463 2506 2519 viviﬁcet
2536 2463 2753 2533 salpinx
2783 2463 2927 2518 hanc
2963 2464 3161 2518 ultima
3198 2480 3387 2531 carne,

2075 2559 2368 2627 lntegrum
2391 2557 2560 2611 facias
2586 2557 2799 2628 gaudia
2827 2557 2959 2611 bina
2984 2558 3114 2611 frui.

2002 2692 2356 2762 Epitaphium
2381 2693 2756 2761 Liuphrammi
2777 2692 3168 2763 archiepiscopi
3188 2692 3633 2761 Salisburgensis.

2003 2809 2194 2862 Palma
2224 2810 2608 2878 sacerdotum,
2640 2825 2835 2863 rerum
2863 2808 3123 2863 doctrina
3148 2808 3451 2879 bonarum,

2076 2902 2333 2957 Ecclesiae
2365 2902 2650 2973 princeps,
2678 2902 2833 2956 sidus
2856 2903 2917 2956 in
2946 2902 3084 2957 orbe
3108 2903 3345 2969 micans,

2002 2996 2045 3048 0
2072 2995 2481 3067 Liuphramme
2502 2999 2665 3066 pater
2694 2995 2952 3065 inopum,
2985 3000 3147 3050 tutor
3170 2996 3513 3051 miserorum

2075 3089 2279 3144 Omnia
2308 3094 2371 3144 tu
2396 3090 2639 3160 peragis,
2667 3090 2915 3159 jusserat
2938 3092 3003 3144 ut
3029 3089 3315 3146 Dominus.

1922 3218 1976 3292 Ο
2001 3184 2075 3237 Te
2102 3186 2327 3254 pastore
2372 3184 2541 3253 lupus
2567 3198 2807 3236 vacuum
2836 3183 3153 3238 detraxerat
3176 3185 3386 3251 alvum,

2076 3276 2342 3331 Latrandi
2368 3276 2569 3330 sciolos
2598 3276 2882 3331 nutrieras
2903 3277 3134 3332 catulos.

2005 3372 2073 3423 Et
2095 3369 2231 3441 quia
2259 3372 2464 3425 cuncta
2486 3370 2717 3440 placent
2739 3369 2963 3424 Christo
2996 3374 3089 3423 tua
3122 3375 3278 3441 gesta
3304 3387 3528 3441 sereno,

2077 3463 2317 3519 Ventilat
2339 3479 2411 3518 en
2442 3462 2655 3530 sordes,
2687 3469 2750 3517 ut
2774 3479 2908 3517 suus
2939 3479 3059 3517 esse
3084 3479 3279 3535 queas.

2003 3558 2249 3630 Castigat
2275 3557 2547 3624 sobolem,
2581 3556 2785 3628 recipit
2822 3573 2997 3628 quam
3027 3561 3215 3612 rector
3238 3558 3297 3611 in
3329 3558 3542 3626 aulam,

2075 3651 2323 3706 Pulveris
2345 3653 2412 3705 ut
2438 3650 2690 3706 maculas
2730 3649 2993 3704 discutiat
3022 3650 3278 3721 pedibus.

2004 3749 2218 3817 Corpus
2242 3745 2415 3800 inane
2444 3744 2612 3810 cadit,
2649 3744 2852 3799 melior
2882 3761 3010 3815 pars
3036 3745 3169 3800 inde
3194 3747 3443 3817 resurgit
3479 3765 3489 3801 :

2076 3840 2233 3893 Nunc
2262 3842 2475 3894 aeterna
2499 3838 2714 3909 vigent,
2750 3842 2808 3891 et
2834 3838 3112 3893 moritura
3138 3845 3328 3895 ruunt.

2006 3932 2250 4004 Spiritus
2279 3932 2580 4002 exhilarat,
2610 3932 2880 3987 vitiorum
2907 3949 3105 4003 pugna
3132 3933 3362 3988 recedit.

2075 4028 2196 4081 Non
2226 4027 2405 4082 virtus
2434 4026 2643 4081 anima:
2679 4025 3009 4098 perﬁcietur
3038 4027 3133 4081 ita.
3324 4026 3331 4035 ’

2006 4121 2225 4176 Gaudia
2254 4120 2332 4176 sic
2359 4120 2535 4175 etiam
2560 4119 2812 4187 rutilant,
2847 4124 3078 4191 peccata
3105 4120 3391 4191 peribunt.

2076 4215 2272 4271 Tristia
2303 4214 2601 4285 despicias,
2634 4230 2905 4285 prospera
2931 4215 3046 4269 fata
3080 4215 3299 4270 videns.

2006 4311 2048 4363 Ο
2078 4325 2250 4381 quam
2277 4309 2441 4364 dulce
2470 4308 2566 4364 fiet
2591 4325 2856 4381 regnum,
2888 4309 3039 4380 quod
3067 4314 3287 4365 constat
3325 4311 3383 4365 in
3419 4328 3600 4366 aevum
3624 4313 3635 4368 !

2077 4403 2237 4468 Quod
2264 4403 2383 4459 sine
2408 4406 2566 4475 peste
2592 4406 2788 4458 manet
2812 4408 2868 4458 et
2895 4403 3043 4457 bona
3082 4407 3283 4459 cuneta
3306 4406 3488 4460 tenet!

2008 4499 2066 4551 ln
2091 4513 2206 4568 quo
2225 4496 2501 4552 nobilium
2533 4500 2736 4550 turmae
2766 4497 3035 4552 laetantur
3060 4514 3321 4565 avorum,

267 4582 339 4636 Ut
369 4581 510 4637 mihi
537 4582 636 4638 det
661 4584 887 4639 veniam
914 4586 1193 4641 scelerum
1234 4602 1592 4658 quaecunque
1633 4586 1851 4657 patravi
1886 4602 1980 4674 :D
2072 4592 2141 4646 Et
2168 4590 2407 4662 cupiunt
2432 4588 2678 4660 patriam
2704 4606 2809 4644 nos
2844 4589 3097 4644 retinere
3132 4607 3309 4644 suam.

265 4676 555 4739 Quatenus
582 4680 857 4733 aeternam
888 4695 1115 4734 merear
1140 4678 1394 4734 habitare
1420 4679 1701 4751 quietem.

271 4806 630 4877 Epitaphium
654 4806 1003 4889 Adalrammi
1030 4807 1419 4878 archiepiscopi
1452 4808 1903 4877 Saltzburgensis.

275 4924 415 4978 Sum
438 4923 494 4995 [ι.
510 4924 612 4993 Τιι]
630 4923 783 4995 quod
800 4940 859 4978 es
873 4924 995 4996 ipse
1016 4923 1118 4992 fui,
1132 4928 1195 4978 tu
1211 4940 1363 4979 nunc
1380 4924 1903 4998 perpende,viator,

348 5018 723 5073 Communem
750 5022 806 5073 et
834 5034 1064 5073 mecum
1092 5018 1521 5074 commiseresce
1542 5019 1717 5074 vicem
1749 5037 1760 5073 :

276 5112 434 5166 Nunc
459 5112 616 5182 vivis,
646 5113 848 5183 spiras,
870 5117 928 5167 et
949 5113 1073 5184 agis
1105 5114 1341 5168 fortasse
1368 5113 1520 5184 quod
1548 5116 1727 5185 optas,

346 5208 531 5277 Atque
560 5206 671 5261 tuis
697 5207 946 5263 mundus
973 5207 1165 5262 usibus
1195 5207 1314 5279 ipse
1342 5211 1512 5279 patet.

274 5300 362 5354 Ad
391 5303 589 5355 votum
615 5301 968 5357 famulantur
994 5319 1149 5375 opes,
1176 5302 1568 5375 elementaque
1605 5303 1833 5370 cedunt,

347 5397 426 5449 Ac
452 5411 646 5450 rerum
672 5396 846 5451 servit
871 5396 1137 5451 machina
1165 5396 1314 5452 trina
1338 5396 1460 5452 tibi.

280 5490 421 5543 Usus
450 5493 508 5543 et
531 5489 618 5544 his
647 5506 775 5562 ego,
807 5491 943 5545 dum
973 5507 1226 5561 praesens
1252 5491 1396 5547 mihi
1425 5491 1538 5547 vita
1564 5496 1837 5557 maneret,

351 5582 553 5638 Omnia
580 5587 638 5639 et
671 5585 794 5639 haec
821 5584 995 5640 habui
1025 5586 1427 5657 suppeditante
1453 5587 1582 5641 Deo.

281 5681 352 5733 At
376 5694 507 5732 cum
534 5678 793 5736 fallacem
818 5680 1040 5736 vultum
1078 5680 1310 5735 fortuna
1336 5681 1569 5752 recepit,

354 5774 438 5828 Me
467 5789 596 5830 mea
621 5779 756 5831 tunc
780 5775 951 5831 modo
972 5776 1096 5849 jam
1127 5792 1242 5830 non
1268 5775 1531 5830 habuisse
1570 5776 1766 5847 liquet.

362 5926 428 5993 (7)
463 5922 702 5978 Urolfus.

2006 4691 2078 4742 Ac
2099 4684 2270 4741 simul
2294 4688 2350 4739 et
2379 4686 2588 4738 sanctae
2615 4685 2827 4737 matres
2863 4687 3145 4753 castaeque
3174 4700 3420 4753 sorores,

2078 4782 2347 4853 Optantes
2370 4778 2653 4849 placidam
2680 4794 2784 4831 nos
2822 4792 3077 4831 remeare
3104 4778 3279 4833 viam.

2008 4881 2241 4949 Insuper
2265 4874 2656 4945 Omnipotens,
2686 4876 2901 4926 cunctae
2937 4870 3211 4927 bonitatis
3238 4874 3423 4944 origo,

2080 4974 2187 5026 Nos
2214 4983 2519 5042 properare
2539 4966 2726 5037 jubet,
2754 4968 2811 5019 et
2838 4964 3051 5035 pietate
3069 4966 3246 5037 juvat.

2007 5067 2111 5131 Qui
2138 5071 2192 5121 te
2221 5066 2498 5135 perpetuo
2524 5075 2723 5115 sanum
2749 5059 3022 5131 perducat
3044 5061 3114 5115 ad
3143 5060 3324 5129 illum,

2082 5162 2151 5215 Ut
2173 5158 2370 5213 laudes
2394 5156 2598 5211 Christi
2627 5170 2834 5209 nomen
2872 5154 2932 5208 in
2957 5171 3085 5211 arce
3115 5157 3243 5227 poli.

2542 5282 2615 5332 De
2634 5280 2816 5332 Ariete
2842 5280 3101 5348 episcopo.

2012 5392 2219 5450 Nobilis
2244 5392 2394 5447 hanc
2423 5390 2583 5445 Aries
2611 5389 2952 5461 cognomine
2979 5388 3161 5441 dictus
3187 5386 3353 5454 avito,

2083 5488 2395 5561 Dignanter
2419 5484 2673 5540 chartam
2695 5483 2950 5555 perlegat
2978 5495 3074 5533 ore
3102 5495 3279 5533 sacro.

2012 5586 2162 5651 Jure,
2194 5584 2376 5648 Pater,
2406 5580 2507 5635 tali
2528 5578 2785 5635 vocitaris
2812 5573 3045 5628 nomine
3073 5577 3283 5641 sancte,

2083 5678 2385 5732 Caularum
2413 5672 2640 5729 Domini
2670 5669 2766 5742 qui
2793 5669 2940 5722 bene
2972 5666 3151 5738 pascis
3182 5683 3335 5722 oves.

2017 5773 2133 5826 Dux
2169 5771 2328 5825 Aries
2358 5768 2551 5839 gregis
2575 5766 2642 5819 ad
2672 5763 2867 5829 vitam,
2899 5761 2988 5816 cui
3034 5777 3204 5816 nemo
3231 5761 3457 5833 resistit,

2090 5916 2161 5985 (8)
2194 5912 2503 5969 Heinricus.
