4092 6192
295 285 426 338 1213

575 395 890 448 Concussus
922 396 1048 450 altis
1078 399 1339 454 ﬂuctibus

573 488 639 540 Et
672 487 962 543 Frauciam
991 491 1347 549 turbantibus

571 582 835 652 Regnum
859 585 1092 656 reliquit
1116 593 1397 643 mortuus.

642 685 736 740 His
757 691 1004 758 quatuor
1028 706 1161 745 mox
1188 693 1440 762 partibus

571 781 828 851 Regnum
858 782 961 836 sibi
995 786 1332 854 secantibus,

570 875 675 927 Per
705 874 1004 930 Franciam
1025 877 1412 949 jurgantibus,

570 967 787 1021 Bellum
815 968 920 1022 fuit
946 970 1250 1027 horridius.

631 1071 870 1140 Imperio
902 1072 980 1126 sic
1005 1074 1235 1130 turbido
1346 1088 1348 1090 '

562 1164 769 1219 Crescit
792 1165 1079 1220 malorum
1112 1169 1282 1224 factio
1315 1189 1327 1234 ;

562 1259 921 1330 Surgensque
948 1265 1084 1315 tunc
1112 1263 1406 1332 dissensio,

561 1353 870 1408 Permiscet
899 1370 1100 1409 omnes
1120 1357 1333 1428 jurgio.

633 1455 847 1511 Invadit
871 1457 1012 1512 alter
1037 1459 1238 1525 socios,

558 1549 831 1604 Crescunt
856 1550 991 1604 mali
1017 1568 1188 1624 super
1204 1554 1402 1618 bonos.

556 1642 848 1712 Tyrannus
878 1645 1064 1699 omnis
1092 1646 1371 1716 infremit,

556 1736 771 1790 Dantur
799 1736 1040 1794 honores
1065 1740 1260 1814 impio.

626 1839 711 1894 Fit
737 1839 990 1910 plurium
1022 1846 1276 1913 vastatio,

555 1933 773 1988 Sanctis
802 1934 936 1990 locis
964 1939 1266 2009 praedatio,

552 2027 777 2083 Cunctis
803 2029 966 2084 bonis
987 2031 1256 2103 turbatio,

553 2121 764 2176 Rerum
791 2123 958 2178 simul
985 2127 1268 2184 confusio.

620 2223 855 2287 Quidam
880 2225 988 2282 fuit
1014 2228 1120 2282 hoc
1151 2234 1433 2303 tempore,

554 2317 897 2373 Nomenoius
927 2322 1184 2392 nomine,

550 2411 769 2482 Pauper
793 2413 949 2484 prius
977 2419 1270 2487 progenie,

546 2508 761 2575 Agrum
788 2508 1011 2564 colebat
1037 2527 1286 2567 vomere.

615 2608 726 2662 Sed
759 2611 1011 2681 repperit
1038 2613 1427 2684 largissimum

547 2701 893 2758 Thesaurum
926 2710 1089 2761 terrae
1110 2709 1426 2776 conditum.

544 2795 649 2858 Qui
674 2797 1051 2867 plurimorum
1074 2800 1315 2857 divitum

541 2890 730 2944 Junxit
756 2890 861 2945 sibi
888 2893 1175 2949 solatium.

616 2992 830 3046 Dehinc
862 3010 964 3064 per
1002 3001 1185 3051 artem
1217 2998 1409 3053 fallere

543 3086 834 3157 Coepitque
862 3105 995 3142 mox
1035 3107 1401 3162 succrescere,

544 3181 728 3234 Donec
761 3198 933 3252 super
957 3186 1186 3238 cunctos
1216 3202 1320 3256 ope

541 3274 987 3330 Transcenderet
1026 3279 1319 3347 potentiae.

613 3373 703 3426 Sic
733 3389 870 3443 ergo
905 3374 1357 3431 discordantibus

543 3466 766 3520 Francis
791 3467 959 3522 simul
986 3485 1118 3523 cum
1152 3472 1400 3543 regibus,

541 3561 681 3615 Cum
710 3561 927 3616 caeteris
955 3563 1262 3619 rebellibus

541 3654 623 3708 Fit
641 3655 837 3710 Carolo
867 3657 1203 3712 contrarius.

613 3754 708 3807 Hic
731 3755 966 3809 Carolus
992 3773 1122 3810 cum
1157 3759 1424 3814 fratribus

543 3848 756 3902 Bellum
786 3849 1017 3919 gerebat
1045 3852 1270 3922 saepius,

539 3942 648 3995 Nec
677 3943 1021 4013 praevalebat
1051 3944 1332 4015 hostibus,

539 4036 726 4090 Tantis
757 4038 1016 4107 repulsus
1042 4039 1317 4098 cladibus.

608 4134 850 4189 Conﬁdit
877 4135 1032 4189 unde
1064 4135 1292 4208 impius,

538 4229 761 4283 Praedas
785 4228 904 4300 agit
933 4231 1297 4300 Nemenoius,

539 4322 800 4377 lnstando
825 4323 1274 4394 Redonensibus,

536 4415 829 4488 Simulque
860 4418 1352 4478 Namnetensibus.

606 4515 820 4570 Deinde
847 4517 1264 4596 Pictavensium

535 4610 707 4664 Trans
732 4611 980 4681 Ligerim
1009 4615 1362 4670 manentium

535 4705 747 4776 Pagum
766 4705 911 4776 petit
933 4706 1308 4777 Medalgicum

538 4799 814 4853 Glonnam
843 4798 1030 4854 locum
1056 4801 1534 4872 pulcherrimum.

602 4897 871 4952 Turmam
898 4905 1062 4954 vocat
1099 4900 1509 4966 monachicam,

530 4991 874 5062 Multamque
904 4991 1004 5046 dat
1024 4993 1343 5063 pecuniam,

530 5084 696 5141 lubet
717 5102 851 5141 mox
880 5103 1040 5142 suam
1061 5088 1306 5143 statuam

531 5178 779 5251 Efﬁgiari
822 5181 1200 5252 splendidam,

489 5293 495 5298 ·
605 5278 786 5342 Quam
815 5284 1092 5350 ponerent
1117 5282 1423 5352 pinnaculo

531 5372 616 5427 Ad
642 5372 919 5429 orientem
951 5375 1165 5444 patulo,

533 5465 774 5538 Signum
816 5468 967 5538 quod
992 5474 1157 5536 esset,
1186 5471 1451 5526 Carolum

533 5562 604 5617 Se
635 5579 750 5617 non
777 5562 978 5617 timere
1012 5562 1330 5619 dominum.

605 5661 690 5716 Illi
714 5663 904 5718 statim
933 5663 1052 5735 regi
1085 5679 1184 5718 suo

530 5757 656 5811 Haec
696 5757 1055 5828 pertulerunt
1081 5757 1306 5826 Carolo,

532 5850 639 5913 Qui
671 5849 904 5905 audiens
931 5850 1276 5924 superbiam,

1554 296 1675 350 .EV'I
1718 299 2031 354 CAROLINI
2069 303 2380 359 CARMINA.

1939 423 1995 493 Α

2303 415 2530 472 Miratus
2557 423 2641 473 est
2668 422 2982 480 audaciam.

2371 520 2523 575 Tunc
2545 522 2713 592 jussit
2739 528 2800 578 ut
2824 527 3126 596 pecuniam

2301 613 2498 668 Totam
2525 616 2630 670 sibi
2651 617 3038 689 disponerent,

2301 706 2450 761 lllius
2475 709 2603 764 albo
2627 711 2816 781 lapide

2300 800 2530 872 Sculpta
2561 803 2701 858 risus
2731 804 3002 877 imagine,

2369 902 2554 966 Quam
2587 912 2865 974 ponerent
2889 909 3183 980 pinnaculi

2295 996 2380 1049 Ad
2410 997 2690 1052 orientem
2711 1004 2924 1071 patulo,

2294 1089 2533 1159 Signum
2561 1091 2709 1147 foret
2733 1097 2885 1165 quod
2927 1098 3104 1170 impio

2297 1183 2365 1237 Se
2396 1184 2825 1255 subjugandum
2858 1190 3075 1249 Carolo.

2365 1288 2546 1342 Iratus
2571 1289 2666 1344 ille
2696 1291 2921 1357 talibus,

2294 1381 2500 1435 Locum
2524 1382 2664 1453 petit
2692 1385 2940 1441 velocius
2964 1406 2976 1455 ;

2291 1475 2517 1529 Prmdas
2529 1476 2694 1545 jubet
2723 1479 2993 1536 militibus
3019 1501 3029 1537 :

2287 1568 2555 1623 Accendit
2583 1568 2780 1639 ignem
2807 1576 3089 1644 protinus.

2362 1671 2640 1726 Flammas
2666 1672 2881 1746 ubique
2909 1678 3164 1736 Britones

2285 1765 2407 1817 Mox
2436 1765 2690 1820 inferunt
2711 1767 2822 1822 iras
2846 1774 3036 1827 truces
3059 1792 3072 1827 :

2287 1858 2526 1912 Sanctus
2551 1860 2706 1914 locus
2726 1863 3096 1934 comburitur,

2287 1952 2528 2007 Tantum
2559 1954 2727 2009 decus
2755 1961 3128 2019 consumitur.

2357 2057 2474 2110 Heu
2504 2059 2628 2112 me!
2660 2059 2888 2116 dolores
2916 2066 3129 2135 patria},

2285 2151 2405 2204 Heu
2432 2168 2523 2206 me
2547 2152 2558 2205 l
2598 2152 2840 2210 honores
2868 2157 3089 2228 glorias,

2285 2243 2470 2307 Quam
2503 2247 2658 2300 novit
2687 2247 2838 2302 orbis
2873 2251 3140 2325 pristinas,

2285 2339 2398 2393 Heu
2429 2340 2551 2394 me!
2589 2340 2773 2396 [luunt
2801 2360 2951 2400 nunc
2978 2347 3261 2420 lacrymae.

2353 2443 2508 2496 Tunc
2539 2444 2817 2499 excitatus
2843 2449 3061 2505 caelitus

2280 2538 2521 2591 Sanctus
2551 2538 2714 2593 adest
2739 2540 3074 2612 Florentius,

2280 2630 2538 2700 Respexit
2571 2631 3063 2693 intlammantibus

2273 2725 2480 2778 Locum
2508 2742 2673 2779 suum
2699 2727 3040 2786 Britonibus.

2349 2796 2392 2849 0
2414 2805 2627 2866 quanta
2649 2805 2796 2852 esset
2813 2801 2985 2856 ultio!

2277 2887 2333 2942 Si
2363 2905 2476 2942 non
2502 2889 2647 2944 foret
2675 2893 3000 2961 permissio.

2277 2985 2574 3037 Percussus
2603 2990 2687 3039 est
2713 2987 2812 3039 sed
2844 2989 3050 3059 impius

2274 3076 2582 3130 Debilitatis
2607 3079 2870 3148 pedibus.

2348 3177 2614 3228 Precatur
2643 3177 3075 3250 indulgentiam,

2280 3268 2482 3323 Redire
2505 3275 2692 3340 posset
2717 3273 2958 3341 patriam
2983 3294 2993 3329 :

2275 3364 2549 3416 Reversus
2579 3364 2650 3417 ad
2683 3365 3034 3441 Britanniam

2276 3457 2522 3511 Nimiam
2547 3457 2644 3512 dat
2663 3461 2991 3530 pecuniam.

2343 3555 2526 3610 Abbas
2550 3561 2671 3611 erat
2695 3557 2834 3613 Dido
2866 3560 3066 3629 bonus,

2275 3650 2412 3720 Regi
2443 3649 2642 3704 Carolo
2669 3653 2982 3722 proximus,

2274 3744 2376 3798 Cui
2401 3745 2716 3799 convocatis
2744 3745 3015 3804 fratribus

2276 3839 2484 3908 Regem
2515 3838 2633 3892 adit
2659 3842 3012 3910 quantocius.

2344 3937 2588 4008 Exponit
2621 3937 2730 3992 iras
2759 3940 3078 4014 Britonum,

2264 4031 2528 4102 Magnum
2561 4032 2739 4086 scelus
2773 4035 3111 4092 crudelium.

2268 4127 2420 4179 Tunc
2446 4141 2541 4180 rex
2573 4125 2766 4181 dolens
2791 4128 2849 4181 in
2879 4136 3125 4200 pectore,

2269 4219 2482 4284 Quazrit
2507 4219 2688 4274 vicem
2715 4237 2849 4276 mox
2883 4224 3145 4282 reddere.

2337 4318 2473 4372 Hinc
2495 4319 2864 4390 Andegavam
2895 4324 3153 4392 protinus

2265 4412 2472 4467 Urbem
2499 4414 2639 4483 petit
2665 4415 3017 4470 tristissimus
3045 4436 3056 4472 :

2265 4507 2369 4559 Dat
2390 4505 2678 4560 abbatiam
2708 4507 2875 4561 loculi

2268 4599 2461 4654 Sancti
2485 4599 2719 4653 Joannis
2743 4601 2940 4658 dediti.

2341 4699 2449 4753 Sed
2479 4700 2582 4753 hoc
2614 4716 2813 4769 parum
2845 4702 3024 4757 visum
3055 4704 3180 4774 fuit,

2267 4794 2499 4865 Moxque
2531 4793 2772 4848 alteram
2795 4796 3026 4852 tradidit

2265 4888 2458 4943 Sancti
2487 4887 2750 4941 Gundulﬁ
2784 4889 3038 4956 nomine,

2264 4983 2396 5046 Quae
2422 4981 2674 5052 partibus
2697 4986 2781 5035 est
2799 4982 3069 5042 Franciaa.

2336 5079 2548 5151 Magnis
2580 5079 2711 5134 data
2741 5082 3077 5139 muneribus

2259 5176 2415 5232 Circa
2438 5174 2622 5228 locum
2654 5174 2715 5228 fit
2735 5175 2985 5247 sedulus,

2269 5268 2530 5324 Restituit
2558 5269 2795 5336 felicius,

2264 5366 2496 5419 Decorat
2523 5367 2691 5435 atque
2723 5367 3031 5436 pulchrius.

2337 5465 2586 5520 Gaudete
2608 5466 2796 5520 cuncti
2815 5466 3093 5536 cordibus,

2261 5562 2498 5616 Cantate
2529 5559 2750 5630 magnis
2775 5558 3024 5628 vocibus,

2266 5655 2471 5710 Sancte
2503 5651 2769 5718 Florenti,
2799 5666 3141 5722 quaesumus.

2265 5749 2470 5805 Adesto
2501 5745 2658 5798 nobis
2689 5744 2919 5799 coalitus.

2336 5845 2534 5896 Amen.

3514 325 3660 379 1214
