  <div class='ocr_page' id='page_1' title='image "/cluster/home/n/w/nwhite01/storage/ocr_20150623/130/hvd.32044054759915/637.png"; bbox 0 0 4092 6192; ppageno 0'>
   <div class='ocr_carea' id='block_1_1' title="bbox 488 347 621 399">
    <p class='ocr_par' dir='ltr' id='par_1_1' title="bbox 488 347 621 399">
     <span class='ocr_line' id='line_1_1' title="bbox 488 347 621 399; baseline -0.015 0"><span class='ocrx_word' id='word_1_1' title='bbox 488 347 621 399; x_wconf 76' lang='grc'>1215</span> 
     </span>
    </p>
   </div>
   <div class='ocr_carea' id='block_1_2' title="bbox 1708 334 2657 395">
    <p class='ocr_par' dir='ltr' id='par_1_2' title="bbox 1708 334 2657 395">
     <span class='ocr_line' id='line_1_2' title="bbox 1708 334 2657 395; baseline -0.007 -1"><span class='ocrx_word' id='word_1_2' title='bbox 1708 337 2037 395; x_wconf 77' lang='lat' dir='ltr'>APPENDIX</span> <span class='ocrx_word' id='word_1_3' title='bbox 2081 338 2168 393; x_wconf 77' lang='lat' dir='ltr'>AD</span> <span class='ocrx_word' id='word_1_4' title='bbox 2209 335 2534 393; x_wconf 72' lang='lat' dir='ltr'>SAECULUM</span> <span class='ocrx_word' id='word_1_5' title='bbox 2577 334 2657 389; x_wconf 79' lang='lat' dir='ltr'>IX.</span> 
     </span>
    </p>
   </div>
   <div class='ocr_carea' id='block_1_3' title="bbox 1226 445 2197 529">
    <p class='ocr_par' dir='ltr' id='par_1_3' title="bbox 1226 445 2197 529">
     <span class='ocr_line' id='line_1_3' title="bbox 1226 445 2197 529; baseline -0.009 -20"><span class='ocrx_word' id='word_1_6' title='bbox 1226 445 1381 509; x_wconf 87' lang='lat' dir='ltr'>VIII.</span> <span class='ocrx_word' id='word_1_7' title='bbox 2141 458 2197 529; x_wconf 76' lang='grc' dir='ltr'><strong>Α</strong></span> 
     </span>
    </p>
   </div>
   <div class='ocr_carea' id='block_1_4' title="bbox 506 567 2114 650">
    <p class='ocr_par' dir='ltr' id='par_1_4' title="bbox 506 567 2114 650">
     <span class='ocr_line' id='line_1_4' title="bbox 506 567 2114 650; baseline -0.003 -17"><span class='ocrx_word' id='word_1_8' title='bbox 506 571 733 634; x_wconf 83' lang='lat' dir='ltr'>Versus</span> <span class='ocrx_word' id='word_1_9' title='bbox 764 568 844 632; x_wconf 86' lang='lat' dir='ltr'>de</span> <span class='ocrx_word' id='word_1_10' title='bbox 865 568 1049 633; x_wconf 88' lang='lat' dir='ltr'>Bella</span> <span class='ocrx_word' id='word_1_11' title='bbox 1080 568 1204 650; x_wconf 81' lang='grc'>(10)</span> <span class='ocrx_word' id='word_1_12' title='bbox 1235 585 1380 650; x_wconf 57' lang='lat' dir='ltr'>qua</span> <span class='ocrx_word' id='word_1_13' title='bbox 1403 568 1537 647; x_wconf 74' lang='lat' dir='ltr'>fuit</span> <span class='ocrx_word' id='word_1_14' title='bbox 1564 575 1712 630; x_wconf 85' lang='lat' dir='ltr'>acta</span> <span class='ocrx_word' id='word_1_15' title='bbox 1740 567 2114 632; x_wconf 84' lang='lat' dir='ltr'>Fontaneto.</span> 
     </span>
    </p>
   </div>
   <div class='ocr_carea' id='block_1_5' title="bbox 541 678 2081 754">
    <p class='ocr_par' dir='ltr' id='par_1_5' title="bbox 541 678 2081 754">
     <span class='ocr_line' id='line_1_5' title="bbox 541 678 2081 754; baseline -0.005 -16"><span class='ocrx_word' id='word_1_16' title='bbox 541 682 813 754; x_wconf 42' lang='lat' dir='ltr'>[,Lebeuf,</span> <span class='ocrx_word' id='word_1_17' title='bbox 845 684 1193 738; x_wconf 79' lang='lat' dir='ltr'>Dissertation</span> <span class='ocrx_word' id='word_1_18' title='bbox 1221 681 1401 753; x_wconf 50' lang='lat' dir='ltr'>smila</span> <span class='ocrx_word' id='word_1_19' title='bbox 1430 682 1653 736; x_wconf 83' lang='lat' dir='ltr'>bataille</span> <span class='ocrx_word' id='word_1_20' title='bbox 1676 681 1741 735; x_wconf 89' lang='lat' dir='ltr'>de</span> <span class='ocrx_word' id='word_1_21' title='bbox 1768 678 2081 748; x_wconf 82' lang='lat' dir='ltr'>Fontenay.]</span> 
     </span>
    </p>
   </div>
   <div class='ocr_carea' id='block_1_6' title="bbox 1184 810 1445 849">
    <p class='ocr_par' dir='ltr' id='par_1_6' title="bbox 1184 810 1445 849">
     <span class='ocr_line' id='line_1_6' title="bbox 1184 810 1445 849; baseline 0 -2"><span class='ocrx_word' id='word_1_22' title='bbox 1184 810 1422 849; x_wconf 69' lang='lat' dir='ltr'>MONITUM</span> <span class='ocrx_word' id='word_1_23' title='bbox 1433 835 1445 847; x_wconf 92' lang='lat'>.</span> 
     </span>
    </p>
   </div>
   <div class='ocr_carea' id='block_1_7' title="bbox 562 884 2123 959">
    <p class='ocr_par' dir='ltr' id='par_1_7' title="bbox 562 884 2123 959">
     <span class='ocr_line' id='line_1_7' title="bbox 562 884 2123 959; baseline -0.003 -16"><span class='ocrx_word' id='word_1_24' title='bbox 562 889 699 943; x_wconf 86' lang='lat' dir='ltr'>Cod.</span> <span class='ocrx_word' id='word_1_25' title='bbox 736 890 871 959; x_wconf 77' lang='lat' dir='ltr'>Reg.</span> <span class='ocrx_word' id='word_1_26' title='bbox 906 890 1044 943; x_wconf 75' lang='grc'>4458</span> <span class='ocrx_word' id='word_1_27' title='bbox 1083 904 1309 942; x_wconf 88' lang='lat' dir='ltr'>carmen</span> <span class='ocrx_word' id='word_1_28' title='bbox 1340 886 1571 959; x_wconf 76' lang='lat' dir='ltr'>exhibet</span> <span class='ocrx_word' id='word_1_29' title='bbox 1599 886 1671 959; x_wconf 82' lang='lat' dir='ltr'>de</span> <span class='ocrx_word' id='word_1_30' title='bbox 1699 884 1894 959; x_wconf 81' lang='lat' dir='ltr'>praelio</span> <span class='ocrx_word' id='word_1_31' title='bbox 1922 885 2123 939; x_wconf 86' lang='lat' dir='ltr'>Fonte-</span> 
     </span>
    </p>
   </div>
   <div class='ocr_carea' id='block_1_8' title="bbox 488 956 2124 1028">
    <p class='ocr_par' dir='ltr' id='par_1_8' title="bbox 488 956 2124 1028">
     <span class='ocr_line' id='line_1_8' title="bbox 488 956 2124 1028; baseline -0.002 -14"><span class='ocrx_word' id='word_1_32' title='bbox 488 961 650 1014; x_wconf 89' lang='lat' dir='ltr'>niaco</span> <span class='ocrx_word' id='word_1_33' title='bbox 680 960 784 1013; x_wconf 89' lang='lat' dir='ltr'>sub</span> <span class='ocrx_word' id='word_1_34' title='bbox 810 956 1043 1014; x_wconf 78' lang='lat' dir='ltr'>nomine</span> <span class='ocrx_word' id='word_1_35' title='bbox 1074 959 1409 1028; x_wconf 85' lang='lat' dir='ltr'>Angclberti</span> <span class='ocrx_word' id='word_1_36' title='bbox 1435 956 1756 1027; x_wconf 83' lang='lat' dir='ltr'>cujusdam,</span> <span class='ocrx_word' id='word_1_37' title='bbox 1785 956 1884 1027; x_wconf 88' lang='lat' dir='ltr'>qui</span> <span class='ocrx_word' id='word_1_38' title='bbox 1911 959 1977 1010; x_wconf 90' lang='lat' dir='ltr'>ut</span> <span class='ocrx_word' id='word_1_39' title='bbox 1996 971 2124 1011; x_wconf 90' lang='lat' dir='ltr'>ocu-</span> 
     </span>
    </p>
   </div>
   <div class='ocr_carea' id='block_1_9' title="bbox 368 1028 2125 1103">
    <p class='ocr_par' dir='ltr' id='par_1_9' title="bbox 368 1028 2125 1103">
     <span class='ocr_line' id='line_1_9' title="bbox 368 1028 2125 1103; baseline -0.002 -19"><span class='ocrx_word' id='word_1_40' title='bbox 368 1030 377 1043; x_wconf 76' lang='grc'><em>³</em></span> <span class='ocrx_word' id='word_1_41' title='bbox 488 1032 634 1085; x_wconf 91' lang='lat' dir='ltr'>latus</span> <span class='ocrx_word' id='word_1_42' title='bbox 662 1031 820 1086; x_wconf 90' lang='lat' dir='ltr'>testis</span> <span class='ocrx_word' id='word_1_43' title='bbox 859 1031 1131 1103; x_wconf 81' lang='lat' dir='ltr'>loquitur.</span> <span class='ocrx_word' id='word_1_44' title='bbox 1161 1030 1429 1103; x_wconf 74' lang='lat' dir='ltr'>Versibus</span> <span class='ocrx_word' id='word_1_45' title='bbox 1457 1028 1758 1103; x_wconf 85' lang='lat' dir='ltr'>trochaicis</span> <span class='ocrx_word' id='word_1_46' title='bbox 1798 1032 2037 1103; x_wconf 77' lang='lat' dir='ltr'>constat,</span> <span class='ocrx_word' id='word_1_47' title='bbox 2067 1032 2125 1081; x_wconf 90' lang='lat' dir='ltr'>et</span> 
     </span>
    </p>
   </div>
   <div class='ocr_carea' id='block_1_10' title="bbox 488 1099 2117 1174">
    <p class='ocr_par' dir='ltr' id='par_1_10' title="bbox 488 1099 2117 1174">
     <span class='ocr_line' id='line_1_10' title="bbox 488 1099 2117 1174; baseline -0.003 -17"><span class='ocrx_word' id='word_1_48' title='bbox 488 1106 694 1172; x_wconf 82' lang='lat' dir='ltr'>puncta</span> <span class='ocrx_word' id='word_1_49' title='bbox 716 1099 979 1174; x_wconf 75' lang='lat' dir='ltr'>quzedam</span> <span class='ocrx_word' id='word_1_50' title='bbox 1006 1100 1217 1174; x_wconf 78' lang='lat' dir='ltr'>primis</span> <span class='ocrx_word' id='word_1_51' title='bbox 1232 1100 1488 1174; x_wconf 80' lang='lat' dir='ltr'>versibus</span> <span class='ocrx_word' id='word_1_52' title='bbox 1516 1099 1953 1174; x_wconf 79' lang='lat' dir='ltr'>superimposita</span> <span class='ocrx_word' id='word_1_53' title='bbox 1985 1114 2117 1174; x_wconf 82' lang='lat' dir='ltr'>can-</span> 
     </span>
    </p>
   </div>
   <div class='ocr_carea' id='block_1_11' title="bbox 488 1169 2111 1244">
    <p class='ocr_par' dir='ltr' id='par_1_11' title="bbox 488 1169 2111 1244">
     <span class='ocr_line' id='line_1_11' title="bbox 488 1169 2111 1244; baseline -0.002 -17"><span class='ocrx_word' id='word_1_54' title='bbox 488 1169 664 1229; x_wconf 80' lang='lat' dir='ltr'>ticum</span> <span class='ocrx_word' id='word_1_55' title='bbox 695 1169 985 1244; x_wconf 74' lang='lat' dir='ltr'>quoddam</span> <span class='ocrx_word' id='word_1_56' title='bbox 1008 1169 1160 1226; x_wconf 75' lang='lat' dir='ltr'>notis</span> <span class='ocrx_word' id='word_1_57' title='bbox 1177 1171 1518 1244; x_wconf 85' lang='lat' dir='ltr'>distinctum</span> <span class='ocrx_word' id='word_1_58' title='bbox 1549 1169 1802 1244; x_wconf 85' lang='lat' dir='ltr'>indicant</span> <span class='ocrx_word' id='word_1_59' title='bbox 1830 1169 2111 1244; x_wconf 73' lang='lat' dir='ltr'>veloden.</span> 
     </span>
    </p>
   </div>
   <div class='ocr_carea' id='block_1_12' title="bbox 488 1240 2122 1312">
    <p class='ocr_par' dir='ltr' id='par_1_12' title="bbox 488 1240 2122 1312">
     <span class='ocr_line' id='line_1_12' title="bbox 488 1240 2122 1312; baseline -0.004 -13"><span class='ocrx_word' id='word_1_60' title='bbox 488 1240 731 1300; x_wconf 73' lang='lat' dir='ltr'>Carmen</span> <span class='ocrx_word' id='word_1_61' title='bbox 756 1245 958 1299; x_wconf 90' lang='lat' dir='ltr'>damus</span> <span class='ocrx_word' id='word_1_62' title='bbox 991 1249 1052 1297; x_wconf 92' lang='lat' dir='ltr'>ut</span> <span class='ocrx_word' id='word_1_63' title='bbox 1078 1242 1288 1312; x_wconf 82' lang='lat' dir='ltr'>legitur</span> <span class='ocrx_word' id='word_1_64' title='bbox 1313 1242 1370 1295; x_wconf 91' lang='lat' dir='ltr'>in</span> <span class='ocrx_word' id='word_1_65' title='bbox 1402 1242 1793 1312; x_wconf 88' lang='lat' dir='ltr'>manuscripto</span> <span class='ocrx_word' id='word_1_66' title='bbox 1818 1242 2005 1295; x_wconf 88' lang='lat' dir='ltr'>codice</span> <span class='ocrx_word' id='word_1_67' title='bbox 2025 1240 2122 1311; x_wconf 87' lang='lat' dir='ltr'>qui</span> 
     </span>
    </p>
   </div>
   <div class='ocr_carea' id='block_1_13' title="bbox 489 1312 2123 1382">
    <p class='ocr_par' dir='ltr' id='par_1_13' title="bbox 489 1312 2123 1382">
     <span class='ocr_line' id='line_1_13' title="bbox 489 1312 2123 1382; baseline -0.003 -13"><span class='ocrx_word' id='word_1_68' title='bbox 489 1316 693 1370; x_wconf 59' lang='lat' dir='ltr'>saeculo</span> <span class='ocrx_word' id='word_1_69' title='bbox 727 1315 949 1369; x_wconf 84' lang='lat' dir='ltr'>circiter</span> <span class='ocrx_word' id='word_1_70' title='bbox 976 1313 1199 1368; x_wconf 90' lang='lat' dir='ltr'>decimo</span> <span class='ocrx_word' id='word_1_71' title='bbox 1219 1312 1444 1367; x_wconf 89' lang='lat' dir='ltr'>videtur</span> <span class='ocrx_word' id='word_1_72' title='bbox 1467 1312 1853 1367; x_wconf 86' lang='lat' dir='ltr'>ascribendus.</span> <span class='ocrx_word' id='word_1_73' title='bbox 1878 1313 1957 1366; x_wconf 91' lang='lat' dir='ltr'>De</span> <span class='ocrx_word' id='word_1_74' title='bbox 1982 1327 2123 1382; x_wconf 67' lang='lat' dir='ltr'>pras-</span> 
     </span>
    </p>
   </div>
   <div class='ocr_carea' id='block_1_14' title="bbox 491 1383 2120 1450">
    <p class='ocr_par' dir='ltr' id='par_1_14' title="bbox 491 1383 2120 1450">
     <span class='ocr_line' id='line_1_14' title="bbox 491 1383 2120 1450; baseline -0.002 -11"><span class='ocrx_word' id='word_1_75' title='bbox 491 1386 568 1440; x_wconf 88' lang='lat' dir='ltr'>lio</span> <span class='ocrx_word' id='word_1_76' title='bbox 597 1386 667 1440; x_wconf 91' lang='lat' dir='ltr'>ad</span> <span class='ocrx_word' id='word_1_77' title='bbox 696 1386 1102 1440; x_wconf 89' lang='lat' dir='ltr'>Fonteniacum</span> <span class='ocrx_word' id='word_1_78' title='bbox 1131 1384 1259 1438; x_wconf 89' lang='lat' dir='ltr'>vide</span> <span class='ocrx_word' id='word_1_79' title='bbox 1296 1384 1677 1439; x_wconf 81' lang='lat' dir='ltr'>narrationem</span> <span class='ocrx_word' id='word_1_80' title='bbox 1703 1383 1985 1450; x_wconf 86' lang='lat' dir='ltr'>Nithardi,</span> <span class='ocrx_word' id='word_1_81' title='bbox 2016 1384 2120 1435; x_wconf 86' lang='lat' dir='ltr'>Pa—</span> 
     </span>
    </p>
   </div>
   <div class='ocr_carea' id='block_1_15' title="bbox 495 1457 1137 1529">
    <p class='ocr_par' dir='ltr' id='par_1_15' title="bbox 495 1457 1137 1529">
     <span class='ocr_line' id='line_1_15' title="bbox 495 1457 1137 1529; baseline -0.003 -19"><span class='ocrx_word' id='word_1_82' title='bbox 495 1457 752 1529; x_wconf 81' lang='lat' dir='ltr'>trologiae</span> <span class='ocrx_word' id='word_1_83' title='bbox 778 1461 931 1511; x_wconf 88' lang='lat' dir='ltr'>tomo</span> <span class='ocrx_word' id='word_1_84' title='bbox 965 1457 1137 1511; x_wconf 88' lang='lat' dir='ltr'>CXVI.</span> 
     </span>
    </p>
   </div>
   <div class='ocr_carea' id='block_1_16' title="bbox 585 4755 3792 4839">
    <p class='ocr_par' dir='ltr' id='par_1_16' title="bbox 585 4755 3792 4839">
     <span class='ocr_line' id='line_1_16' title="bbox 585 4755 3792 4839; baseline -0.001 -19"><span class='ocrx_word' id='word_1_85' title='bbox 585 4770 855 4821; x_wconf 77' lang='grc' dir='ltr'>Ἐπινίκιον</span> <span class='ocrx_word' id='word_1_86' title='bbox 888 4778 1000 4822; x_wconf 88' lang='lat' dir='ltr'>seu</span> <span class='ocrx_word' id='word_1_87' title='bbox 1040 4757 1409 4839; x_wconf 74' lang='lat' dir='ltr'>Rhythmus</span> <span class='ocrx_word' id='word_1_88' title='bbox 1456 4758 1858 4837; x_wconf 76' lang='lat' dir='ltr'>Teutonicas,</span> <span class='ocrx_word' id='word_1_89' title='bbox 1894 4759 2243 4835; x_wconf 78' lang='lat' dir='ltr'>Ludovico,</span> <span class='ocrx_word' id='word_1_90' title='bbox 2275 4756 2470 4822; x_wconf 80' lang='lat' dir='ltr'><strong><em>Balbi</em></strong></span> <span class='ocrx_word' id='word_1_91' title='bbox 2488 4758 2649 4839; x_wconf 79' lang='lat' dir='ltr'>ﬁlio,</span> <span class='ocrx_word' id='word_1_92' title='bbox 2695 4758 3122 4839; x_wconf 79' lang='lat' dir='ltr'>acclamatus,</span> <span class='ocrx_word' id='word_1_93' title='bbox 3155 4775 3303 4821; x_wconf 85' lang='lat' dir='ltr'>cum</span> <span class='ocrx_word' id='word_1_94' title='bbox 3346 4755 3792 4822; x_wconf 81' lang='lat' dir='ltr'>Nortmannos</span> 
     </span>
    </p>
   </div>
   <div class='ocr_carea' id='block_1_17' title="bbox 846 1568 1641 1638">
    <p class='ocr_par' dir='ltr' id='par_1_17' title="bbox 846 1568 1641 1638">
     <span class='ocr_line' id='line_1_17' title="bbox 846 1568 1641 1638; baseline -0.001 -17"><span class='ocrx_word' id='word_1_95' title='bbox 846 1572 1067 1623; x_wconf 79' lang='lat' dir='ltr'>Aurora</span> <span class='ocrx_word' id='word_1_96' title='bbox 1095 1583 1224 1622; x_wconf 91' lang='lat' dir='ltr'>cum</span> <span class='ocrx_word' id='word_1_97' title='bbox 1254 1568 1443 1638; x_wconf 91' lang='lat' dir='ltr'>primo</span> <span class='ocrx_word' id='word_1_98' title='bbox 1468 1584 1641 1622; x_wconf 87' lang='lat' dir='ltr'>mane</span> 
     </span>
    </p>
   </div>
   <div class='ocr_carea' id='block_1_18' title="bbox 776 1644 1556 1729">
    <p class='ocr_par' dir='ltr' id='par_1_18' title="bbox 776 1644 1556 1729">
     <span class='ocr_line' id='line_1_18' title="bbox 776 1644 1556 1729; baseline 0.001 -14"><span class='ocrx_word' id='word_1_99' title='bbox 776 1663 1000 1717; x_wconf 87' lang='lat' dir='ltr'>Tetram</span> <span class='ocrx_word' id='word_1_100' title='bbox 1027 1644 1252 1716; x_wconf 81' lang='lat' dir='ltr'>noctem</span> <span class='ocrx_word' id='word_1_101' title='bbox 1280 1660 1556 1729; x_wconf 87' lang='lat' dir='ltr'>dividens,</span> 
     </span>
    </p>
   </div>
   <div class='ocr_carea' id='block_1_19' title="bbox 779 1754 1551 1821">
    <p class='ocr_par' dir='ltr' id='par_1_19' title="bbox 779 1754 1551 1821">
     <span class='ocr_line' id='line_1_19' title="bbox 779 1754 1551 1821; baseline -0.004 -11"><span class='ocrx_word' id='word_1_102' title='bbox 779 1754 1088 1810; x_wconf 87' lang='lat' dir='ltr'>Sabbatum</span> <span class='ocrx_word' id='word_1_103' title='bbox 1114 1771 1229 1809; x_wconf 91' lang='lat' dir='ltr'>non</span> <span class='ocrx_word' id='word_1_104' title='bbox 1256 1754 1395 1810; x_wconf 90' lang='lat' dir='ltr'>illud</span> <span class='ocrx_word' id='word_1_105' title='bbox 1423 1754 1551 1821; x_wconf 89' lang='lat' dir='ltr'>fuit,</span> 
     </span>
    </p>
   </div>
   <div class='ocr_carea' id='block_1_20' title="bbox 778 1836 2204 1906">
    <p class='ocr_par' dir='ltr' id='par_1_20' title="bbox 778 1836 2204 1906">
     <span class='ocr_line' id='line_1_20' title="bbox 778 1836 2204 1906; baseline -0.003 -3"><span class='ocrx_word' id='word_1_106' title='bbox 778 1848 885 1903; x_wconf 85' lang='lat' dir='ltr'>Sed</span> <span class='ocrx_word' id='word_1_107' title='bbox 916 1849 1143 1903; x_wconf 86' lang='lat' dir='ltr'>Saturni</span> <span class='ocrx_word' id='word_1_108' title='bbox 1170 1848 1387 1903; x_wconf 88' lang='lat' dir='ltr'>dolium</span> <span class='ocrx_word' id='word_1_109' title='bbox 1418 1866 1429 1901; x_wconf 89' lang='lat'>:</span> <span class='ocrx_word' id='word_1_110' title='bbox 2150 1836 2204 1906; x_wconf 85' lang='lat' dir='ltr'><strong>B</strong></span> 
     </span>
    </p>
   </div>
   <div class='ocr_carea' id='block_1_21' title="bbox 776 1942 1519 2014">
    <p class='ocr_par' dir='ltr' id='par_1_21' title="bbox 776 1942 1519 2014">
     <span class='ocr_line' id='line_1_21' title="bbox 776 1942 1519 2014; baseline -0.001 -18"><span class='ocrx_word' id='word_1_111' title='bbox 776 1944 852 1997; x_wconf 91' lang='lat' dir='ltr'>De</span> <span class='ocrx_word' id='word_1_112' title='bbox 885 1942 1135 1997; x_wconf 87' lang='lat' dir='ltr'>fraterna</span> <span class='ocrx_word' id='word_1_113' title='bbox 1164 1946 1333 2013; x_wconf 90' lang='lat' dir='ltr'>rupta</span> <span class='ocrx_word' id='word_1_114' title='bbox 1362 1958 1519 2014; x_wconf 84' lang='lat' dir='ltr'>pace.</span> 
     </span>
    </p>
   </div>
   <div class='ocr_carea' id='block_1_22' title="bbox 776 2032 1523 2107">
    <p class='ocr_par' dir='ltr' id='par_1_22' title="bbox 776 2032 1523 2107">
     <span class='ocr_line' id='line_1_22' title="bbox 776 2032 1523 2107; baseline -0.004 -16"><span class='ocrx_word' id='word_1_115' title='bbox 776 2037 995 2091; x_wconf 84' lang='lat' dir='ltr'>Gaudet</span> <span class='ocrx_word' id='word_1_116' title='bbox 1020 2032 1252 2091; x_wconf 59' lang='lat' dir='ltr'>daemon</span> <span class='ocrx_word' id='word_1_117' title='bbox 1292 2036 1523 2107; x_wconf 87' lang='lat' dir='ltr'>impius.</span> 
     </span>
    </p>
   </div>
   <div class='ocr_carea' id='block_1_23' title="bbox 854 2128 1705 2196">
    <p class='ocr_par' dir='ltr' id='par_1_23' title="bbox 854 2128 1705 2196">
     <span class='ocr_line' id='line_1_23' title="bbox 854 2128 1705 2196; baseline -0.005 -12"><span class='ocrx_word' id='word_1_118' title='bbox 854 2131 1003 2184; x_wconf 90' lang='lat' dir='ltr'>Bella</span> <span class='ocrx_word' id='word_1_119' title='bbox 1028 2130 1283 2185; x_wconf 88' lang='lat' dir='ltr'>clamant</span> <span class='ocrx_word' id='word_1_120' title='bbox 1307 2129 1440 2184; x_wconf 90' lang='lat' dir='ltr'>hinc</span> <span class='ocrx_word' id='word_1_121' title='bbox 1469 2134 1523 2183; x_wconf 92' lang='lat' dir='ltr'>et</span> <span class='ocrx_word' id='word_1_122' title='bbox 1549 2128 1705 2196; x_wconf 87' lang='lat' dir='ltr'>inde,</span> 
     </span>
    </p>
   </div>
   <div class='ocr_carea' id='block_1_24' title="bbox 779 2223 1433 2295">
    <p class='ocr_par' dir='ltr' id='par_1_24' title="bbox 779 2223 1433 2295">
     <span class='ocr_line' id='line_1_24' title="bbox 779 2223 1433 2295; baseline -0.003 -17"><span class='ocrx_word' id='word_1_123' title='bbox 779 2227 973 2295; x_wconf 89' lang='lat' dir='ltr'>Pugna</span> <span class='ocrx_word' id='word_1_124' title='bbox 1002 2224 1189 2295; x_wconf 84' lang='lat' dir='ltr'>gravis</span> <span class='ocrx_word' id='word_1_125' title='bbox 1216 2223 1433 2278; x_wconf 89' lang='lat' dir='ltr'>oritur:</span> 
     </span>
    </p>
   </div>
   <div class='ocr_carea' id='block_1_25' title="bbox 781 2317 1643 2387">
    <p class='ocr_par' dir='ltr' id='par_1_25' title="bbox 781 2317 1643 2387">
     <span class='ocr_line' id='line_1_25' title="bbox 781 2317 1643 2387; baseline -0.006 -14"><span class='ocrx_word' id='word_1_126' title='bbox 781 2319 977 2373; x_wconf 86' lang='lat' dir='ltr'>Frater</span> <span class='ocrx_word' id='word_1_127' title='bbox 1000 2317 1161 2371; x_wconf 87' lang='lat' dir='ltr'>fratri</span> <span class='ocrx_word' id='word_1_128' title='bbox 1188 2322 1435 2372; x_wconf 88' lang='lat' dir='ltr'>mortem</span> <span class='ocrx_word' id='word_1_129' title='bbox 1465 2321 1643 2387; x_wconf 89' lang='lat' dir='ltr'>parat,</span> 
     </span>
    </p>
   </div>
   <div class='ocr_carea' id='block_1_26' title="bbox 781 2412 1345 2482">
    <p class='ocr_par' dir='ltr' id='par_1_26' title="bbox 781 2412 1345 2482">
     <span class='ocr_line' id='line_1_26' title="bbox 781 2412 1345 2482; baseline -0.002 -17"><span class='ocrx_word' id='word_1_130' title='bbox 781 2412 985 2482; x_wconf 89' lang='lat' dir='ltr'>Nepoti</span> <span class='ocrx_word' id='word_1_131' title='bbox 1016 2412 1345 2477; x_wconf 84' lang='lat' dir='ltr'>avunculus,</span> 
     </span>
    </p>
   </div>
   <div class='ocr_carea' id='block_1_27' title="bbox 781 2504 1381 2576">
    <p class='ocr_par' dir='ltr' id='par_1_27' title="bbox 781 2504 1381 2576">
     <span class='ocr_line' id='line_1_27' title="bbox 781 2504 1381 2576; baseline -0.002 -17"><span class='ocrx_word' id='word_1_132' title='bbox 781 2504 952 2560; x_wconf 85' lang='lat' dir='ltr'>Filius</span> <span class='ocrx_word' id='word_1_133' title='bbox 977 2522 1079 2560; x_wconf 90' lang='lat' dir='ltr'>nec</span> <span class='ocrx_word' id='word_1_134' title='bbox 1107 2505 1253 2576; x_wconf 84' lang='lat' dir='ltr'>patri</span> <span class='ocrx_word' id='word_1_135' title='bbox 1280 2521 1381 2559; x_wconf 91' lang='lat' dir='ltr'>suo</span> 
     </span>
    </p>
   </div>
   <div class='ocr_carea' id='block_1_28' title="bbox 785 2599 1458 2671">
    <p class='ocr_par' dir='ltr' id='par_1_28' title="bbox 785 2599 1458 2671">
     <span class='ocr_line' id='line_1_28' title="bbox 785 2599 1458 2671; baseline -0.006 -16"><span class='ocrx_word' id='word_1_136' title='bbox 785 2599 1026 2655; x_wconf 85' lang='lat' dir='ltr'>Exhibet</span> <span class='ocrx_word' id='word_1_137' title='bbox 1046 2599 1202 2671; x_wconf 84' lang='lat' dir='ltr'>quod</span> <span class='ocrx_word' id='word_1_138' title='bbox 1228 2599 1458 2653; x_wconf 87' lang='lat' dir='ltr'>meruit.</span> 
     </span>
    </p>
   </div>
   <div class='ocr_carea' id='block_1_29' title="bbox 854 2690 1566 2764">
    <p class='ocr_par' dir='ltr' id='par_1_29' title="bbox 854 2690 1566 2764">
     <span class='ocr_line' id='line_1_29' title="bbox 854 2690 1566 2764; baseline -0.006 -15"><span class='ocrx_word' id='word_1_139' title='bbox 854 2693 1047 2749; x_wconf 69' lang='lat' dir='ltr'>Caedes</span> <span class='ocrx_word' id='word_1_140' title='bbox 1079 2694 1237 2749; x_wconf 88' lang='lat' dir='ltr'>nulla</span> <span class='ocrx_word' id='word_1_141' title='bbox 1262 2693 1428 2764; x_wconf 89' lang='lat' dir='ltr'>pejor</span> <span class='ocrx_word' id='word_1_142' title='bbox 1458 2690 1566 2745; x_wconf 87' lang='lat' dir='ltr'>fuit</span> 
     </span>
    </p>
   </div>
   <div class='ocr_carea' id='block_1_30' title="bbox 780 2786 1455 2859">
    <p class='ocr_par' dir='ltr' id='par_1_30' title="bbox 780 2786 1455 2859">
     <span class='ocr_line' id='line_1_30' title="bbox 780 2786 1455 2859; baseline -0.004 -16"><span class='ocrx_word' id='word_1_143' title='bbox 780 2790 993 2859; x_wconf 86' lang='lat' dir='ltr'>Campo</span> <span class='ocrx_word' id='word_1_144' title='bbox 1022 2803 1123 2840; x_wconf 89' lang='lat' dir='ltr'>nec</span> <span class='ocrx_word' id='word_1_145' title='bbox 1153 2787 1212 2840; x_wconf 91' lang='lat' dir='ltr'>in</span> <span class='ocrx_word' id='word_1_146' title='bbox 1238 2786 1455 2853; x_wconf 83' lang='lat' dir='ltr'>Martio,</span> 
     </span>
    </p>
   </div>
   <div class='ocr_carea' id='block_1_31' title="bbox 783 2878 1651 2934">
    <p class='ocr_par' dir='ltr' id='par_1_31' title="bbox 783 2878 1651 2934">
     <span class='ocr_line' id='line_1_31' title="bbox 783 2878 1651 2934; baseline -0.002 -1"><span class='ocrx_word' id='word_1_147' title='bbox 783 2881 947 2934; x_wconf 85' lang='lat' dir='ltr'>Facta</span> <span class='ocrx_word' id='word_1_148' title='bbox 973 2883 1059 2933; x_wconf 91' lang='lat' dir='ltr'>est</span> <span class='ocrx_word' id='word_1_149' title='bbox 1086 2881 1174 2932; x_wconf 87' lang='lat' dir='ltr'>lex</span> <span class='ocrx_word' id='word_1_150' title='bbox 1199 2878 1651 2934; x_wconf 86' lang='lat' dir='ltr'>Christianorum</span> 
     </span>
    </p>
   </div>
   <div class='ocr_carea' id='block_1_32' title="bbox 783 2957 1394 3042">
    <p class='ocr_par' dir='ltr' id='par_1_32' title="bbox 783 2957 1394 3042">
     <span class='ocr_line' id='line_1_32' title="bbox 783 2957 1394 3042; baseline -0.005 -16"><span class='ocrx_word' id='word_1_151' title='bbox 783 2973 1072 3042; x_wconf 82' lang='lat' dir='ltr'>Sanguine</span> <span class='ocrx_word' id='word_1_152' title='bbox 1099 2957 1343 3041; x_wconf 73' lang='lat' dir='ltr'>proluvi.</span> <span class='ocrx_word' id='word_1_153' title='bbox 1359 3012 1394 3023; x_wconf 94' lang='lat'>..</span> 
     </span>
    </p>
   </div>
   <div class='ocr_carea' id='block_1_33' title="bbox 784 3064 1549 3121">
    <p class='ocr_par' dir='ltr' id='par_1_33' title="bbox 784 3064 1549 3121">
     <span class='ocr_line' id='line_1_33' title="bbox 784 3064 1549 3121; baseline -0.003 0"><span class='ocrx_word' id='word_1_154' title='bbox 784 3066 939 3121; x_wconf 90' lang='lat' dir='ltr'>Unde</span> <span class='ocrx_word' id='word_1_155' title='bbox 968 3080 1175 3120; x_wconf 88' lang='lat' dir='ltr'>manus</span> <span class='ocrx_word' id='word_1_156' title='bbox 1195 3064 1549 3121; x_wconf 90' lang='lat' dir='ltr'>infernorum</span> 
     </span>
    </p>
   </div>
   <div class='ocr_carea' id='block_1_34' title="bbox 782 3159 1433 3231">
    <p class='ocr_par' dir='ltr' id='par_1_34' title="bbox 782 3159 1433 3231">
     <span class='ocr_line' id='line_1_34' title="bbox 782 3159 1433 3231; baseline -0.005 -16"><span class='ocrx_word' id='word_1_157' title='bbox 782 3160 1003 3215; x_wconf 86' lang='lat' dir='ltr'>Gaudet</span> <span class='ocrx_word' id='word_1_158' title='bbox 1026 3159 1157 3231; x_wconf 83' lang='lat' dir='ltr'>gula</span> <span class='ocrx_word' id='word_1_159' title='bbox 1182 3159 1433 3214; x_wconf 87' lang='lat' dir='ltr'>Cerberi.</span> 
     </span>
    </p>
   </div>
   <div class='ocr_carea' id='block_1_35' title="bbox 2502 439 3297 512">
    <p class='ocr_par' dir='ltr' id='par_1_35' title="bbox 2502 439 3297 512">
     <span class='ocr_line' id='line_1_35' title="bbox 2502 439 3297 512; baseline -0.001 -16"><span class='ocrx_word' id='word_1_160' title='bbox 2502 444 2845 496; x_wconf 83' lang='lat' dir='ltr'>Francorum</span> <span class='ocrx_word' id='word_1_161' title='bbox 2878 439 2948 497; x_wconf 91' lang='lat' dir='ltr'>de</span> <span class='ocrx_word' id='word_1_162' title='bbox 2974 440 3253 512; x_wconf 86' lang='lat' dir='ltr'>sanguine</span> <span class='ocrx_word' id='word_1_163' title='bbox 3284 458 3297 495; x_wconf 74' lang='grc' dir='ltr'>ε</span> 
     </span>
    </p>
   </div>
   <div class='ocr_carea' id='block_1_36' title="bbox 2507 535 3458 607">
    <p class='ocr_par' dir='ltr' id='par_1_36' title="bbox 2507 535 3458 607">
     <span class='ocr_line' id='line_1_36' title="bbox 2507 535 3458 607; baseline -0.003 -16"><span class='ocrx_word' id='word_1_164' title='bbox 2507 538 2750 592; x_wconf 87' lang='lat' dir='ltr'>Horrent</span> <span class='ocrx_word' id='word_1_165' title='bbox 2774 536 2983 607; x_wconf 86' lang='lat' dir='ltr'>campi,</span> <span class='ocrx_word' id='word_1_166' title='bbox 3018 536 3256 590; x_wconf 88' lang='lat' dir='ltr'>horrent</span> <span class='ocrx_word' id='word_1_167' title='bbox 3283 535 3458 601; x_wconf 63' lang='lat' dir='ltr'>silvae,</span> 
     </span>
    </p>
   </div>
   <div class='ocr_carea' id='block_1_37' title="bbox 2509 628 3172 701">
    <p class='ocr_par' dir='ltr' id='par_1_37' title="bbox 2509 628 3172 701">
     <span class='ocr_line' id='line_1_37' title="bbox 2509 628 3172 701; baseline 0.002 -18"><span class='ocrx_word' id='word_1_168' title='bbox 2509 632 2754 685; x_wconf 85' lang='lat' dir='ltr'>Horrent</span> <span class='ocrx_word' id='word_1_169' title='bbox 2777 630 2884 701; x_wconf 87' lang='lat' dir='ltr'>ipsi</span> <span class='ocrx_word' id='word_1_170' title='bbox 2916 628 3172 701; x_wconf 88' lang='lat' dir='ltr'>paludes.</span> 
     </span>
    </p>
   </div>
   <div class='ocr_carea' id='block_1_38' title="bbox 2576 723 3387 779">
    <p class='ocr_par' dir='ltr' id='par_1_38' title="bbox 2576 723 3387 779">
     <span class='ocr_line' id='line_1_38' title="bbox 2576 723 3387 779; baseline -0.001 -1"><span class='ocrx_word' id='word_1_171' title='bbox 2576 726 2821 779; x_wconf 86' lang='lat' dir='ltr'>Gramen</span> <span class='ocrx_word' id='word_1_172' title='bbox 2850 723 2986 778; x_wconf 89' lang='lat' dir='ltr'>illud</span> <span class='ocrx_word' id='word_1_173' title='bbox 3013 740 3104 777; x_wconf 88' lang='lat' dir='ltr'>ros</span> <span class='ocrx_word' id='word_1_174' title='bbox 3126 728 3183 779; x_wconf 87' lang='lat' dir='ltr'>et</span> <span class='ocrx_word' id='word_1_175' title='bbox 3204 723 3387 777; x_wconf 87' lang='lat' dir='ltr'>imber</span> 
     </span>
    </p>
   </div>
   <div class='ocr_carea' id='block_1_39' title="bbox 2508 818 3162 887">
    <p class='ocr_par' dir='ltr' id='par_1_39' title="bbox 2508 818 3162 887">
     <span class='ocr_line' id='line_1_39' title="bbox 2508 818 3162 887; baseline 0 -16"><span class='ocrx_word' id='word_1_176' title='bbox 2508 819 2615 872; x_wconf 78' lang='lat' dir='ltr'>Nec</span> <span class='ocrx_word' id='word_1_177' title='bbox 2640 818 2932 872; x_wconf 86' lang='lat' dir='ltr'>bumectet</span> <span class='ocrx_word' id='word_1_178' title='bbox 2951 818 3162 887; x_wconf 90' lang='lat' dir='ltr'>pluvia,</span> 
     </span>
    </p>
   </div>
   <div class='ocr_carea' id='block_1_40' title="bbox 2510 910 3269 983">
    <p class='ocr_par' dir='ltr' id='par_1_40' title="bbox 2510 910 3269 983">
     <span class='ocr_line' id='line_1_40' title="bbox 2510 910 3269 983; baseline 0.001 -19"><span class='ocrx_word' id='word_1_179' title='bbox 2510 914 2568 964; x_wconf 89' lang='lat' dir='ltr'>In</span> <span class='ocrx_word' id='word_1_180' title='bbox 2599 928 2711 983; x_wconf 89' lang='lat' dir='ltr'>quo</span> <span class='ocrx_word' id='word_1_181' title='bbox 2743 912 2914 966; x_wconf 89' lang='lat' dir='ltr'>fortes</span> <span class='ocrx_word' id='word_1_182' title='bbox 2940 910 3269 965; x_wconf 88' lang='lat' dir='ltr'>ceciderunt</span> 
     </span>
    </p>
   </div>
   <div class='ocr_carea' id='block_1_41' title="bbox 2508 1004 3072 1071">
    <p class='ocr_par' dir='ltr' id='par_1_41' title="bbox 2508 1004 3072 1071">
     <span class='ocr_line' id='line_1_41' title="bbox 2508 1004 3072 1071; baseline 0 -13"><span class='ocrx_word' id='word_1_183' title='bbox 2508 1005 2705 1059; x_wconf 81' lang='lat' dir='ltr'>Praelio</span> <span class='ocrx_word' id='word_1_184' title='bbox 2731 1004 3034 1059; x_wconf 87' lang='lat' dir='ltr'>doctissimi</span> <span class='ocrx_word' id='word_1_185' title='bbox 3059 1023 3072 1071; x_wconf 89' lang='lat'>;</span> 
     </span>
    </p>
   </div>
   <div class='ocr_carea' id='block_1_42' title="bbox 2508 1098 3312 1170">
    <p class='ocr_par' dir='ltr' id='par_1_42' title="bbox 2508 1098 3312 1170">
     <span class='ocr_line' id='line_1_42' title="bbox 2508 1098 3312 1170; baseline -0.004 -18"><span class='ocrx_word' id='word_1_186' title='bbox 2508 1099 2783 1168; x_wconf 89' lang='lat' dir='ltr'>Plangent</span> <span class='ocrx_word' id='word_1_187' title='bbox 2808 1098 2927 1152; x_wconf 87' lang='lat' dir='ltr'>illos</span> <span class='ocrx_word' id='word_1_188' title='bbox 2955 1098 3049 1170; x_wconf 90' lang='lat' dir='ltr'>qui</span> <span class='ocrx_word' id='word_1_189' title='bbox 3084 1098 3312 1152; x_wconf 87' lang='lat' dir='ltr'>fuerunt</span> 
     </span>
    </p>
   </div>
   <div class='ocr_carea' id='block_1_43' title="bbox 2510 1191 3026 1247">
    <p class='ocr_par' dir='ltr' id='par_1_43' title="bbox 2510 1191 3026 1247">
     <span class='ocr_line' id='line_1_43' title="bbox 2510 1191 3026 1247; baseline 0 -3"><span class='ocrx_word' id='word_1_190' title='bbox 2510 1192 2606 1246; x_wconf 90' lang='lat' dir='ltr'>[llo</span> <span class='ocrx_word' id='word_1_191' title='bbox 2632 1208 2768 1247; x_wconf 89' lang='lat' dir='ltr'>casu</span> <span class='ocrx_word' id='word_1_192' title='bbox 2794 1191 3026 1246; x_wconf 88' lang='lat' dir='ltr'>mortui.</span> 
     </span>
    </p>
   </div>
   <div class='ocr_carea' id='block_1_44' title="bbox 2579 1284 3427 1355">
    <p class='ocr_par' dir='ltr' id='par_1_44' title="bbox 2579 1284 3427 1355">
     <span class='ocr_line' id='line_1_44' title="bbox 2579 1284 3427 1355; baseline -0.001 -17"><span class='ocrx_word' id='word_1_193' title='bbox 2579 1286 2688 1339; x_wconf 85' lang='lat' dir='ltr'>Hoc</span> <span class='ocrx_word' id='word_1_194' title='bbox 2714 1288 2905 1340; x_wconf 91' lang='lat' dir='ltr'>autem</span> <span class='ocrx_word' id='word_1_195' title='bbox 2926 1284 3110 1340; x_wconf 88' lang='lat' dir='ltr'>scelus</span> <span class='ocrx_word' id='word_1_196' title='bbox 3133 1288 3427 1355; x_wconf 87' lang='lat' dir='ltr'>peractum</span> 
     </span>
    </p>
   </div>
   <div class='ocr_carea' id='block_1_45' title="bbox 2510 1378 3289 1449">
    <p class='ocr_par' dir='ltr' id='par_1_45' title="bbox 2510 1378 3289 1449">
     <span class='ocr_line' id='line_1_45' title="bbox 2510 1378 3289 1449; baseline 0 -18"><span class='ocrx_word' id='word_1_197' title='bbox 2510 1379 2669 1442; x_wconf 83' lang='lat' dir='ltr'>Quod</span> <span class='ocrx_word' id='word_1_198' title='bbox 2698 1379 2966 1449; x_wconf 88' lang='lat' dir='ltr'>descripsi</span> <span class='ocrx_word' id='word_1_199' title='bbox 2993 1378 3289 1449; x_wconf 85' lang='lat' dir='ltr'>rhytmice,</span> 
     </span>
    </p>
   </div>
   <div class='ocr_carea' id='block_1_46' title="bbox 2508 1471 3183 1544">
    <p class='ocr_par' dir='ltr' id='par_1_46' title="bbox 2508 1471 3183 1544">
     <span class='ocr_line' id='line_1_46' title="bbox 2508 1471 3183 1544; baseline -0.003 -17"><span class='ocrx_word' id='word_1_200' title='bbox 2508 1472 2883 1544; x_wconf 85' lang='lat' dir='ltr'>Angelbertus</span> <span class='ocrx_word' id='word_1_201' title='bbox 2909 1488 3017 1544; x_wconf 89' lang='lat' dir='ltr'>ego</span> <span class='ocrx_word' id='word_1_202' title='bbox 3046 1471 3183 1541; x_wconf 87' lang='lat' dir='ltr'>vidi,</span> 
     </span>
    </p>
   </div>
   <div class='ocr_carea' id='block_1_47' title="bbox 2511 1565 3195 1637">
    <p class='ocr_par' dir='ltr' id='par_1_47' title="bbox 2511 1565 3195 1637">
     <span class='ocr_line' id='line_1_47' title="bbox 2511 1565 3195 1637; baseline -0.001 -18"><span class='ocrx_word' id='word_1_203' title='bbox 2511 1568 2887 1637; x_wconf 87' lang='lat' dir='ltr'>Pugnansque</span> <span class='ocrx_word' id='word_1_204' title='bbox 2914 1582 3045 1621; x_wconf 90' lang='lat' dir='ltr'>cum</span> <span class='ocrx_word' id='word_1_205' title='bbox 3072 1565 3195 1619; x_wconf 89' lang='lat' dir='ltr'>aliis</span> 
     </span>
    </p>
   </div>
   <div class='ocr_carea' id='block_1_48' title="bbox 2511 1660 3256 1715">
    <p class='ocr_par' dir='ltr' id='par_1_48' title="bbox 2511 1660 3256 1715">
     <span class='ocr_line' id='line_1_48' title="bbox 2511 1660 3256 1715; baseline -0.003 0"><span class='ocrx_word' id='word_1_206' title='bbox 2511 1660 2676 1715; x_wconf 88' lang='lat' dir='ltr'>Solus</span> <span class='ocrx_word' id='word_1_207' title='bbox 2706 1660 2776 1715; x_wconf 91' lang='lat' dir='ltr'>de</span> <span class='ocrx_word' id='word_1_208' title='bbox 2802 1660 2995 1715; x_wconf 88' lang='lat' dir='ltr'>multis</span> <span class='ocrx_word' id='word_1_209' title='bbox 3024 1675 3256 1714; x_wconf 84' lang='lat' dir='ltr'>remans</span> 
     </span>
    </p>
   </div>
   <div class='ocr_carea' id='block_1_49' title="bbox 2512 1753 3064 1809">
    <p class='ocr_par' dir='ltr' id='par_1_49' title="bbox 2512 1753 3064 1809">
     <span class='ocr_line' id='line_1_49' title="bbox 2512 1753 3064 1809; baseline -0.002 -2"><span class='ocrx_word' id='word_1_210' title='bbox 2512 1754 2703 1809; x_wconf 88' lang='lat' dir='ltr'>Prima</span> <span class='ocrx_word' id='word_1_211' title='bbox 2731 1754 2902 1809; x_wconf 89' lang='lat' dir='ltr'>fontis</span> <span class='ocrx_word' id='word_1_212' title='bbox 2924 1753 3064 1809; x_wconf 87' lang='lat' dir='ltr'>acie.</span> 
     </span>
    </p>
   </div>
   <div class='ocr_carea' id='block_1_50' title="bbox 2586 1848 3233 1918">
    <p class='ocr_par' dir='ltr' id='par_1_50' title="bbox 2586 1848 3233 1918">
     <span class='ocr_line' id='line_1_50' title="bbox 2586 1848 3233 1918; baseline -0.003 -17"><span class='ocrx_word' id='word_1_213' title='bbox 2586 1850 2704 1902; x_wconf 87' lang='lat' dir='ltr'>Ima</span> <span class='ocrx_word' id='word_1_214' title='bbox 2728 1848 2887 1902; x_wconf 89' lang='lat' dir='ltr'>vallis</span> <span class='ocrx_word' id='word_1_215' title='bbox 2914 1848 3233 1918; x_wconf 87' lang='lat' dir='ltr'>retrospexi</span> 
     </span>
    </p>
   </div>
   <div class='ocr_carea' id='block_1_51' title="bbox 2512 1942 3127 2014">
    <p class='ocr_par' dir='ltr' id='par_1_51' title="bbox 2512 1942 3127 2014">
     <span class='ocr_line' id='line_1_51' title="bbox 2512 1942 3127 2014; baseline 0 -20"><span class='ocrx_word' id='word_1_216' title='bbox 2512 1942 2907 2014; x_wconf 88' lang='lat' dir='ltr'>Verticemque</span> <span class='ocrx_word' id='word_1_217' title='bbox 2932 1942 3127 2012; x_wconf 87' lang='lat' dir='ltr'>jugeri</span> 
     </span>
    </p>
   </div>
   <div class='ocr_carea' id='block_1_52' title="bbox 2515 2035 3067 2090">
    <p class='ocr_par' dir='ltr' id='par_1_52' title="bbox 2515 2035 3067 2090">
     <span class='ocr_line' id='line_1_52' title="bbox 2515 2035 3067 2090; baseline -0.004 0"><span class='ocrx_word' id='word_1_218' title='bbox 2515 2036 2616 2090; x_wconf 92' lang='lat' dir='ltr'>Ubi</span> <span class='ocrx_word' id='word_1_219' title='bbox 2651 2052 2781 2090; x_wconf 91' lang='lat' dir='ltr'>suos</span> <span class='ocrx_word' id='word_1_220' title='bbox 2807 2035 3067 2090; x_wconf 89' lang='lat' dir='ltr'>inimicos</span> 
     </span>
    </p>
   </div>
   <div class='ocr_carea' id='block_1_53' title="bbox 2514 2129 3155 2203">
    <p class='ocr_par' dir='ltr' id='par_1_53' title="bbox 2514 2129 3155 2203">
     <span class='ocr_line' id='line_1_53' title="bbox 2514 2129 3155 2203; baseline 0 -21"><span class='ocrx_word' id='word_1_221' title='bbox 2514 2130 2625 2184; x_wconf 85' lang='lat' dir='ltr'>Rex</span> <span class='ocrx_word' id='word_1_222' title='bbox 2645 2129 2805 2183; x_wconf 86' lang='lat' dir='ltr'>fortis</span> <span class='ocrx_word' id='word_1_223' title='bbox 2829 2129 3155 2203; x_wconf 86' lang='lat' dir='ltr'>Hlotharius</span> 
     </span>
    </p>
   </div>
   <div class='ocr_carea' id='block_1_54' title="bbox 2516 2221 3198 2294">
    <p class='ocr_par' dir='ltr' id='par_1_54' title="bbox 2516 2221 3198 2294">
     <span class='ocr_line' id='line_1_54' title="bbox 2516 2221 3198 2294; baseline -0.003 -17"><span class='ocrx_word' id='word_1_224' title='bbox 2516 2222 2888 2294; x_wconf 84' lang='lat' dir='ltr'>Expugnabat</span> <span class='ocrx_word' id='word_1_225' title='bbox 2915 2221 3198 2293; x_wconf 85' lang='lat' dir='ltr'>fugientes</span> 
     </span>
    </p>
   </div>
   <div class='ocr_carea' id='block_1_55' title="bbox 2515 2315 3131 2388">
    <p class='ocr_par' dir='ltr' id='par_1_55' title="bbox 2515 2315 3131 2388">
     <span class='ocr_line' id='line_1_55' title="bbox 2515 2315 3131 2388; baseline -0.003 -17"><span class='ocrx_word' id='word_1_226' title='bbox 2515 2318 2701 2388; x_wconf 88' lang='lat' dir='ltr'>Usque</span> <span class='ocrx_word' id='word_1_227' title='bbox 2729 2317 2920 2372; x_wconf 86' lang='lat' dir='ltr'>forum</span> <span class='ocrx_word' id='word_1_228' title='bbox 2946 2315 3131 2369; x_wconf 82' lang='lat' dir='ltr'>rivali.</span> 
     </span>
    </p>
   </div>
   <div class='ocr_carea' id='block_1_56' title="bbox 2588 2410 3223 2481">
    <p class='ocr_par' dir='ltr' id='par_1_56' title="bbox 2588 2410 3223 2481">
     <span class='ocr_line' id='line_1_56' title="bbox 2588 2410 3223 2481; baseline -0.003 -18"><span class='ocrx_word' id='word_1_229' title='bbox 2588 2410 2777 2465; x_wconf 83' lang='lat' dir='ltr'>Karoli</span> <span class='ocrx_word' id='word_1_230' title='bbox 2810 2410 2878 2465; x_wconf 92' lang='lat' dir='ltr'>de</span> <span class='ocrx_word' id='word_1_231' title='bbox 2899 2414 3062 2481; x_wconf 89' lang='lat' dir='ltr'>parte</span> <span class='ocrx_word' id='word_1_232' title='bbox 3093 2425 3223 2463; x_wconf 89' lang='lat' dir='ltr'>vero</span> 
     </span>
    </p>
   </div>
   <div class='ocr_carea' id='block_1_57' title="bbox 2518 2503 3052 2575">
    <p class='ocr_par' dir='ltr' id='par_1_57' title="bbox 2518 2503 3052 2575">
     <span class='ocr_line' id='line_1_57' title="bbox 2518 2503 3052 2575; baseline -0.002 -18"><span class='ocrx_word' id='word_1_233' title='bbox 2518 2503 2809 2558; x_wconf 87' lang='lat' dir='ltr'>Hludovici</span> <span class='ocrx_word' id='word_1_234' title='bbox 2840 2504 3052 2575; x_wconf 89' lang='lat' dir='ltr'>pariter</span> 
     </span>
    </p>
   </div>
   <div class='ocr_carea' id='block_1_58' title="bbox 2513 2596 3316 2666">
    <p class='ocr_par' dir='ltr' id='par_1_58' title="bbox 2513 2596 3316 2666">
     <span class='ocr_line' id='line_1_58' title="bbox 2513 2596 3316 2666; baseline -0.006 -15"><span class='ocrx_word' id='word_1_235' title='bbox 2513 2597 2893 2653; x_wconf 79' lang='lat' dir='ltr'>Albescebant</span> <span class='ocrx_word' id='word_1_236' title='bbox 2916 2596 3104 2666; x_wconf 89' lang='lat' dir='ltr'>campi</span> <span class='ocrx_word' id='word_1_237' title='bbox 3134 2598 3316 2648; x_wconf 87' lang='lat' dir='ltr'>vestes</span> 
     </span>
    </p>
   </div>
   <div class='ocr_carea' id='block_1_59' title="bbox 2516 2690 3083 2754">
    <p class='ocr_par' dir='ltr' id='par_1_59' title="bbox 2516 2690 3083 2754">
     <span class='ocr_line' id='line_1_59' title="bbox 2516 2690 3083 2754; baseline -0.004 -8"><span class='ocrx_word' id='word_1_238' title='bbox 2516 2692 2860 2746; x_wconf 83' lang='lat' dir='ltr'>Mortuorum</span> <span class='ocrx_word' id='word_1_239' title='bbox 2886 2690 3083 2754; x_wconf 87' lang='lat' dir='ltr'>lineas,</span> 
     </span>
    </p>
   </div>
   <div class='ocr_carea' id='block_1_60' title="bbox 2516 2785 3273 2841">
    <p class='ocr_par' dir='ltr' id='par_1_60' title="bbox 2516 2785 3273 2841">
     <span class='ocr_line' id='line_1_60' title="bbox 2516 2785 3273 2841; baseline -0.005 -1"><span class='ocrx_word' id='word_1_240' title='bbox 2516 2786 2680 2841; x_wconf 85' lang='lat' dir='ltr'>Velut</span> <span class='ocrx_word' id='word_1_241' title='bbox 2703 2785 2889 2840; x_wconf 87' lang='lat' dir='ltr'>solent</span> <span class='ocrx_word' id='word_1_242' title='bbox 2913 2785 2973 2839; x_wconf 88' lang='lat' dir='ltr'>in</span> <span class='ocrx_word' id='word_1_243' title='bbox 2998 2788 3273 2838; x_wconf 89' lang='lat' dir='ltr'>autumno</span> 
     </span>
    </p>
   </div>
   <div class='ocr_carea' id='block_1_61' title="bbox 2516 2878 3060 2934">
    <p class='ocr_par' dir='ltr' id='par_1_61' title="bbox 2516 2878 3060 2934">
     <span class='ocr_line' id='line_1_61' title="bbox 2516 2878 3060 2934; baseline -0.002 -2"><span class='ocrx_word' id='word_1_244' title='bbox 2516 2879 2814 2934; x_wconf 80' lang='lat' dir='ltr'>Albescere</span> <span class='ocrx_word' id='word_1_245' title='bbox 2844 2878 3060 2933; x_wconf 87' lang='lat' dir='ltr'>avibus.</span> 
     </span>
    </p>
   </div>
   <div class='ocr_carea' id='block_1_62' title="bbox 2587 2968 3469 3044">
    <p class='ocr_par' dir='ltr' id='par_1_62' title="bbox 2587 2968 3469 3044">
     <span class='ocr_line' id='line_1_62' title="bbox 2587 2968 3469 3044; baseline -0.007 -16"><span class='ocrx_word' id='word_1_246' title='bbox 2587 2973 2774 3028; x_wconf 86' lang='lat' dir='ltr'>Laude</span> <span class='ocrx_word' id='word_1_247' title='bbox 2806 2988 3001 3044; x_wconf 90' lang='lat' dir='ltr'>pugna</span> <span class='ocrx_word' id='word_1_248' title='bbox 3025 2987 3138 3026; x_wconf 90' lang='lat' dir='ltr'>non</span> <span class='ocrx_word' id='word_1_249' title='bbox 3167 2972 3254 3024; x_wconf 87' lang='lat' dir='ltr'>est</span> <span class='ocrx_word' id='word_1_250' title='bbox 3280 2968 3469 3039; x_wconf 86' lang='lat' dir='ltr'>digna,</span> 
     </span>
    </p>
   </div>
   <div class='ocr_carea' id='block_1_63' title="bbox 2518 3065 3180 3123">
    <p class='ocr_par' dir='ltr' id='par_1_63' title="bbox 2518 3065 3180 3123">
     <span class='ocr_line' id='line_1_63' title="bbox 2518 3065 3180 3123; baseline -0.003 -2"><span class='ocrx_word' id='word_1_251' title='bbox 2518 3067 2627 3123; x_wconf 85' lang='lat' dir='ltr'>Nec</span> <span class='ocrx_word' id='word_1_252' title='bbox 2647 3071 2884 3122; x_wconf 89' lang='lat' dir='ltr'>canatur</span> <span class='ocrx_word' id='word_1_253' title='bbox 2910 3065 3137 3122; x_wconf 90' lang='lat' dir='ltr'>melode</span> <span class='ocrx_word' id='word_1_254' title='bbox 3168 3084 3180 3118; x_wconf 88' lang='lat'><strong>:</strong></span> 
     </span>
    </p>
   </div>
   <div class='ocr_carea' id='block_1_64' title="bbox 2518 3159 3118 3230">
    <p class='ocr_par' dir='ltr' id='par_1_64' title="bbox 2518 3159 3118 3230">
     <span class='ocr_line' id='line_1_64' title="bbox 2518 3159 3118 3230; baseline -0.003 -15"><span class='ocrx_word' id='word_1_255' title='bbox 2518 3160 2739 3230; x_wconf 89' lang='lat' dir='ltr'>Oriens,</span> <span class='ocrx_word' id='word_1_256' title='bbox 2761 3159 3118 3227; x_wconf 89' lang='lat' dir='ltr'>Meridianus,</span> 
     </span>
    </p>
   </div>
   <div class='ocr_carea' id='block_1_65' title="bbox 856 3204 3117 3325">
    <p class='ocr_par' dir='ltr' id='par_1_65' title="bbox 856 3204 3117 3325">
     <span class='ocr_line' id='line_1_65' title="bbox 856 3204 3117 3325; baseline -0.002 -15"><span class='ocrx_word' id='word_1_257' title='bbox 856 3204 1094 3310; x_wconf 46' lang='lat' dir='ltr'>Dexteia</span> <span class='ocrx_word' id='word_1_258' title='bbox 1121 3254 1445 3325; x_wconf 65' lang='lat' dir='ltr'>praepotens</span> <span class='ocrx_word' id='word_1_259' title='bbox 1470 3254 1566 3307; x_wconf 86' lang='lat' dir='ltr'>Dei</span> <span class='ocrx_word' id='word_1_260' title='bbox 2155 3204 2209 3278; x_wconf 64' lang='grc' dir='ltr'>Ο</span> <span class='ocrx_word' id='word_1_261' title='bbox 2519 3204 2793 3310; x_wconf 61' lang='lat' dir='ltr'>Occidens</span> <span class='ocrx_word' id='word_1_262' title='bbox 2814 3254 2899 3309; x_wconf 87' lang='lat' dir='ltr'>vel</span> <span class='ocrx_word' id='word_1_263' title='bbox 2918 3204 3117 3325; x_wconf 71' lang='lat' dir='ltr'>Aquilo</span> 
     </span>
    </p>
   </div>
   <div class='ocr_carea' id='block_1_66' title="bbox 786 3345 3336 3419">
    <p class='ocr_par' dir='ltr' id='par_1_66' title="bbox 786 3345 3336 3419">
     <span class='ocr_line' id='line_1_66' title="bbox 786 3345 3336 3419; baseline -0.003 -14"><span class='ocrx_word' id='word_1_264' title='bbox 786 3347 1033 3405; x_wconf 85' lang='lat' dir='ltr'>Protexit</span> <span class='ocrx_word' id='word_1_265' title='bbox 1059 3348 1411 3403; x_wconf 86' lang='lat' dir='ltr'>Hlotharium</span> <span class='ocrx_word' id='word_1_266' title='bbox 1437 3366 1448 3411; x_wconf 88' lang='lat'>;</span> <span class='ocrx_word' id='word_1_267' title='bbox 2518 3347 2799 3419; x_wconf 86' lang='lat' dir='ltr'>Plangent</span> <span class='ocrx_word' id='word_1_268' title='bbox 2822 3345 2944 3403; x_wconf 90' lang='lat' dir='ltr'>illos</span> <span class='ocrx_word' id='word_1_269' title='bbox 2976 3346 3074 3418; x_wconf 87' lang='lat' dir='ltr'>qui</span> <span class='ocrx_word' id='word_1_270' title='bbox 3105 3346 3336 3400; x_wconf 87' lang='lat' dir='ltr'>fuerunt</span> 
     </span>
    </p>
   </div>
   <div class='ocr_carea' id='block_1_67' title="bbox 785 3439 3053 3498">
    <p class='ocr_par' dir='ltr' id='par_1_67' title="bbox 785 3439 3053 3498">
     <span class='ocr_line' id='line_1_67' title="bbox 785 3439 3053 3498; baseline -0.002 0"><span class='ocrx_word' id='word_1_271' title='bbox 785 3444 969 3498; x_wconf 86' lang='lat' dir='ltr'>Victor</span> <span class='ocrx_word' id='word_1_272' title='bbox 993 3442 1087 3498; x_wconf 90' lang='lat' dir='ltr'>ille</span> <span class='ocrx_word' id='word_1_273' title='bbox 1112 3458 1288 3496; x_wconf 89' lang='lat' dir='ltr'>manu</span> <span class='ocrx_word' id='word_1_274' title='bbox 1315 3458 1413 3496; x_wconf 91' lang='lat' dir='ltr'>sua</span> <span class='ocrx_word' id='word_1_275' title='bbox 2519 3440 2633 3496; x_wconf 84' lang='lat' dir='ltr'>Illic</span> <span class='ocrx_word' id='word_1_276' title='bbox 2659 3457 2789 3495; x_wconf 88' lang='lat' dir='ltr'>casu</span> <span class='ocrx_word' id='word_1_277' title='bbox 2818 3439 3053 3495; x_wconf 90' lang='lat' dir='ltr'>mortui.</span> 
     </span>
    </p>
   </div>
   <div class='ocr_carea' id='block_1_68' title="bbox 786 3533 3170 3609">
    <p class='ocr_par' dir='ltr' id='par_1_68' title="bbox 786 3533 3170 3609">
     <span class='ocr_line' id='line_1_68' title="bbox 786 3533 3170 3609; baseline -0.002 -17"><span class='ocrx_word' id='word_1_278' title='bbox 786 3535 1178 3609; x_wconf 87' lang='lat' dir='ltr'>Pugnavitque</span> <span class='ocrx_word' id='word_1_279' title='bbox 1202 3535 1425 3591; x_wconf 82' lang='lat' dir='ltr'>fortiter</span> <span class='ocrx_word' id='word_1_280' title='bbox 1444 3555 1459 3604; x_wconf 85' lang='lat'><strong>;</strong></span> <span class='ocrx_word' id='word_1_281' title='bbox 2588 3534 2877 3589; x_wconf 85' lang='lat' dir='ltr'>Maledicta</span> <span class='ocrx_word' id='word_1_282' title='bbox 2906 3533 3025 3589; x_wconf 90' lang='lat' dir='ltr'>dies</span> <span class='ocrx_word' id='word_1_283' title='bbox 3056 3533 3170 3601; x_wconf 90' lang='lat' dir='ltr'>illa,</span> 
     </span>
    </p>
   </div>
   <div class='ocr_carea' id='block_1_69' title="bbox 784 3627 3123 3701">
    <p class='ocr_par' dir='ltr' id='par_1_69' title="bbox 784 3627 3123 3701">
     <span class='ocr_line' id='line_1_69' title="bbox 784 3627 3123 3701; baseline -0.003 -14"><span class='ocrx_word' id='word_1_284' title='bbox 784 3631 1003 3700; x_wconf 72' lang='lat' dir='ltr'>Czeteri,</span> <span class='ocrx_word' id='word_1_285' title='bbox 1033 3630 1080 3684; x_wconf 91' lang='lat' dir='ltr'>si</span> <span class='ocrx_word' id='word_1_286' title='bbox 1106 3629 1184 3684; x_wconf 90' lang='lat' dir='ltr'>sic</span> <span class='ocrx_word' id='word_1_287' title='bbox 1209 3636 1582 3701; x_wconf 87' lang='lat' dir='ltr'>pugnassent,</span> <span class='ocrx_word' id='word_1_288' title='bbox 2517 3630 2627 3684; x_wconf 85' lang='lat' dir='ltr'>Nec</span> <span class='ocrx_word' id='word_1_289' title='bbox 2653 3629 2712 3683; x_wconf 88' lang='lat' dir='ltr'>in</span> <span class='ocrx_word' id='word_1_290' title='bbox 2735 3628 2872 3683; x_wconf 86' lang='lat' dir='ltr'>anni</span> <span class='ocrx_word' id='word_1_291' title='bbox 2900 3627 3123 3683; x_wconf 88' lang='lat' dir='ltr'>circulis</span> 
     </span>
    </p>
   </div>
   <div class='ocr_carea' id='block_1_70' title="bbox 784 3721 3266 3790">
    <p class='ocr_par' dir='ltr' id='par_1_70' title="bbox 784 3721 3266 3790">
     <span class='ocr_line' id='line_1_70' title="bbox 784 3721 3266 3790; baseline -0.002 -10"><span class='ocrx_word' id='word_1_292' title='bbox 784 3727 907 3781; x_wconf 85' lang='lat' dir='ltr'>Mox</span> <span class='ocrx_word' id='word_1_293' title='bbox 932 3726 1080 3780; x_wconf 86' lang='lat' dir='ltr'>foret</span> <span class='ocrx_word' id='word_1_294' title='bbox 1104 3724 1424 3779; x_wconf 85' lang='lat' dir='ltr'>concordia.</span> <span class='ocrx_word' id='word_1_295' title='bbox 2518 3724 2879 3790; x_wconf 89' lang='lat' dir='ltr'>Numeretur,</span> <span class='ocrx_word' id='word_1_296' title='bbox 2914 3722 3007 3777; x_wconf 91' lang='lat' dir='ltr'>sed</span> <span class='ocrx_word' id='word_1_297' title='bbox 3038 3721 3266 3776; x_wconf 86' lang='lat' dir='ltr'>radatur</span> 
     </span>
    </p>
   </div>
   <div class='ocr_carea' id='block_1_71' title="bbox 857 3816 3147 3884">
    <p class='ocr_par' dir='ltr' id='par_1_71' title="bbox 857 3816 3147 3884">
     <span class='ocr_line' id='line_1_71' title="bbox 857 3816 3147 3884; baseline -0.002 -9"><span class='ocrx_word' id='word_1_298' title='bbox 857 3821 995 3875; x_wconf 89' lang='lat' dir='ltr'>Ecce</span> <span class='ocrx_word' id='word_1_299' title='bbox 1026 3818 1164 3872; x_wconf 90' lang='lat' dir='ltr'>olim</span> <span class='ocrx_word' id='word_1_300' title='bbox 1184 3818 1337 3873; x_wconf 89' lang='lat' dir='ltr'>velut</span> <span class='ocrx_word' id='word_1_301' title='bbox 1363 3818 1530 3873; x_wconf 74' lang='lat' dir='ltr'>ludas</span> <span class='ocrx_word' id='word_1_302' title='bbox 2517 3816 2598 3871; x_wconf 86' lang='lat' dir='ltr'>Ab</span> <span class='ocrx_word' id='word_1_303' title='bbox 2628 3816 2785 3871; x_wconf 91' lang='lat' dir='ltr'>omni</span> <span class='ocrx_word' id='word_1_304' title='bbox 2826 3816 3147 3884; x_wconf 84' lang='lat' dir='ltr'>memoria;</span> 
     </span>
    </p>
   </div>
   <div class='ocr_carea' id='block_1_72' title="bbox 788 3910 3133 3979">
    <p class='ocr_par' dir='ltr' id='par_1_72' title="bbox 788 3910 3133 3979">
     <span class='ocr_line' id='line_1_72' title="bbox 788 3910 3133 3979; baseline -0.002 -11"><span class='ocrx_word' id='word_1_305' title='bbox 788 3910 1137 3969; x_wconf 81' lang='lat' dir='ltr'>Salvatorem</span> <span class='ocrx_word' id='word_1_306' title='bbox 1167 3910 1419 3979; x_wconf 88' lang='lat' dir='ltr'>tradidit,</span> <span class='ocrx_word' id='word_1_307' title='bbox 2517 3910 2691 3965; x_wconf 87' lang='lat' dir='ltr'>Jubar</span> <span class='ocrx_word' id='word_1_308' title='bbox 2715 3910 2846 3965; x_wconf 84' lang='lat' dir='ltr'>solis</span> <span class='ocrx_word' id='word_1_309' title='bbox 2869 3910 2950 3965; x_wconf 88' lang='lat' dir='ltr'>illi</span> <span class='ocrx_word' id='word_1_310' title='bbox 2970 3910 3133 3978; x_wconf 89' lang='lat' dir='ltr'>desit,</span> 
     </span>
    </p>
   </div>
   <div class='ocr_carea' id='block_1_73' title="bbox 785 4003 3114 4077">
    <p class='ocr_par' dir='ltr' id='par_1_73' title="bbox 785 4003 3114 4077">
     <span class='ocr_line' id='line_1_73' title="bbox 785 4003 3114 4077; baseline -0.003 -12"><span class='ocrx_word' id='word_1_311' title='bbox 785 4009 875 4065; x_wconf 89' lang='lat' dir='ltr'>Sic</span> <span class='ocrx_word' id='word_1_312' title='bbox 904 4012 982 4074; x_wconf 91' lang='lat' dir='ltr'>te,</span> <span class='ocrx_word' id='word_1_313' title='bbox 1013 4022 1134 4073; x_wconf 89' lang='lat' dir='ltr'>rex,</span> <span class='ocrx_word' id='word_1_314' title='bbox 1162 4004 1361 4077; x_wconf 89' lang='lat' dir='ltr'>tuique</span> <span class='ocrx_word' id='word_1_315' title='bbox 1393 4005 1564 4061; x_wconf 91' lang='lat' dir='ltr'>duces</span> <span class='ocrx_word' id='word_1_316' title='bbox 2518 4007 2739 4059; x_wconf 82' lang='lat' dir='ltr'>Aurora</span> <span class='ocrx_word' id='word_1_317' title='bbox 2761 4003 3114 4075; x_wconf 87' lang='lat' dir='ltr'>crepusculo.</span> 
     </span>
    </p>
   </div>
   <div class='ocr_carea' id='block_1_74' title="bbox 789 4097 3300 4170">
    <p class='ocr_par' dir='ltr' id='par_1_74' title="bbox 789 4097 3300 4170">
     <span class='ocr_line' id='line_1_74' title="bbox 789 4097 3300 4170; baseline -0.003 -13"><span class='ocrx_word' id='word_1_318' title='bbox 789 4101 1165 4158; x_wconf 87' lang='lat' dir='ltr'>Tradiderunt</span> <span class='ocrx_word' id='word_1_319' title='bbox 1196 4099 1385 4170; x_wconf 90' lang='lat' dir='ltr'>gladio</span> <span class='ocrx_word' id='word_1_320' title='bbox 1409 4118 1420 4167; x_wconf 91' lang='lat'><strong>;</strong></span> <span class='ocrx_word' id='word_1_321' title='bbox 2587 4097 2942 4170; x_wconf 80' lang='lat' dir='ltr'>Noxque‘illa</span> <span class='ocrx_word' id='word_1_322' title='bbox 2966 4113 3082 4153; x_wconf 88' lang='lat' dir='ltr'>nox</span> <span class='ocrx_word' id='word_1_323' title='bbox 3111 4111 3300 4152; x_wconf 88' lang='lat' dir='ltr'>amara</span> 
     </span>
    </p>
   </div>
   <div class='ocr_carea' id='block_1_75' title="bbox 786 4192 3213 4264">
    <p class='ocr_par' dir='ltr' id='par_1_75' title="bbox 786 4192 3213 4264">
     <span class='ocr_line' id='line_1_75' title="bbox 786 4192 3213 4264; baseline -0.002 -12"><span class='ocrx_word' id='word_1_324' title='bbox 786 4199 914 4252; x_wconf 90' lang='lat' dir='ltr'>Esto</span> <span class='ocrx_word' id='word_1_325' title='bbox 946 4200 1142 4250; x_wconf 90' lang='lat' dir='ltr'>cautus</span> <span class='ocrx_word' id='word_1_326' title='bbox 1168 4210 1243 4249; x_wconf 89' lang='lat' dir='ltr'>ne</span> <span class='ocrx_word' id='word_1_327' title='bbox 1268 4193 1551 4249; x_wconf 88' lang='lat' dir='ltr'>frauderis</span> <span class='ocrx_word' id='word_1_328' title='bbox 1932 4238 1940 4245; x_wconf 91' lang='lat'>.</span> <span class='ocrx_word' id='word_1_329' title='bbox 2518 4192 2748 4264; x_wconf 86' lang='lat' dir='ltr'>Noxque</span> <span class='ocrx_word' id='word_1_330' title='bbox 2776 4193 2920 4247; x_wconf 89' lang='lat' dir='ltr'>dura</span> <span class='ocrx_word' id='word_1_331' title='bbox 2952 4192 3213 4259; x_wconf 89' lang='lat' dir='ltr'>nimium,</span> 
     </span>
    </p>
   </div>
   <div class='ocr_carea' id='block_1_76' title="bbox 789 4285 3274 4362">
    <p class='ocr_par' dir='ltr' id='par_1_76' title="bbox 789 4285 3274 4362">
     <span class='ocr_line' id='line_1_76' title="bbox 789 4285 3274 4362; baseline -0.002 -17"><span class='ocrx_word' id='word_1_332' title='bbox 789 4298 981 4362; x_wconf 88' lang='lat' dir='ltr'>Agnus</span> <span class='ocrx_word' id='word_1_333' title='bbox 1007 4290 1143 4358; x_wconf 93' lang='lat' dir='ltr'>lupo</span> <span class='ocrx_word' id='word_1_334' title='bbox 1172 4287 1406 4359; x_wconf 63' lang='lat' dir='ltr'>praevio.</span> <span class='ocrx_word' id='word_1_335' title='bbox 2518 4288 2578 4341; x_wconf 86' lang='lat' dir='ltr'>lu</span> <span class='ocrx_word' id='word_1_336' title='bbox 2610 4302 2723 4358; x_wconf 88' lang='lat' dir='ltr'>qua</span> <span class='ocrx_word' id='word_1_337' title='bbox 2745 4287 2918 4341; x_wconf 90' lang='lat' dir='ltr'>fortes</span> <span class='ocrx_word' id='word_1_338' title='bbox 2948 4285 3274 4342; x_wconf 86' lang='lat' dir='ltr'>ceciderunt</span> 
     </span>
    </p>
   </div>
   <div class='ocr_carea' id='block_1_77' title="bbox 860 4379 3071 4453">
    <p class='ocr_par' dir='ltr' id='par_1_77' title="bbox 860 4379 3071 4453">
     <span class='ocr_line' id='line_1_77' title="bbox 860 4379 3071 4453; baseline -0.001 -16"><span class='ocrx_word' id='word_1_339' title='bbox 860 4384 1174 4437; x_wconf 81' lang='lat' dir='ltr'>Fontaneto</span> <span class='ocrx_word' id='word_1_340' title='bbox 1198 4379 1392 4437; x_wconf 90' lang='lat' dir='ltr'>font...</span> <span class='ocrx_word' id='word_1_341' title='bbox 1430 4381 1536 4453; x_wconf 84' lang='grc'>(11)</span> <span class='ocrx_word' id='word_1_342' title='bbox 1572 4382 1787 4449; x_wconf 87' lang='lat' dir='ltr'>dicunt,</span> <span class='ocrx_word' id='word_1_343' title='bbox 2517 4380 2715 4436; x_wconf 63' lang='lat' dir='ltr'>Prelio</span> <span class='ocrx_word' id='word_1_344' title='bbox 2741 4380 3071 4447; x_wconf 90' lang='lat' dir='ltr'>doctissimi,</span> 
     </span>
    </p>
   </div>
   <div class='ocr_carea' id='block_1_78' title="bbox 788 4473 3365 4547">
    <p class='ocr_par' dir='ltr' id='par_1_78' title="bbox 788 4473 3365 4547">
     <span class='ocr_line' id='line_1_78' title="bbox 788 4473 3365 4547; baseline -0.002 -15"><span class='ocrx_word' id='word_1_345' title='bbox 788 4478 981 4532; x_wconf 90' lang='lat' dir='ltr'>Villam</span> <span class='ocrx_word' id='word_1_346' title='bbox 1011 4491 1239 4547; x_wconf 86' lang='lat' dir='ltr'>quoque</span> <span class='ocrx_word' id='word_1_347' title='bbox 1266 4475 1480 4542; x_wconf 89' lang='lat' dir='ltr'>rustici,</span> <span class='ocrx_word' id='word_1_348' title='bbox 2518 4476 2701 4544; x_wconf 88' lang='lat' dir='ltr'>Pater,</span> <span class='ocrx_word' id='word_1_349' title='bbox 2726 4477 2932 4542; x_wconf 87' lang='lat' dir='ltr'>mater,</span> <span class='ocrx_word' id='word_1_350' title='bbox 2960 4489 3144 4545; x_wconf 86' lang='lat' dir='ltr'>soror,</span> <span class='ocrx_word' id='word_1_351' title='bbox 3172 4473 3365 4540; x_wconf 83' lang='lat' dir='ltr'>frater,</span> 
     </span>
    </p>
   </div>
   <div class='ocr_carea' id='block_1_79' title="bbox 775 4568 3167 4643">
    <p class='ocr_par' dir='ltr' id='par_1_79' title="bbox 775 4568 3167 4643">
     <span class='ocr_line' id='line_1_79' title="bbox 775 4568 3167 4643; baseline -0.003 -15"><span class='ocrx_word' id='word_1_352' title='bbox 775 4575 834 4628; x_wconf 89' lang='lat' dir='ltr'>ln</span> <span class='ocrx_word' id='word_1_353' title='bbox 863 4587 974 4643; x_wconf 89' lang='lat' dir='ltr'>qua</span> <span class='ocrx_word' id='word_1_354' title='bbox 1000 4574 1219 4641; x_wconf 87' lang='lat' dir='ltr'>strages</span> <span class='ocrx_word' id='word_1_355' title='bbox 1247 4578 1303 4625; x_wconf 91' lang='lat' dir='ltr'>et</span> <span class='ocrx_word' id='word_1_356' title='bbox 1328 4570 1505 4624; x_wconf 61' lang='lat' dir='ltr'>ruina:</span> <span class='ocrx_word' id='word_1_357' title='bbox 2515 4570 2666 4632; x_wconf 84' lang='lat' dir='ltr'>Quos</span> <span class='ocrx_word' id='word_1_358' title='bbox 2682 4569 2852 4624; x_wconf 89' lang='lat' dir='ltr'>amici</span> <span class='ocrx_word' id='word_1_359' title='bbox 2876 4568 3167 4623; x_wconf 87' lang='lat' dir='ltr'>ﬂeverant.</span> 
     </span>
    </p>
   </div>
   <div class='ocr_carea' id='block_1_80' title="bbox 1156 4838 3212 4917">
    <p class='ocr_par' dir='ltr' id='par_1_80' title="bbox 1156 4838 3212 4917">
     <span class='ocr_line' id='line_1_80' title="bbox 1156 4838 3212 4917; baseline -0 -17"><span class='ocrx_word' id='word_1_360' title='bbox 1156 4838 1331 4901; x_wconf 79' lang='lat' dir='ltr'>anno</span> <span class='ocrx_word' id='word_1_361' title='bbox 1361 4843 1478 4903; x_wconf 92' lang='lat'>883</span> <span class='ocrx_word' id='word_1_362' title='bbox 1509 4839 1784 4917; x_wconf 75' lang='lat' dir='ltr'>vicisset,</span> <span class='ocrx_word' id='word_1_363' title='bbox 1816 4859 1966 4902; x_wconf 88' lang='lat' dir='ltr'>cum</span> <span class='ocrx_word' id='word_1_364' title='bbox 1995 4839 2287 4902; x_wconf 80' lang='lat' dir='ltr'>versione</span> <span class='ocrx_word' id='word_1_365' title='bbox 2316 4838 2557 4902; x_wconf 78' lang='lat' dir='ltr'>Latina</span> <span class='ocrx_word' id='word_1_366' title='bbox 2579 4838 2853 4902; x_wconf 78' lang='lat' dir='ltr'>Joannis</span> <span class='ocrx_word' id='word_1_367' title='bbox 2884 4838 3212 4903; x_wconf 80' lang='lat' dir='ltr'>Schz&#39;lterz&#39;.</span> 
     </span>
    </p>
   </div>
   <div class='ocr_carea' id='block_1_81' title="bbox 1432 4936 2950 5012">
    <p class='ocr_par' dir='ltr' id='par_1_81' title="bbox 1432 4936 2950 5012">
     <span class='ocr_line' id='line_1_81' title="bbox 1432 4936 2950 5012; baseline 0.001 -20"><span class='ocrx_word' id='word_1_368' title='bbox 1432 4936 1616 5010; x_wconf 88' lang='lat' dir='ltr'>[Apud</span> <span class='ocrx_word' id='word_1_369' title='bbox 1652 4940 1857 4994; x_wconf 81' lang='lat' dir='ltr'>Mabill.</span> <span class='ocrx_word' id='word_1_370' title='bbox 1890 4941 2096 4995; x_wconf 79' lang='lat' dir='ltr'>Annal.</span> <span class='ocrx_word' id='word_1_371' title='bbox 2128 4942 2265 4996; x_wconf 89' lang='lat' dir='ltr'>tom.</span> <span class='ocrx_word' id='word_1_372' title='bbox 2294 4940 2384 5008; x_wconf 90' lang='lat' dir='ltr'>lll,</span> <span class='ocrx_word' id='word_1_373' title='bbox 2414 4940 2683 5012; x_wconf 89' lang='lat' dir='ltr'>append.,</span> <span class='ocrx_word' id='word_1_374' title='bbox 2715 4957 2771 5011; x_wconf 91' lang='lat' dir='ltr'>p.</span> <span class='ocrx_word' id='word_1_375' title='bbox 2803 4940 2950 5009; x_wconf 65' lang='lat'>684.]</span> 
     </span>
    </p>
   </div>
   <div class='ocr_carea' id='block_1_82' title="bbox 855 5028 2209 5114">
    <p class='ocr_par' dir='ltr' id='par_1_82' title="bbox 855 5028 2209 5114">
     <span class='ocr_line' id='line_1_82' title="bbox 855 5028 2209 5114; baseline 0.003 -34"><span class='ocrx_word' id='word_1_376' title='bbox 855 5029 1028 5082; x_wconf 82' lang='lat' dir='ltr'>Einen</span> <span class='ocrx_word' id='word_1_377' title='bbox 1059 5028 1263 5096; x_wconf 77' lang='lat' dir='ltr'>kum’ng</span> <span class='ocrx_word' id='word_1_378' title='bbox 1293 5030 1423 5083; x_wconf 81' lang='lat' dir='ltr'>weiz</span> <span class='ocrx_word' id='word_1_379' title='bbox 1443 5029 1547 5089; x_wconf 72' lang='grc' dir='ltr'><em>ἱρὴ,</em></span> <span class='ocrx_word' id='word_1_380' title='bbox 2151 5043 2209 5114; x_wconf 84' lang='lat' dir='ltr'><strong>D</strong></span> 
     </span>
    </p>
   </div>
   <div class='ocr_carea' id='block_1_83' title="bbox 782 5122 1411 5193">
    <p class='ocr_par' dir='ltr' id='par_1_83' title="bbox 782 5122 1411 5193">
     <span class='ocr_line' id='line_1_83' title="bbox 782 5122 1411 5193; baseline -0.002 -16"><span class='ocrx_word' id='word_1_381' title='bbox 782 5123 990 5177; x_wconf 81' lang='lat' dir='ltr'>Heisset</span> <span class='ocrx_word' id='word_1_382' title='bbox 1018 5122 1142 5176; x_wconf 78' lang='lat' dir='ltr'>herr</span> <span class='ocrx_word' id='word_1_383' title='bbox 1167 5122 1411 5193; x_wconf 81' lang='lat' dir='ltr'>Ludwig,</span> 
     </span>
    </p>
   </div>
   <div class='ocr_carea' id='block_1_84' title="bbox 2590 5029 2978 5102">
    <p class='ocr_par' dir='ltr' id='par_1_84' title="bbox 2590 5029 2978 5102">
     <span class='ocr_line' id='line_1_84' title="bbox 2590 5029 2978 5102; baseline -0.003 -18"><span class='ocrx_word' id='word_1_384' title='bbox 2590 5031 2802 5102; x_wconf 85' lang='lat' dir='ltr'>Regem</span> <span class='ocrx_word' id='word_1_385' title='bbox 2831 5029 2978 5095; x_wconf 89' lang='lat' dir='ltr'>novi,</span> 
     </span>
    </p>
   </div>
   <div class='ocr_carea' id='block_1_85' title="bbox 2517 5122 3417 5189">
    <p class='ocr_par' dir='ltr' id='par_1_85' title="bbox 2517 5122 3417 5189">
     <span class='ocr_line' id='line_1_85' title="bbox 2517 5122 3417 5189; baseline -0.004 -10"><span class='ocrx_word' id='word_1_386' title='bbox 2517 5127 2753 5179; x_wconf 90' lang='lat' dir='ltr'>Vocatur</span> <span class='ocrx_word' id='word_1_387' title='bbox 2791 5122 3056 5179; x_wconf 88' lang='lat' dir='ltr'>dominus</span> <span class='ocrx_word' id='word_1_388' title='bbox 3083 5122 3417 5189; x_wconf 88' lang='lat' dir='ltr'>Ludovicus,</span> 
     </span>
    </p>
   </div>
   <div class='ocr_carea' id='block_1_86' title="bbox 3732 334 3879 386">
    <p class='ocr_par' dir='ltr' id='par_1_86' title="bbox 3732 334 3879 386">
     <span class='ocr_line' id='line_1_86' title="bbox 3732 334 3879 386; baseline -0.034 0"><span class='ocrx_word' id='word_1_389' title='bbox 3732 334 3879 386; x_wconf 68' lang='lat' dir='ltr'>l2“;</span> 
     </span>
    </p>
   </div>
   <div class='ocr_carea' id='block_1_87' title="bbox 786 5214 1435 5285">
    <p class='ocr_par' dir='ltr' id='par_1_87' title="bbox 786 5214 1435 5285">
     <span class='ocr_line' id='line_1_87' title="bbox 786 5214 1435 5285; baseline 0 -12"><span class='ocrx_word' id='word_1_390' title='bbox 786 5221 888 5273; x_wconf 86' lang='lat' dir='ltr'>Der</span> <span class='ocrx_word' id='word_1_391' title='bbox 913 5230 1072 5285; x_wconf 84' lang='lat' dir='ltr'>gerne</span> <span class='ocrx_word' id='word_1_392' title='bbox 1098 5214 1222 5269; x_wconf 89' lang='lat' dir='ltr'>Gott</span> <span class='ocrx_word' id='word_1_393' title='bbox 1240 5215 1435 5280; x_wconf 75' lang='lat' dir='ltr'>dienet,</span> 
     </span>
    </p>
   </div>
   <div class='ocr_carea' id='block_1_88' title="bbox 790 5309 1397 5367">
    <p class='ocr_par' dir='ltr' id='par_1_88' title="bbox 790 5309 1397 5367">
     <span class='ocr_line' id='line_1_88' title="bbox 790 5309 1397 5367; baseline -0.003 0"><span class='ocrx_word' id='word_1_394' title='bbox 790 5311 927 5367; x_wconf 64' lang='lat' dir='ltr'>Wet!</span> <span class='ocrx_word' id='word_1_395' title='bbox 953 5326 1010 5365; x_wconf 80' lang='lat' dir='ltr'>er</span> <span class='ocrx_word' id='word_1_396' title='bbox 1036 5309 1173 5365; x_wconf 82' lang='lat' dir='ltr'>ihms</span> <span class='ocrx_word' id='word_1_397' title='bbox 1201 5309 1397 5365; x_wconf 81' lang='lat' dir='ltr'>lohnet.</span> 
     </span>
    </p>
   </div>
   <div class='ocr_carea' id='block_1_89' title="bbox 2514 5218 3212 5286">
    <p class='ocr_par' dir='ltr' id='par_1_89' title="bbox 2514 5218 3212 5286">
     <span class='ocr_line' id='line_1_89' title="bbox 2514 5218 3212 5286; baseline -0.003 -13"><span class='ocrx_word' id='word_1_398' title='bbox 2514 5218 2619 5283; x_wconf 86' lang='lat' dir='ltr'>Qui</span> <span class='ocrx_word' id='word_1_399' title='bbox 2646 5218 2847 5273; x_wconf 87' lang='lat' dir='ltr'>lubens</span> <span class='ocrx_word' id='word_1_400' title='bbox 2877 5218 2989 5272; x_wconf 91' lang='lat' dir='ltr'>Deo</span> <span class='ocrx_word' id='word_1_401' title='bbox 3021 5219 3212 5286; x_wconf 88' lang='lat' dir='ltr'>servit,</span> 
     </span>
    </p>
   </div>
   <div class='ocr_carea' id='block_1_90' title="bbox 2512 5310 3519 5384">
    <p class='ocr_par' dir='ltr' id='par_1_90' title="bbox 2512 5310 3519 5384">
     <span class='ocr_line' id='line_1_90' title="bbox 2512 5310 3519 5384; baseline -0.004 -17"><span class='ocrx_word' id='word_1_402' title='bbox 2512 5312 2732 5383; x_wconf 87' lang='lat' dir='ltr'>Quippe</span> <span class='ocrx_word' id='word_1_403' title='bbox 2762 5312 2862 5384; x_wconf 90' lang='lat' dir='ltr'>qui</span> <span class='ocrx_word' id='word_1_404' title='bbox 2887 5327 3019 5366; x_wconf 88' lang='lat' dir='ltr'>eum</span> <span class='ocrx_word' id='word_1_405' title='bbox 3047 5310 3297 5383; x_wconf 67' lang='lat' dir='ltr'>praemiis</span> <span class='ocrx_word' id='word_1_406' title='bbox 3325 5310 3519 5365; x_wconf 79' lang='lat' dir='ltr'>afﬁcit.</span> 
     </span>
    </p>
   </div>
   <div class='ocr_carea' id='block_1_91' title="bbox 2581 5405 3475 5477">
    <p class='ocr_par' dir='ltr' id='par_1_91' title="bbox 2581 5405 3475 5477">
     <span class='ocr_line' id='line_1_91' title="bbox 2581 5405 3475 5477; baseline -0.002 -16"><span class='ocrx_word' id='word_1_407' title='bbox 2581 5405 2921 5461; x_wconf 80' lang='lat' dir='ltr'>Minorennis</span> <span class='ocrx_word' id='word_1_408' title='bbox 2949 5406 3264 5462; x_wconf 89' lang='lat' dir='ltr'>orbabatur</span> <span class='ocrx_word' id='word_1_409' title='bbox 3292 5410 3475 5477; x_wconf 89' lang='lat' dir='ltr'>patre,</span> 
     </span>
    </p>
   </div>
   <div class='ocr_carea' id='block_1_92' title="bbox 2515 5500 3498 5573">
    <p class='ocr_par' dir='ltr' id='par_1_92' title="bbox 2515 5500 3498 5573">
     <span class='ocr_line' id='line_1_92' title="bbox 2515 5500 3498 5573; baseline -0.006 -15"><span class='ocrx_word' id='word_1_410' title='bbox 2515 5502 2575 5558; x_wconf 92' lang='lat' dir='ltr'>ld</span> <span class='ocrx_word' id='word_1_411' title='bbox 2603 5501 2756 5573; x_wconf 90' lang='lat' dir='ltr'>quod</span> <span class='ocrx_word' id='word_1_412' title='bbox 2780 5501 2888 5572; x_wconf 88' lang='lat' dir='ltr'>ipsi</span> <span class='ocrx_word' id='word_1_413' title='bbox 2916 5506 3035 5557; x_wconf 84' lang='lat' dir='ltr'>erat</span> <span class='ocrx_word' id='word_1_414' title='bbox 3060 5500 3221 5555; x_wconf 86' lang='lat' dir='ltr'>valde</span> <span class='ocrx_word' id='word_1_415' title='bbox 3248 5500 3498 5555; x_wconf 83' lang='lat' dir='ltr'>noxium.</span> 
     </span>
    </p>
   </div>
   <div class='ocr_carea' id='block_1_93' title="bbox 2514 5595 3294 5667">
    <p class='ocr_par' dir='ltr' id='par_1_93' title="bbox 2514 5595 3294 5667">
     <span class='ocr_line' id='line_1_93' title="bbox 2514 5595 3294 5667; baseline -0.001 -17"><span class='ocrx_word' id='word_1_416' title='bbox 2514 5595 2772 5667; x_wconf 84' lang='lat' dir='ltr'>Suscepit</span> <span class='ocrx_word' id='word_1_417' title='bbox 2792 5595 2980 5666; x_wconf 90' lang='lat' dir='ltr'>ipsum</span> <span class='ocrx_word' id='word_1_418' title='bbox 2998 5595 3294 5663; x_wconf 87' lang='lat' dir='ltr'>Dominus,</span> 
     </span>
    </p>
   </div>
   <div class='ocr_carea' id='block_1_94' title="bbox 2511 5689 3143 5760">
    <p class='ocr_par' dir='ltr' id='par_1_94' title="bbox 2511 5689 3143 5760">
     <span class='ocr_line' id='line_1_94' title="bbox 2511 5689 3143 5760; baseline -0.002 -16"><span class='ocrx_word' id='word_1_419' title='bbox 2511 5692 2719 5744; x_wconf 90' lang='lat' dir='ltr'>Ductor</span> <span class='ocrx_word' id='word_1_420' title='bbox 2754 5689 2923 5745; x_wconf 81' lang='lat' dir='ltr'>ﬂebat</span> <span class='ocrx_word' id='word_1_421' title='bbox 2951 5689 3143 5760; x_wconf 88' lang='lat' dir='ltr'>ipsius.</span> 
     </span>
    </p>
   </div>
   <div class='ocr_carea' id='block_1_95' title="bbox 845 5406 1542 5468">
    <p class='ocr_par' dir='ltr' id='par_1_95' title="bbox 845 5406 1542 5468">
     <span class='ocr_line' id='line_1_95' title="bbox 845 5406 1542 5468; baseline 0.001 -8"><span class='ocrx_word' id='word_1_422' title='bbox 845 5406 993 5461; x_wconf 81' lang='lat' dir='ltr'>Kind</span> <span class='ocrx_word' id='word_1_423' title='bbox 1019 5409 1162 5459; x_wconf 80' lang='lat' dir='ltr'>wart</span> <span class='ocrx_word' id='word_1_424' title='bbox 1186 5419 1243 5458; x_wconf 84' lang='lat' dir='ltr'>er</span> <span class='ocrx_word' id='word_1_425' title='bbox 1270 5406 1542 5468; x_wconf 83' lang='lat' dir='ltr'>vatterlos,</span> 
     </span>
    </p>
   </div>
   <div class='ocr_carea' id='block_1_96' title="bbox 784 5499 1567 5568">
    <p class='ocr_par' dir='ltr' id='par_1_96' title="bbox 784 5499 1567 5568">
     <span class='ocr_line' id='line_1_96' title="bbox 784 5499 1567 5568; baseline 0.003 -14"><span class='ocrx_word' id='word_1_426' title='bbox 784 5500 908 5568; x_wconf 69' lang='grc' dir='ltr'>Ι)εῇ</span> <span class='ocrx_word' id='word_1_427' title='bbox 920 5500 1097 5555; x_wconf 80' lang='lat' dir='ltr'>worth</span> <span class='ocrx_word' id='word_1_428' title='bbox 1118 5499 1262 5553; x_wconf 70' lang='lat' dir='ltr'>ihme</span> <span class='ocrx_word' id='word_1_429' title='bbox 1284 5499 1405 5554; x_wconf 82' lang='lat' dir='ltr'>sehr</span> <span class='ocrx_word' id='word_1_430' title='bbox 1433 5500 1567 5556; x_wconf 88' lang='lat' dir='ltr'>boss.</span> 
     </span>
    </p>
   </div>
   <div class='ocr_carea' id='block_1_97' title="bbox 778 5594 1397 5649">
    <p class='ocr_par' dir='ltr' id='par_1_97' title="bbox 778 5594 1397 5649">
     <span class='ocr_line' id='line_1_97' title="bbox 778 5594 1397 5649; baseline -0.002 0"><span class='ocrx_word' id='word_1_431' title='bbox 778 5594 1123 5649; x_wconf 80' lang='lat' dir='ltr'>Holoda’nan</span> <span class='ocrx_word' id='word_1_432' title='bbox 1148 5594 1397 5649; x_wconf 76' lang='lat' dir='ltr'>Tmhtin.</span> 
     </span>
    </p>
   </div>
   <div class='ocr_carea' id='block_1_98' title="bbox 779 5689 1552 5756">
    <p class='ocr_par' dir='ltr' id='par_1_98' title="bbox 779 5689 1552 5756">
     <span class='ocr_line' id='line_1_98' title="bbox 779 5689 1552 5756; baseline 0.001 -12"><span class='ocrx_word' id='word_1_433' title='bbox 779 5691 1098 5756; x_wconf 82' lang='lat' dir='ltr'>Magaczogo</span> <span class='ocrx_word' id='word_1_434' title='bbox 1122 5689 1298 5742; x_wconf 81' lang='lat' dir='ltr'>worth</span> <span class='ocrx_word' id='word_1_435' title='bbox 1330 5689 1423 5745; x_wconf 83' lang='lat' dir='ltr'>her</span> <span class='ocrx_word' id='word_1_436' title='bbox 1449 5692 1552 5745; x_wconf 78' lang='lat' dir='ltr'>sin.</span> 
     </span>
    </p>
   </div>
   <div class='ocr_carea' id='block_1_99' title="bbox 570 5829 3071 5971">
    <p class='ocr_par' dir='ltr' id='par_1_99' title="bbox 570 5829 3071 5971">
     <span class='ocr_line' id='line_1_99' title="bbox 570 5829 3071 5971; baseline 0 -17"><span class='ocrx_word' id='word_1_437' title='bbox 708 5829 1129 5969; x_wconf 52' lang='grc' dir='ltr'>ῗῖὶὲοῗιῗὲέὴιῄυε</span> <span class='ocrx_word' id='word_1_438' title='bbox 1154 5900 1509 5964; x_wconf 81' lang='lat' dir='ltr'>evanuerunt</span> <span class='ocrx_word' id='word_1_439' title='bbox 1535 5896 1748 5952; x_wconf 64' lang='lat' dir='ltr'>ultimm</span> <span class='ocrx_word' id='word_1_440' title='bbox 1781 5897 2006 5965; x_wconf 67' lang='lat' dir='ltr'>litterae,</span> <span class='ocrx_word' id='word_1_441' title='bbox 2037 5898 2136 5969; x_wconf 78' lang='lat' dir='ltr'>sed</span> <span class='ocrx_word' id='word_1_442' title='bbox 2162 5898 2469 5971; x_wconf 84' lang='lat' dir='ltr'>legendum</span> <span class='ocrx_word' id='word_1_443' title='bbox 2502 5898 2624 5955; x_wconf 88' lang='lat' dir='ltr'>sine</span> <span class='ocrx_word' id='word_1_444' title='bbox 2652 5899 2823 5955; x_wconf 88' lang='lat' dir='ltr'>dubio</span> <span class='ocrx_word' id='word_1_445' title='bbox 2849 5902 3071 5969; x_wconf 82' lang='lat' dir='ltr'>fontem.</span> 
     </span>
    </p>
   </div>
  </div>
