4092 6192
204 348 351 404 1217

556 456 671 513 Gab
695 455 790 510 her
817 457 958 511 ihme
988 456 1209 526 Dugidi,

487 550 707 604 Fronisc
732 550 1003 618 githigini,

485 641 637 696 Stuel
660 642 775 696 hier
803 644 862 696 in
892 641 1164 699 Vrankon.

481 737 550 792 So
582 736 773 790 bruche
800 737 894 790 her
922 752 976 791 es
1004 738 1182 808 lange.

556 842 662 893 Das
687 838 900 905 gedeild
927 854 985 893 er
1009 841 1208 895 thanne

488 934 593 988 Sar
620 934 720 985 mit
748 933 1116 988 Karlomanne

486 1025 695 1079 Bruder
721 1026 943 1087 sinemo,

491 1119 627 1172 Thia
647 1119 801 1173 czala
826 1124 1133 1177 wanniano.

558 1222 701 1276 Odas
726 1225 905 1277 worth
933 1225 993 1278 al
1022 1226 1275 1294 geendist.

487 1316 666 1369 Koron
694 1316 873 1370 wolda
900 1319 985 1371 sin
1016 1319 1131 1373 God
1152 1321 1223 1377 i1.

488 1408 564 1461 0b
588 1409 682 1462 her
706 1408 919 1463 arbeidi
1074 1406 1081 1411 ’

486 1502 555 1555 So
582 1502 710 1570 (ang
738 1502 917 1556 theton
942 1505 1129 1559 mahti'.

557 1603 702 1657 Liess
727 1603 823 1657 der
847 1604 1059 1659 heidine
1086 1622 1249 1661 mann

487 1695 630 1751 Obar
655 1698 734 1749 sie
766 1696 939 1757 lidan,

492 1789 644 1842 Thiot
674 1790 954 1845 Vrancono

487 1882 722 1936 Hannon
745 1885 832 1937 sin
860 1884 1043 1940 diono.

553 1986 713 2040 Sume
742 2000 835 2040 sar
858 1989 1155 2051 verlorane,

491 2078 729 2133 Wurden
754 2095 871 2134 sum
896 2083 1168 2137 erkorane.

483 2174 833 2228 Haransoara
858 2176 1061 2231 tholota

490 2266 626 2319 Ther
644 2281 701 2320 er
726 2269 1071 2324 misselebeta.

560 2368 696 2421 Ther
721 2369 838 2423 ther
863 2369 1064 2426 thanne
1092 2371 1235 2426 thiob
1264 2389 1394 2433 was.

488 2460 591 2513 Ind
618 2475 675 2514 er
694 2461 937 2518 thanana
961 2466 1140 2533 ginas,

483 2553 625 2608 Nam
652 2556 768 2609 sine
796 2561 985 2612 vaston

482 2646 620 2701 Sidd
642 2649 821 2703 worth
846 2649 941 2703 her
969 2655 1245 2719 guotman.

552 2749 684 2803 Sum
710 2766 823 2805 was
851 2751 1111 2821 Iuginari.

483 2841 608 2895 Sum
636 2858 750 2896 was
775 2844 1039 2903 skachari.

482 2934 611 2989 Sum
636 2936 874 3001 falloses.

484 3027 585 3080 1nd
612 3042 669 3080 er
692 3030 947 3096 giburtha
973 3032 1056 3085 sih
1087 3034 1215 3086 thes.

553 3128 771 3195 Kum‘ng
806 3146 919 3183 was
943 3131 1223 3186 ehruirril.

484 3223 593 3273 Das
610 3221 748 3275 νέοὴὶ
772 3222 831 3275 al
856 3226 1035 3289 girrit,

494 3315 620 3369 Was
649 3315 942 3383 ehrbolgan
970 3318 1139 3379 Krist,

482 3406 615 3460 Leid
639 3408 733 3461 her
757 3408 868 3463 thes
896 3411 1164 3477 ingaldiz.

557 3509 703 3563 Thoh
731 3510 1010 3567 erbarmed
1034 3529 1087 3568 es
1113 3514 1247 3576 God,

494 3604 629 3657 Wiss
658 3618 715 3656 er
740 3604 855 3658 alla
885 3605 1000 3660 thia
1029 3609 1155 3667 nod.

482 3696 631 3749 Hiess
650 3695 772 3750 herr
798 3698 1151 3767 HLudwigan

490 3788 688 3842 Tharot
715 3805 809 3843 sar
834 3794 1000 3845 ritan.

553 3890 808 3960 Hludwig
834 3892 1037 3963 huning
1059 3899 1171 3949 min

482 3983 649 4053 Hilph
675 3986 866 4039 minan
892 3988 1071 4049 Iiutin,

482 4077 691 4144 Heigun
711 4093 773 4133 sa
798 4080 1077 4137 Nordman

482 4172 654 4224 Harto
680 4171 1057 4243 biduuungan.

559 4275 777 4327 Thanne
803 4277 996 4344 sprach
1021 4276 1294 4348 Hludu‘ig.

486 4368 654 4421 Herro
680 4382 738 4421 so
767 4368 911 4422 duon
938 4370 1012 4429 hi,

488 4460 583 4512 Dot
610 4460 667 4528 nj
695 4465 828 4516 rette
853 4464 959 4518 mir
986 4466 1060 4526 is,

488 4553 563 4605 Al
590 4553 709 4608 thas
733 4556 830 4609 thu
853 4557 1137 4624 gibt'udist.

558 4657 663 4711 Tho
690 4673 817 4712 nam
840 4659 934 4714 her
959 4662 1126 4718 Gades
1149 4666 1312 4719 urlub

482 4751 633 4806 Huob
667 4750 760 4806 her
787 4754 1111 4822 gundfanon
1139 4760 1223 4825 uf,

481 4845 600 4897 Rei!
626 4844 720 4899 her
744 4845 904 4901 thara
934 4850 992 4902 in
1022 4850 1298 4911 Vrankon,

481 4939 720 5005 Ingagan
745 4942 1136 4997 Nortmannon.

553 5036 697 5091 Gode
722 5037 1030 5093 thanoodun

418 5142 423 5153 ·
487 5129 591 5181 The
613 5130 699 5181 sin
725 5130 1018 5186 bcidodun.

484 5220 642 5285 Quod
672 5239 688 5273 :
722 5223 831 5276 Hin
858 5224 916 5277 al
942 5227 1168 5292 fromin,

485 5313 553 5367 So
584 5313 743 5382 longo
768 5315 969 5371 beidem
998 5323 1124 5374 uuir
1150 5321 1285 5375 thin.

559 5408 781 5463 Thanno
807 5411 1005 5480 sprach
1033 5414 1143 5468 luto

484 5502 741 5572 Hludwig
770 5502 868 5558 der
888 5510 1049 5572 guoto
1079 5526 1095 5559 :

489 5598 693 5652 Trostet
714 5598 811 5653 hiu
838 5598 1111 5669 gesellion,

485 5692 629 5746 Mine
652 5693 966 5755 notstallon.

557 5783 701 5835 Hera
728 5789 889 5839 santa
920 5784 1036 5840 ηιἰά
1069 5785 1204 5847 ϐοά,

490 5871 603 5928 Doh
625 5876 731 5929 mir
753 5877 895 5932 selbo
924 5880 1113 5945 genod.

535 5971 802 6036 l’nnon..
858 5974 1084 6041 CXXX.

1431 350 1557 405 ,ΕΠ
1596 342 1916 406 CAROLINI
1953 349 2270 407 CARMINA.

1861 472 1918 543 A

2292 457 2462 513 Dedit
2488 457 2539 512 ei
2567 457 2798 526 Heroes,

2221 551 2471 606 Illustres
2502 551 2757 606 comites.

2222 644 2430 700 Sedem
2460 645 2551 699 hic
2576 645 2636 698 in
2664 644 2921 700 Francia.

2223 737 2309 791 Sic
2337 741 2526 792 utatur
2545 737 2654 792 illis
2681 737 2778 792 diu
2794 738 2808 791 l

2295 839 2421 893 Hinc
2451 839 2638 894 divisit
2666 843 2860 910 postea

2223 934 2366 987 Cum
2391 931 2801 989 Carolomanno

2227 1025 2418 1079 Fratre
2444 1040 2565 1090 suo,

2223 1117 2581 1172 Portionibus
2610 1118 2808 1173 fraude
2840 1118 3072 1191 absque.

2292 1221 2433 1275 Cum
2464 1220 2573 1275 hoc
2599 1223 2747 1275 esset
2778 1237 2948 1276 omne
2976 1221 3225 1292 ﬁnitum,

2220 1313 2479 1384 Axperiri
2506 1314 2727 1369 volebat
2755 1314 2932 1386 ipsius
2959 1316 3103 1370 Deus
3131 1317 3236 1369 hoc

2221 1409 2307 1459 An
2337 1406 2385 1459 is
2410 1405 2814 1461 tribulationes

2222 1499 2570 1570 Aliquandiu
2598 1501 2838 1555 tolerare
2869 1508 3082 1572 posset.

2293 1600 2553 1656 Permisit
2578 1601 2879 1672 gentilium
2906 1603 3145 1658 militem

2225 1695 2406 1765 Super
2431 1710 2526 1750 eos
2554 1694 2683 1749 duci
2716 1712 2728 1749 :

2222 1788 2498 1859 Populum
2526 1788 2871 1843 Francorum

2220 1880 2487 1935 Militibus
2512 1897 2713 1936 eorum
2745 1882 2973 1937 servire.

2291 1983 2401 2038 Alii
2432 1984 2621 2038 statim
2651 1984 3004 2054 defecerunt,

2223 2077 2474 2131 Fuerunt
2501 2077 2597 2131 alii
2624 2078 2826 2132 tentati
2855 2079 3197 2149 (sollicitati);

2219 2170 2612 2225 Contumelias
2642 2171 2962 2241 patiebatur

2220 2263 2551 2336 Quicunque
2578 2279 2739 2319 secus
2758 2264 2994 2320 viveret.
3086 2250 3099 2257 ’

2294 2367 2342 2419 ls
2369 2366 2467 2437 qui
2496 2369 2617 2420 tum
2647 2367 2997 2423 latrunculus
3022 2371 3229 2437 fuerat,

2219 2462 2401 2531 Atque
2428 2458 2560 2513 hinc
2583 2460 2689 2528 (his
2714 2460 2774 2513 in
2800 2460 3001 2531 turbis)
3027 2462 3360 2531 invaluerat,

2222 2551 2528 2623 Occupavit
2555 2552 2678 2622 ejus
2709 2552 2893 2624 (regis)
2916 2558 3099 2609 castra
3132 2573 3144 2609 :

2221 2646 2302 2699 Ex
2333 2662 2447 2716 quo
2475 2646 2657 2701 factus
2684 2645 2732 2700 is
2761 2646 2989 2701 nobilis.

2289 2747 2446 2802 Alius
2471 2752 2595 2803 erat
2623 2747 2870 2803 mendax
2902 2749 3221 2822 (falsarius),

2218 2841 2376 2895 Alius
2403 2847 2528 2895 erat
2557 2841 2812 2909 sicarius,

2220 2934 2377 2988 Alius
2407 2934 2689 3004 desertor,

2224 3028 2286 3081 Et
2312 3026 2557 3097 quilibet
2580 3027 2889 3084 extollebat
2915 3044 2973 3085 se
2999 3045 3065 3084 eo
3092 3030 3368 3102 (crimine)

2289 3130 2410 3184 Rex
2440 3134 2564 3184 erat
2593 3130 2881 3186 attonitus.

2224 3222 2485 3292 Regnum
2510 3224 2693 3276 totum
2718 3225 3076 3294 perplexum.
3098 3220 3101 3223 ’

2222 3314 2354 3367 Erat
2384 3314 2559 3368 iratus
2588 3314 2864 3384 Christus,

2222 3406 2481 3462 Permisit
2506 3407 2652 3462 hanc
2672 3409 3058 3480 tyrannidem.

2290 3514 2362 3563 At
2388 3510 2655 3567 misertus
2679 3517 2764 3568 est
2794 3515 2943 3568 Deus
2971 3532 2983 3568 :

3439 350 3569 407 l2l8

2219 3606 2575 3675 Cognoverat
2599 3621 2828 3661 omnem
2858 3607 3008 3662 hanc
3036 3609 3440 3665 calamitatem.

2218 3698 2391 3752 Jussit
2414 3698 2727 3754 Dominum
2760 3701 3158 3756 llLudovicum

2223 3793 2298 3846 Eo
2330 3790 2481 3846 illico
2509 3793 2813 3863 proﬁcisci.

2292 3894 2639 3962 HLudovice,
2670 3896 2789 3951 Rex
2814 3898 2895 3951 mi

2219 3989 2356 4042 Juva
2384 4005 2577 4043 meum
2608 3991 2910 4061 populum,

2220 4084 2363 4137 Eum
2404 4082 2740 4137 Nortmanni

2224 4175 2370 4230 Dure
2400 4181 2750 4246 presserunt.

2289 4277 2443 4331 Tunc
2472 4276 2615 4332 dixit
2638 4277 2954 4335 Ludovicus
2990 4298 3002 4335 :

2222 4372 2483 4438 Domine,
2516 4372 2595 4427 sic
2622 4373 2849 4440 faciam,

2220 4464 2365 4518 Mors
2393 4481 2466 4519 ne
2496 4466 2798 4536 prohibeat
2826 4467 2965 4522 mihi
2998 4468 3103 4522 hoc

2222 4557 2403 4612 Omne
2433 4560 2583 4630 quod
2610 4562 2674 4613 tu
2705 4561 2967 4615 mandas.

2285 4657 2438 4711 Tunc
2463 4656 2615 4727 cepit
2642 4658 2687 4711 is
2716 4657 2815 4713 Dei
2842 4660 3090 4727 veniam,

2220 4750 2457 4805 Sustulit
2484 4751 2754 4806 vexillum
2781 4752 3125 4819 classicum,‘

2221 4843 2651 4915 Expeditionem
2682 4844 2816 4900 fecit
2842 4845 2900 4900 in
2937 4846 3227 4900 Franciam

2217 4938 2499 4992 Adversus
2528 4939 2572 4992 Ν
2578 4942 2910 4993 ortmannos
2941 4956 2953 4993 :

2292 5033 2403 5087 Deo
2430 5031 2638 5103 gratias
2659 5048 2856 5104 agens,

2220 5126 2378 5180 Hunc
2402 5128 2756 5197 exspectans,

2219 5218 2367 5274 Dixit
2392 5236 2405 5273 :
2438 5218 2699 5291 Agedum
2727 5219 2994 5289 Domine,

2221 5315 2359 5368 Tam
2388 5313 2487 5368 diu
2514 5319 2908 5385 exspectamus
2937 5317 3031 5369 Te.

2293 5409 2483 5463 Postea
2513 5407 2771 5463 elocutus
2796 5410 2943 5463 clare

2222 5500 2536 5556 Ludovicus
2564 5501 2658 5555 ille
2690 5501 2943 5569 illustris,

2220 5596 2374 5651 Bono
2404 5598 2583 5651 estote
2612 5595 2828 5663 animo,
2862 5592 3307 5664 commilitones,

2220 5688 2624 5745 Constabularii
2651 5688 2785 5741 mei.

2295 5784 2411 5837 Huc
2436 5781 2590 5836 misit
2612 5797 2703 5835 me
2733 5780 2901 5848 Deus,

2227 5877 2331 5941 Qui
2360 5879 2416 5929 et
2447 5874 2586 5928 mihi
2616 5874 2735 5945 ipse
2770 5873 3050 5945 gratiosus
3078 5873 3185 5929 sitl

3186 5984 3263 6040 39
