4092 6192
1605 327 1942 387 APPENDIX
1988 324 2074 381 AD
2113 318 2441 378 SECULUM
2486 313 2576 368 IX.

2195 321 2299 377 ECU
2308 318 2441 373 LUM
2486 313 2576 368 1x.
3663 291 3811 343 1⁸220

2089 446 2147 517 Α
2449 425 2519 478 Ut
2549 436 2647 474 vos
2675 413 2975 471 consilium
3007 404 3173 473 detis,

2452 517 2524 570 Ut
2554 528 2659 585 ego
2690 506 3002 565 exercitum
3028 502 3288 557 educam.

433 358 567 413 {'219

718 457 795 514 Ob
826 456 921 510 hiu
943 455 1032 508 rat
1065 449 1226 511 inuti,

722 551 870 607 Thaz
891 546 951 602 ih
978 546 1092 600 hier
1120 542 1343 613 gefurti.

790 675 909 734 Mih
933 673 1115 730 selbon
1136 673 1198 725 ni
1224 670 1453 740 sperati,

727 774 841 828 Unz
863 769 922 824 ih
947 768 1045 822 hiu
1069 763 1316 836 ginerrti.

725 867 815 922 Nu
841 861 957 917 vuil
978 859 1038 914 ih
1063 859 1184 913 thas
1207 857 1316 911 mia
1353 853 1549 923 uolgon

724 957 850 1013 Alle
879 953 1046 1013 Gades
1071 950 1288 1006 holdan.

801 1085 1025 1143 Giskerit
1048 1083 1120 1137 ist
1143 1081 1263 1135 thiu
1286 1077 1551 1132 hiemuist

729 1183 798 1239 So
819 1180 979 1247 langa
1005 1190 1062 1230 sa
1087 1173 1210 1228 uuil
1234 1172 1405 1226 Krist.

734 1272 869 1330 Vuil
895 1271 989 1324 her
1016 1280 1159 1321 unsa
1189 1265 1318 1318 bina
1345 1261 1566 1319 uuarth.

739 1367 907 1420 Thera
931 1360 1090 1416 habet
1112 1356 1365 1428 giuuaht.

812 1493 881 1549 So
908 1504 1044 1546 uuer
1065 1502 1122 1542 so
1150 1486 1266 1541 hier
1288 1486 1347 1538 in
1377 1482 1545 1537 ellian

743 1587 947 1659 Giduqt
973 1581 1144 1640 Gades
1176 1578 1434 1639 uuillian,

746 1681 949 1746 Quimit
975 1677 1037 1731 he
1065 1672 1262 1742 gisund
1289 1686 1370 1732 us,

741 1775 803 1830 1h
829 1772 1047 1843 gilanon
1071 1769 1225 1822 imos.

817 1899 1007 1955 Bilibit
1033 1895 1127 1951 her
1151 1893 1417 1949 iharinne.

749 1996 960 2053 Sinema
984 1989 1196 2045 kunnie.

758 2087 867 2142 Tha
894 2099 1024 2139 nam
1052 2081 1146 2136 her
1174 2078 1319 2134 skild
1343 2076 1468 2131 indi
1486 2089 1625 2146 sper,

755 2175 1078 2236 Ellianlicho
1102 2175 1208 2228 reit
1227 2172 1338 2226 her.

833 2306 1014 2364 Vuold
1044 2305 1138 2358 her
1160 2315 1363 2356 uuarer
1386 2297 1622 2353 rahchan

759 2403 895 2458 Sina
919 2397 1124 2453 uuidar
1145 2393 1400 2455 sahchon,

763 2496 870 2551 Tha
895 2493 956 2557 ni
980 2504 1121 2545 uuas
1146 2489 1198 2542 iz
1224 2488 1356 2541 buro
1383 2485 1544 2552 lango

762 2586 917 2642 Ραηά
944 2585 1037 2639 her
1063 2584 1180 2637 thia
1205 2578 1633 2637 Narthmannon.

838 2716 980 2775 Gade
1006 2713 1089 2768 lob
1105 2714 1124 2767 .'
1150 2713 1336 2778 sageta

765 2813 880 2867 Mer
905 2809 1014 2864 siht
1040 2807 1151 2861 thes
1180 2804 1273 2858 her
1310 2801 1527 2871 gereda.

773 2904 881 2958 Tha
906 2902 1070 2968 kunig
1101 2899 1204 2952 reit
1231 2897 1418 2949 kuona.

773 2999 918 3059 Sang
947 2992 1080 3046 lioth
1104 2992 1289 3057 frana.

832 3123 931 3179 Ioh
955 3120 1061 3175 alle
1089 3131 1282 3172 sa-man
1310 3129 1527 3183 sungun

777 3216 1130 3285 Kyrieleison.

775 3312 921 3379 Sang
946 3321 1084 3362 uuas
1110 3317 1396 3375 gesungen.

785 3405 929 3471 Vuig
953 3414 1093 3456 uuas
1121 3399 1414 3467 bigunnen.

856 3532 1014 3586 Bluot
1037 3529 1187 3584 skein
1209 3527 1271 3580 in
1296 3537 1556 3594 uuangan

784 3624 1053 3696 Spiladun
1077 3622 1176 3676 der
1208 3619 1482 3677 Vrankon.

794 3719 939 3775 Thar
963 3716 1091 3771 raht
1118 3714 1336 3780 thegeno
1365 3710 1526 3780 gelih,

793 3814 865 3869 Ni
890 3811 1041 3866 chain
1066 3823 1124 3863 sa
1150 3822 1208 3862 so
1233 3804 1535 3872 Hluduuig.

867 3942 992 4000 Snel
1020 3939 1144 3995 indi
1170 3938 1348 3998 kuoni,

804 4020 939 4094 Thos
962 4048 1103 4089 uuas
1126 4034 1232 4086 ima
1258 4030 1507 4100 gekunni.

803 4131 1010 4187 Suman
1037 4123 1268 4182 thuruch
1285 4123 1436 4191 sluog
1463 4121 1573 4183 her,

808 4225 1013 4280 Suman
1039 4218 1272 4275 thuruch
1297 4214 1449 4271 stach
1473 4214 1582 4269 her.

880 4353 991 4407 Her
1018 4348 1239 4404 skancta
1263 4343 1485 4400 cehanto

814 4444 988 4501 Sinan
996 4444 1216 4512 {tanton

815 4539 1040 4594 Biiteres
1073 4533 1227 4588 lides.
1568 4584 1571 4587 η

821 4634 890 4689 Sa
914 4628 1116 4687 uuehin
1142 4626 1229 4682 hia
1260 4625 1370 4681 thes
1398 4624 1546 4679 libes.

898 4760 1101 4819 Gilobet
1127 4759 1177 4813 si
1201 4757 1319 4812 thiu
1349 4753 1517 4812 Gades
1540 4753 1710 4820 kraft,

826 4854 1084 4921 Hludwig
1111 4849 1314 4906 uuarth
1342 4848 1569 4917 sighaft.

829 4950 937 5017 Sag
963 4948 1103 5002 allin
1131 4944 1365 5014 heiligon
1394 4941 1572 4996 thanc.

836 5041 935 5095 Sin
962 5040 1139 5095 warth
1165 5039 1282 5092 ther
1310 5035 1594 5104 Sigikamf.

912 5168 1060 5224 Odar
1085 5166 1222 5220 abur
1248 5164 1530 5232 HLudwig

841 5264 1057 5329 Kuning
1083 5274 1227 5314 uuar
1248 5259 1410 5324 salig.

846 5359 986 5415 Garo
1011 5369 1070 5411 so
1095 5367 1179 5408 ser
1200 5352 1287 5406 hia
1312 5366 1449 5406 uuas

849 5452 1005 5507 Swar
1030 5464 1086 5505 sa
1111 5462 1191 5502 ses
1211 5446 1354 5513 iurft
1380 5461 1542 5502 uuas.

851 5542 1077 5600 Gihalde
1101 5544 1253 5603 inan,
1287 5540 1536 5601 Truhtin,

853 5639 920 5699 Bi
942 5640 1119 5693 sinam
1146 5634 1432 5704 ergrehtin.

2528 642 2665 700 Mihi
2691 638 2800 712 ipsi
2824 652 2939 692 non
2959 645 3213 706 parcam,

2458 741 2649 795 Donec
2675 749 2781 806 ego
2810 747 2910 786 vos
2936 728 3199 783 liberem.

2457 834 2619 888 Nunc
2643 828 2769 883 volo
2797 828 2862 880 ut
2885 837 2977 878 me
3006 819 3319 890 sequantur

2465 925 2672 980 Omnes
2697 919 2795 977 Dei
2820 915 3033 972 ﬁdeles.

2539 1054 2683 1107 Data
2706 1052 2790 1104 est
2807 1048 2932 1101 haec
2949 1042 3063 1097 vita

2465 1148 2605 1202 Tam
2632 1143 2733 1198 diu
2762 1154 2935 1213 quam
2960 1135 3083 1190 vult
3105 1130 3361 1189 Christus

2466 1237 2605 1304 Quia
2634 1236 2682 1290 is
2706 1237 2900 1289 nostra
2926 1244 3051 1284 ossa
3074 1227 3281 1290 servat,

2471 1333 2680 1387 Eorum
2705 1326 2883 1383 habet
2907 1318 3240 1379 custodiam.

2546 1458 2879 1527 Quicunque
2907 1451 3001 1507 hic
3024 1449 3087 1504 in
3116 1444 3409 1502 alacritate

2477 1547 2631 1604 Facit
2657 1544 2756 1599 Dei
2784 1541 3163 1604 voluntatem,

2481 1638 2781 1713 Egreditur
2807 1632 2854 1690 is
2876 1634 3105 1702 integer
3132 1632 3227 1699 (ex
3246 1623 3487 1698 praelia);

2484 1736 2597 1805 Ego
2626 1727 2868 1804 praemio
2897 1723 3144 1780 afﬁciam
3176 1720 3384 1792 ipsum.

2554 1863 2613 1918 Si
2642 1859 2770 1932 quis
2797 1855 3075 1912 morietur
3104 1849 3195 1905 hic
3226 1847 3302 1917 (in
3328 1841 3549 1916 praelia)

2485 1957 2618 2028 Ejus
2647 1951 2881 2009 familiae
2908 1946 3116 2019 (dabo).

2486 2051 2642 2105 Tunc
2670 2043 2911 2116 arripuit
2937 2043 3163 2096 scutum
3192 2038 3251 2090 et
3273 2035 3550 2097 lanceam,

2489 2141 2842 2198 Festinanter
2873 2133 3154 2206 equitans.

2564 2268 2800 2325 Volebat
2822 2265 2869 2319 is
2895 2278 3028 2318 vere
3066 2258 3377 2314 vindictam
3404 2267 3639 2310 sumere

2494 2367 2570 2420 De
2596 2362 2710 2418 suis
2737 2354 3092 2415 adversariis.

2488 2460 2644 2514 Tunc
2670 2470 2777 2510 nec
2802 2454 2926 2507 erat
2950 2445 3317 2504 intervallum
3346 2444 3617 2512 longum,

2498 2548 2824 2607 Inveniebat
2847 2545 3244 2599 Nortmannos.

2574 2683 2687 2736 Deo
2707 2678 2780 2733 sit
2803 2673 2952 2730 laus!
2982 2671 3226 2737 dicebat,

2501 2773 2709 2830 Videns
2735 2771 2792 2825 id
2819 2767 2973 2841 quod
2998 2761 3372 2820 desiderabat.

2502 2870 2622 2925 Rex
2650 2863 2830 2920 currit
2856 2860 3123 2916 audacter

2506 2958 2770 3016 Praecinit
2794 2953 3080 3010 canticum
3101 2948 3394 3022 publicum
3423 2943 3761 3015 (litaniamg.

2582 3093 2767 3161 Atque
2793 3101 2992 3142 omnes
3018 3079 3367 3153 conjunctim
3391 3072 3711 3130 cantabant

2514 3184 2683 3258 Kyrie
2709 3179 2940 3236 eleison.

2509 3277 2806 3336 Canticum
2836 3273 2961 3327 erat
2990 3269 3384 3327 decantatum;

2514 3370 2778 3427 Prazlium
2804 3367 3075 3436 coeptum.

2591 3497 2836 3570 Sanguis
2862 3491 3127 3566 apparuit
3153 3490 3213 3544 in
3241 3486 3404 3559 genis

2523 3590 2913 3651 Exultantium
2940 3586 3305 3641 Francorum.

2526 3689 2623 3744 Hic
2647 3683 2956 3741 vindictam
2984 3676 3227 3750 sumpsit
3253 3672 3418 3729 miles
3444 3669 3690 3742 pariter,

2525 3782 2705 3836 Nemo
2731 3777 2812 3833 sic
2838 3777 2901 3830 ut
2925 3770 3261 3829 Ludovicus.

2597 3910 2799 3965 Alacer
2822 3908 2883 3962 et
2909 3903 3112 3970 audax,

2534 4006 2650 4060 Hoc
2679 4005 2800 4059 erat
2823 3998 2932 4071 ipsi
2957 3993 3351 4068 congenitum.

2537 4098 2725 4156 Alium
2748 4092 3043 4167 percussit.

2538 4191 2730 4248 Alium
2755 4185 3019 4261 perfodit.

2612 4317 2944 4392 Propinavit
2966 4312 3207 4370 subinde

2544 4415 2669 4473 Suis
2692 4411 2951 4470 hastibus

2548 4513 2821 4565 Amarum
2851 4509 3071 4577 potum.

2554 4604 2643 4660 Sic
2667 4602 2958 4657 cesserunt
2980 4596 3074 4651 hic
3103 4593 3175 4649 de
3205 4592 3338 4656 vita,

2627 4730 2933 4789 Benedicta
2956 4727 3029 4783 sit
3052 4723 3151 4780 Dei
3175 4719 3383 4779 virtus!

2560 4825 2875 4884 Ludovicus
2900 4822 3084 4877 factus
3110 4818 3307 4872 victor.

2567 4923 2663 4977 Dic
2687 4918 2951 4975 omnibus
2977 4911 3186 4969 sanctis
3210 4907 3442 4980 gratias.

2571 5014 2747 5088 Ipsius
2774 5013 2923 5067 facta
2948 5005 3243 5063 victoriosa
3268 5015 3480 5073 pugna.

2641 5147 2711 5199 At
2738 5156 2870 5197 vero
2901 5135 3214 5193 Ludovicus

2574 5240 2687 5294 Rex
2712 5235 2821 5292 fuit
2845 5232 2999 5289 felix.

2574 5326 2942 5390 Promtus.uti
2963 5325 3057 5381 hic
3080 5323 3205 5392 fuit,

2579 5425 2769 5483 Gravis
2795 5424 3070 5495 quantum
3097 5432 3239 5489 opus
3264 5415 3383 5469 erat

2581 5521 2755 5577 Serva
2774 5518 2985 5588 ipsum,
3008 5510 3272 5575 Domine,

2585 5617 2645 5670 In
2673 5629 2777 5668 sua
2803 5605 3117 5682 Majestatel
