  <div class='ocr_page' id='page_1' title='image "/cluster/home/n/w/nwhite01/storage/ocr_20150623/130/hvd.32044054759915/640.png"; bbox 0 0 4092 6192; ppageno 0'>
   <div class='ocr_carea' id='block_1_1' title="bbox 242 307 1858 365">
    <p class='ocr_par' dir='ltr' id='par_1_1' title="bbox 242 307 1858 365">
     <span class='ocr_line' id='line_1_1' title="bbox 242 307 1858 365; baseline 0.001 -4"><span class='ocrx_word' id='word_1_1' title='bbox 242 309 368 361; x_wconf 72' lang='grc'><strong>1221</strong></span> <span class='ocrx_word' id='word_1_2' title='bbox 1502 308 1627 362; x_wconf 72' lang='grc' dir='ltr'><strong>,ΕΗ</strong></span> <span class='ocrx_word' id='word_1_3' title='bbox 1667 307 1858 365; x_wconf 75' lang='lat' dir='ltr'><strong>CAROI</strong></span> 
     </span>
    </p>
   </div>
   <div class='ocr_carea' id='block_1_2' title="bbox 1977 307 3593 365">
    <p class='ocr_par' dir='ltr' id='par_1_2' title="bbox 2019 311 3593 365">
     <span class='ocr_line' id='line_1_2' title="bbox 2019 311 3593 365; baseline 0.001 -1"><span class='ocrx_word' id='word_1_4' title='bbox 2019 311 2334 365; x_wconf 68' lang='lat' dir='ltr'><strong>CARMINA.</strong></span> <span class='ocrx_word' id='word_1_5' title='bbox 3460 313 3593 365; x_wconf 74' lang='grc'><strong>1222</strong></span> 
     </span>
    </p>
   </div>
   <div class='ocr_carea' id='block_1_3' title="bbox 1888 508 1951 560">
    <p class='ocr_par' dir='ltr' id='par_1_3' title="bbox 1888 508 1951 560">
     <span class='ocr_line' id='line_1_3' title="bbox 1888 508 1951 560; baseline 0 0"><span class='ocrx_word' id='word_1_6' title='bbox 1888 508 1951 560; x_wconf 85' lang='grc' dir='ltr'><strong>Χ.</strong></span> 
     </span>
    </p>
   </div>
   <div class='ocr_carea' id='block_1_4' title="bbox 337 625 3513 712">
    <p class='ocr_par' dir='ltr' id='par_1_4' title="bbox 337 625 3513 712">
     <span class='ocr_line' id='line_1_4' title="bbox 337 625 3513 712; baseline 0.001 -24"><span class='ocrx_word' id='word_1_7' title='bbox 337 626 564 706; x_wconf 72' lang='lat' dir='ltr'><strong>Versus</strong></span> <span class='ocrx_word' id='word_1_8' title='bbox 594 625 1008 706; x_wconf 75' lang='lat' dir='ltr'><strong>asclcpz‘adez&#39;,</strong></span> <span class='ocrx_word' id='word_1_9' title='bbox 1041 628 1276 709; x_wconf 77' lang='lat' dir='ltr'><strong>quibus</strong></span> <span class='ocrx_word' id='word_1_10' title='bbox 1305 630 1537 708; x_wconf 79' lang='lat' dir='ltr'><strong>ﬁnitur</strong></span> <span class='ocrx_word' id='word_1_11' title='bbox 1565 629 1768 692; x_wconf 74' lang='lat' dir='ltr'><strong>codex</strong></span> <span class='ocrx_word' id='word_1_12' title='bbox 1811 629 2113 693; x_wconf 81' lang='lat' dir='ltr'><strong>Gothz&#39;cus</strong></span> <span class='ocrx_word' id='word_1_13' title='bbox 2164 630 2500 711; x_wconf 74' lang='lat' dir='ltr'><strong>Vigilanus</strong></span> <span class='ocrx_word' id='word_1_14' title='bbox 2535 649 2649 693; x_wconf 84' lang='lat' dir='ltr'><strong>seu</strong></span> <span class='ocrx_word' id='word_1_15' title='bbox 2686 630 3088 695; x_wconf 74' lang='lat' dir='ltr'><strong>Albeldensis</strong></span> <span class='ocrx_word' id='word_1_16' title='bbox 3126 630 3336 694; x_wconf 76' lang='lat' dir='ltr'><strong>dictus</strong></span> <span class='ocrx_word' id='word_1_17' title='bbox 3367 632 3513 712; x_wconf 72' lang='lat'><strong>(12).</strong></span> 
     </span>
    </p>
   </div>
   <div class='ocr_carea' id='block_1_5' title="bbox 1077 767 2760 841">
    <p class='ocr_par' dir='ltr' id='par_1_5' title="bbox 1077 767 2760 841">
     <span class='ocr_line' id='line_1_5' title="bbox 1077 767 2760 841; baseline 0.002 -20"><span class='ocrx_word' id='word_1_18' title='bbox 1077 767 1262 838; x_wconf 83' lang='lat' dir='ltr'><strong>[Apud</strong></span> <span class='ocrx_word' id='word_1_19' title='bbox 1294 768 1506 838; x_wconf 85' lang='lat' dir='ltr'><strong>Florez,</strong></span> <span class='ocrx_word' id='word_1_20' title='bbox 1535 772 1760 839; x_wconf 65' lang='lat' dir='ltr'><strong>Espaﬂa</strong></span> <span class='ocrx_word' id='word_1_21' title='bbox 1798 769 2071 840; x_wconf 80' lang='lat' dir='ltr'><strong>Sagrada,</strong></span> <span class='ocrx_word' id='word_1_22' title='bbox 2101 774 2243 824; x_wconf 90' lang='lat' dir='ltr'><strong>tom.</strong></span> <span class='ocrx_word' id='word_1_23' title='bbox 2276 769 2495 838; x_wconf 86' lang='lat' dir='ltr'><strong>XXXIII,</strong></span> <span class='ocrx_word' id='word_1_24' title='bbox 2523 787 2579 841; x_wconf 91' lang='lat' dir='ltr'><strong>p.</strong></span> <span class='ocrx_word' id='word_1_25' title='bbox 2612 770 2760 841; x_wconf 74' lang='lat'><strong>471.]</strong></span> 
     </span>
    </p>
   </div>
   <div class='ocr_carea' id='block_1_6' title="bbox 1901 922 1942 976">
    <p class='ocr_par' dir='ltr' id='par_1_6' title="bbox 1901 922 1942 976">
     <span class='ocr_line' id='line_1_6' title="bbox 1901 922 1942 976; baseline -0.024 0"><span class='ocrx_word' id='word_1_26' title='bbox 1901 922 1942 976; x_wconf 88' lang='grc' dir='ltr'><strong>Ι.</strong></span> 
     </span>
    </p>
   </div>
   <div class='ocr_carea' id='block_1_7' title="bbox 660 1037 3214 1111">
    <p class='ocr_par' dir='ltr' id='par_1_7' title="bbox 660 1037 3214 1111">
     <span class='ocr_line' id='line_1_7' title="bbox 660 1037 3214 1111; baseline 0.003 -19"><span class='ocrx_word' id='word_1_27' title='bbox 660 1050 710 1092; x_wconf 81' lang='lat'><strong>&lt;</strong></span> <span class='ocrx_word' id='word_1_28' title='bbox 751 1040 896 1096; x_wconf 90' lang='lat' dir='ltr'><strong>Irtus</strong></span> <span class='ocrx_word' id='word_1_29' title='bbox 923 1054 1130 1110; x_wconf 88' lang='lat' dir='ltr'><strong>nempe</strong></span> <span class='ocrx_word' id='word_1_30' title='bbox 1157 1038 1365 1093; x_wconf 83' lang='lat' dir='ltr'><strong>Christi</strong></span> <span class='ocrx_word' id='word_1_31' title='bbox 1390 1039 1525 1093; x_wconf 90' lang='lat' dir='ltr'><strong>mici</strong></span> <span class='ocrx_word' id='word_1_32' title='bbox 1556 1038 1829 1093; x_wconf 87' lang='lat' dir='ltr'><strong>solacium</strong></span> <span class='ocrx_word' id='word_1_33' title='bbox 1858 1037 2103 1108; x_wconf 83' lang='lat' dir='ltr'><strong>Vigilani</strong></span> <span class='ocrx_word' id='word_1_34' title='bbox 2136 1038 2383 1109; x_wconf 90' lang='lat' dir='ltr'><strong>prebens</strong></span> <span class='ocrx_word' id='word_1_35' title='bbox 2410 1039 2732 1094; x_wconf 90' lang='lat' dir='ltr'><strong>humillimo</strong></span> <span class='ocrx_word' id='word_1_36' title='bbox 2757 1057 2856 1111; x_wconf 86' lang='lat' dir='ltr'><strong>sep</strong></span> <span class='ocrx_word' id='word_1_37' title='bbox 3161 1058 3214 1099; x_wconf 65' lang='lat' dir='ltr'><strong>tu</strong></span> 
     </span>
    </p>
   </div>
   <div class='ocr_carea' id='block_1_8' title="bbox 648 1137 3209 1211">
    <p class='ocr_par' dir='ltr' id='par_1_8' title="bbox 648 1137 3209 1211">
     <span class='ocr_line' id='line_1_8' title="bbox 648 1137 3209 1211; baseline -0.002 -14"><span class='ocrx_word' id='word_1_38' title='bbox 648 1169 700 1189; x_wconf 80' lang='grc' dir='ltr'><strong>ι-</strong></span> <span class='ocrx_word' id='word_1_39' title='bbox 741 1144 946 1211; x_wconf 84' lang='lat' dir='ltr'><strong>ncepta</strong></span> <span class='ocrx_word' id='word_1_40' title='bbox 972 1139 1212 1195; x_wconf 89' lang='lat' dir='ltr'><strong>Canonis</strong></span> <span class='ocrx_word' id='word_1_41' title='bbox 1238 1137 1382 1192; x_wconf 89' lang='lat' dir='ltr'><strong>sacri</strong></span> <span class='ocrx_word' id='word_1_42' title='bbox 1407 1138 1579 1208; x_wconf 85' lang='lat' dir='ltr'><strong>hujus</strong></span> <span class='ocrx_word' id='word_1_43' title='bbox 1612 1137 1744 1192; x_wconf 90' lang='lat' dir='ltr'><strong>libri</strong></span> <span class='ocrx_word' id='word_1_44' title='bbox 1769 1138 1839 1192; x_wconf 90' lang='lat' dir='ltr'><strong>ad</strong></span> <span class='ocrx_word' id='word_1_45' title='bbox 1871 1138 2081 1192; x_wconf 84' lang='lat' dir='ltr'><strong>calcem</strong></span> <span class='ocrx_word' id='word_1_46' title='bbox 2123 1153 2296 1208; x_wconf 84' lang='lat' dir='ltr'><strong>opera</strong></span> <span class='ocrx_word' id='word_1_47' title='bbox 2327 1138 2563 1208; x_wconf 85' lang='lat' dir='ltr'><strong>perduxi</strong></span> <span class='ocrx_word' id='word_1_48' title='bbox 2595 1139 2782 1193; x_wconf 87' lang='lat' dir='ltr'><strong>navite</strong></span> <span class='ocrx_word' id='word_1_49' title='bbox 3157 1149 3209 1191; x_wconf 68' lang='grc' dir='ltr'><strong>’.π</strong></span> 
     </span>
    </p>
   </div>
   <div class='ocr_carea' id='block_1_9' title="bbox 649 1235 3217 1308">
    <p class='ocr_par' dir='ltr' id='par_1_9' title="bbox 649 1235 3217 1308">
     <span class='ocr_line' id='line_1_9' title="bbox 649 1235 3217 1308; baseline -0 -12"><span class='ocrx_word' id='word_1_50' title='bbox 649 1257 703 1296; x_wconf 66' lang='lat' dir='ltr'><strong>Ci</strong></span> <span class='ocrx_word' id='word_1_51' title='bbox 741 1239 938 1294; x_wconf 88' lang='lat' dir='ltr'><strong>lobans</strong></span> <span class='ocrx_word' id='word_1_52' title='bbox 964 1255 1035 1293; x_wconf 88' lang='lat' dir='ltr'><strong>en</strong></span> <span class='ocrx_word' id='word_1_53' title='bbox 1061 1237 1245 1292; x_wconf 90' lang='lat' dir='ltr'><strong>vivida</strong></span> <span class='ocrx_word' id='word_1_54' title='bbox 1270 1237 1550 1290; x_wconf 87' lang='lat' dir='ltr'><strong>almorum</strong></span> <span class='ocrx_word' id='word_1_55' title='bbox 1578 1236 1780 1291; x_wconf 87' lang='lat' dir='ltr'><strong>ﬂorida</strong></span> <span class='ocrx_word' id='word_1_56' title='bbox 1807 1241 2038 1308; x_wconf 87' lang='lat' dir='ltr'><strong>patrum</strong></span> <span class='ocrx_word' id='word_1_57' title='bbox 2072 1235 2361 1290; x_wconf 87' lang='lat' dir='ltr'><strong>orientum</strong></span> <span class='ocrx_word' id='word_1_58' title='bbox 2405 1239 2560 1292; x_wconf 89' lang='lat' dir='ltr'><strong>clara</strong></span> <span class='ocrx_word' id='word_1_59' title='bbox 2587 1237 2790 1292; x_wconf 91' lang='lat' dir='ltr'><strong>concili</strong></span> <span class='ocrx_word' id='word_1_60' title='bbox 3165 1250 3217 1295; x_wconf 73' lang='lat'><strong><em>&gt;</em></strong></span> 
     </span>
    </p>
   </div>
   <div class='ocr_carea' id='block_1_10' title="bbox 653 1334 3219 1410">
    <p class='ocr_par' dir='ltr' id='par_1_10' title="bbox 653 1334 3219 1410">
     <span class='ocr_line' id='line_1_10' title="bbox 653 1334 3219 1410; baseline 0 -18"><span class='ocrx_word' id='word_1_61' title='bbox 653 1358 704 1377; x_wconf 77' lang='grc' dir='ltr'><strong>-ι</strong></span> <span class='ocrx_word' id='word_1_62' title='bbox 745 1337 981 1410; x_wconf 89' lang='lat' dir='ltr'><strong>ngentia</strong></span> <span class='ocrx_word' id='word_1_63' title='bbox 1009 1337 1216 1390; x_wconf 89' lang='lat' dir='ltr'><strong>dehinc</strong></span> <span class='ocrx_word' id='word_1_64' title='bbox 1241 1340 1473 1389; x_wconf 87' lang='lat' dir='ltr'><strong>nectens</strong></span> <span class='ocrx_word' id='word_1_65' title='bbox 1495 1334 1741 1389; x_wconf 88' lang='lat' dir='ltr'><strong>almifica</strong></span> <span class='ocrx_word' id='word_1_66' title='bbox 1767 1350 1969 1405; x_wconf 89' lang='lat' dir='ltr'><strong>regum</strong></span> <span class='ocrx_word' id='word_1_67' title='bbox 1991 1351 2054 1389; x_wconf 88' lang='lat' dir='ltr'><strong>ac</strong></span> <span class='ocrx_word' id='word_1_68' title='bbox 2074 1337 2383 1405; x_wconf 66' lang='lat' dir='ltr'><strong>praesulum</strong></span> <span class='ocrx_word' id='word_1_69' title='bbox 2415 1336 2791 1390; x_wconf 79' lang='lat' dir='ltr'><strong>occidentaliu</strong></span> <span class='ocrx_word' id='word_1_70' title='bbox 3164 1342 3219 1392; x_wconf 65' lang='grc' dir='ltr'>Ξ</span> 
     </span>
    </p>
   </div>
   <div class='ocr_carea' id='block_1_11' title="bbox 656 1433 3214 1504">
    <p class='ocr_par' dir='ltr' id='par_1_11' title="bbox 656 1433 3214 1504">
     <span class='ocr_line' id='line_1_11' title="bbox 656 1433 3214 1504; baseline -0.001 -14"><span class='ocrx_word' id='word_1_71' title='bbox 656 1451 710 1490; x_wconf 63' lang='grc' dir='ltr'><strong>Γ*</strong></span> <span class='ocrx_word' id='word_1_72' title='bbox 748 1439 876 1491; x_wconf 82' lang='lat' dir='ltr'><strong>ucet</strong></span> <span class='ocrx_word' id='word_1_73' title='bbox 903 1436 1045 1490; x_wconf 85' lang='lat' dir='ltr'><strong>sicut</strong></span> <span class='ocrx_word' id='word_1_74' title='bbox 1072 1435 1206 1488; x_wconf 88' lang='lat' dir='ltr'><strong>luna</strong></span> <span class='ocrx_word' id='word_1_75' title='bbox 1233 1437 1428 1488; x_wconf 89' lang='lat' dir='ltr'><strong>sancta</strong></span> <span class='ocrx_word' id='word_1_76' title='bbox 1455 1433 1706 1488; x_wconf 88' lang='lat' dir='ltr'><strong>Ecclesia</strong></span> <span class='ocrx_word' id='word_1_77' title='bbox 1729 1433 2003 1488; x_wconf 88' lang='lat' dir='ltr'><strong>illustrata</strong></span> <span class='ocrx_word' id='word_1_78' title='bbox 2035 1434 2259 1504; x_wconf 82' lang='lat' dir='ltr'><strong>fulgens</strong></span> <span class='ocrx_word' id='word_1_79' title='bbox 2288 1434 2507 1488; x_wconf 90' lang='lat' dir='ltr'><strong>lumine</strong></span> <span class='ocrx_word' id='word_1_80' title='bbox 2538 1435 2736 1488; x_wconf 90' lang='lat' dir='ltr'><strong>Domin</strong></span> <span class='ocrx_word' id='word_1_81' title='bbox 3162 1457 3214 1474; x_wconf 82' lang='lat'><strong>~—</strong></span> 
     </span>
    </p>
   </div>
   <div class='ocr_carea' id='block_1_12' title="bbox 659 1521 3220 1607">
    <p class='ocr_par' dir='ltr' id='par_1_12' title="bbox 659 1521 3220 1607">
     <span class='ocr_line' id='line_1_12' title="bbox 659 1521 3220 1607; baseline -0.002 -15"><span class='ocrx_word' id='word_1_82' title='bbox 659 1551 710 1593; x_wconf 78' lang='lat'><strong><em>&gt;</em></strong></span> <span class='ocrx_word' id='word_1_83' title='bbox 748 1537 1095 1607; x_wconf 90' lang='lat' dir='ltr'><strong>postolorum</strong></span> <span class='ocrx_word' id='word_1_84' title='bbox 1129 1521 1291 1588; x_wconf 75' lang='lat' dir='ltr'><strong>claris</strong></span> <span class='ocrx_word' id='word_1_85' title='bbox 1319 1537 1517 1587; x_wconf 89' lang='lat' dir='ltr'><strong>ornata</strong></span> <span class='ocrx_word' id='word_1_86' title='bbox 1543 1533 1816 1587; x_wconf 87' lang='lat' dir='ltr'><strong>doctrinis</strong></span> <span class='ocrx_word' id='word_1_87' title='bbox 1846 1533 2019 1586; x_wconf 89' lang='lat' dir='ltr'><strong>sacris</strong></span> <span class='ocrx_word' id='word_1_88' title='bbox 2047 1533 2162 1586; x_wconf 88' lang='lat' dir='ltr'><strong>lota</strong></span> <span class='ocrx_word' id='word_1_89' title='bbox 2193 1533 2428 1604; x_wconf 87' lang='lat' dir='ltr'><strong>limphis</strong></span> <span class='ocrx_word' id='word_1_90' title='bbox 2454 1533 2651 1588; x_wconf 84' lang='lat' dir='ltr'><strong>rutilat</strong></span> <span class='ocrx_word' id='word_1_91' title='bbox 2675 1549 2779 1587; x_wconf 90' lang='lat' dir='ltr'><strong>ceu</strong></span> <span class='ocrx_word' id='word_1_92' title='bbox 2806 1549 2866 1586; x_wconf 92' lang='lat' dir='ltr'><strong>so</strong></span> <span class='ocrx_word' id='word_1_93' title='bbox 3167 1551 3220 1588; x_wconf 75' lang='lat' dir='ltr'><strong>r-</strong></span> 
     </span>
    </p>
   </div>
   <div class='ocr_carea' id='block_1_13' title="bbox 654 1631 3221 1704">
    <p class='ocr_par' dir='ltr' id='par_1_13' title="bbox 654 1631 3221 1704">
     <span class='ocr_line' id='line_1_13' title="bbox 654 1631 3221 1704; baseline -0.003 -15"><span class='ocrx_word' id='word_1_94' title='bbox 654 1656 706 1689; x_wconf 77' lang='lat' dir='ltr'><strong>m</strong></span> <span class='ocrx_word' id='word_1_95' title='bbox 747 1633 946 1704; x_wconf 86' lang='lat' dir='ltr'><strong>uscipit</strong></span> <span class='ocrx_word' id='word_1_96' title='bbox 977 1632 1256 1703; x_wconf 80' lang='lat' dir='ltr'><strong>fulgidam</strong></span> <span class='ocrx_word' id='word_1_97' title='bbox 1284 1648 1593 1702; x_wconf 89' lang='lat' dir='ltr'><strong>sanamque</strong></span> <span class='ocrx_word' id='word_1_98' title='bbox 1627 1632 1943 1686; x_wconf 86' lang='lat' dir='ltr'><strong>doctrinam</strong></span> <span class='ocrx_word' id='word_1_99' title='bbox 1974 1631 2266 1686; x_wconf 87' lang='lat' dir='ltr'><strong>inlitarum</strong></span> <span class='ocrx_word' id='word_1_100' title='bbox 2303 1631 2444 1685; x_wconf 91' lang='lat' dir='ltr'><strong>fucis</strong></span> <span class='ocrx_word' id='word_1_101' title='bbox 2471 1631 2747 1703; x_wconf 87' lang='lat' dir='ltr'><strong>recipiens</strong></span> <span class='ocrx_word' id='word_1_102' title='bbox 2787 1631 2898 1685; x_wconf 92' lang='lat' dir='ltr'><strong>nici</strong></span> <span class='ocrx_word' id='word_1_103' title='bbox 3169 1647 3221 1682; x_wconf 76' lang='lat'><strong>:-</strong></span> 
     </span>
    </p>
   </div>
   <div class='ocr_carea' id='block_1_14' title="bbox 655 1730 3219 1802">
    <p class='ocr_par' dir='ltr' id='par_1_14' title="bbox 655 1730 3219 1802">
     <span class='ocr_line' id='line_1_14' title="bbox 655 1730 3219 1802; baseline 0 -22"><span class='ocrx_word' id='word_1_104' title='bbox 655 1744 704 1780; x_wconf 71' lang='lat'><strong><em>&gt;</em></strong></span> <span class='ocrx_word' id='word_1_105' title='bbox 744 1748 918 1802; x_wconf 89' lang='lat' dir='ltr'><strong>pravo</strong></span> <span class='ocrx_word' id='word_1_106' title='bbox 949 1731 1218 1801; x_wconf 83' lang='lat' dir='ltr'><strong>dogmate</strong></span> <span class='ocrx_word' id='word_1_107' title='bbox 1258 1746 1449 1785; x_wconf 90' lang='lat' dir='ltr'><strong>rerum</strong></span> <span class='ocrx_word' id='word_1_108' title='bbox 1481 1730 1836 1784; x_wconf 83' lang='lat' dir='ltr'><strong>manantium</strong></span> <span class='ocrx_word' id='word_1_109' title='bbox 1882 1733 2076 1783; x_wconf 89' lang='lat' dir='ltr'><strong>manet</strong></span> <span class='ocrx_word' id='word_1_110' title='bbox 2114 1730 2342 1784; x_wconf 85' lang='lat' dir='ltr'><strong>luciﬂua</strong></span> <span class='ocrx_word' id='word_1_111' title='bbox 2375 1732 2568 1784; x_wconf 88' lang='lat' dir='ltr'><strong>sancto</strong></span> <span class='ocrx_word' id='word_1_112' title='bbox 2599 1730 2656 1783; x_wconf 89' lang='lat' dir='ltr'><strong>in</strong></span> <span class='ocrx_word' id='word_1_113' title='bbox 2691 1746 2829 1801; x_wconf 87' lang='lat' dir='ltr'><strong>oper</strong></span> <span class='ocrx_word' id='word_1_114' title='bbox 3167 1743 3219 1781; x_wconf 71' lang='grc' dir='ltr'><strong>τη</strong></span> 
     </span>
    </p>
   </div>
   <div class='ocr_carea' id='block_1_15' title="bbox 658 1829 3212 1901">
    <p class='ocr_par' dir='ltr' id='par_1_15' title="bbox 658 1829 3212 1901">
     <span class='ocr_line' id='line_1_15' title="bbox 658 1829 3212 1901; baseline -0.002 -17"><span class='ocrx_word' id='word_1_115' title='bbox 658 1845 710 1884; x_wconf 69' lang='lat' dir='ltr'><strong>:c</strong></span> <span class='ocrx_word' id='word_1_116' title='bbox 749 1831 878 1885; x_wconf 85' lang='lat' dir='ltr'><strong>adio</strong></span> <span class='ocrx_word' id='word_1_117' title='bbox 907 1830 1149 1900; x_wconf 85' lang='lat' dir='ltr'><strong>exempli</strong></span> <span class='ocrx_word' id='word_1_118' title='bbox 1180 1830 1460 1884; x_wconf 89' lang='lat' dir='ltr'><strong>mundum</strong></span> <span class='ocrx_word' id='word_1_119' title='bbox 1487 1829 1835 1884; x_wconf 90' lang='lat' dir='ltr'><strong>inluminans</strong></span> <span class='ocrx_word' id='word_1_120' title='bbox 1860 1831 1974 1884; x_wconf 86' lang='lat' dir='ltr'><strong>vita</strong></span> <span class='ocrx_word' id='word_1_121' title='bbox 2012 1830 2316 1900; x_wconf 85' lang='lat' dir='ltr'><strong>purissima</strong></span> <span class='ocrx_word' id='word_1_122' title='bbox 2342 1829 2510 1884; x_wconf 85' lang='lat' dir='ltr'><strong>simul</strong></span> <span class='ocrx_word' id='word_1_123' title='bbox 2540 1846 2669 1884; x_wconf 90' lang='lat' dir='ltr'><strong>cum</strong></span> <span class='ocrx_word' id='word_1_124' title='bbox 2701 1830 2890 1901; x_wconf 84' lang='lat' dir='ltr'><strong>angeli</strong></span> <span class='ocrx_word' id='word_1_125' title='bbox 3162 1844 3212 1878; x_wconf 69' lang='grc' dir='ltr'>ω</span> 
     </span>
    </p>
   </div>
   <div class='ocr_carea' id='block_1_16' title="bbox 654 1929 3216 2001">
    <p class='ocr_par' dir='ltr' id='par_1_16' title="bbox 654 1929 3216 2001">
     <span class='ocr_line' id='line_1_16' title="bbox 654 1929 3216 2001; baseline -0.001 -17"><span class='ocrx_word' id='word_1_126' title='bbox 654 1940 706 1984; x_wconf 67' lang='lat'><strong>2:</strong></span> <span class='ocrx_word' id='word_1_127' title='bbox 747 1930 968 1984; x_wconf 87' lang='lat' dir='ltr'><strong>enitens</strong></span> <span class='ocrx_word' id='word_1_128' title='bbox 999 1929 1180 1984; x_wconf 90' lang='lat' dir='ltr'><strong>elucet</strong></span> <span class='ocrx_word' id='word_1_129' title='bbox 1208 1929 1264 1982; x_wconf 91' lang='lat' dir='ltr'><strong>in</strong></span> <span class='ocrx_word' id='word_1_130' title='bbox 1296 1929 1465 1983; x_wconf 90' lang='lat' dir='ltr'><strong>celica</strong></span> <span class='ocrx_word' id='word_1_131' title='bbox 1488 1930 1618 1984; x_wconf 90' lang='lat' dir='ltr'><strong>sede</strong></span> <span class='ocrx_word' id='word_1_132' title='bbox 1645 1945 1890 2001; x_wconf 88' lang='lat' dir='ltr'><strong>quorum</strong></span> <span class='ocrx_word' id='word_1_133' title='bbox 1929 1930 2159 1984; x_wconf 89' lang='lat' dir='ltr'><strong>tandem</strong></span> <span class='ocrx_word' id='word_1_134' title='bbox 2193 1946 2361 2000; x_wconf 88' lang='lat' dir='ltr'><strong>prece</strong></span> <span class='ocrx_word' id='word_1_135' title='bbox 2393 1929 2777 2001; x_wconf 88' lang='lat' dir='ltr'><strong>perducamur</strong></span> <span class='ocrx_word' id='word_1_136' title='bbox 2806 1929 2861 1982; x_wconf 88' lang='lat' dir='ltr'><strong>ib</strong></span> <span class='ocrx_word' id='word_1_137' title='bbox 3165 1955 3216 1970; x_wconf 90' lang='lat'><strong>—-</strong></span> 
     </span>
    </p>
   </div>
   <div class='ocr_carea' id='block_1_17' title="bbox 656 2027 3220 2099">
    <p class='ocr_par' dir='ltr' id='par_1_17' title="bbox 656 2027 3220 2099">
     <span class='ocr_line' id='line_1_17' title="bbox 656 2027 3220 2099; baseline 0 -17"><span class='ocrx_word' id='word_1_138' title='bbox 656 2039 706 2082; x_wconf 75' lang='lat'><strong><em>&gt;</em></strong></span> <span class='ocrx_word' id='word_1_139' title='bbox 747 2027 956 2081; x_wconf 86' lang='lat' dir='ltr'><strong>lmitica</strong></span> <span class='ocrx_word' id='word_1_140' title='bbox 984 2043 1115 2098; x_wconf 90' lang='lat' dir='ltr'><strong>sepe</strong></span> <span class='ocrx_word' id='word_1_141' title='bbox 1143 2027 1373 2098; x_wconf 82' lang='lat' dir='ltr'><strong>agmina</strong></span> <span class='ocrx_word' id='word_1_142' title='bbox 1400 2031 1696 2082; x_wconf 88' lang='lat' dir='ltr'><strong>cernentes</strong></span> <span class='ocrx_word' id='word_1_143' title='bbox 1729 2031 2056 2082; x_wconf 86' lang='lat' dir='ltr'><strong>sanctorum</strong></span> <span class='ocrx_word' id='word_1_144' title='bbox 2089 2028 2395 2098; x_wconf 87' lang='lat' dir='ltr'><strong>spirituum</strong></span> <span class='ocrx_word' id='word_1_145' title='bbox 2436 2028 2719 2099; x_wconf 87' lang='lat' dir='ltr'><strong>simulque</strong></span> <span class='ocrx_word' id='word_1_146' title='bbox 2749 2030 3003 2097; x_wconf 87' lang='lat' dir='ltr'><strong>martyru</strong></span> <span class='ocrx_word' id='word_1_147' title='bbox 3168 2035 3220 2082; x_wconf 72' lang='grc' dir='ltr'>Ξ</span> 
     </span>
    </p>
   </div>
   <div class='ocr_carea' id='block_1_18' title="bbox 656 2125 3220 2198">
    <p class='ocr_par' dir='ltr' id='par_1_18' title="bbox 656 2125 3220 2198">
     <span class='ocr_line' id='line_1_18' title="bbox 656 2125 3220 2198; baseline -0.001 -18"><span class='ocrx_word' id='word_1_148' title='bbox 656 2136 707 2174; x_wconf 67' lang='lat' dir='ltr'><strong>r2</strong></span> <span class='ocrx_word' id='word_1_149' title='bbox 748 2129 1091 2197; x_wconf 91' lang='lat' dir='ltr'><strong>oncretaque</strong></span> <span class='ocrx_word' id='word_1_150' title='bbox 1120 2142 1234 2180; x_wconf 91' lang='lat' dir='ltr'><strong>una</strong></span> <span class='ocrx_word' id='word_1_151' title='bbox 1266 2125 1559 2196; x_wconf 84' lang='lat' dir='ltr'><strong>Virginum</strong></span> <span class='ocrx_word' id='word_1_152' title='bbox 1587 2125 1802 2195; x_wconf 81' lang='lat' dir='ltr'><strong>fulgida</strong></span> <span class='ocrx_word' id='word_1_153' title='bbox 1834 2126 2238 2197; x_wconf 89' lang='lat' dir='ltr'><strong>almorumque</strong></span> <span class='ocrx_word' id='word_1_154' title='bbox 2271 2131 2496 2198; x_wconf 86' lang='lat' dir='ltr'><strong>patrum</strong></span> <span class='ocrx_word' id='word_1_155' title='bbox 2527 2132 2718 2182; x_wconf 90' lang='lat' dir='ltr'><strong>turma</strong></span> <span class='ocrx_word' id='word_1_156' title='bbox 2743 2125 2937 2181; x_wconf 87' lang='lat' dir='ltr'><strong>luciflu</strong></span> <span class='ocrx_word' id='word_1_157' title='bbox 3170 2133 3220 2178; x_wconf 73' lang='lat'><strong>:&gt;</strong></span> 
     </span>
    </p>
   </div>
   <div class='ocr_carea' id='block_1_19' title="bbox 659 2223 3218 2296">
    <p class='ocr_par' dir='ltr' id='par_1_19' title="bbox 659 2223 3218 2296">
     <span class='ocr_line' id='line_1_19' title="bbox 659 2223 3218 2296; baseline 0 -18"><span class='ocrx_word' id='word_1_158' title='bbox 659 2252 710 2266; x_wconf 93' lang='lat'><strong>—</strong></span> <span class='ocrx_word' id='word_1_159' title='bbox 749 2223 951 2278; x_wconf 87' lang='lat' dir='ltr'><strong>nlustri</strong></span> <span class='ocrx_word' id='word_1_160' title='bbox 985 2224 1191 2278; x_wconf 89' lang='lat' dir='ltr'><strong>merito</strong></span> <span class='ocrx_word' id='word_1_161' title='bbox 1217 2240 1334 2278; x_wconf 91' lang='lat' dir='ltr'><strong>una</strong></span> <span class='ocrx_word' id='word_1_162' title='bbox 1358 2240 1489 2278; x_wconf 89' lang='lat' dir='ltr'><strong>cum</strong></span> <span class='ocrx_word' id='word_1_163' title='bbox 1520 2240 1690 2294; x_wconf 84' lang='lat' dir='ltr'><strong>Opere</strong></span> <span class='ocrx_word' id='word_1_164' title='bbox 1717 2224 1920 2279; x_wconf 89' lang='lat' dir='ltr'><strong>turmis</strong></span> <span class='ocrx_word' id='word_1_165' title='bbox 1949 2224 2183 2280; x_wconf 89' lang='lat' dir='ltr'><strong>sidereis</strong></span> <span class='ocrx_word' id='word_1_166' title='bbox 2213 2229 2383 2296; x_wconf 86' lang='lat' dir='ltr'><strong>atque</strong></span> <span class='ocrx_word' id='word_1_167' title='bbox 2421 2225 2634 2280; x_wconf 91' lang='lat' dir='ltr'><strong>celicoli</strong></span> <span class='ocrx_word' id='word_1_168' title='bbox 3164 2239 3218 2274; x_wconf 77' lang='lat' dir='ltr'><strong>cn</strong></span> 
     </span>
    </p>
   </div>
   <div class='ocr_carea' id='block_1_20' title="bbox 658 2323 3225 2397">
    <p class='ocr_par' dir='ltr' id='par_1_20' title="bbox 658 2323 3225 2397">
     <span class='ocr_line' id='line_1_20' title="bbox 658 2323 3225 2397; baseline 0.003 -23"><span class='ocrx_word' id='word_1_169' title='bbox 658 2334 710 2374; x_wconf 98' lang='lat'><strong>2</strong></span> <span class='ocrx_word' id='word_1_170' title='bbox 748 2327 1032 2378; x_wconf 90' lang='lat' dir='ltr'><strong>ostrorum</strong></span> <span class='ocrx_word' id='word_1_171' title='bbox 1061 2324 1292 2378; x_wconf 89' lang='lat' dir='ltr'><strong>nomina</strong></span> <span class='ocrx_word' id='word_1_172' title='bbox 1319 2323 1462 2378; x_wconf 90' lang='lat' dir='ltr'><strong>libro</strong></span> <span class='ocrx_word' id='word_1_173' title='bbox 1486 2324 1600 2378; x_wconf 83' lang='lat' dir='ltr'><strong>vite</strong></span> <span class='ocrx_word' id='word_1_174' title='bbox 1643 2325 1848 2379; x_wconf 84' lang='lat' dir='ltr'><strong>scribta</strong></span> <span class='ocrx_word' id='word_1_175' title='bbox 1873 2341 2188 2380; x_wconf 90' lang='lat' dir='ltr'><strong>counemur</strong></span> <span class='ocrx_word' id='word_1_176' title='bbox 2217 2325 2324 2397; x_wconf 90' lang='lat' dir='ltr'><strong>ipis</strong></span> <span class='ocrx_word' id='word_1_177' title='bbox 2350 2326 2408 2380; x_wconf 91' lang='lat' dir='ltr'><strong>in</strong></span> <span class='ocrx_word' id='word_1_178' title='bbox 2435 2326 2579 2380; x_wconf 82' lang='lat' dir='ltr'><strong>atria</strong></span> <span class='ocrx_word' id='word_1_179' title='bbox 2611 2327 2693 2381; x_wconf 89' lang='lat' dir='ltr'><strong>cel</strong></span> <span class='ocrx_word' id='word_1_180' title='bbox 3173 2354 3225 2372; x_wconf 81' lang='lat'>-</span> 
     </span>
    </p>
   </div>
   <div class='ocr_carea' id='block_1_21' title="bbox 659 2421 3228 2493">
    <p class='ocr_par' dir='ltr' id='par_1_21' title="bbox 659 2421 3228 2493">
     <span class='ocr_line' id='line_1_21' title="bbox 659 2421 3228 2493; baseline -0 -15"><span class='ocrx_word' id='word_1_181' title='bbox 659 2436 710 2478; x_wconf 82' lang='lat'><strong>&lt;</strong></span> <span class='ocrx_word' id='word_1_182' title='bbox 747 2422 1005 2476; x_wconf 89' lang='lat' dir='ltr'><strong>ernantia</strong></span> <span class='ocrx_word' id='word_1_183' title='bbox 1030 2438 1176 2493; x_wconf 88' lang='lat' dir='ltr'><strong>pura</strong></span> <span class='ocrx_word' id='word_1_184' title='bbox 1203 2427 1375 2493; x_wconf 90' lang='lat' dir='ltr'><strong>atque</strong></span> <span class='ocrx_word' id='word_1_185' title='bbox 1401 2421 1669 2493; x_wconf 85' lang='lat' dir='ltr'><strong>florigera</strong></span> <span class='ocrx_word' id='word_1_186' title='bbox 1698 2423 1954 2478; x_wconf 88' lang='lat' dir='ltr'><strong>vivorum</strong></span> <span class='ocrx_word' id='word_1_187' title='bbox 1983 2425 2238 2479; x_wconf 87' lang='lat' dir='ltr'><strong>fruentes</strong></span> <span class='ocrx_word' id='word_1_188' title='bbox 2269 2425 2558 2480; x_wconf 88' lang='lat' dir='ltr'><strong>cumulato</strong></span> <span class='ocrx_word' id='word_1_189' title='bbox 2588 2425 2737 2479; x_wconf 90' lang='lat' dir='ltr'><strong>fruct</strong></span> <span class='ocrx_word' id='word_1_190' title='bbox 3179 2439 3228 2477; x_wconf 85' lang='lat'><strong>&lt;</strong></span> 
     </span>
    </p>
   </div>
   <div class='ocr_carea' id='block_1_22' title="bbox 661 2521 3228 2595">
    <p class='ocr_par' dir='ltr' id='par_1_22' title="bbox 661 2521 3228 2595">
     <span class='ocr_line' id='line_1_22' title="bbox 661 2521 3228 2595; baseline 0.001 -21"><span class='ocrx_word' id='word_1_191' title='bbox 661 2539 715 2574; x_wconf 79' lang='grc' dir='ltr'>ω</span> <span class='ocrx_word' id='word_1_192' title='bbox 754 2521 1047 2576; x_wconf 90' lang='lat' dir='ltr'><strong>arracinus</strong></span> <span class='ocrx_word' id='word_1_193' title='bbox 1073 2521 1223 2576; x_wconf 90' lang='lat' dir='ltr'><strong>Salbi</strong></span> <span class='ocrx_word' id='word_1_194' title='bbox 1254 2521 1488 2592; x_wconf 90' lang='lat' dir='ltr'><strong>ipseque</strong></span> <span class='ocrx_word' id='word_1_195' title='bbox 1517 2521 1698 2591; x_wconf 89' lang='lat' dir='ltr'><strong>Vigila</strong></span> <span class='ocrx_word' id='word_1_196' title='bbox 1729 2523 1985 2593; x_wconf 79' lang='lat' dir='ltr'><strong>magistri</strong></span> <span class='ocrx_word' id='word_1_197' title='bbox 2014 2523 2215 2577; x_wconf 91' lang='lat' dir='ltr'><strong>obtimi</strong></span> <span class='ocrx_word' id='word_1_198' title='bbox 2247 2524 2497 2594; x_wconf 84' lang='lat' dir='ltr'><strong>adjuvati</strong></span> <span class='ocrx_word' id='word_1_199' title='bbox 2528 2540 2664 2595; x_wconf 90' lang='lat' dir='ltr'><strong>prec</strong></span> <span class='ocrx_word' id='word_1_200' title='bbox 3176 2540 3228 2577; x_wconf 72' lang='lat' dir='ltr'><strong>tr:</strong></span> 
     </span>
    </p>
   </div>
   <div class='ocr_carea' id='block_1_23' title="bbox 653 2619 3227 2693">
    <p class='ocr_par' dir='ltr' id='par_1_23' title="bbox 653 2619 3227 2693">
     <span class='ocr_line' id='line_1_23' title="bbox 653 2619 3227 2693; baseline -0.001 -19"><span class='ocrx_word' id='word_1_201' title='bbox 653 2631 715 2674; x_wconf 71' lang='lat' dir='ltr'><strong>ao</strong></span> <span class='ocrx_word' id='word_1_202' title='bbox 756 2636 962 2673; x_wconf 89' lang='lat' dir='ltr'><strong>uorum</strong></span> <span class='ocrx_word' id='word_1_203' title='bbox 985 2619 1327 2690; x_wconf 85' lang='lat' dir='ltr'><strong>digessimus</strong></span> <span class='ocrx_word' id='word_1_204' title='bbox 1357 2620 1511 2674; x_wconf 89' lang='lat' dir='ltr'><strong>clara</strong></span> <span class='ocrx_word' id='word_1_205' title='bbox 1539 2637 1692 2674; x_wconf 86' lang='lat' dir='ltr'><strong>nunc</strong></span> <span class='ocrx_word' id='word_1_206' title='bbox 1721 2621 1959 2676; x_wconf 90' lang='lat' dir='ltr'><strong>nomina</strong></span> <span class='ocrx_word' id='word_1_207' title='bbox 1988 2622 2290 2677; x_wconf 89' lang='lat' dir='ltr'><strong>scribtores</strong></span> <span class='ocrx_word' id='word_1_208' title='bbox 2317 2623 2533 2693; x_wconf 87' lang='lat' dir='ltr'><strong>gemini</strong></span> <span class='ocrx_word' id='word_1_209' title='bbox 2565 2638 2674 2693; x_wconf 88' lang='lat' dir='ltr'><strong>que</strong></span> <span class='ocrx_word' id='word_1_210' title='bbox 2701 2625 2860 2675; x_wconf 91' lang='lat' dir='ltr'><strong>tenet</strong></span> <span class='ocrx_word' id='word_1_211' title='bbox 2888 2619 3033 2673; x_wconf 92' lang='lat' dir='ltr'><strong>liber</strong></span> <span class='ocrx_word' id='word_1_212' title='bbox 3059 2619 3119 2673; x_wconf 91' lang='lat' dir='ltr'><strong>hi</strong></span> <span class='ocrx_word' id='word_1_213' title='bbox 3174 2632 3227 2671; x_wconf 52' lang='grc' dir='ltr'><strong>σῖ</strong></span> 
     </span>
    </p>
   </div>
   <div class='ocr_carea' id='block_1_24' title="bbox 663 2718 3228 2791">
    <p class='ocr_par' dir='ltr' id='par_1_24' title="bbox 663 2718 3228 2791">
     <span class='ocr_line' id='line_1_24' title="bbox 663 2718 3228 2791; baseline 0.001 -19"><span class='ocrx_word' id='word_1_214' title='bbox 663 2730 716 2772; x_wconf 73' lang='lat' dir='ltr'><strong>c1</strong></span> <span class='ocrx_word' id='word_1_215' title='bbox 756 2718 931 2771; x_wconf 89' lang='lat' dir='ltr'><strong>natim</strong></span> <span class='ocrx_word' id='word_1_216' title='bbox 963 2723 1094 2788; x_wconf 87' lang='lat' dir='ltr'><strong>post</strong></span> <span class='ocrx_word' id='word_1_217' title='bbox 1126 2719 1256 2772; x_wconf 89' lang='lat' dir='ltr'><strong>illuc</strong></span> <span class='ocrx_word' id='word_1_218' title='bbox 1283 2718 1427 2773; x_wconf 90' lang='lat' dir='ltr'><strong>uniti</strong></span> <span class='ocrx_word' id='word_1_219' title='bbox 1451 2718 1670 2789; x_wconf 89' lang='lat' dir='ltr'><strong>jugiter</strong></span> <span class='ocrx_word' id='word_1_220' title='bbox 1698 2719 1832 2789; x_wconf 90' lang='lat' dir='ltr'><strong>ipsis</strong></span> <span class='ocrx_word' id='word_1_221' title='bbox 1869 2720 2224 2774; x_wconf 88' lang='lat' dir='ltr'><strong>conletemur</strong></span> <span class='ocrx_word' id='word_1_222' title='bbox 2255 2723 2595 2791; x_wconf 88' lang='lat' dir='ltr'><strong>angelorum</strong></span> <span class='ocrx_word' id='word_1_223' title='bbox 2640 2726 2728 2775; x_wconf 92' lang='lat' dir='ltr'><strong>cet</strong></span> <span class='ocrx_word' id='word_1_224' title='bbox 3175 2733 3228 2774; x_wconf 70' lang='grc' dir='ltr'>ε</span> 
     </span>
    </p>
   </div>
   <div class='ocr_carea' id='block_1_25' title="bbox 660 2817 3226 2891">
    <p class='ocr_par' dir='ltr' id='par_1_25' title="bbox 660 2817 3226 2891">
     <span class='ocr_line' id='line_1_25' title="bbox 660 2817 3226 2891; baseline -0 -20"><span class='ocrx_word' id='word_1_225' title='bbox 660 2837 712 2877; x_wconf 70' lang='lat'><strong>:2:</strong></span> <span class='ocrx_word' id='word_1_226' title='bbox 749 2835 816 2871; x_wconf 95' lang='lat' dir='ltr'><strong>oo</strong></span> <span class='ocrx_word' id='word_1_227' title='bbox 842 2818 1022 2872; x_wconf 89' lang='lat' dir='ltr'><strong>instar</strong></span> <span class='ocrx_word' id='word_1_228' title='bbox 1051 2822 1241 2872; x_wconf 89' lang='lat' dir='ltr'><strong>turma</strong></span> <span class='ocrx_word' id='word_1_229' title='bbox 1262 2817 1478 2873; x_wconf 90' lang='lat' dir='ltr'><strong>cencies</strong></span> <span class='ocrx_word' id='word_1_230' title='bbox 1507 2818 1638 2872; x_wconf 88' lang='lat' dir='ltr'><strong>bina</strong></span> <span class='ocrx_word' id='word_1_231' title='bbox 1660 2819 1885 2873; x_wconf 90' lang='lat' dir='ltr'><strong>cenobii</strong></span> <span class='ocrx_word' id='word_1_232' title='bbox 1905 2819 2140 2874; x_wconf 86' lang='lat' dir='ltr'><strong>Albelda</strong></span> <span class='ocrx_word' id='word_1_233' title='bbox 2170 2819 2486 2891; x_wconf 89' lang='lat' dir='ltr'><strong>plurimum</strong></span> <span class='ocrx_word' id='word_1_234' title='bbox 2526 2819 2736 2874; x_wconf 89' lang='lat' dir='ltr'><strong>candid</strong></span> <span class='ocrx_word' id='word_1_235' title='bbox 3176 2831 3226 2870; x_wconf 53' lang='lat'><strong>:9</strong></span> 
     </span>
    </p>
   </div>
   <div class='ocr_carea' id='block_1_26' title="bbox 663 2916 3230 2988">
    <p class='ocr_par' dir='ltr' id='par_1_26' title="bbox 663 2916 3230 2988">
     <span class='ocr_line' id='line_1_26' title="bbox 663 2916 3230 2988; baseline -0.002 -16"><span class='ocrx_word' id='word_1_236' title='bbox 663 2932 714 2972; x_wconf 72' lang='lat' dir='ltr'><strong>tr:</strong></span> <span class='ocrx_word' id='word_1_237' title='bbox 752 2933 790 2971; x_wconf 88' lang='lat' dir='ltr'><strong>n</strong></span> <span class='ocrx_word' id='word_1_238' title='bbox 823 2916 998 2971; x_wconf 86' lang='lat' dir='ltr'><strong>sancti</strong></span> <span class='ocrx_word' id='word_1_239' title='bbox 1027 2916 1245 2971; x_wconf 87' lang='lat' dir='ltr'><strong>Martini</strong></span> <span class='ocrx_word' id='word_1_240' title='bbox 1275 2933 1389 2971; x_wconf 88' lang='lat' dir='ltr'><strong>una</strong></span> <span class='ocrx_word' id='word_1_241' title='bbox 1416 2917 1738 2972; x_wconf 86' lang='lat' dir='ltr'><strong>fraternitas</strong></span> <span class='ocrx_word' id='word_1_242' title='bbox 1766 2934 1899 2972; x_wconf 91' lang='lat' dir='ltr'><strong>cum</strong></span> <span class='ocrx_word' id='word_1_243' title='bbox 1929 2917 2135 2971; x_wconf 84' lang='lat' dir='ltr'><strong>sanctis</strong></span> <span class='ocrx_word' id='word_1_244' title='bbox 2162 2918 2231 2972; x_wconf 89' lang='lat' dir='ltr'><strong>ad</strong></span> <span class='ocrx_word' id='word_1_245' title='bbox 2259 2919 2447 2972; x_wconf 86' lang='lat' dir='ltr'><strong>celum</strong></span> <span class='ocrx_word' id='word_1_246' title='bbox 2477 2919 2730 2988; x_wconf 91' lang='lat' dir='ltr'><strong>pervolet</strong></span> <span class='ocrx_word' id='word_1_247' title='bbox 2761 2916 2943 2987; x_wconf 88' lang='lat' dir='ltr'><strong>parite</strong></span> <span class='ocrx_word' id='word_1_248' title='bbox 3176 2924 3230 2966; x_wconf 65' lang='grc' dir='ltr'><strong>’Ξ</strong></span> 
     </span>
    </p>
   </div>
   <div class='ocr_carea' id='block_1_27' title="bbox 659 3016 3232 3088">
    <p class='ocr_par' dir='ltr' id='par_1_27' title="bbox 659 3016 3232 3088">
     <span class='ocr_line' id='line_1_27' title="bbox 659 3016 3232 3088; baseline -0 -18"><span class='ocrx_word' id='word_1_249' title='bbox 659 3030 712 3070; x_wconf 70' lang='grc' dir='ltr'><strong>ε’</strong></span> <span class='ocrx_word' id='word_1_250' title='bbox 751 3021 950 3070; x_wconf 89' lang='lat' dir='ltr'><strong>ucatus</strong></span> <span class='ocrx_word' id='word_1_251' title='bbox 974 3016 1207 3086; x_wconf 89' lang='lat' dir='ltr'><strong>quidem</strong></span> <span class='ocrx_word' id='word_1_252' title='bbox 1238 3017 1415 3070; x_wconf 86' lang='lat' dir='ltr'><strong>sancti</strong></span> <span class='ocrx_word' id='word_1_253' title='bbox 1452 3017 1744 3087; x_wconf 86' lang='lat' dir='ltr'><strong>Evangelii</strong></span> <span class='ocrx_word' id='word_1_254' title='bbox 1777 3021 2081 3088; x_wconf 88' lang='lat' dir='ltr'><strong>pergentes</strong></span> <span class='ocrx_word' id='word_1_255' title='bbox 2111 3017 2230 3071; x_wconf 77' lang='lat' dir='ltr'><strong>Dﬁi.</strong></span> <span class='ocrx_word' id='word_1_256' title='bbox 2267 3017 2383 3071; x_wconf 87' lang='lat' dir='ltr'><strong>vias</strong></span> <span class='ocrx_word' id='word_1_257' title='bbox 2410 3023 2472 3071; x_wconf 90' lang='lat' dir='ltr'><strong>ut</strong></span> <span class='ocrx_word' id='word_1_258' title='bbox 2513 3016 2630 3070; x_wconf 92' lang='lat' dir='ltr'><strong>adii</strong></span> <span class='ocrx_word' id='word_1_259' title='bbox 3179 3027 3232 3069; x_wconf 77' lang='lat'><strong>-]</strong></span> 
     </span>
    </p>
   </div>
   <div class='ocr_carea' id='block_1_28' title="bbox 665 3113 3228 3185">
    <p class='ocr_par' dir='ltr' id='par_1_28' title="bbox 665 3113 3228 3185">
     <span class='ocr_line' id='line_1_28' title="bbox 665 3113 3228 3185; baseline 0.002 -19"><span class='ocrx_word' id='word_1_260' title='bbox 665 3139 715 3156; x_wconf 85' lang='lat'><strong>--</strong></span> <span class='ocrx_word' id='word_1_261' title='bbox 754 3113 825 3167; x_wconf 92' lang='lat' dir='ltr'><strong>lle</strong></span> <span class='ocrx_word' id='word_1_262' title='bbox 867 3114 964 3183; x_wconf 89' lang='lat' dir='ltr'><strong>qui</strong></span> <span class='ocrx_word' id='word_1_263' title='bbox 994 3129 1098 3183; x_wconf 91' lang='lat' dir='ltr'><strong>pro</strong></span> <span class='ocrx_word' id='word_1_264' title='bbox 1129 3114 1293 3168; x_wconf 91' lang='lat' dir='ltr'><strong>nobis</strong></span> <span class='ocrx_word' id='word_1_265' title='bbox 1319 3115 1584 3168; x_wconf 90' lang='lat' dir='ltr'><strong>sustinuit</strong></span> <span class='ocrx_word' id='word_1_266' title='bbox 1614 3115 1824 3184; x_wconf 86' lang='lat' dir='ltr'><strong>probra</strong></span> <span class='ocrx_word' id='word_1_267' title='bbox 1852 3115 2013 3184; x_wconf 89' lang='lat' dir='ltr'><strong>cujus</strong></span> <span class='ocrx_word' id='word_1_268' title='bbox 2041 3131 2146 3169; x_wconf 88' lang='lat' dir='ltr'><strong>nos</strong></span> <span class='ocrx_word' id='word_1_269' title='bbox 2174 3115 2332 3185; x_wconf 88' lang='lat' dir='ltr'><strong>sequi</strong></span> <span class='ocrx_word' id='word_1_270' title='bbox 2373 3131 2508 3169; x_wconf 89' lang='lat' dir='ltr'><strong>nam</strong></span> <span class='ocrx_word' id='word_1_271' title='bbox 2543 3115 2707 3168; x_wconf 90' lang='lat' dir='ltr'><strong>decet</strong></span> <span class='ocrx_word' id='word_1_272' title='bbox 2735 3114 2941 3183; x_wconf 86' lang='lat' dir='ltr'><strong>vestigi</strong></span> <span class='ocrx_word' id='word_1_273' title='bbox 3177 3127 3228 3172; x_wconf 75' lang='lat'><strong>:&gt;</strong></span> 
     </span>
    </p>
   </div>
   <div class='ocr_carea' id='block_1_29' title="bbox 661 3210 3227 3282">
    <p class='ocr_par' dir='ltr' id='par_1_29' title="bbox 661 3210 3227 3282">
     <span class='ocr_line' id='line_1_29' title="bbox 661 3210 3227 3282; baseline -0.002 -14"><span class='ocrx_word' id='word_1_274' title='bbox 661 3227 713 3268; x_wconf 69' lang='lat' dir='ltr'>D</span> <span class='ocrx_word' id='word_1_275' title='bbox 753 3211 897 3265; x_wconf 91' lang='lat' dir='ltr'><strong>ecies</strong></span> <span class='ocrx_word' id='word_1_276' title='bbox 928 3216 1173 3265; x_wconf 90' lang='lat' dir='ltr'><strong>centena</strong></span> <span class='ocrx_word' id='word_1_277' title='bbox 1197 3227 1261 3264; x_wconf 90' lang='lat' dir='ltr'><strong>ac</strong></span> <span class='ocrx_word' id='word_1_278' title='bbox 1298 3227 1476 3265; x_wconf 86' lang='lat' dir='ltr'><strong>unum</strong></span> <span class='ocrx_word' id='word_1_279' title='bbox 1509 3210 1697 3265; x_wconf 86' lang='lat' dir='ltr'><strong>decies</strong></span> <span class='ocrx_word' id='word_1_280' title='bbox 1728 3215 1935 3281; x_wconf 89' lang='lat' dir='ltr'><strong>quarta</strong></span> <span class='ocrx_word' id='word_1_281' title='bbox 1966 3227 2066 3264; x_wconf 86' lang='lat' dir='ltr'><strong>era</strong></span> <span class='ocrx_word' id='word_1_282' title='bbox 2096 3211 2293 3266; x_wconf 88' lang='lat' dir='ltr'><strong>labens</strong></span> <span class='ocrx_word' id='word_1_283' title='bbox 2320 3215 2675 3282; x_wconf 87' lang='lat' dir='ltr'><strong>pernotaque</strong></span> <span class='ocrx_word' id='word_1_284' title='bbox 2704 3211 2797 3264; x_wconf 88' lang='lat' dir='ltr'><strong>abi</strong></span> <span class='ocrx_word' id='word_1_285' title='bbox 3174 3227 3227 3270; x_wconf 67' lang='grc' dir='ltr'>ε</span> 
     </span>
    </p>
   </div>
   <div class='ocr_carea' id='block_1_30' title="bbox 665 3309 3224 3381">
    <p class='ocr_par' dir='ltr' id='par_1_30' title="bbox 665 3309 3224 3381">
     <span class='ocr_line' id='line_1_30' title="bbox 665 3309 3224 3381; baseline -0.001 -17"><span class='ocrx_word' id='word_1_286' title='bbox 665 3325 716 3364; x_wconf 67' lang='lat' dir='ltr'><strong>tr:</strong></span> <span class='ocrx_word' id='word_1_287' title='bbox 756 3313 777 3362; x_wconf 91' lang='lat' dir='ltr'><strong>t</strong></span> <span class='ocrx_word' id='word_1_288' title='bbox 805 3313 1061 3364; x_wconf 89' lang='lat' dir='ltr'><strong>notatum</strong></span> <span class='ocrx_word' id='word_1_289' title='bbox 1090 3313 1319 3381; x_wconf 86' lang='lat' dir='ltr'><strong>tempus</strong></span> <span class='ocrx_word' id='word_1_290' title='bbox 1352 3309 1730 3364; x_wconf 85' lang='lat' dir='ltr'><strong>Kalendarum</strong></span> <span class='ocrx_word' id='word_1_291' title='bbox 1756 3309 1882 3363; x_wconf 86' lang='lat' dir='ltr'><strong>Maii</strong></span> <span class='ocrx_word' id='word_1_292' title='bbox 1909 3310 2144 3381; x_wconf 87' lang='lat' dir='ltr'><strong>quintus</strong></span> <span class='ocrx_word' id='word_1_293' title='bbox 2175 3309 2472 3364; x_wconf 85' lang='lat' dir='ltr'><strong>vicesimus</strong></span> <span class='ocrx_word' id='word_1_294' title='bbox 2502 3326 2600 3364; x_wconf 91' lang='lat' dir='ltr'><strong>seu</strong></span> <span class='ocrx_word' id='word_1_295' title='bbox 2628 3325 2825 3364; x_wconf 89' lang='lat' dir='ltr'><strong>cursus</strong></span> <span class='ocrx_word' id='word_1_296' title='bbox 2851 3309 2952 3363; x_wconf 89' lang='lat' dir='ltr'><strong>Iun</strong></span> <span class='ocrx_word' id='word_1_297' title='bbox 3173 3327 3224 3368; x_wconf 70' lang='grc' dir='ltr'><strong>[τι</strong></span> 
     </span>
    </p>
   </div>
   <div class='ocr_carea' id='block_1_31' title="bbox 668 3406 3221 3479">
    <p class='ocr_par' dir='ltr' id='par_1_31' title="bbox 668 3406 3221 3479">
     <span class='ocr_line' id='line_1_31' title="bbox 668 3406 3221 3479; baseline -0 -13"><span class='ocrx_word' id='word_1_298' title='bbox 668 3427 720 3466; x_wconf 70' lang='lat' dir='ltr'><strong>:c</strong></span> <span class='ocrx_word' id='word_1_299' title='bbox 758 3408 982 3463; x_wconf 88' lang='lat' dir='ltr'><strong>animiri</strong></span> <span class='ocrx_word' id='word_1_300' title='bbox 1009 3409 1182 3463; x_wconf 89' lang='lat' dir='ltr'><strong>fratre</strong></span> <span class='ocrx_word' id='word_1_301' title='bbox 1208 3411 1489 3479; x_wconf 88' lang='lat' dir='ltr'><strong>regnante</strong></span> <span class='ocrx_word' id='word_1_302' title='bbox 1521 3408 1721 3464; x_wconf 87' lang='lat' dir='ltr'><strong>Sancio</strong></span> <span class='ocrx_word' id='word_1_303' title='bbox 1750 3424 1885 3478; x_wconf 90' lang='lat' dir='ltr'><strong>rege</strong></span> <span class='ocrx_word' id='word_1_304' title='bbox 1917 3407 2187 3462; x_wconf 84' lang='lat' dir='ltr'><strong>ortodoxo</strong></span> <span class='ocrx_word' id='word_1_305' title='bbox 2218 3408 2459 3479; x_wconf 91' lang='lat' dir='ltr'><strong>scriptus</strong></span> <span class='ocrx_word' id='word_1_306' title='bbox 2491 3413 2575 3464; x_wconf 90' lang='lat' dir='ltr'><strong>est</strong></span> <span class='ocrx_word' id='word_1_307' title='bbox 2603 3406 2748 3462; x_wconf 89' lang='lat' dir='ltr'><strong>liber</strong></span> <span class='ocrx_word' id='word_1_308' title='bbox 2774 3408 2833 3461; x_wconf 92' lang='lat' dir='ltr'><strong>hi</strong></span> <span class='ocrx_word' id='word_1_309' title='bbox 3170 3427 3221 3465; x_wconf 63' lang='grc' dir='ltr'><em>α</em></span> 
     </span>
    </p>
   </div>
   <div class='ocr_carea' id='block_1_32' title="bbox 664 3506 3234 3578">
    <p class='ocr_par' dir='ltr' id='par_1_32' title="bbox 664 3506 3234 3578">
     <span class='ocr_line' id='line_1_32' title="bbox 664 3506 3234 3578; baseline -0.002 -14"><span class='ocrx_word' id='word_1_310' title='bbox 664 3523 715 3564; x_wconf 70' lang='lat'><strong>:1</strong></span> <span class='ocrx_word' id='word_1_311' title='bbox 756 3525 828 3561; x_wconf 90' lang='lat' dir='ltr'><strong>na</strong></span> <span class='ocrx_word' id='word_1_312' title='bbox 852 3523 984 3562; x_wconf 92' lang='lat' dir='ltr'><strong>cum</strong></span> <span class='ocrx_word' id='word_1_313' title='bbox 1017 3507 1213 3578; x_wconf 87' lang='lat' dir='ltr'><strong>regina</strong></span> <span class='ocrx_word' id='word_1_314' title='bbox 1247 3508 1452 3562; x_wconf 88' lang='lat' dir='ltr'><strong>Urraca</strong></span> <span class='ocrx_word' id='word_1_315' title='bbox 1492 3507 1747 3578; x_wconf 87' lang='lat' dir='ltr'><strong>preclara</strong></span> <span class='ocrx_word' id='word_1_316' title='bbox 1779 3511 1937 3562; x_wconf 89' lang='lat' dir='ltr'><strong>sexto</strong></span> <span class='ocrx_word' id='word_1_317' title='bbox 1968 3522 2118 3561; x_wconf 87' lang='lat' dir='ltr'><strong>anno</strong></span> <span class='ocrx_word' id='word_1_318' title='bbox 2155 3506 2339 3560; x_wconf 87' lang='lat' dir='ltr'><strong>obitus</strong></span> <span class='ocrx_word' id='word_1_319' title='bbox 2367 3506 2520 3577; x_wconf 89' lang='lat' dir='ltr'><strong>regis</strong></span> <span class='ocrx_word' id='word_1_320' title='bbox 2551 3507 2802 3560; x_wconf 89' lang='lat' dir='ltr'><strong>Garsean</strong></span> <span class='ocrx_word' id='word_1_321' title='bbox 3184 3531 3234 3546; x_wconf 79' lang='lat'><strong>~—</strong></span> 
     </span>
    </p>
   </div>
   <div class='ocr_carea' id='block_1_33' title="bbox 666 3605 3230 3678">
    <p class='ocr_par' dir='ltr' id='par_1_33' title="bbox 666 3605 3230 3678">
     <span class='ocr_line' id='line_1_33' title="bbox 666 3605 3230 3678; baseline 0.001 -17"><span class='ocrx_word' id='word_1_322' title='bbox 666 3621 718 3662; x_wconf 90' lang='lat'><strong>2</strong></span> <span class='ocrx_word' id='word_1_323' title='bbox 759 3623 866 3660; x_wconf 88' lang='lat' dir='ltr'><strong>unc</strong></span> <span class='ocrx_word' id='word_1_324' title='bbox 894 3623 1093 3661; x_wconf 90' lang='lat' dir='ltr'><strong>omnes</strong></span> <span class='ocrx_word' id='word_1_325' title='bbox 1119 3606 1316 3660; x_wconf 89' lang='lat' dir='ltr'><strong>cernui</strong></span> <span class='ocrx_word' id='word_1_326' title='bbox 1347 3608 1603 3676; x_wconf 89' lang='lat' dir='ltr'><strong>legentes</strong></span> <span class='ocrx_word' id='word_1_327' title='bbox 1629 3621 1936 3676; x_wconf 88' lang='lat' dir='ltr'><strong>precamur</strong></span> <span class='ocrx_word' id='word_1_328' title='bbox 1960 3621 2065 3659; x_wconf 90' lang='lat' dir='ltr'><strong>nos</strong></span> <span class='ocrx_word' id='word_1_329' title='bbox 2091 3611 2155 3660; x_wconf 95' lang='lat' dir='ltr'><strong>ut</strong></span> <span class='ocrx_word' id='word_1_330' title='bbox 2181 3606 2410 3678; x_wconf 85' lang='lat' dir='ltr'><strong>exiguos</strong></span> <span class='ocrx_word' id='word_1_331' title='bbox 2438 3606 2589 3677; x_wconf 86' lang='lat' dir='ltr'><strong>apud</strong></span> <span class='ocrx_word' id='word_1_332' title='bbox 2625 3605 2979 3660; x_wconf 87' lang='lat' dir='ltr'><strong>sanctissima</strong></span> <span class='ocrx_word' id='word_1_333' title='bbox 3178 3618 3230 3664; x_wconf 64' lang='grc' dir='ltr'><strong>τε</strong></span> 
     </span>
    </p>
   </div>
   <div class='ocr_carea' id='block_1_34' title="bbox 662 3705 3226 3778">
    <p class='ocr_par' dir='ltr' id='par_1_34' title="bbox 662 3705 3226 3778">
     <span class='ocr_line' id='line_1_34' title="bbox 662 3705 3226 3778; baseline -0.002 -13"><span class='ocrx_word' id='word_1_334' title='bbox 662 3725 714 3765; x_wconf 68' lang='grc' dir='ltr'><strong>-Ξ</strong></span> <span class='ocrx_word' id='word_1_335' title='bbox 752 3707 1040 3762; x_wconf 88' lang='lat' dir='ltr'><strong>rinitatem</strong></span> <span class='ocrx_word' id='word_1_336' title='bbox 1071 3707 1336 3778; x_wconf 90' lang='lat' dir='ltr'><strong>simplam</strong></span> <span class='ocrx_word' id='word_1_337' title='bbox 1367 3705 1760 3762; x_wconf 89' lang='lat' dir='ltr'><strong>conmendetis</strong></span> <span class='ocrx_word' id='word_1_338' title='bbox 1793 3722 1903 3760; x_wconf 90' lang='lat' dir='ltr'><strong>una</strong></span> <span class='ocrx_word' id='word_1_339' title='bbox 1932 3706 2192 3760; x_wconf 86' lang='lat' dir='ltr'><strong>fruamur</strong></span> <span class='ocrx_word' id='word_1_340' title='bbox 2219 3706 2398 3777; x_wconf 89' lang='lat' dir='ltr'><strong>gloria</strong></span> <span class='ocrx_word' id='word_1_341' title='bbox 2439 3711 2640 3761; x_wconf 89' lang='lat' dir='ltr'><strong>cuncta</strong></span> <span class='ocrx_word' id='word_1_342' title='bbox 2667 3705 2725 3760; x_wconf 92' lang='lat' dir='ltr'><strong>in</strong></span> <span class='ocrx_word' id='word_1_343' title='bbox 2754 3707 2907 3760; x_wconf 87' lang='lat' dir='ltr'><strong>secul</strong></span> <span class='ocrx_word' id='word_1_344' title='bbox 3176 3718 3226 3759; x_wconf 59' lang='grc' dir='ltr'><strong>δν</strong></span> 
     </span>
    </p>
   </div>
   <div class='ocr_carea' id='block_1_35' title="bbox 1908 3889 1971 3941">
    <p class='ocr_par' dir='ltr' id='par_1_35' title="bbox 1908 3889 1971 3941">
     <span class='ocr_line' id='line_1_35' title="bbox 1908 3889 1971 3941; baseline -0.032 0"><span class='ocrx_word' id='word_1_345' title='bbox 1908 3889 1971 3941; x_wconf 90' lang='lat' dir='ltr'><strong>Il.</strong></span> 
     </span>
    </p>
   </div>
   <div class='ocr_carea' id='block_1_36' title="bbox 349 4031 3553 4106">
    <p class='ocr_par' dir='ltr' id='par_1_36' title="bbox 349 4031 3553 4106">
     <span class='ocr_line' id='line_1_36' title="bbox 349 4031 3553 4106; baseline -0 -20"><span class='ocrx_word' id='word_1_346' title='bbox 349 4042 398 4085; x_wconf 26' lang='lat' dir='ltr'><strong>cr</strong></span> <span class='ocrx_word' id='word_1_347' title='bbox 443 4031 538 4086; x_wconf 91' lang='lat' dir='ltr'><strong>Dei</strong></span> <span class='ocrx_word' id='word_1_348' title='bbox 567 4033 810 4088; x_wconf 85' lang='lat' dir='ltr'><strong>Verbum</strong></span> <span class='ocrx_word' id='word_1_349' title='bbox 840 4035 1018 4089; x_wconf 87' lang='lat' dir='ltr'><strong>Patris</strong></span> <span class='ocrx_word' id='word_1_350' title='bbox 1045 4052 1141 4090; x_wconf 90' lang='lat' dir='ltr'><strong>ore</strong></span> <span class='ocrx_word' id='word_1_351' title='bbox 1170 4037 1392 4106; x_wconf 90' lang='lat' dir='ltr'><strong>proditu</strong></span> <span class='ocrx_word' id='word_1_352' title='bbox 1769 4049 1820 4093; x_wconf 69' lang='grc' dir='ltr'>Ξ</span> <span class='ocrx_word' id='word_1_353' title='bbox 2080 4051 2131 4089; x_wconf 78' lang='lat' dir='ltr'><strong>c:</strong></span> <span class='ocrx_word' id='word_1_354' title='bbox 2170 4034 2310 4088; x_wconf 90' lang='lat' dir='ltr'><strong>irtus</strong></span> <span class='ocrx_word' id='word_1_355' title='bbox 2341 4034 2491 4088; x_wconf 85' lang='lat' dir='ltr'><strong>hunc</strong></span> <span class='ocrx_word' id='word_1_356' title='bbox 2522 4035 2706 4089; x_wconf 92' lang='lat' dir='ltr'><strong>locum</strong></span> <span class='ocrx_word' id='word_1_357' title='bbox 2735 4034 2945 4089; x_wconf 87' lang='lat' dir='ltr'><strong>summi</strong></span> <span class='ocrx_word' id='word_1_358' title='bbox 2979 4034 3076 4088; x_wconf 89' lang='lat' dir='ltr'><strong>Dei</strong></span> <span class='ocrx_word' id='word_1_359' title='bbox 3108 4033 3208 4087; x_wconf 87' lang='lat' dir='ltr'><strong>Fili</strong></span> <span class='ocrx_word' id='word_1_360' title='bbox 3503 4056 3553 4075; x_wconf 89' lang='lat'><strong>--</strong></span> 
     </span>
    </p>
   </div>
   <div class='ocr_carea' id='block_1_37' title="bbox 350 4125 3554 4200">
    <p class='ocr_par' dir='ltr' id='par_1_37' title="bbox 350 4125 3554 4200">
     <span class='ocr_line' id='line_1_37' title="bbox 350 4125 3554 4200; baseline 0.001 -20"><span class='ocrx_word' id='word_1_361' title='bbox 350 4142 403 4184; x_wconf 67' lang='grc' dir='ltr'><strong>ιο</strong></span> <span class='ocrx_word' id='word_1_362' title='bbox 441 4125 649 4181; x_wconf 88' lang='lat' dir='ltr'><strong>utilant</strong></span> <span class='ocrx_word' id='word_1_363' title='bbox 683 4132 824 4182; x_wconf 90' lang='lat' dir='ltr'><strong>nutu</strong></span> <span class='ocrx_word' id='word_1_364' title='bbox 855 4128 1249 4198; x_wconf 65' lang='lat' dir='ltr'><strong>cujus‘fmundi</strong></span> <span class='ocrx_word' id='word_1_365' title='bbox 1276 4129 1462 4184; x_wconf 91' lang='lat' dir='ltr'><strong>macin</strong></span> <span class='ocrx_word' id='word_1_366' title='bbox 1767 4147 1817 4187; x_wconf 52' lang='grc' dir='ltr'><strong>,ν</strong></span> <span class='ocrx_word' id='word_1_367' title='bbox 2079 4143 2132 4189; x_wconf 67' lang='grc' dir='ltr'>Ξ</span> <span class='ocrx_word' id='word_1_368' title='bbox 2172 4131 2329 4184; x_wconf 88' lang='lat' dir='ltr'><strong>uniat</strong></span> <span class='ocrx_word' id='word_1_369' title='bbox 2356 4146 2579 4200; x_wconf 90' lang='lat' dir='ltr'><strong>semper</strong></span> <span class='ocrx_word' id='word_1_370' title='bbox 2609 4135 2665 4184; x_wconf 92' lang='lat' dir='ltr'><strong>et</strong></span> <span class='ocrx_word' id='word_1_371' title='bbox 2694 4132 3015 4183; x_wconf 88' lang='lat' dir='ltr'><strong>sanctorum</strong></span> <span class='ocrx_word' id='word_1_372' title='bbox 3050 4127 3197 4182; x_wconf 90' lang='lat' dir='ltr'><strong>atriu</strong></span> <span class='ocrx_word' id='word_1_373' title='bbox 3501 4139 3554 4184; x_wconf 70' lang='grc' dir='ltr'><strong>ει</strong></span> 
     </span>
    </p>
   </div>
   <div class='ocr_carea' id='block_1_38' title="bbox 350 4222 3552 4282">
    <p class='ocr_par' dir='ltr' id='par_1_38' title="bbox 350 4222 3552 4282">
     <span class='ocr_line' id='line_1_38' title="bbox 350 4222 3552 4282; baseline 0 -6"><span class='ocrx_word' id='word_1_374' title='bbox 350 4236 401 4276; x_wconf 69' lang='lat' dir='ltr'><strong>r21</strong></span> <span class='ocrx_word' id='word_1_375' title='bbox 439 4225 668 4275; x_wconf 86' lang='lat' dir='ltr'><strong>ternum</strong></span> <span class='ocrx_word' id='word_1_376' title='bbox 699 4224 864 4275; x_wconf 90' lang='lat' dir='ltr'><strong>tuum</strong></span> <span class='ocrx_word' id='word_1_377' title='bbox 894 4226 954 4274; x_wconf 92' lang='lat' dir='ltr'><strong>ut</strong></span> <span class='ocrx_word' id='word_1_378' title='bbox 982 4222 1239 4276; x_wconf 87' lang='lat' dir='ltr'><strong>fruamur</strong></span> <span class='ocrx_word' id='word_1_379' title='bbox 1271 4223 1481 4278; x_wconf 91' lang='lat' dir='ltr'><strong>dulcite</strong></span> <span class='ocrx_word' id='word_1_380' title='bbox 1771 4242 1821 4280; x_wconf 68' lang='grc' dir='ltr'><strong><em>π</em></strong></span> <span class='ocrx_word' id='word_1_381' title='bbox 2076 4244 2129 4282; x_wconf 71' lang='lat'><strong>~22</strong></span> <span class='ocrx_word' id='word_1_382' title='bbox 2167 4224 2348 4278; x_wconf 90' lang='lat' dir='ltr'><strong>loreat</strong></span> <span class='ocrx_word' id='word_1_383' title='bbox 2377 4225 2569 4278; x_wconf 89' lang='lat' dir='ltr'><strong>lucens</strong></span> <span class='ocrx_word' id='word_1_384' title='bbox 2598 4224 2674 4276; x_wconf 86' lang='lat' dir='ltr'><strong>sic</strong></span> <span class='ocrx_word' id='word_1_385' title='bbox 2702 4222 2920 4277; x_wconf 91' lang='lat' dir='ltr'><strong>lumine</strong></span> <span class='ocrx_word' id='word_1_386' title='bbox 2955 4223 3037 4276; x_wconf 91' lang='lat' dir='ltr'><strong>Dn</strong></span> <span class='ocrx_word' id='word_1_387' title='bbox 3502 4251 3552 4268; x_wconf 88' lang='lat'><strong><em>—</em></strong></span> 
     </span>
    </p>
   </div>
   <div class='ocr_carea' id='block_1_39' title="bbox 350 4315 3550 4391">
    <p class='ocr_par' dir='ltr' id='par_1_39' title="bbox 350 4315 3550 4391">
     <span class='ocr_line' id='line_1_39' title="bbox 350 4315 3550 4391; baseline 0.001 -25"><span class='ocrx_word' id='word_1_388' title='bbox 350 4329 401 4366; x_wconf 64' lang='grc' dir='ltr'>κ</span> <span class='ocrx_word' id='word_1_389' title='bbox 440 4317 555 4383; x_wconf 92' lang='lat' dir='ltr'><strong>pte.</strong></span> <span class='ocrx_word' id='word_1_390' title='bbox 587 4330 817 4368; x_wconf 87' lang='lat' dir='ltr'><strong>oramus</strong></span> <span class='ocrx_word' id='word_1_391' title='bbox 844 4315 1008 4369; x_wconf 88' lang='lat' dir='ltr'><strong>nobis</strong></span> <span class='ocrx_word' id='word_1_392' title='bbox 1031 4316 1154 4386; x_wconf 88' lang='lat' dir='ltr'><strong>jam</strong></span> <span class='ocrx_word' id='word_1_393' title='bbox 1187 4316 1427 4370; x_wconf 87' lang='lat' dir='ltr'><strong>advenia</strong></span> <span class='ocrx_word' id='word_1_394' title='bbox 1496 4375 1498 4378; x_wconf 47' lang='grc'><strong>,</strong></span> <span class='ocrx_word' id='word_1_395' title='bbox 1766 4337 1818 4378; x_wconf 74' lang='grc'><strong>·-]</strong></span> <span class='ocrx_word' id='word_1_396' title='bbox 2080 4343 2132 4364; x_wconf 69' lang='grc' dir='ltr'><strong><em>-η</em></strong></span> <span class='ocrx_word' id='word_1_397' title='bbox 2172 4319 2371 4391; x_wconf 89' lang='lat' dir='ltr'><strong>ngenti</strong></span> <span class='ocrx_word' id='word_1_398' title='bbox 2397 4319 2771 4390; x_wconf 64' lang='lat' dir='ltr'><strong>almajvigens</strong></span> <span class='ocrx_word' id='word_1_399' title='bbox 2803 4321 2858 4372; x_wconf 92' lang='lat' dir='ltr'><strong>et</strong></span> <span class='ocrx_word' id='word_1_400' title='bbox 2888 4332 2990 4387; x_wconf 91' lang='lat' dir='ltr'><strong>per</strong></span> <span class='ocrx_word' id='word_1_401' title='bbox 3020 4315 3174 4369; x_wconf 89' lang='lat' dir='ltr'><strong>secul</strong></span> <span class='ocrx_word' id='word_1_402' title='bbox 3499 4329 3550 4369; x_wconf 71' lang='lat'><strong><em>&gt;</em></strong></span> 
     </span>
    </p>
   </div>
   <div class='ocr_carea' id='block_1_40' title="bbox 348 4407 3553 4481">
    <p class='ocr_par' dir='ltr' id='par_1_40' title="bbox 348 4407 3553 4481">
     <span class='ocr_line' id='line_1_40' title="bbox 348 4407 3553 4481; baseline 0.001 -21"><span class='ocrx_word' id='word_1_403' title='bbox 348 4422 402 4464; x_wconf 67' lang='grc' dir='ltr'><strong>ς)</strong></span> <span class='ocrx_word' id='word_1_404' title='bbox 441 4407 676 4461; x_wconf 88' lang='lat' dir='ltr'><strong>audium</strong></span> <span class='ocrx_word' id='word_1_405' title='bbox 701 4425 981 4481; x_wconf 89' lang='lat' dir='ltr'><strong>magnum</strong></span> <span class='ocrx_word' id='word_1_406' title='bbox 1014 4410 1392 4465; x_wconf 87' lang='lat' dir='ltr'><strong>scribentibus</strong></span> <span class='ocrx_word' id='word_1_407' title='bbox 1426 4411 1503 4464; x_wconf 85' lang='lat' dir='ltr'><strong>tib</strong></span> <span class='ocrx_word' id='word_1_408' title='bbox 1766 4440 1816 4453; x_wconf 94' lang='lat'>—</span> <span class='ocrx_word' id='word_1_409' title='bbox 2077 4430 2129 4471; x_wconf 79' lang='lat'><strong>7,</strong></span> <span class='ocrx_word' id='word_1_410' title='bbox 2169 4430 2276 4467; x_wconf 90' lang='lat' dir='ltr'><strong>unc</strong></span> <span class='ocrx_word' id='word_1_411' title='bbox 2303 4413 2436 4467; x_wconf 91' lang='lat' dir='ltr'><strong>aula</strong></span> <span class='ocrx_word' id='word_1_412' title='bbox 2463 4413 2560 4466; x_wconf 91' lang='lat' dir='ltr'><strong>Dei</strong></span> <span class='ocrx_word' id='word_1_413' title='bbox 2583 4411 2838 4466; x_wconf 89' lang='lat' dir='ltr'><strong>claritate</strong></span> <span class='ocrx_word' id='word_1_414' title='bbox 2864 4410 3059 4480; x_wconf 88' lang='lat' dir='ltr'><strong>fulgea</strong></span> <span class='ocrx_word' id='word_1_415' title='bbox 3502 4416 3553 4456; x_wconf 71' lang='grc' dir='ltr'><strong>-Ξ</strong></span> 
     </span>
    </p>
   </div>
   <div class='ocr_carea' id='block_1_41' title="bbox 347 4498 3552 4574">
    <p class='ocr_par' dir='ltr' id='par_1_41' title="bbox 347 4498 3552 4574">
     <span class='ocr_line' id='line_1_41' title="bbox 347 4498 3552 4574; baseline 0 -19"><span class='ocrx_word' id='word_1_416' title='bbox 347 4517 399 4555; x_wconf 69' lang='grc' dir='ltr'><strong>ιη</strong></span> <span class='ocrx_word' id='word_1_417' title='bbox 439 4501 565 4556; x_wconf 83' lang='lat' dir='ltr'><strong>nixe</strong></span> <span class='ocrx_word' id='word_1_418' title='bbox 596 4503 782 4557; x_wconf 89' lang='lat' dir='ltr'><strong>cuncti</strong></span> <span class='ocrx_word' id='word_1_419' title='bbox 812 4504 1057 4574; x_wconf 89' lang='lat' dir='ltr'><strong>petimus</strong></span> <span class='ocrx_word' id='word_1_420' title='bbox 1089 4509 1149 4558; x_wconf 89' lang='lat' dir='ltr'><strong>ut</strong></span> <span class='ocrx_word' id='word_1_421' title='bbox 1185 4505 1440 4559; x_wconf 91' lang='lat' dir='ltr'><strong>munime</strong></span> <span class='ocrx_word' id='word_1_422' title='bbox 1764 4524 1816 4565; x_wconf 80' lang='lat'><strong>2</strong></span> <span class='ocrx_word' id='word_1_423' title='bbox 2074 4534 2128 4556; x_wconf 77' lang='grc' dir='ltr'><strong>ι-</strong></span> <span class='ocrx_word' id='word_1_424' title='bbox 2168 4507 2371 4561; x_wconf 87' lang='lat' dir='ltr'><strong>ntersit</strong></span> <span class='ocrx_word' id='word_1_425' title='bbox 2433 4505 2638 4560; x_wconf 89' lang='lat' dir='ltr'><strong>nostris</strong></span> <span class='ocrx_word' id='word_1_426' title='bbox 2687 4504 2906 4560; x_wconf 88' lang='lat' dir='ltr'><strong>Christe</strong></span> <span class='ocrx_word' id='word_1_427' title='bbox 2952 4501 3160 4555; x_wconf 87' lang='lat' dir='ltr'><strong>animis</strong></span> <span class='ocrx_word' id='word_1_428' title='bbox 3209 4498 3444 4570; x_wconf 91' lang='lat' dir='ltr'><strong>splendo</strong></span> <span class='ocrx_word' id='word_1_429' title='bbox 3500 4515 3552 4555; x_wconf 63' lang='grc' dir='ltr'>π</span> 
     </span>
    </p>
   </div>
   <div class='ocr_carea' id='block_1_42' title="bbox 347 4596 3552 4667">
    <p class='ocr_par' dir='ltr' id='par_1_42' title="bbox 347 4596 3552 4667">
     <span class='ocr_line' id='line_1_42' title="bbox 347 4596 3552 4667; baseline -0.002 -14"><span class='ocrx_word' id='word_1_430' title='bbox 347 4611 398 4653; x_wconf 88' lang='lat'><strong>2</strong></span> <span class='ocrx_word' id='word_1_431' title='bbox 435 4596 604 4650; x_wconf 88' lang='lat' dir='ltr'><strong>abum</strong></span> <span class='ocrx_word' id='word_1_432' title='bbox 633 4597 722 4652; x_wconf 89' lang='lat' dir='ltr'><strong>hic</strong></span> <span class='ocrx_word' id='word_1_433' title='bbox 754 4602 969 4667; x_wconf 90' lang='lat' dir='ltr'><strong>prestes</strong></span> <span class='ocrx_word' id='word_1_434' title='bbox 1009 4599 1089 4652; x_wconf 91' lang='lat' dir='ltr'><strong>tui</strong></span> <span class='ocrx_word' id='word_1_435' title='bbox 1120 4599 1259 4653; x_wconf 90' lang='lat' dir='ltr'><strong>almi</strong></span> <span class='ocrx_word' id='word_1_436' title='bbox 1289 4600 1485 4653; x_wconf 86' lang='lat' dir='ltr'><strong>Martin</strong></span> <span class='ocrx_word' id='word_1_437' title='bbox 1766 4632 1816 4647; x_wconf 87' lang='lat'><strong>—-</strong></span> <span class='ocrx_word' id='word_1_438' title='bbox 2074 4622 2129 4656; x_wconf 83' lang='grc' dir='ltr'>ω</span> <span class='ocrx_word' id='word_1_439' title='bbox 2165 4607 2389 4656; x_wconf 76' lang='lat' dir='ltr'><strong>acre‘ac</strong></span> <span class='ocrx_word' id='word_1_440' title='bbox 2420 4601 2550 4655; x_wconf 87' lang='lat' dir='ltr'><strong>aule</strong></span> <span class='ocrx_word' id='word_1_441' title='bbox 2591 4597 2810 4652; x_wconf 84' lang='lat' dir='ltr'><strong>Martini</strong></span> <span class='ocrx_word' id='word_1_442' title='bbox 2843 4596 3072 4666; x_wconf 89' lang='lat' dir='ltr'><strong>episcop</strong></span> <span class='ocrx_word' id='word_1_443' title='bbox 3498 4617 3552 4638; x_wconf 73' lang='lat'><strong>-</strong></span> 
     </span>
    </p>
   </div>
   <div class='ocr_carea' id='block_1_43' title="bbox 345 4691 3550 4766">
    <p class='ocr_par' dir='ltr' id='par_1_43' title="bbox 345 4691 3550 4766">
     <span class='ocr_line' id='line_1_43' title="bbox 345 4691 3550 4766; baseline 0 -22"><span class='ocrx_word' id='word_1_444' title='bbox 345 4718 396 4734; x_wconf 91' lang='lat'><em>-</em></span> <span class='ocrx_word' id='word_1_445' title='bbox 437 4691 576 4745; x_wconf 92' lang='lat' dir='ltr'><strong>ubar</strong></span> <span class='ocrx_word' id='word_1_446' title='bbox 605 4692 827 4745; x_wconf 89' lang='lat' dir='ltr'><strong>enitens</strong></span> <span class='ocrx_word' id='word_1_447' title='bbox 858 4707 1088 4760; x_wconf 90' lang='lat' dir='ltr'><strong>semper</strong></span> <span class='ocrx_word' id='word_1_448' title='bbox 1117 4691 1175 4744; x_wconf 93' lang='lat' dir='ltr'><strong>in</strong></span> <span class='ocrx_word' id='word_1_449' title='bbox 1213 4692 1300 4744; x_wconf 88' lang='lat' dir='ltr'><strong>his</strong></span> <span class='ocrx_word' id='word_1_450' title='bbox 1325 4693 1450 4746; x_wconf 88' lang='lat' dir='ltr'><strong>atrii</strong></span> <span class='ocrx_word' id='word_1_451' title='bbox 1764 4709 1816 4746; x_wconf 73' lang='grc' dir='ltr'>ω</span> <span class='ocrx_word' id='word_1_452' title='bbox 2066 4710 2130 4754; x_wconf 72' lang='grc' dir='ltr'><strong>ιε)</strong></span> <span class='ocrx_word' id='word_1_453' title='bbox 2169 4697 2296 4766; x_wconf 87' lang='lat' dir='ltr'><strong>ujus</strong></span> <span class='ocrx_word' id='word_1_454' title='bbox 2324 4697 2554 4766; x_wconf 86' lang='lat' dir='ltr'><strong>precatu</strong></span> <span class='ocrx_word' id='word_1_455' title='bbox 2584 4697 2679 4746; x_wconf 88' lang='lat' dir='ltr'><strong>tua</strong></span> <span class='ocrx_word' id='word_1_456' title='bbox 2704 4693 2958 4762; x_wconf 75' lang='lat' dir='ltr'><strong>protecta</strong></span> <span class='ocrx_word' id='word_1_457' title='bbox 2995 4705 3130 4742; x_wconf 90' lang='lat' dir='ltr'><strong>man</strong></span> <span class='ocrx_word' id='word_1_458' title='bbox 3497 4701 3550 4744; x_wconf 83' lang='lat' dir='ltr'><strong>c:</strong></span> 
     </span>
    </p>
   </div>
   <div class='ocr_carea' id='block_1_44' title="bbox 347 4772 3554 4860">
    <p class='ocr_par' dir='ltr' id='par_1_44' title="bbox 347 4772 3554 4860">
     <span class='ocr_line' id='line_1_44' title="bbox 347 4772 3554 4860; baseline 0 -22"><span class='ocrx_word' id='word_1_459' title='bbox 347 4797 399 4838; x_wconf 76' lang='lat'><strong>-3</strong></span> <span class='ocrx_word' id='word_1_460' title='bbox 439 4801 505 4839; x_wconf 89' lang='lat' dir='ltr'><strong>ua</strong></span> <span class='ocrx_word' id='word_1_461' title='bbox 530 4789 587 4839; x_wconf 90' lang='lat' dir='ltr'><strong>et</strong></span> <span class='ocrx_word' id='word_1_462' title='bbox 611 4786 760 4840; x_wconf 89' lang='lat' dir='ltr'><strong>alma</strong></span> <span class='ocrx_word' id='word_1_463' title='bbox 782 4785 1001 4855; x_wconf 84' lang='lat' dir='ltr'><strong>fulgeat</strong></span> <span class='ocrx_word' id='word_1_464' title='bbox 1025 4786 1117 4841; x_wconf 89' lang='lat' dir='ltr'><strong>hic</strong></span> <span class='ocrx_word' id='word_1_465' title='bbox 1141 4788 1286 4858; x_wconf 88' lang='lat' dir='ltr'><strong>glori</strong></span> <span class='ocrx_word' id='word_1_466' title='bbox 1765 4803 1815 4846; x_wconf 67' lang='grc' dir='ltr'><strong>’,εν</strong></span> <span class='ocrx_word' id='word_1_467' title='bbox 2075 4806 2128 4850; x_wconf 77' lang='lat' dir='ltr'><strong>cz</strong></span> <span class='ocrx_word' id='word_1_468' title='bbox 2164 4790 2319 4860; x_wconf 89' lang='lat' dir='ltr'><strong>igeat</strong></span> <span class='ocrx_word' id='word_1_469' title='bbox 2343 4789 2491 4843; x_wconf 89' lang='lat' dir='ltr'><strong>alma</strong></span> <span class='ocrx_word' id='word_1_470' title='bbox 2521 4787 2686 4840; x_wconf 89' lang='lat' dir='ltr'><strong>turba</strong></span> <span class='ocrx_word' id='word_1_471' title='bbox 2715 4785 2807 4839; x_wconf 92' lang='lat' dir='ltr'><strong>hic</strong></span> <span class='ocrx_word' id='word_1_472' title='bbox 2848 4772 3165 4838; x_wconf 26' lang='lat' dir='ltr'><strong>.monacoru</strong></span> <span class='ocrx_word' id='word_1_473' title='bbox 3500 4789 3554 4838; x_wconf 66' lang='grc' dir='ltr'>Ξ</span> 
     </span>
    </p>
   </div>
   <div class='ocr_carea' id='block_1_45' title="bbox 346 4877 3550 4954">
    <p class='ocr_par' dir='ltr' id='par_1_45' title="bbox 346 4877 3550 4954">
     <span class='ocr_line' id='line_1_45' title="bbox 346 4877 3550 4954; baseline 0 -20"><span class='ocrx_word' id='word_1_474' title='bbox 346 4895 397 4934; x_wconf 65' lang='grc' dir='ltr'><strong>[τε</strong></span> <span class='ocrx_word' id='word_1_475' title='bbox 437 4884 460 4932; x_wconf 93' lang='lat' dir='ltr'><strong>t</strong></span> <span class='ocrx_word' id='word_1_476' title='bbox 484 4880 791 4948; x_wconf 86' lang='lat' dir='ltr'><strong>gloriosum</strong></span> <span class='ocrx_word' id='word_1_477' title='bbox 822 4880 1069 4951; x_wconf 88' lang='lat' dir='ltr'><strong>adspiret</strong></span> <span class='ocrx_word' id='word_1_478' title='bbox 1093 4898 1289 4936; x_wconf 84' lang='lat' dir='ltr'><strong>verum</strong></span> <span class='ocrx_word' id='word_1_479' title='bbox 1318 4885 1470 4940; x_wconf 90' lang='lat' dir='ltr'><strong>lume</strong></span> <span class='ocrx_word' id='word_1_480' title='bbox 1766 4903 1817 4942; x_wconf 81' lang='lat'><strong>2</strong></span> <span class='ocrx_word' id='word_1_481' title='bbox 2076 4901 2128 4937; x_wconf 69' lang='lat' dir='ltr'><strong>rx:</strong></span> <span class='ocrx_word' id='word_1_482' title='bbox 2169 4887 2190 4938; x_wconf 92' lang='lat' dir='ltr'><strong>t</strong></span> <span class='ocrx_word' id='word_1_483' title='bbox 2215 4883 2470 4954; x_wconf 88' lang='lat' dir='ltr'><strong>gaudens</strong></span> <span class='ocrx_word' id='word_1_484' title='bbox 2498 4881 2672 4936; x_wconf 87' lang='lat' dir='ltr'><strong>sacris</strong></span> <span class='ocrx_word' id='word_1_485' title='bbox 2692 4878 2992 4933; x_wconf 87' lang='lat' dir='ltr'><strong>virtutibus</strong></span> <span class='ocrx_word' id='word_1_486' title='bbox 3018 4877 3192 4931; x_wconf 80' lang='lat' dir='ltr'><strong>florea</strong></span> <span class='ocrx_word' id='word_1_487' title='bbox 3499 4894 3550 4934; x_wconf 65' lang='grc' dir='ltr'><strong>-ς</strong></span> 
     </span>
    </p>
   </div>
   <div class='ocr_carea' id='block_1_46' title="bbox 348 4971 3552 5046">
    <p class='ocr_par' dir='ltr' id='par_1_46' title="bbox 348 4971 3552 5046">
     <span class='ocr_line' id='line_1_46' title="bbox 348 4971 3552 5046; baseline -0.001 -21"><span class='ocrx_word' id='word_1_488' title='bbox 348 4999 398 5013; x_wconf 92' lang='grc'><strong><em>-</em></strong></span> <span class='ocrx_word' id='word_1_489' title='bbox 440 4973 652 5026; x_wconf 88' lang='lat' dir='ltr'><strong>nfestus</strong></span> <span class='ocrx_word' id='word_1_490' title='bbox 681 4973 857 5026; x_wconf 89' lang='lat' dir='ltr'><strong>hostis</strong></span> <span class='ocrx_word' id='word_1_491' title='bbox 884 4975 1060 5028; x_wconf 90' lang='lat' dir='ltr'><strong>victus</strong></span> <span class='ocrx_word' id='word_1_492' title='bbox 1080 4991 1210 5046; x_wconf 90' lang='lat' dir='ltr'><strong>sepe</strong></span> <span class='ocrx_word' id='word_1_493' title='bbox 1238 4981 1332 5032; x_wconf 85' lang='lat' dir='ltr'><strong>eat</strong></span> <span class='ocrx_word' id='word_1_494' title='bbox 1357 4979 1459 5033; x_wconf 92' lang='lat' dir='ltr'><strong>hin</strong></span> <span class='ocrx_word' id='word_1_495' title='bbox 1763 5001 1815 5039; x_wconf 63' lang='grc' dir='ltr'><strong>τ)</strong></span> <span class='ocrx_word' id='word_1_496' title='bbox 2074 4991 2128 5030; x_wconf 64' lang='grc' dir='ltr'><strong>ς’)</strong></span> <span class='ocrx_word' id='word_1_497' title='bbox 2167 4977 2338 5031; x_wconf 90' lang='lat' dir='ltr'><strong>elihes</strong></span> <span class='ocrx_word' id='word_1_498' title='bbox 2363 4976 2492 5030; x_wconf 90' lang='lat' dir='ltr'><strong>facti</strong></span> <span class='ocrx_word' id='word_1_499' title='bbox 2520 4977 2619 5029; x_wconf 92' lang='lat' dir='ltr'><strong>tuo</strong></span> <span class='ocrx_word' id='word_1_500' title='bbox 2648 4976 2842 5027; x_wconf 90' lang='lat' dir='ltr'><strong>sancto</strong></span> <span class='ocrx_word' id='word_1_501' title='bbox 2877 4971 3053 5042; x_wconf 89' lang='lat' dir='ltr'><strong>Spirit</strong></span> <span class='ocrx_word' id='word_1_502' title='bbox 3499 4982 3552 5022; x_wconf 77' lang='lat' dir='ltr'><strong>cz</strong></span> 
     </span>
    </p>
   </div>
   <div class='ocr_carea' id='block_1_47' title="bbox 348 5065 3554 5142">
    <p class='ocr_par' dir='ltr' id='par_1_47' title="bbox 348 5065 3554 5142">
     <span class='ocr_line' id='line_1_47' title="bbox 348 5065 3554 5142; baseline 0.001 -25"><span class='ocrx_word' id='word_1_503' title='bbox 348 5077 400 5118; x_wconf 90' lang='lat'><strong>2</strong></span> <span class='ocrx_word' id='word_1_504' title='bbox 440 5065 562 5118; x_wconf 90' lang='lat' dir='ltr'><strong>obis</strong></span> <span class='ocrx_word' id='word_1_505' title='bbox 587 5069 644 5117; x_wconf 87' lang='lat' dir='ltr'><strong>et</strong></span> <span class='ocrx_word' id='word_1_506' title='bbox 671 5067 886 5120; x_wconf 89' lang='lat' dir='ltr'><strong>almum</strong></span> <span class='ocrx_word' id='word_1_507' title='bbox 913 5073 1073 5122; x_wconf 89' lang='lat' dir='ltr'><strong>tuum</strong></span> <span class='ocrx_word' id='word_1_508' title='bbox 1104 5070 1379 5140; x_wconf 88' lang='lat' dir='ltr'><strong>juvamen</strong></span> <span class='ocrx_word' id='word_1_509' title='bbox 1411 5073 1529 5128; x_wconf 88' lang='lat' dir='ltr'><strong>adsi</strong></span> <span class='ocrx_word' id='word_1_510' title='bbox 1765 5095 1817 5136; x_wconf 57' lang='grc' dir='ltr'><strong>..θ</strong></span> <span class='ocrx_word' id='word_1_511' title='bbox 2076 5087 2129 5133; x_wconf 67' lang='grc' dir='ltr'><strong>,τε</strong></span> <span class='ocrx_word' id='word_1_512' title='bbox 2170 5071 2340 5142; x_wconf 86' lang='lat' dir='ltr'><strong>epleti</strong></span> <span class='ocrx_word' id='word_1_513' title='bbox 2369 5069 2518 5124; x_wconf 91' lang='lat' dir='ltr'><strong>bono</strong></span> <span class='ocrx_word' id='word_1_514' title='bbox 2539 5073 2632 5123; x_wconf 90' lang='lat' dir='ltr'><strong>tue</strong></span> <span class='ocrx_word' id='word_1_515' title='bbox 2660 5084 2724 5121; x_wconf 88' lang='lat' dir='ltr'><strong>ac</strong></span> <span class='ocrx_word' id='word_1_516' title='bbox 2751 5065 3015 5121; x_wconf 91' lang='lat' dir='ltr'><strong>clementi</strong></span> <span class='ocrx_word' id='word_1_517' title='bbox 3501 5079 3554 5120; x_wconf 62' lang='grc' dir='ltr'><strong>μ’)</strong></span> 
     </span>
    </p>
   </div>
   <div class='ocr_carea' id='block_1_48' title="bbox 347 5159 3554 5234">
    <p class='ocr_par' dir='ltr' id='par_1_48' title="bbox 347 5159 3554 5234">
     <span class='ocr_line' id='line_1_48' title="bbox 347 5159 3554 5234; baseline 0.002 -25"><span class='ocrx_word' id='word_1_518' title='bbox 347 5182 400 5200; x_wconf 85' lang='grc'><strong><em>-</em></strong></span> <span class='ocrx_word' id='word_1_519' title='bbox 441 5173 696 5212; x_wconf 90' lang='lat' dir='ltr'><strong>mmense</strong></span> <span class='ocrx_word' id='word_1_520' title='bbox 726 5159 941 5214; x_wconf 78' lang='lat' dir='ltr'><strong>Christe</strong></span> <span class='ocrx_word' id='word_1_521' title='bbox 974 5161 1139 5216; x_wconf 85' lang='lat' dir='ltr'><strong>Filius</strong></span> <span class='ocrx_word' id='word_1_522' title='bbox 1170 5165 1268 5220; x_wconf 88' lang='lat' dir='ltr'><strong>Dei</strong></span> <span class='ocrx_word' id='word_1_523' title='bbox 1300 5166 1390 5219; x_wconf 88' lang='lat' dir='ltr'><strong>viv</strong></span> <span class='ocrx_word' id='word_1_524' title='bbox 1764 5196 1816 5212; x_wconf 91' lang='lat'><strong><em>-</em></strong></span> <span class='ocrx_word' id='word_1_525' title='bbox 2075 5195 2128 5213; x_wconf 85' lang='lat'><strong>--</strong></span> <span class='ocrx_word' id='word_1_526' title='bbox 2168 5166 2411 5222; x_wconf 88' lang='lat' dir='ltr'><strong>nradiati</strong></span> <span class='ocrx_word' id='word_1_527' title='bbox 2440 5164 2765 5234; x_wconf 86' lang='lat' dir='ltr'><strong>fulgeamus</strong></span> <span class='ocrx_word' id='word_1_528' title='bbox 2794 5159 2981 5231; x_wconf 86' lang='lat' dir='ltr'><strong>jugite</strong></span> <span class='ocrx_word' id='word_1_529' title='bbox 3500 5169 3554 5215; x_wconf 64' lang='grc' dir='ltr'><em>τε</em></span> 
     </span>
    </p>
   </div>
   <div class='ocr_carea' id='block_1_49' title="bbox 349 5253 3554 5330">
    <p class='ocr_par' dir='ltr' id='par_1_49' title="bbox 349 5253 3554 5330">
     <span class='ocr_line' id='line_1_49' title="bbox 349 5253 3554 5330; baseline 0 -23"><span class='ocrx_word' id='word_1_530' title='bbox 349 5266 401 5307; x_wconf 80' lang='grc'><strong>·-]</strong></span> <span class='ocrx_word' id='word_1_531' title='bbox 441 5267 680 5322; x_wconf 89' lang='lat' dir='ltr'><strong>egamur</strong></span> <span class='ocrx_word' id='word_1_532' title='bbox 708 5269 906 5308; x_wconf 90' lang='lat' dir='ltr'><strong>omnes</strong></span> <span class='ocrx_word' id='word_1_533' title='bbox 929 5257 1040 5309; x_wconf 90' lang='lat' dir='ltr'><strong>tuis</strong></span> <span class='ocrx_word' id='word_1_534' title='bbox 1069 5258 1172 5312; x_wconf 91' lang='lat' dir='ltr'><strong>sub</strong></span> <span class='ocrx_word' id='word_1_535' title='bbox 1201 5258 1476 5330; x_wconf 87' lang='lat' dir='ltr'><strong>signaculi</strong></span> <span class='ocrx_word' id='word_1_536' title='bbox 1764 5279 1818 5313; x_wconf 72' lang='grc' dir='ltr'>ω</span> <span class='ocrx_word' id='word_1_537' title='bbox 2075 5289 2131 5324; x_wconf 77' lang='grc' dir='ltr'>ω</span> <span class='ocrx_word' id='word_1_538' title='bbox 2167 5262 2310 5317; x_wconf 86' lang='lat' dir='ltr'><strong>acris</strong></span> <span class='ocrx_word' id='word_1_539' title='bbox 2335 5260 2416 5314; x_wconf 89' lang='lat' dir='ltr'><strong>sic</strong></span> <span class='ocrx_word' id='word_1_540' title='bbox 2441 5272 2671 5328; x_wconf 89' lang='lat' dir='ltr'><strong>semper</strong></span> <span class='ocrx_word' id='word_1_541' title='bbox 2701 5255 2921 5310; x_wconf 87' lang='lat' dir='ltr'><strong>actibus</strong></span> <span class='ocrx_word' id='word_1_542' title='bbox 2941 5253 3127 5324; x_wconf 86' lang='lat' dir='ltr'><strong>justiti</strong></span> <span class='ocrx_word' id='word_1_543' title='bbox 3501 5267 3554 5308; x_wconf 69' lang='grc' dir='ltr'><strong>ιη</strong></span> 
     </span>
    </p>
   </div>
   <div class='ocr_carea' id='block_1_50' title="bbox 348 5346 3550 5431">
    <p class='ocr_par' dir='ltr' id='par_1_50' title="bbox 348 5346 3550 5431">
     <span class='ocr_line' id='line_1_50' title="bbox 348 5346 3550 5431; baseline 0.001 -31"><span class='ocrx_word' id='word_1_544' title='bbox 348 5375 398 5392; x_wconf 82' lang='grc' dir='ltr'><strong>-ι</strong></span> <span class='ocrx_word' id='word_1_545' title='bbox 438 5347 591 5402; x_wconf 90' lang='lat' dir='ltr'><strong>nlata</strong></span> <span class='ocrx_word' id='word_1_546' title='bbox 618 5346 744 5402; x_wconf 90' lang='lat' dir='ltr'><strong>luce</strong></span> <span class='ocrx_word' id='word_1_547' title='bbox 777 5348 936 5402; x_wconf 90' lang='lat' dir='ltr'><strong>nobis</strong></span> <span class='ocrx_word' id='word_1_548' title='bbox 974 5351 1053 5405; x_wconf 89' lang='lat' dir='ltr'><strong>tui</strong></span> <span class='ocrx_word' id='word_1_549' title='bbox 1081 5353 1285 5408; x_wconf 90' lang='lat' dir='ltr'><strong>lumini</strong></span> <span class='ocrx_word' id='word_1_550' title='bbox 1765 5374 1818 5408; x_wconf 76' lang='grc' dir='ltr'>ω</span> <span class='ocrx_word' id='word_1_551' title='bbox 2077 5377 2129 5418; x_wconf 67' lang='grc' dir='ltr'><strong>..ς</strong></span> <span class='ocrx_word' id='word_1_552' title='bbox 2146 5375 2240 5431; x_wconf 79' lang='lat' dir='ltr'><strong>_ua</strong></span> <span class='ocrx_word' id='word_1_553' title='bbox 2261 5361 2323 5411; x_wconf 87' lang='lat' dir='ltr'><strong>ut</strong></span> <span class='ocrx_word' id='word_1_554' title='bbox 2344 5355 2496 5408; x_wconf 86' lang='lat' dir='ltr'><strong>alma</strong></span> <span class='ocrx_word' id='word_1_555' title='bbox 2515 5366 2858 5406; x_wconf 88' lang='lat' dir='ltr'><strong>coronemur</strong></span> <span class='ocrx_word' id='word_1_556' title='bbox 2879 5348 3022 5420; x_wconf 89' lang='lat' dir='ltr'><strong>glori</strong></span> <span class='ocrx_word' id='word_1_557' title='bbox 3498 5360 3550 5402; x_wconf 59' lang='grc' dir='ltr'><strong>εδ</strong></span> 
     </span>
    </p>
   </div>
   <div class='ocr_carea' id='block_1_51' title="bbox 293 5531 3624 5611">
    <p class='ocr_par' dir='ltr' id='par_1_51' title="bbox 293 5531 3624 5611">
     <span class='ocr_line' id='line_1_51' title="bbox 293 5531 3624 5611; baseline 0.002 -27"><span class='ocrx_word' id='word_1_558' title='bbox 293 5602 301 5611; x_wconf 34' lang='grc' dir='ltr'>ι</span> <span class='ocrx_word' id='word_1_559' title='bbox 337 5532 440 5611; x_wconf 77' lang='lat' dir='ltr'><strong>(l2)</strong></span> <span class='ocrx_word' id='word_1_560' title='bbox 472 5534 528 5586; x_wconf 90' lang='lat' dir='ltr'><strong>In</strong></span> <span class='ocrx_word' id='word_1_561' title='bbox 569 5534 923 5611; x_wconf 71' lang='lat' dir='ltr'><strong>bibliotheca</strong></span> <span class='ocrx_word' id='word_1_562' title='bbox 964 5539 1334 5595; x_wconf 87' lang='lat' dir='ltr'><strong>Escurialensi</strong></span> <span class='ocrx_word' id='word_1_563' title='bbox 1375 5550 1712 5599; x_wconf 89' lang='lat' dir='ltr'><strong>asservatur.</strong></span> <span class='ocrx_word' id='word_1_564' title='bbox 1742 5549 1886 5601; x_wconf 86' lang='lat' dir='ltr'><strong>Con-</strong></span> <span class='ocrx_word' id='word_1_565' title='bbox 1990 5550 2191 5603; x_wconf 88' lang='lat' dir='ltr'><strong>notant</strong></span> <span class='ocrx_word' id='word_1_566' title='bbox 2215 5545 2306 5599; x_wconf 93' lang='lat' dir='ltr'><strong>die</strong></span> <span class='ocrx_word' id='word_1_567' title='bbox 2332 5545 2400 5596; x_wconf 82' lang='lat'><strong>25</strong></span> <span class='ocrx_word' id='word_1_568' title='bbox 2428 5539 2552 5596; x_wconf 84' lang='lat' dir='ltr'><strong>Maii</strong></span> <span class='ocrx_word' id='word_1_569' title='bbox 2579 5554 2707 5592; x_wconf 63' lang='lat' dir='ltr'><strong>sera:</strong></span> <span class='ocrx_word' id='word_1_570' title='bbox 2735 5533 2972 5611; x_wconf 74' lang='lat' dir='ltr'><strong>ux_1v,_id</strong></span> <span class='ocrx_word' id='word_1_571' title='bbox 2996 5536 3078 5611; x_wconf 78' lang='lat' dir='ltr'><strong>est</strong></span> <span class='ocrx_word' id='word_1_572' title='bbox 3098 5531 3478 5611; x_wconf 70' lang='lat' dir='ltr'><strong>anni_Ch_1_&#39;isti</strong></span> <span class='ocrx_word' id='word_1_573' title='bbox 3500 5539 3624 5604; x_wconf 83' lang='lat'><strong>976,</strong></span> 
     </span>
    </p>
   </div>
   <div class='ocr_carea' id='block_1_52' title="bbox 265 5605 3629 5689">
    <p class='ocr_par' dir='ltr' id='par_1_52' title="bbox 265 5605 3629 5689">
     <span class='ocr_line' id='line_1_52' title="bbox 265 5605 3629 5689; baseline 0.005 -34"><span class='ocrx_word' id='word_1_574' title='bbox 265 5605 408 5689; x_wconf 66' lang='lat' dir='ltr'><strong>tinet</strong></span> <span class='ocrx_word' id='word_1_575' title='bbox 425 5605 658 5684; x_wconf 78' lang='lat' dir='ltr'><strong>concilia</strong></span> <span class='ocrx_word' id='word_1_576' title='bbox 683 5609 972 5689; x_wconf 61' lang='lat' dir='ltr'><strong>seraginta</strong></span> <span class='ocrx_word' id='word_1_577' title='bbox 993 5626 1172 5689; x_wconf 82' lang='lat' dir='ltr'><strong>unum</strong></span> <span class='ocrx_word' id='word_1_578' title='bbox 1201 5619 1258 5666; x_wconf 89' lang='lat' dir='ltr'><strong>et</strong></span> <span class='ocrx_word' id='word_1_579' title='bbox 1278 5614 1541 5689; x_wconf 79' lang='lat' dir='ltr'><strong>epistolas</strong></span> <span class='ocrx_word' id='word_1_580' title='bbox 1561 5617 1886 5672; x_wconf 86' lang='lat' dir='ltr'><strong>decretales.</strong></span> <span class='ocrx_word' id='word_1_581' title='bbox 1990 5616 2362 5689; x_wconf 85' lang='lat' dir='ltr'><strong>regnantibus</strong></span> <span class='ocrx_word' id='word_1_582' title='bbox 2408 5614 2466 5689; x_wconf 81' lang='lat' dir='ltr'><strong>in</strong></span> <span class='ocrx_word' id='word_1_583' title='bbox 2497 5613 2756 5689; x_wconf 55' lang='lat' dir='ltr'><strong>_l_‘lavarra</strong></span> <span class='ocrx_word' id='word_1_584' title='bbox 2891 5605 3110 5689; x_wconf 56' lang='lat' dir='ltr'><strong>Sappho</strong></span> <span class='ocrx_word' id='word_1_585' title='bbox 3141 5609 3200 5659; x_wconf 72' lang='lat' dir='ltr'><strong>et</strong></span> <span class='ocrx_word' id='word_1_586' title='bbox 3243 5607 3629 5689; x_wconf 50' lang='lat' dir='ltr'><strong>p-‘Ufl&#39;aca_f?t</strong></span> 
     </span>
    </p>
   </div>
   <div class='ocr_carea' id='block_1_53' title="bbox 263 5674 3628 5756">
    <p class='ocr_par' dir='ltr' id='par_1_53' title="bbox 263 5674 3628 5756">
     <span class='ocr_line' id='line_1_53' title="bbox 263 5674 3628 5756; baseline 0.002 -27"><span class='ocrx_word' id='word_1_587' title='bbox 263 5674 401 5738; x_wconf 76' lang='lat' dir='ltr'><strong>Quae</strong></span> <span class='ocrx_word' id='word_1_588' title='bbox 431 5675 625 5756; x_wconf 78' lang='lat' dir='ltr'><strong>omnia</strong></span> <span class='ocrx_word' id='word_1_589' title='bbox 668 5674 1046 5756; x_wconf 61' lang='lat' dir='ltr'><strong>scriptasunt</strong></span> <span class='ocrx_word' id='word_1_590' title='bbox 1083 5699 1256 5737; x_wconf 88' lang='lat' dir='ltr'><strong>manu</strong></span> <span class='ocrx_word' id='word_1_591' title='bbox 1286 5674 1485 5756; x_wconf 60' lang='lat' dir='ltr'><strong>Vigila;</strong></span> <span class='ocrx_word' id='word_1_592' title='bbox 1518 5694 1574 5742; x_wconf 92' lang='lat' dir='ltr'><strong>et</strong></span> <span class='ocrx_word' id='word_1_593' title='bbox 1603 5689 1886 5743; x_wconf 88' lang='lat' dir='ltr'><strong>Sarracini</strong></span> <span class='ocrx_word' id='word_1_594' title='bbox 1993 5674 2377 5744; x_wconf 60' lang='lat' dir='ltr'><strong>D.URanimiro</strong></span> <span class='ocrx_word' id='word_1_595' title='bbox 2406 5685 2463 5738; x_wconf 90' lang='lat' dir='ltr'><strong>in</strong></span> <span class='ocrx_word' id='word_1_596' title='bbox 2497 5683 2758 5753; x_wconf 89' lang='lat' dir='ltr'><strong>Viguera,</strong></span> <span class='ocrx_word' id='word_1_597' title='bbox 2793 5678 2862 5732; x_wconf 88' lang='lat' dir='ltr'><strong>de</strong></span> <span class='ocrx_word' id='word_1_598' title='bbox 2893 5677 3102 5747; x_wconf 84' lang='lat' dir='ltr'><strong>quibus</strong></span> <span class='ocrx_word' id='word_1_599' title='bbox 3127 5677 3393 5748; x_wconf 86' lang='lat' dir='ltr'><strong>specialis</strong></span> <span class='ocrx_word' id='word_1_600' title='bbox 3415 5681 3628 5737; x_wconf 89' lang='lat' dir='ltr'><strong>mentio</strong></span> 
     </span>
    </p>
   </div>
   <div class='ocr_carea' id='block_1_54' title="bbox 262 5745 2552 5830">
    <p class='ocr_par' dir='ltr' id='par_1_54' title="bbox 262 5745 2552 5830">
     <span class='ocr_line' id='line_1_54' title="bbox 262 5745 2552 5830; baseline 0.005 -33"><span class='ocrx_word' id='word_1_601' title='bbox 262 5745 683 5830; x_wconf 68' lang='lat' dir='ltr'><strong>monachorum</strong></span> <span class='ocrx_word' id='word_1_602' title='bbox 700 5745 1238 5830; x_wconf 80' lang='lat' dir='ltr'><strong>Albeldensium,_et</strong></span> <span class='ocrx_word' id='word_1_603' title='bbox 1264 5745 1560 5830; x_wconf 53' lang='lat' dir='ltr'><strong>cujusdam</strong></span> <span class='ocrx_word' id='word_1_604' title='bbox 1593 5760 1788 5830; x_wconf 71' lang='lat' dir='ltr'><strong>Vigilm</strong></span> <span class='ocrx_word' id='word_1_605' title='bbox 1811 5761 1889 5814; x_wconf 90' lang='lat' dir='ltr'><strong>di-</strong></span> <span class='ocrx_word' id='word_1_606' title='bbox 1991 5761 2053 5816; x_wconf 79' lang='lat' dir='ltr'><strong>fit</strong></span> <span class='ocrx_word' id='word_1_607' title='bbox 2077 5761 2134 5815; x_wconf 92' lang='lat' dir='ltr'><strong>in</strong></span> <span class='ocrx_word' id='word_1_608' title='bbox 2163 5760 2252 5814; x_wconf 88' lang='lat' dir='ltr'><strong>his</strong></span> <span class='ocrx_word' id='word_1_609' title='bbox 2281 5757 2552 5812; x_wconf 86' lang='lat' dir='ltr'><strong>versibus.</strong></span> 
     </span>
    </p>
   </div>
   <div class='ocr_carea' id='block_1_55' title="bbox 262 5818 1888 5903">
    <p class='ocr_par' dir='ltr' id='par_1_55' title="bbox 262 5818 1888 5903">
     <span class='ocr_line' id='line_1_55' title="bbox 262 5818 1888 5903; baseline 0.009 -34"><span class='ocrx_word' id='word_1_610' title='bbox 262 5818 481 5889; x_wconf 89' lang='lat' dir='ltr'><strong>scipuli,</strong></span> <span class='ocrx_word' id='word_1_611' title='bbox 527 5818 738 5874; x_wconf 80' lang='lat' dir='ltr'><strong>Garciae</strong></span> <span class='ocrx_word' id='word_1_612' title='bbox 787 5825 1040 5879; x_wconf 92' lang='lat' dir='ltr'><strong>nomine.</strong></span> <span class='ocrx_word' id='word_1_613' title='bbox 1093 5818 1292 5880; x_wconf 82' lang='lat' dir='ltr'><strong>Labori</strong></span> <span class='ocrx_word' id='word_1_614' title='bbox 1329 5818 1508 5883; x_wconf 70' lang='lat' dir='ltr'><strong>linem</strong></span> <span class='ocrx_word' id='word_1_615' title='bbox 1559 5818 1888 5903; x_wconf 71' lang='lat' dir='ltr'><strong>impositum</strong></span> 
     </span>
    </p>
   </div>
  </div>
