3998 5416
248 402 3507 450 Mm

1427 434 2040 448 -_—_————-———._~.——-—-—.

547 667 1654 832 [SIDORUS
1786 670 3251 851 MERCATOB-

1280 1165 2133 1296 PBOLEGOM
2155 1172 2437 1291 ENA
2464 1261 2496 1292 .

693 1610 1641 1724 HENBIGI
1747 1608 3070 1725 DENZINGER

906 1861 968 1904 IN
1021 1862 1480 1907 UNIVERSITATE
1522 1857 1992 1902 BERBIPOIENSI
2035 1859 2413 1906 THEOLOGIB
2456 1859 2873 1906 PROFESSOBIS

1088 2061 1634 2178 ECLOGE
1718 2061 1898 2172 ET
1987 2053 2683 2171 EPICRISIS

370 2312 613 2374 Eorum
648 2329 782 2391 qua
823 2329 859 2369 α
899 2304 1346 2371 recentioribus
1386 2301 1631 2367 criticis
1677 2304 1748 2363 de
1789 2297 2404 2361 Pseudoisidorianis
2450 2296 2870 2358 Decretaiibus
2904 2304 3141 2357 statuta
3175 2305 3343 2358 sunt.

313 2669 370 2724 ι.
411 2665 549 2722 Mira
573 2672 720 2722 sorte
759 2664 959 2720 nostris
997 2663 1146 2718 hisce
1176 2661 1504 2732 temporibus
1535 2670 1715 2716 actum
1741 2667 1844 2727 est,
1867 2667 1926 2716 ut
1968 2659 2003 2715 ii
2044 2660 2144 2731 ipsi
2194 2661 2284 2732 qui
2324 2661 2618 2730 quondam,
2651 2669 2712 2714 ut
2741 2659 2998 2714 Romana:
3027 2658 3169 2714 sedis
3196 2668 3504 2732 praerogati-

241 2774 339 2814 1vas
364 2759 706 2826 impeterent,
751 2769 961 2811 merces
985 2752 1529 2808 Pseudoisidorianas
1573 2751 1888 2822 pontificum
1923 2751 2096 2807 fraudi
2125 2753 2452 2818 tribuebant,
2489 2752 2649 2807 modo
2684 2766 2796 2821 prae
2832 2749 3083 2804 omnibus
3107 2749 3317 2806 felicius
3342 2761 3508 2822 atque

247 2849 506 2904 subtilius
535 2847 825 2920 genuinum
857 2845 1121 2917 ejusmodi
1146 2845 1498 2900 decretalium
1528 2856 1706 2901 ortum
1739 2846 2109 2916 indigitarent.
2138 2846 2548 2912 Verumtamen,
2593 2856 2653 2901 ut
2693 2844 2985 2914 plurimum
3007 2859 3070 2900 eo
3098 2859 3204 2899 non
3229 2855 3358 2900 sunt
3380 2861 3507 2916 pro-

237 2939 438 3009 gressi,
463 2945 523 2992 ut
551 2937 822 2992 Romanos
851 2935 1134 3007 pontifices
1180 2934 1352 2990 fraudi
1376 2934 1488 3003 jam
1525 2951 1556 2989 a
1584 2935 1768 2990 multis
1795 2944 2021 3005 receptae
2052 2951 2159 2990 non
2192 2934 2412 3000 favisse,
2449 2944 2504 2988 et
2544 2935 2802 2990 Romana:
2833 2937 2980 2992 sedis
3001 2937 3279 3008 privilegia
3304 2937 3504 2993 exinde

237 3028 362 3099 plus
381 3044 542 3098 aequo
568 3044 674 3083 non
702 3027 1002 3099 profecisse
1038 3027 1328 3083 fateantur.
1368 3026 1621 3094 Quinimo
1663 3042 1752 3082 res
1795 3029 1927 3082 satis
1959 3027 2191 3098 implexa
2232 3031 2518 3100 nequidem
2559 3030 2844 3085 catholicis
2885 3031 3140 3086 omnibus
3169 3031 3240 3085 ita
3268 3031 3508 3102 eliquata

235 3128 342 3185 est,
369 3129 430 3174 ut
450 3119 687 3190 aliquam
711 3119 904 3174 saltem
936 3117 1233 3188 disciplina:
1272 3116 1653 3172 ecclesiasticae
1702 3115 2060 3170 mutationem
2111 3115 2258 3172 hisce
2304 3117 2666 3174 decretalibus
2711 3120 2990 3180 inductam
3040 3122 3231 3191 fuisse,
3261 3140 3369 3180 non
3410 3125 3509 3192 ad-

239 3211 478 3267 mittant.
513 3211 651 3267 Hinc
685 3227 801 3275 nos,
828 3219 888 3267 ut
918 3209 1234 3266 inveteratis
1267 3209 1567 3264 istiusmodi
1602 3208 1930 3280 prmjudiciis
1973 3223 2071 3279 pro
2105 3224 2264 3279 posse
2291 3210 2451 3264 tinem
2480 3211 2842 3280 imponamus.
2874 3215 3098 3271 edendis
3127 3215 3500 3272 Decretalibus

239 3300 544 3372 praeludere
568 3301 878 3365 statuimus,
903 3314 966 3354 ea
997 3313 1120 3368 qua:
1149 3314 1179 3352 a
1210 3297 1604 3352 recentioribus
1635 3298 1842 3352 criticis
1884 3297 2145 3368 prmclarc
2189 3308 2310 3354 acta
2337 3308 2483 3366 sunt,
2510 3300 2849 3371 colligentes,
2881 3318 2946 3358 ea
2989 3319 3108 3374 qua:
3141 3306 3317 3360 minus
3347 3303 3504 3361 nobis

237 3391 563 3463 probantur,
595 3405 734 3446 novo
763 3390 998 3446 examini
1020 3389 1389 3461 sulijicientes.
1424 3386 1552 3442 Tria
1581 3387 1748 3457 igitur
1767 3398 1926 3442 erunt
1966 3390 2032 3442 de
2061 3388 2259 3457 quibus
2285 3390 2440 3446 nobis
2467 3390 2848 3462 inquirendum
2877 3393 2981 3448 erit
3007 3393 3248 3450 breviter
3277 3411 3291 3447 ;

242 3528 296 3583 I-
333 3527 454 3594 Ubi,
483 3526 696 3598 quando
725 3536 774 3581 et
800 3540 903 3596 quo
927 3525 1258 3596 potissimum
1291 3523 1397 3593 ﬁne
1424 3523 1677 3594 confecta:
1712 3523 1909 3594 fuerint
1936 3523 2235 3580 Decretales
2266 3523 2787 3580 Pseudoisidorianaa
2817 3545 2836 3590 ,-

239 3621 298 3674 2ο
334 3617 523 3673 Utrum
553 3617 731 3684 fraudi
747 3617 868 3686 jam
907 3625 1038 3670 acta:
1072 3613 1292 3668 Romani
1314 3614 1456 3670 illius
1485 3617 1732 3685 temporis
1758 3615 2030 3686 pontiﬁces
2060 3617 2322 3687 fauerint;

242 3705 299 3760 5ο
335 3707 549 3773 Utrum,
578 3707 626 3761 si
664 3705 965 3760 nullatenus
992 3706 1046 3760 in
1083 3713 1287 3774 partem
1333 3703 1544 3772 fraudis
1576 3706 1824 3783 _venerint
1872 3706 2144 3776 pontiﬁces
2170 3747 2186 3771 ,
2236 3707 2420 3762 saltem
2465 3707 2660 3762 eadem
2690 3707 2817 3777 ipsa:
2848 3707 3144 3763 Decretales
3184 3708 3250 3763 iis
3298 3708 3504 3778 qucde

307 3799 569 3869 pontiﬁcis
607 3799 921 3852 auctoritate
948 3796 1132 3850 docent
1192 3795 1309 3849 novi
1345 3795 1618 3866 quidpiam
1643 3796 1944 3852 induxennt

1828 3926 1938 4000 ξι.

306 4029 364 4084 Ξ.
407 4025 729 4097 Muitiplices
771 4022 1137 4080 recentiorum
1179 4019 1247 4075 de
1295 4018 1820 4076 Pseudoisidoriantc
1864 4020 2200 4078 collectionis
2228 4031 2352 4079 ortu
2386 4023 2672 4093 opiniones
2719 4025 2911 4078 intres
2947 4023 3289 4093 potissimum
3313 4023 3516 4082 classes

243 4125 481 4182 dividere
504 4125 673 4180 lubet.

307 4218 493 4274 Prima
523 4219 594 4274 sit
623 4232 836 4279 eorum,
866 4214 958 4283 qui
993 4212 1279 4282 pauciores
1309 4226 1536 4267 numero
1567 4220 1623 4266 et
1647 4212 1802 4282 quasi
1843 4214 1911 4267 ab
1951 4214 2206 4268 omnibus
2242 4212 2509 4276 derelicti,
2541 4211 2849 4267 Decretales
2875 4211 3062 4266 Roma:
3089 4212 3347 4283 augenda:
3373 4227 3511 4283 pon-

241 4309 423 4365 tificis:
446 4311 697 4381 potestati
722 4305 1003 4363 confectas
1031 4310 1337 4358 autumant.
1362 4301 1456 4358 His
1483 4303 1925 4357 annumerandus
1945 4311 2029 4357 est
2055 4302 2277 4357 infausti
2306 4301 2542 4356 nominis
2564 4299 2868 4356 catholicus
2889 4303 3156 4358 Antonius
3171 4303 3405 4359 Theiner
3431 4304 3510 4375 (1)

236 4409 299 4453 et
333 4398 393 4452 ll.
427 4397 490 4452 E.
522 4398 794 4453 Eiclihorn
825 4395 924 4466 (2).
956 4394 1054 4463 Qui
1087 4405 1264 4449 tamen
1299 4393 1522 4460 addunt,
1552 4394 1863 4450 Decretales
1901 4393 2090 4450 Roma:
2129 4394 2329 4451 szeculo
2354 4409 2449 4450 vn:
2479 4403 2631 4450 ortas
2655 4403 2711 4449 et
2738 4411 2768 4447 a
2808 4392 3024 4450 France
3052 4395 3284 4466 quodam
3317 4395 3517 4452 clerico

238 4487 436 4543 saeculo
478 4504 532 4543 lx
563 4488 855 4550 mediante,
892 4495 1080 4538 auctas
1111 4482 1294 4538 fuisse.

315 4579 416 4633 Alii
445 4580 534 4632 vix
562 4595 666 4634 non
697 4577 992 4633 innocuum
1019 4574 1242 4628 omnino
1270 4572 1749 4628 Pseudoisidorum
1779 4573 1928 4628 illum
1975 4581 2240 4640 statuunt,
2272 4575 2416 4628 inter
2446 4590 2586 4645 quos
2611 4577 2923 4632 nominandi
2955 4587 3080 4634 sunt
3105 4579 3170 4633 A.
3194 4577 3406 4634 Walter
3431 4578 3507 4648 (3)

246 4676 309 4726 et
336 4669 583 4726 Rossbirt
611 4669 712 4743 (ι),
742 4667 832 4724 ille
862 4667 1081 4731 Bonum,
1116 4663 1487 4734 Hcidelberga:
1527 4663 1618 4719 hic
1653 4663 1948 4733 professor.
1983 4664 2186 4719 Censet
2219 4663 2432 4718 Walter
2474 4673 2748 4721 auctorem
2786 4675 3054 4732 nostrum,
3087 4681 3247 4736 quem
3277 4667 3510 4722 Benedi-

236 4769 392 4815 etum
415 4759 657 4816 Levitam
685 4759 1039 4816 collectorem
1070 4753 1664 4825 Pseudocapitnlarium
1713 4753 1882 4810 fuisse
1929 4755 2256 4825 suspicatur,
2287 4755 2507 4810 nonnisi
2532 4755 2906 4812 collectionem
2938 4772 3205 4812 canonum
3233 4757 3504 4828 integram

235 4850 497 4906 Ecclesiae
525 4851 864 4923 disciplinam
893 4845 1339 4916 complectentem
1370 4844 1673 4900 intendisse
1700 4851 1756 4898 et
1787 4844 1842 4898 in
1883 4858 1949 4899 ea
1980 4845 2214 4899 maxime
2257 4841 2522 4899 institisse
2541 4884 2556 4910 ,
2605 4859 2723 4914 quae
2755 4854 2882 4900 tunc
2911 4847 3172 4917 temporis
3199 4847 3371 4918 magis
3407 4863 3509 4901 nc-

233 4943 590 5015 gligebantur.
649 4946 801 5003 idem
845 4941 958 4999 fere
997 4940 1269 5005 Rosshirt,
1316 4939 1412 5010 qui
1459 4953 1527 4995 ex
1577 4937 1765 4994 codice
1811 4935 2202 5007 Bambergensi
2231 4951 2261 4990 a
2291 4950 2351 4991 se
2387 4935 2604 4994 detecto
2634 4938 2927 4994 seeruisse
2948 4947 3120 5010 putat,
3150 4939 3510 4995 Mercatorem

232 5044 484 5091 nostrum
514 5040 661 5109 prius
683 5034 936 5094 confecta
977 5041 1035 5087 ut
1074 5032 1366 5103 plurimum
1408 5031 1715 5104 apocrypha
1754 5029 2072 5088 adhibuisse
2101 5045 2221 5102 quae
2246 5030 2452 5088 Graecae
2491 5017 2835 5103 potissim’um
2857 5029 3083 5101 originis
3111 5027 3275 5086 fuisse
3298 5043 3510 5093 censet,

316 5285 395 5320 ιη
436 5287 633 5322 Αιιιηηις
699 5281 964 5324 'l‘lminor-
1019 5293 1178 5324 nllem
1228 5291 1258 5324 ει
1306 5274 1471 5324 fratre
1520 5273 1820 5326 Augustino

1688 5273 1820 5326 stino
2002 5281 2080 5328 (33
2114 5278 2340 5328 Walter.
2371 5271 2790 5328 Hirchenrecltt.
2825 5272 2913 5327 10.
2943 5273 3080 5328 Aufl.
3115 5272 3142 5328 8
3181 5274 3267 5328 79.
