3998 5416
435 269 489 309 γι
1246 255 1534 311 aereae.
1575 257 1667 312 AD
1702 253 1876 312 sm.
1916 216 2006 310 tx.
2047 284 2114 296 -
2150 254 2470 317 lSlbORUS
2509 251 2909 322 nencaronl

436 384 611 438 neque
640 382 767 423 tunc
797 366 1053 438 temporis
1080 367 1130 423 id
1155 383 1253 438 pro
1280 367 1470 426 fraude
1498 372 1738 428 habitum
1767 371 2032 442 ejusmodi
2063 371 2405 443 documenta,
2434 394 2554 449 qua:
2582 382 2830 451 personis
2859 389 2915 437 et
2964 380 3125 437 rebus
3151 382 3524 451 convenirent,
3557 383 3687 439 dedo

435 458 704 514 cientibus
723 456 988 528 genuinis,
1019 470 1363 527 componere.

504 548 601 604 His
628 548 995 604 accensendus
1016 555 1099 603 est
1124 555 1180 602 et
1208 548 1442 621 inclytus
1485 548 1573 603 ille
1604 549 1726 608 ﬁdei
1765 561 2131 625 propugnator
2166 550 2405 611 Moehler
2443 555 2541 628 (5),
2578 559 2669 629 qui
2716 559 3023 616 Decretales
3066 561 3311 618 fraudem
3340 563 3485 634 piam
3517 562 3686 620 fuisse

434 648 618 696 censet
652 639 703 694 in
735 639 935 693 bonum
965 637 1233 695 libertatis
1259 639 1641 696 ecclesiastica:
1667 651 1963 712 peractam.
2002 643 2138 701 Cum
2170 646 2312 702 enim
2343 647 2671 705 tristissimis
2713 650 2819 707 illis
2862 658 3193 726 temporibus
3219 658 3457 713 humana
3483 658 3693 713 divina-

433 746 541 801 que
563 729 743 785 omnia
774 729 1250 800 permiscerentur,
1297 738 1460 802 atque
1504 732 1682 786 omnis
1727 733 2020 790 auctoritas
2054 735 2352 791 viventium
2380 739 2712 808 contemptui
2744 740 3055 810 haberetur,
3077 745 3395 816 produxisse
3417 754 3693 803 auctorem

432 823 583 878 illum
612 820 766 891 quasi
794 821 1146 890 obloquentes
1172 821 1495 877 veneranda:
1534 822 1876 892 antiquitatis
1919 839 2199 894 personas.
3222 828 3239 855 ’·
3264 840 3283 851 ὀ

502 911 701 967 Tertia:
727 910 916 966 classis
943 917 1195 965 auctores
1224 923 1408 964 veram
1433 908 1680 966 fraudem
1707 912 2020 979 admittunt,
2047 929 2169 984 quae
2192 924 2370 972 tamen
2401 932 2580 988 neque
2608 917 2779 996 Roma
2816 926 3162 992 processerit,
3208 903 3383 996 ncqne
3414 925 3688 982 Romano-

432 1019 554 1060 rum
581 1002 867 1058 utilitatem
896 1000 1209 1056 intenderit.
1240 999 1336 1056 Vel
1362 999 1508 1054 enim
1535 1009 1597 1056 ut
1635 1000 1862 1071 Spittler
1902 1002 2005 1074 (6),
2051 1003 2222 1059 Plank
2252 1004 2330 1078 (7)
2361 1012 2417 1062 et
2462 986 2939 1067 Iirosle-Ht’tlsboil'
2962 1013 3044 1084 (8)
3090 986 3399 1071 Decretales
3430 1016 3696 1071 adversus

431 1097 753 1160 potestatem
790 1087 1240 1157 metropoliticam
1265 1088 1500 1146 directas
1525 1091 1725 1154 dicunt,
1759 1091 1844 1147 vel
1878 1100 1937 1148 ut
1964 1092 2139 1149 Knust
2175 1093 2272 1167 (9),
2313 1095 2492 1175 qui‘et
2526 1095 2641 1166 ipse
2668 1096 3020 1154 Benedictum
3048 1101 3291 1156 Levitam
3323 1102 3693 1173 Moguntinnm

436 1188 716 1237 auctorem
744 1187 927 1244 vocat,
965 1177 1032 1231 ad
1075 1177 1397 1237 vindicanda
1424 1181 1547 1251 jura
1578 1182 1958 1254 episcoporum
2009 1193 2122 1239 tum
2159 1185 2419 1241 adversus
2448 1186 2687 1253 laicalia,
2723 1198 2835 1243 tum
2877 1188 3158 1260 synodalia
3195 1190 3399 1260 judicia
3439 1190 3698 1246 conﬁctas

435 1291 681 1341 censent.
719 1280 928 1349 Quibus
949 1275 1270 1335 accensendi
1303 1281 1446 1339 sunt,
1474 1273 1563 1344 qui
1591 1288 1701 1346 pra:
1728 1273 1943 1329 cmteris
1984 1275 2141 1329 nobis
2169 1275 2463 1344 genuinum
2494 1276 2855 1332 Decretalium
2888 1277 3093 1333 fontem
3123 1279 3542 1349 praelucentibus
3565 1296 3699 1338 sane

434 1375 558 1431 aliis
583 1373 906 1445 indigitasse-
920 1371 1194 1426 videntur.
1216 1367 1281 1421 A.
1308 1364 1792 1422 Wasserschleben
1823 1365 1937 1436 (10)
1979 1372 2034 1420 et
2078 1364 2306 1420 Gfrorer
2332 1365 2444 1437 (11)
2486 1375 2711 1422 censent
2752 1369 2896 1423 enim
2921 1368 3203 1441 Otgarium
3232 1372 3347 1426 sive
3373 1371 3695 1442 Autgarium

436 1465 905 1536 archiepiscopum
955 1458 1328 1530 Moguntinum
1380 1454 1446 1509 ad
1487 1454 1809 1509 vindicanda
1856 1453 1971 1509 sedi
2015 1452 2345 1524 Moguntinze
2386 1453 2713 1523 primatialia
2762 1455 2813 1510 in
2859 1453 3206 1511 Germaniam
3243 1472 3387 1526 jura,
3444 1473 3607 1528 porro
3632 1458 3700 1513 ad

436 1554 637 1610 tuenda
659 1554 919 1608 adversus
951 1546 1222 1619 principes
1247 1554 1301 1600 et
1329 1541 1563 1614 synodos
1601 1541 1981 1611 episcoporum
2029 1540 2174 1611 jura,
2215 1549 2338 1610 post
2389 1550 2714 1596 conventum
2765 1541 3264 1601 Theonisvillanum
3298 1548 3424 1601 anni
3454 1547 3559 1603 355
3594 1549 3699 1603 De-

436 1650 667 1707 cretales
693 1645 909 1718 congeri
935 1656 1177 1702 curasse.
1209 1638 1308 1694 Cui
1332 1635 1569 1708 opinioni
1595 1636 1784 1692 saltem
1810 1645 1869 1691 ut
1897 1634 2248 1706 probabiliori
2292 1633 2503 1688 accedit
2531 1633 2615 1687 vir
2655 1649 2761 1688 non
2795 1633 2911 1689 sine
2940 1634 3097 1691 laude
3124 1638 3483 1695 nominandus
3520 1638 3687 1694 Caro-

435 1741 519 1797 lus
543 1738 726 1795 Kefele
751 1735 888 1808 (12),
914 1735 1040 1791 licet
1066 1745 1165 1804 pro
1192 1743 1278 1794 ea,
1310 1742 1415 1798 qua
1446 1734 1531 1782 est
1555 1726 1822 1782 modestia
1850 1733 1906 1781 et
1945 1724 2137 1794 judicii
2181 1724 2554 1778 moderatione
2577 1721 2922 1781 diﬂicultates
2950 1741 3054 1779 non
3078 1727 3400 1781 dissimulet.

515 1825 628 1881 Nos
647 1824 733 1880 his
756 1823 981 1879 ducibus
1026 1819 1126 1873 tria
1168 1818 1513 1889 potissimum
1545 1816 1614 1871 ad
1646 1814 1990 1871 enodandum
2019 1814 2161 1869 istud
2206 1814 2434 1885 aenigma
2465 1814 2753 1870 statuimus
2783 1832 2795 1869 :
2833 1815 2888 1869 1°
2931 1816 3241 1873 Decretales
3278 1832 3455 1887 neque
3485 1818 3690 1883 Romae,

439 1932 621 1987 neque
649 1914 846 1970 saeculo
871 1927 992 1976 vni,
1015 1910 1108 1966 sed
1137 1908 1218 1975 2ο,
1248 1908 1447 1965 saeculo
1476 1922 1530 1962 ιχ
1572 1906 1844 1961 mediante
1873 1905 1927 1960 in
1975 1905 2310 1961 Francorum
2338 1904 2543 1960 ditione
2572 1906 2847 1961 confectas
2874 1923 2887 1973 ;
2928 1907 3161 1977 denique
3197 1908 3255 1962 5°
3284 1907 3575 1962 verisimile
3605 1907 3700 1962 ad-

435 2007 656 2065 modum
704 2003 876 2060 videri
929 2000 1210 2074 Otgarium
1270 1998 1648 2070 Moguntinum
1703 1994 2171 2069 archiepiscopum
2219 2001 2525 2059 auctorem,
2579 1999 2656 2053 uti
2721 1997 2910 2052 dicunt
3017 1998 3276 2053 moralem
3329 1997 3692 2054 Decretalium

438 2096 627 2152 fuisse.

510 2186 615 2255 Qui
638 2186 1119 2244 Pseudoisidorum
1154 2182 1343 2239 Romae
1383 2177 1580 2236 saeculo
1604 2192 1700 2233 vnt
1730 2177 2012 2234 collectum
2046 2176 2253 2243 dicunt,
2300 2190 2366 2232 eo
2414 2177 2753 2249 potissimum
2787 2185 3106 2249 argumento
3152 2179 3429 2247 nituntur,
3461 2179 3696 2253 capitula

437 2295 558 2351 qua:
576 2280 829 2336 dicuntur
857 2272 1180 2339 Hadriani],
1233 2272 1348 2328 sive
1392 2268 1729 2339 Angilramni
1779 2266 2037 2323 Metensis
2086 2266 2199 2339 (13)
2243 2281 2309 2322 ex
2357 2266 2777 2323 Pseudoisidoro
2821 2269 3315 2339 excerpta,eadem
3362 2270 3477 2340 ipsa
3515 2279 3697 2326 autem

437 2372 770 2429 testantibus
795 2370 1043 2443 pluribus
1072 2365 1347 2424 codicibus
1377 2361 1490 2435 (14)
1524 2363 1593 2418 ab
1622 2359 1943 2429 Hadrianol
1985 2360 2340 2433 Angilramno
2366 2360 2553 2416 Romae
2594 2360 2788 2415 tradita
2810 2360 3000 2417 fuisse.

511 2464 900 2521 Verumtamen
931 2459 1131 2517 invicte
1154 2454 1387 2513 ostendit
1428 2450 1881 2508 Waserschleben
1925 2450 2073 2506 illam
2115 2451 2362 2509 codicum
2390 2450 2801 2521 inscriptionem
2833 2447 3247 2520 prarferendam,
3275 2463 3395 2521 quae
3416 2449 3485 2505 ab
3509 2450 3701 2521 Angil-

434 2570 631 2612 ramno
660 2553 903 2626 pontiﬁci
931 2551 1114 2609 oblata
1140 2552 1390 2611 testatur,
1420 2558 1543 2601 cum
1569 2542 1674 2598 785
1698 2542 1886 2598 Romae
1933 2542 2297 2599 accusationis
2338 2543 2655 2598 amovenda:
2697 2556 2861 2597 causa
2902 2547 3234 2595 versaretur.
3268 2539 3401 2594 Nam
3442 2539 3497 2595 in
3518 2540 3691 2601 omn’-

435 2641 538 2697 bus
560 2641 734 2713 magis
768 2639 1098 2697 conveniunt
1124 2634 1443 2704 disciplinae,
1470 2647 1593 2703 quae
1622 2632 1676 2688 in
1708 2631 2047 2689 Francorum
2073 2647 2242 2705 regno
2266 2632 2572 2703 praesertim
2597 2632 2775 2703 quoad
2816 2628 3059 2703 synodos
3091 2630 3450 2701 provinciales
3489 2631 3705 2702 vigebat

437 2750 603 2806 quam
627 2733 726 2798 illi,
756 2747 916 2804 quam
948 2740 1075 2786 tunc
1099 2726 1356 2799 temporis
1379 2723 1665 2796 pontiﬁces
1708 2725 2155 2797 propugnabant;
2199 2724 2309 2780 imo
2339 2724 2599 2782 nonnulla
2631 2732 2757 2781 sunt
2781 2739 2901 2794 quae
2927 2719 3141 2795 juribus
3163 2719 3479 2790 pontiﬁcum
3520 2719 3702 2774 minus

438 2816 622 2878 favere
648 2821 921 2888 videntur,
954 2829 1014 2875 ut
1043 2821 1279 2892 capitula
1301 2819 1355 2889 6,
1384 2819 1477 2888 20,
1498 2818 1589 2885 27,
1612 2818 1705 2875 28.
1742 2817 1945 2875 Fontes
1976 2817 2228 2889 denique,
2255 2833 2324 2874 ex
2355 2819 2555 2889 quibus
2581 2819 2777 2875 hausta
2805 2827 2929 2874 sunt
2952 2812 3208 2884 capitula,
3239 2812 3278 2868 ii
3320 2830 3427 2870 non
3470 2821 3603 2868 sunt
3631 2826 3700 2867 ex

444 2914 649 2984 quibus
676 2912 954 2969 Romanus
980 2911 1222 2984 pontifex
1263 2912 1550 2975 hausisset,
1578 2909 1730 2966 verbi
1775 2909 1972 2981 gratia,
2001 2909 2328 2981 synodorum
2378 2909 2727 2979 hispanarum
2778 2915 2832 2963 et
2879 2904 3267 2978 gallicanarum
3312 2907 3552 2970 decreta,
3608 2903 3700 2959 lex

437 2997 865 3074 Vi‘sigothorum,
902 3002 1232 3059 breviarium
1265 3000 1652 3056 Alaricianum.
1692 2998 1804 3054 lmo
1845 3012 1953 3055 non
1990 2998 2187 3054 desunt
2227 2997 2364 3069 (15),
2408 2998 2501 3068 qni
2533 3005 2807 3062 censeant,
2855 2997 3001 3052 dicta
3035 2995 3274 3066 capitula
3318 2984 3543 3053 serioris
3569 3006 3695 3050 esse

442 3095 621 3150 aetatis
644 3102 699 3149 et
727 3095 795 3152 ab
833 3095 950 3165 ipso
972 3092 1273 3149 Mercatore
1304 3090 1450 3147 ﬁcta.
3246 3136 3249 3140 .

510 3184 810 3241 Invalidum
832 3191 919 3240 est
954 3182 1119 3255 igitur
1157 3189 1535 3254 argumentum
1570 3179 1715 3250 quod
1755 3180 1803 3234 ei
1834 3178 2083 3233 innititur
2124 3186 2411 3248 prtetensa:
2442 3177 2662 3245 rationi,
2693 3178 2930 3249 capitula
2977 3182 3313 3255 Angilramni
3350 3184 3536 3240 Romae
3561 3196 3695 3239 con-

440 3274 587 3334 fecta
607 3275 814 3343 fuisse;
844 3275 1028 3333 deﬁcit
1053 3290 1180 3347 ergo
1204 3274 1375 3330 locus.
1406 3275 1608 3330 Verum
1639 3271 1835 3329 falsum
1860 3283 1942 3328 est
1987 3272 2152 3327 etiam
2191 3288 2258 3327 ex
2299 3273 2417 3343 ipso
2438 3272 2739 3329 Mercatore
2758 3286 3015 3344 excerpta
3047 3275 3244 3344 fuisse;
3283 3262 3414 3348 ergo
3436 3275 3705 3349 .deﬁcitet

437 3378 675 3441 tempus.
705 3367 850 3425 Nihil
884 3368 938 3425 in
978 3369 1044 3425 iis
1065 3376 1150 3425 est
1177 3366 1320 3439 quod
1350 3381 1517 3438 scopo
1558 3373 1615 3422 et
1660 3363 1942 3434 principiis
1976 3360 2502 3419 Pseudoisidorianis
2542 3365 2845 3433 praesertim
2887 3365 3032 3421 circa
3068 3369 3446 3425 accusationes
3493 3367 3701 3437 episco-

440 3478 635 3534 porum
664 3463 968 3520 conveniat.
1007 3460 1142 3518 Nam
1169 3477 1290 3533 qua:
1319 3463 1371 3518 in
1396 3462 1604 3517 duobus
1629 3458 1881 3530 capitulis
1920 3472 1989 3513 ex
2038 3456 2247 3512 Isidem
2290 3458 2636 3514 inveniuntur
2661 3469 2966 3532 desumpta,
2998 3459 3053 3513 in
3084 3457 3270 3512 codice
3298 3471 3406 3511 uno
3459 3454 3701 3511 melioris

441 3564 583 3609 notae
609 3555 797 3611 deesse
837 3553 1121 3622 seriusque
1149 3553 1473 3624 interpolata
1519 3553 1688 3607 fuisse
1726 3557 1963 3606 testatur
1984 3547 2488 3606 Wasserschleben.
2540 3550 2651 3606 lmo
2690 3552 2944 3608 nonnulla
2993 3557 3122 3607 sunt
3150 3548 3204 3604 in
3244 3549 3329 3613 iis,
3354 3562 3474 3617 qua:
3500 3547 3703 3603 Isidoro

445 3644 870 3710 contradicant,
932 3650 994 3697 ut
1047 3658 1167 3714 cap.
1220 3644 1277 3710 6,
1320 3640 1420 3708 12,
1460 3643 1562 3706 27,
1608 3640 1701 3696 28.
1757 3639 2102 3696 Manifestum
2156 3646 2242 3696 est
2292 3654 2324 3696 e
2384 3641 2660 3697 contrario
2718 3642 2981 3699 lsidorum
3038 3658 3105 3698 ex
3158 3642 3514 3711 Angilramno
3564 3640 3704 3694 hau-

447 3736 626 3802 sisse,
695 3750 818 3791 cum
876 3748 1302 3805 nonnunquam,
1361 3733 1451 3788 ubi
1500 3733 1588 3788 hic
1640 3730 1820 3788 fontes
1874 3746 2002 3787 suos
2060 3731 2370 3788 accuratius
2410 3731 2764 3801 allegaverit,
2817 3734 2906 3791 ille
2956 3734 3108 3790 vario
3175 3735 3335 3788 modo
3391 3733 3705 3788 immutatos

445 3825 658 3882 reddat.

518 3916 704 3989 Neque
730 3916 922 3973 melius
951 3916 1188 3972 Theiner
1216 3923 1272 3970 et
1320 3913 1593 3970 Eichhorn
1634 3913 1919 3970 nonnullas
1965 3913 2490 3970 Pseudoisidorianze
2513 3914 2847 3974 collectionis
2873 3925 3077 3988 partes,
3112 3925 3171 3972 ut
3191 3916 3449 3986 epistolas
3466 3914 3705 3972 Pseudoo

445 4008 812 4074 clementinas,
843 4007 1187 4064 donationem
1207 4005 1570 4072 Constantini,
1596 4016 1744 4076 gesta
1776 4006 2057 4078 Sylvestri,
2083 4022 2114 4061 a
2136 4006 2361 4062 testibus
2390 4007 2567 4062 saeculi
2614 4010 2809 4074 octavi,
2848 4017 2908 4064 ut
2943 4008 3214 4064 Hadriano
3239 4007 3258 4061 l
3293 4009 3345 4063 in
3374 4008 3601 4078 epistola
3626 4008 3695 4061 ad

450 4097 701 4154 Carolum
726 4097 973 4170 Magnum
995 4096 1518 4168 directa,capitulari
1545 4097 1778 4168 quodam
1807 4096 1933 4151 anni
1960 4095 2085 4161 806,
2112 4096 2271 4153 dictis
2304 4096 2626 4166 quibusdam
2655 4097 2922 4169 Agobardi
2945 4096 3318 4169 Lugdunensis
3346 4106 3400 4150 et
3425 4094 3702 4150 Theodulﬁ

447 4184 853 4242 Aurelianensis
877 4185 987 4256 jam
1025 4189 1314 4243 advocatas
1349 4186 1534 4243 fuisse.
1564 4185 1701 4241 Nam
1732 4188 1864 4242 satis
1886 4195 2119 4251 constat,
2150 4185 2411 4254 ejusmodi
2439 4187 2762 4243 documenta
2785 4188 2897 4260 jam
2924 4200 3050 4246 ante
3070 4191 3335 4248 lsidorum
3363 4189 3486 4246 [icta
3507 4189 3698 4254 fuisse,

450 4274 540 4344 qui
568 4288 699 4331 sane
738 4289 841 4329 non
866 4275 1038 4330 solum
1063 4275 1294 4346 decepit,
1334 4275 1427 4331 sed
1465 4283 1522 4331 ct
1550 4276 1664 4346 ipse
1694 4276 1748 4331 in
1778 4276 1962 4331 multis
1982 4274 2247 4345 deceptus
2273 4284 2375 4330 est.

515 4362 803 4433 Alii,quos
824 4363 936 4433 jam
980 4364 1178 4420 saeculo
1207 4380 1303 4421 vnt
1343 4365 1607 4420 exstantia
1656 4364 1973 4422 Mcreatoris
2017 4365 2337 4421 documenta
2380 4367 2566 4422 volunt
2610 4384 2752 4437 esse,
2796 4370 3040 4439 jnniorcs
3090 4373 3449 4429 Decretalium
3478 4384 3703 4429 auctore

448 4448 609 4505 facile
634 4450 951 4522 probantur.
990 4452 1106 4507 Huc
1150 4457 1386 4525 pertinet
1415 4456 1660 4542 Remedii
1702 4457 1982 4514 Curiensis
2026 4459 2272 4514 collectio
2321 4474 2612 4528 canonum,
2651 4479 2813 4532 quam
2842 4463 2996 4533 jussu
3033 4465 3212 4521 Caroli
3242 4465 3419 4535 Magni
3457 4463 3705 4519 conseri-

444 4542 616 4613 psisse
649 4543 865 4610 dicitur,
896 4560 1019 4600 cum
1054 4547 1259 4618 titulus,
1289 4549 1374 4605 cui
1399 4549 1541 4606 dicta
1563 4550 1745 4621 opinio
1768 4550 2037 4618 innititur,
2079 4549 2237 4622 plane
2267 4551 2530 4609 conlictus
2555 4554 2626 4608 sit
2648 4554 2783 4624 (16).
2822 4556 2935 4611 llnc
2966 4564 3020 4609 et
3046 4555 3410 4624 reponendum
3438 4561 3521 4610 est
3543 4569 3705 4626 argu-

516 4656 1075 4736 (5)AFragmente_aus
1094 4662 1204 4736 und
1236 4662 1379 4736 ﬁber
1398 4661 1798 4736 Pseudoisidor,
1825 4662 2026 4736 Tubin-
2133 4664 2323 4736 linger,
2351 4666 2512 4722 Freit.
2545 4666 2696 4723 1848.
2737 4668 2754 4722 Ι
2787 4669 2881 4723 Bd.

444 4728 998 4853 iglceglguart’alschrift
1056 4731 1213 4787 1829.
1274 4731 1397 4788 Heft
1434 4733 1489 4787 5.
1524 4749 1578 4788 ιι.
1626 4728 1814 4806 Jaltrg.
1866 4734 2023 4790 1852.
2135 4728 2562 4861 i8972)Allaftile,
2620 4736 2893 4810 Tiibinger
2939 4747 3106 4795 tneo:.
3158 4738 3489 4806 uettschrift,
3521 4738 3709 4812 Jahrg.

631 4838 644 4853 ο
1398 4824 1403 4831 ’
1621 4860 1626 4861 γ
2276 4844 2291 4860 ο
2368 4826 2395 4859 L‘
2500 4845 2511 4856 ι

630 4868 951 4951 Geschichte
978 4872 1074 4928 des
1096 4873 1461 4955 canonischen
1483 4860 1708 4956 Bechts.
2207 4875 2320 5017 (15)
2355 4876 2490 4932 Vide
2514 4890 2602 4945 ap.
2632 4877 2800 4960 Mansi
2828 4887 2867 4933 t.
2889 4878 3001 4944 Xll,
3032 4896 3085 4963 p.
3110 4880 3214 4936 001
3237 4894 3357 4950 sqq.
3422 4949 3433 4962 .
3515 4950 3525 4961 .

517 5009 520 5017 ι
582 4938 957 5017 “Geschichte
1004 4943 1777 5017 dtil‘Clll'lsthlIf-KIfCllllChen
1822 4944 2027 5003 Gesell-
2202 4948 2297 5017 ut
2356 4945 2439 5001 Cf.
2475 4946 2791 5004 Ballernnos
2826 4950 2892 5005 de
2937 4951 3175 5017 antiquis
3224 4951 3525 5007 collectioni

648 4941 957 4996 lescbicbte
1004 4943 1777 5021 derchristlichfiiircblicben
1822 4944 2027 5003 Gesell-
2202 4941 2318 5021 (14)
2356 4945 2439 5021 Cf.
2475 4941 2791 5004 Ballerinios
2826 4950 2892 5005 de
2937 4941 3175 5021 antiquis
3224 4941 3632 5007 collectionibus
3653 4954 3705 5021 et

447 5006 1142 5093 scl’i’afts‘versassung,_Bd.
1171 5012 1236 5077 Il,
1266 5029 1317 5093 p.
1352 5013 1538 5093 800112
1568 5085 1580 5093 .
1770 5086 1785 5093 _
2132 5006 2513 5093 col‘lec'toribus
2554 5034 2853 5093 canonum,
2875 5032 3012 5093 part.
3050 5006 3129 5087 ιῖι,
3160 5006 3216 5093 7c.
3249 5022 3302 5085 6,
3328 5021 3355 5093 §
3380 5020 3608 5093 2,_n_.__8,
3639 5020 3707 5093 ad

631 5077 987 5170 grunds'atz'e'
1001 5083 1094 5170 deLs
1130 5077 1902 5170 εθιρὲἰηθι).’Κίςὶοὴθη-τςοζιςε.υ
2127 5085 2335 5170 Sal-cem
2361 5102 2587 5157 operum
2610 5089 2667 5144 S.
2694 5077 2907 5157 Leonis,
2938 5077 3259 5163 Patrologia:
3283 5077 3576 5156 ίοῖηίΙΝΙ,
3594 5077 3705 5144 col.

537 5148 589 5170 m
633 5149 799 5178 ἀ’-’Μ’
829 5151 892 5186 ’¹’δ
919 5148 1156 5192 Γιπιίηηιέ
1179 5163 1226 5190 οι
1255 5155 1481 5198 amr-Silio
1513 5153 2024 5198 Dsmtdnieidnrinnm
2127 5156 2253 5198 ΘΛΔ.-
