3998 5416
415 361 511 402 vm
1222 330 1510 390 APPEND.
1553 331 1643 388 AD
1678 328 1849 387 δίει.
1891 326 1980 384 ut.
2024 360 2090 369 —
2127 330 2447 390 lSlDORUS
2488 332 2883 392 MEHCATOR.

415 457 675 523 prmtensa
709 446 1036 519 Ctpilularia
1064 464 1274 503 merces
1296 457 1422 503 sunt
1454 447 1521 503 ad
1545 446 1761 501 modum
1792 443 2188 500 Pseudoisidori
2223 448 2459 518 undique
2496 464 2751 505 corrasre.
2782 449 2952 506 Porro
2980 465 3105 521 pars
3130 451 3347 509 circiter
3383 454 3656 524 vicesima,

406 561 601 615 nempe
630 546 697 600 57
738 543 1077 614 capitularia,
1110 558 1175 597 ex
1205 541 1619 597 Pseudoisidoro
1665 541 1944 610 desumpta
1988 551 2138 606 sunt,
2177 542 2252 596 ita
2298 552 2358 597 ut
2386 545 2571 614 negari
2615 547 2785 615 possit
2826 561 3027 602 nexum
3066 546 3208 604 inter
3231 558 3519 621 utrumque
3548 555 3633 608 im

407 650 680 708 pastorem
727 640 1010 703 interesse,
1040 648 1097 693 ut
1128 638 1215 691 vix
1248 653 1353 691 non
1386 637 1538 692 dicas
1582 651 1751 690 unum
1800 645 1961 704 atque
2010 637 2260 692 eumdem
2310 654 2450 706 esse,
2492 641 2583 709 qui
2628 656 2864 697 canones
2905 653 2961 698 et
3005 645 3320 715 eapitularia
3358 651 3658 717 supposuit,

411 738 708 805 eademque
737 736 1003 806 principia
1048 734 1372 804 spargenda,
1407 734 1767 802 eumdemque
1813 733 1974 788 ﬁnem
2009 733 2217 804 legibus
2261 743 2373 817 tum
2413 736 2797 793 ecclesiasticis
2842 748 2953 793 tum
3003 741 3251 797 civilibus
3299 746 3664 813 supponeudis

410 834 780 903 attingendum
820 832 921 886 sibi
952 830 1316 900 proposuisse.
1368 828 1668 897 Utrumque
1706 827 1900 882 librum
1935 828 2134 898 jungit,
2165 829 2451 899 eidemque
2497 832 2704 887 auctori
2733 832 2937 902 [tribuit
2979 833 3300 891 Hincmarus
3341 836 3666 894 Rhemensis

412 930 464 982 in
501 926 763 996 opusculo
800 935 990 981 contra
1040 924 1389 978 Hincmarum
1420 922 1868 986 Lauduneusem;
1899 938 1948 978 c.
1979 923 2071 987 24,
2113 934 2271 979 vocat
2311 925 2876 983 Pseudoisidorianam
2916 930 3160 1001 syllogen
3193 931 3385 986 librum
3417 932 3666 987 collecta-

412 1038 533 1077 rum
570 1022 918 1091 epistularum
948 1024 1017 1078 ab
1046 1022 1272 1086 Isidoro,
1310 1035 1471 1090 quem
1505 1021 1570 1076 de
1602 1019 1861 1090 Hispania
1890 1020 2110 1075 allatum
2137 1021 2384 1079 Ricullus
2408 1023 2754 1093 Moguntinus
2791 1026 3075 1096 episcopus
3101 1028 3154 1082 in
3182 1026 3510 1094 bujusmodi,
3530 1029 3665 1084 sicut

410 1132 456 1174 et
496 1123 552 1175 in
588 1119 830 1189 capitulis
863 1120 1018 1187 regiis
1046 1118 1293 1173 obtinuit.

480 1216 594 1272 Hoc
620 1217 897 1286 supposito
935 1217 1081 1269 intra
1122 1213 1382 1268 arctiores
1417 1213 1551 1268 ﬁnes
1585 1211 2083 1268 Pseudoisidoriani
2132 1214 2315 1284 operis
2358 1222 2539 1268 ortum
2584 1214 2918 1283 restringere
2954 1214 3155 1271 licebit.
3183 1213 3450 1269 Nimirum
3493 1215 3665 1269 Bene-

404 1312 585 1373 ,dictus
622 1312 710 1367 ille
746 1312 933 1367 Levita
978 1313 1173 1366 iterato
1201 1309 1313 1382 (29.)
1348 1319 1598 1374 testatur,
1628 1324 1687 1364 se
1716 1324 1852 1379 opus
1882 1324 2038 1365 suum
2071 1310 2324 1366 defuncto
2351 1309 2622 1366 Ludovico
2667 1312 2780 1377 Pio,
2814 1312 3167 1383 regnantibus
3202 1312 3317 1383 ejus
3359 1310 3505 1376 ﬁliis,
3533 1324 3670 1380 quos

413 1440 571 1496 reges
586 1426 698 1497 jam
746 1434 920 1490 vocat,
950 1425 1109 1495 'jussu
1156 1422 1362 1493 Otgarii
1404 1422 1799 1492 archiepiscopi
1841 1421 2248 1491 conscripsisse.
2287 1421 2451 1491 Atqui
2493 1421 2802 1478 Ludovicus
2839 1423 2944 1478 840
2969 1463 2983 1487 ,
3029 1425 3283 1494 Otgarius
3327 1422 3430 1477 847
3475 1420 3671 1477 defun-

417 1526 536 1572 ctus
565 1525 680 1582 est;
725 1525 935 1586 tempus
983 1515 1209 1585 proinde
1239 1514 1617 1569 intermedium
1650 1515 1867 1583 epochae
1895 1513 2172 1568 Benedicti
2220 1512 2420 1568 Levitte
2469 1514 2855 1587 assignandum
2902 1515 3029 1582 erit,
3061 1514 3392 1585 proindeque
3434 1512 3673 1569 Pseudo-

417 1613 668 1676 isidorus,
700 1627 805 1681 quo
839 1612 925 1668 ille
962 1613 1150 1677 utitur,
1182 1611 1459 1680 aliquanto
1492 1620 1735 1680 tempore
1774 1609 2048 1679 praecedit.
2350 1644 2363 1651 ς
3646 1598 3651 1607 ’

480 1711 533 1766 5.
565 1709 960 1766 Verumtamen
998 1712 1050 1767 id
1097 1709 1381 1764 mininutm
1425 1708 1529 1763 erit
1570 1708 1958 1772 emolumenti,
2012 1707 2155 1777 quod
2205 1723 2268 1760 ex
2316 1705 2592 1762 Benedicti
2645 1723 2769 1762 eum
2814 1706 3240 1762 .Pseudoisidoro
3286 1720 3425 1761 nexu
3473 1714 3673 1761 nostra:

413 1807 680 1877 questioni
714 1807 989 1876 proﬁciat.
1043 1805 1161 1860 Jam
1194 1806 1483 1877 vestigium
1533 1804 1749 1874 aliquod
1798 1803 2040 1858 auctoris
2071 1803 2562 1874 apparet,jamque
2607 1818 2831 1872 scopum
2866 1804 3034 1873 ipsius
3063 1820 3129 1858 ex
3176 1812 3477 1874 temporum
3521 1802 3673 1858 loco-

420 1919 647 1972 rumque
679 1902 1104 1958 circumstantiis
1135 1916 1348 1966 eruere,
1375 1900 1745 1969 epochamque
1771 1897 2002 1953 confecti
2044 1898 2225 1965 operis
2261 1897 2668 1952 accuratissime
2710 1897 3074 1953 determinare
3112 1899 3313 1955 licebit.

440 1982 441 1985 η
499 1999 614 2052 Duo
640 2004 787 2057 sunt,
821 1993 911 2063 qui
938 1994 1002 2045 ad
1032 1991 1570 2046 Pseudoisidorianas
1596 2004 1806 2043 merces
1846 1987 2188 2043 fabricandas
2217 2003 2541 2042 concurrere
2570 1996 2863 2059 potuerunt
2892 2007 2903 2042 :
2936 1988 3207 2056 Ricull‘us,
3236 1992 3328 2061 qui
3365 1993 3671 2060 schedulas,

430 2107 494 2147 ex
530 2091 726 2161 quibus
752 2088 1096 2151 Benedictus,
1125 2087 1457 2156 proindeque
1486 2084 1603 2155 ejus
1631 2099 1825 2155 parens
1853 2084 1936 2138 vel
1964 2083 2133 2138 frater
2156 2082 2601 2141 Pseudoisidorus
2632 2086 2948 2151 hauserunt,
2992 2086 3283 2158 congessit,
3307 2095 3361 2142 et
3391 2086 3663 2158 Otgarius,

426 2202 588 2258 quem
624 2184 949 2239 Benedictus
980 2183 1081 2237 sibi
1110 2198 1245 2253 opus
1283 2180 1530 2235 intulisse
1558 2179 1769 2234 fatetur.
2068 2242 2071 2245 η

492 2280 763 2336 Riculfum
799 2277 912 2348 jam
942 2277 1267 2332 Hincmarus
1314 2275 1497 2329 senior
1522 2272 1765 2344 plerique
1788 2272 2124 2343 antiquiores
2147 2286 2268 2344 post
2297 2272 2470 2345 ipsum
2499 2281 2773 2331 auctorem
2828 2277 3189 2332 Decretalium
3231 2279 3486 2347 suspicati
3522 2290 3670 2336 sunt.

433 2378 660 2449 Scripsit
688 2376 775 2431 ille
800 2376 852 2430 in
877 2372 1137 2443 opusculo
1163 2381 1353 2427 contra
1382 2370 1733 2424 Hincmarum
1778 2367 2196 2424 Lauduneusem
2234 2384 2285 2424 c.
2318 2370 2427 2424 24:
2463 2389 2481 2422 ι
2520 2371 2577 2425 Si
2609 2385 2739 2425 vero
2779 2371 2899 2426 ideo
2932 2371 3079 2437 talia,
3118 2388 3238 2442 qua:
3273 2376 3364 2429 tibi
3395 2377 3503 2431 visa
3528 2386 3671 2441 sunt,

425 2474 493 2529 de
529 2471 764 2543 praefatis
801 2470 1088 2526 sententiis
1135 2467 1542 2539 ('Angilramni)
1584 2481 1649 2521 ac
1694 2480 1835 2535 saepe
1885 2466 2198 2521 memoratis
2244 2465 2485 2535 epistolis
2514 2466 2884 2522 detruncando
2927 2476 2982 2522 et
3029 2472 3466 2540 praeposterando
3515 2482 3676 2543 atque

430 2561 813 2617 disordinando
840 2560 1127 2631 collegisti,
1164 2560 1288 2629 quia
1318 2556 1456 2613 forte
1508 2555 1707 2626 putasti
1740 2555 2010 2610 neminem
2050 2554 2221 2609 alium
2254 2555 2470 2611 easdem
2517 2558 2816 2612 sententias
2857 2556 2942 2612 vel
2975 2557 3119 2627 ipsas
3162 2560 3420 2629 epistolas
3476 2572 3673 2632 praeter

426 2673 485 2712 se
526 2657 746 2722 habere,
788 2664 842 2712 et
873 2655 1075 2711 ideirco
1109 2652 1235 2708 talia
1273 2651 1443 2707 libere
1484 2659 1533 2705 te
1578 2648 1906 2703 existimasti
1948 2662 2113 2718 posse
2161 2648 2448 2720 colligere;
2491 2665 2579 2706 res
2622 2651 2761 2706 mira
2790 2660 2894 2718 est,
2935 2666 3057 2706 cum
3096 2652 3163 2708 de
3212 2654 3341 2724 ipsis
3390 2657 3674 2712 sententiis

420 2756 578 2824 p'eua
607 2755 679 2809 sit
706 2754 811 2810 ista
843 2763 1007 2815 terra,
1038 2750 1179 2804 sicut
1211 2756 1267 2803 et
1316 2748 1382 2802 de
1415 2745 1551 2800 libro
1594 2744 1944 2799 collectarum
2007 2743 2362 2813 epistularum
2415 2744 2484 2798 ab
2532 2745 2776 2811 Isidoro,
2828 2761 2987 2815 quem
3032 2747 3100 2803 de
3144 2746 3411 2819 Hispania
3454 2751 3676 2805 allatum

419 2847 663 2906 Ricull'us
678 2849 1025 2920 Moguntinus
1051 2846 1333 2916 episcopus
1358 2843 1409 2898 in
1440 2840 1745 2911 hujusmodi
1774 2840 1914 2895 sicut
1965 2848 2020 2895 et
2046 2842 2103 2895 in
2150 2841 2406 2911 capitulis
2438 2841 2599 2911 regiis
2625 2842 2901 2897 studiosus
2925 2843 3156 2898 obtinuit
3180 2854 3235 2900 et
3263 2846 3396 2902 istas
3430 2849 3676 2918 negioues

421 2962 485 3001 ex
518 2946 607 3001 illo
644 2945 837 3016 repleri
869 2943 1015 2999 fecit.
1050 2962 1068 2996 ι
1096 2943 1257 3012 Atqui
1288 2940 1650 2996 certissimum
1681 2947 1765 2994 est
1812 2936 2163 2993 Hincmarum
2207 2938 2299 2994 hic
2342 2952 2556 2994 errasse
2589 2937 3074 3009 eollectionemque
3117 2940 3676 3000 Pseudoisidoriauam

422 3053 546 3092 cum
579 3036 811 3108 genuina
838 3035 1077 3105 Hispana
1116 3034 1443 3089 confudisse.

492 3127 625 3183 Nam
656 3142 721 3183 ex
752 3126 1113 3181 monumentis
1136 3124 1249 3198 (25)
1289 3133 1494 3180 eertum
1520 3131 1625 3191 est,
1677 3123 2007 3180 Bachionem
2049 3124 2566 3196 Argentoratensem
2596 3124 2906 3195 episcopum
2951 3124 3143 3182 Riculﬁ
3172 3127 3569 3199 suﬁ'raganeum
3621 3148 3676 3189 a.

426 3226 527 3283 788
570 3224 919 3280 lsidorianam
970 3222 1261 3295 genuinam
1302 3237 1571 3278 canonum
1634 3221 2005 3277 collectionem
2052 3220 2323 3276 conscribi
2365 3236 2605 3277 curasse.
2644 3220 3109 3281 Nerisimillimum
3162 3234 3244 3281 est
3288 3228 3678 3298 autographum

426 3322 555 3377 illud
592 3322 763 3391 ipsum
793 3320 980 3384 fuisse,
1014 3321 1157 3390 quod
1197 3318 1465 3375 Riculfum
1497 3334 1564 3373 ex
1611 3317 1869 3387 Hispania
1905 3317 2150 3372 attulisse
2181 3316 2505 3371 Hinemarus
2549 3317 2844 3371 contendit.
2896 3317 3066 3373 Porro
3119 3318 3209 3374 illo
3260 3328 3516 3388 tempore,
3572 3336 3680 3389 quo

423 3415 710 3487 Moguntina
743 3415 880 3469 sedit
913 3413 1176 3479 Ricull‘us,
1219 3416 1412 3485 nempe
1440 3413 1509 3468 ab
1537 3427 1677 3469 anno
1709 3412 1809 3467 787
1837 3414 1903 3467 ad
1929 3427 2129 3467 annum
2158 3426 2329 3481 usque
2356 3411 2462 3467 815
2508 3426 2617 3467 non
2652 3427 2729 3467 ea:
2768 3421 2927 3468 erant
2977 3422 3276 3483 temporum
3323 3414 3680 3469 circumstan-

426 3513 531 3577 tiae,
566 3526 700 3581 quas
739 3510 990 3581 supponit
1028 3506 1494 3573 Pseudoisidorus,
1549 3515 1607 3561 ut
1664 3506 1975 3560 sacerdotes
2013 3506 2472 3576 opprimerentur,
2513 3507 2653 3561 bona
2686 3506 3048 3564 ecclesiastica
3077 3509 3454 3578 diriperentur,
3487 3509 3682 3580 hisque

423 3607 637 3671 similia,
672 3622 788 3676 qua:
816 3604 1012 3662 Carolo
1039 3604 1230 3675 Magno
1269 3612 1525 3675 regnante
1551 3617 1659 3657 non
1702 3608 2013 3657 occurrunt.
2046 3600 2314 3655 Rieull‘um
2356 3601 2660 3658 Blondellus
2688 3603 2811 3658 novi
2855 3605 3055 3676 aliquid
3098 3604 3345 3661 intulisse
3382 3605 3583 3674 colligit
3612 3621 3679 3660 ex

433 3702 469 3755 l.
499 3718 575 3757 vn
630 3701 924 3771 Capitular.
953 3700 1078 3763 281,
1125 3700 1213 3754 ubi
1260 3698 1349 3753 ille
1376 3699 1429 3752 in
1465 3708 1730 3752 conventu
1762 3696 2155 3752 Wormaciensi
2184 3696 2426 3768 Gregorii
2456 3697 2737 3768 epistolam
2777 3700 3021 3756 attulisse
3051 3702 3301 3766 traditur,
3335 3700 3500 3769 .eujus
3534 3701 3678 3756 nulla

428 3809 553 3852 ante
580 3812 680 3850 nec
709 3802 829 3867 post
863 3795 1123 3849 memoria
1151 3794 1374 3848 exstitit.
1410 3792 1607 3846 Verum
1646 3793 1759 3845 luce
1783 3791 1995 3845 sincera
2026 3800 2144 3844 erat
2177 3790 2406 3862 epistola
2439 3791 2684 3863 Gregorii
2714 3791 2755 3847 ll
2788 3794 2854 3848 ad
2885 3794 2940 3848 S.
2965 3794 3317 3852 Bonifaeinm.
3348 3799 3439 3853 Ait
3465 3799 3681 3869 quidem

427 3892 753 3947 Benedictus
793 3892 849 3945 in
878 3905 1094 3947 suorum
1123 3886 1507 3960 Capitularium
1538 3883 1874 3955 prmfatione.
1917 3902 1936 3934 ‹
1975 3882 2102 3938 Haec
2128 3898 2255 3938 vero
2291 3884 2545 3955 capitula,
2576 3900 2695 3953 qua:
2723 3884 2778 3940 in
2806 3887 3261 3956 subsequentibus
3292 3891 3683 3947 tribuslibellis

414 3987 736 4042 .coaduuare
784 3986 1106 4050 studuimus,
1145 3984 1199 4039 in
1226 3982 1451 4038 diversis
1476 3981 1607 4037 locis
1633 3988 1689 4035 et
1715 3980 1769 4035 in
1814 3979 2042 4035 diversis
2071 3979 2361 4045 sebedulis,
2393 3980 2531 4036 sicut
2558 3981 2612 4036 in
2641 3982 2866 4038 diversis
2888 3984 3106 4054 synodis
3130 3999 3192 4038 ac
3221 3985 3432 4054 placitis
3460 4003 3682 4057 genera-

427 4076 568 4138 libus
604 4083 747 4136 edita
790 4091 964 4147 erant,
1012 4080 1238 4151 sparsim
1278 4078 1579 4133 invenimus
1607 4084 1663 4131 et
1692 4076 1927 4130 maxime
1968 4075 2021 4129 iu
2052 4083 2250 4129 sanctae
2277 4074 2728 4142 Moguntiacensis
2783 4077 3096 4146 metropolis
3138 4081 3381 4137 ecclesiae
3411 4084 3610 4139 scrinio
3649 4099 3682 4139 a

428 4177 638 4233 lticulfo
665 4176 903 4246 ejusdem
951 4183 1149 4231 saneta:
1192 4174 1334 4229 sedis
1361 4170 1775 4241 metropolitano
1816 4169 2091 4225 recondita
2117 4178 2171 4225 et
2200 4171 2415 4225 demum
2447 4171 2798 4226 abAutcario
2826 4173 3064 4227 seeumlo
3097 4172 3215 4242 ejus
3244 4192 3559 4235 successore
3596 4191 3682 4235 at-

428 4288 531 4342 que
573 4270 975 4342 consanguineo
1012 4269 1227 4323 inventa
1267 4267 1584 4337 reperimus,
1630 4280 1751 4336 qua:
1775 4266 1830 4320 in
1860 4266 1961 4320 hoc
1988 4265 2249 4336 opusculo
2297 4273 2483 4322 tenore
2517 4267 2883 4337 suprascripto
2929 4267 3174 4323 inserere
3211 4271 3517 4331 maluimus.
3548 4294 3568 4328 ι
3612 4276 3686 4331 At

428 4367 547 4441 quis
582 4376 662 4423 est
703 4376 809 4421 tam
838 4381 1034 4432 caecus,
1069 4373 1129 4419 ut
1151 4379 1254 4419 non
1286 4364 1466 4418 videat
1495 4362 1545 4417 id
1571 4363 1638 4418 ab
1669 4364 1964 4431 impostore
1993 4364 2175 4417 ﬁctum
2205 4361 2390 4429 fuisse,
2416 4370 2475 4417 ut
2501 4363 2613 4418 suis
2643 4363 2909 4431 ﬁgmentis
2937 4366 3317 4423 auctoritatem
3348 4371 3680 4435 conciliaret,

429 4477 548 4516 eum
595 4473 701 4517 tam
743 4462 899 4529 longe
921 4461 1134 4529 lateque
1163 4469 1345 4514 notum
1371 4468 1532 4523 esset,
1563 4456 1832 4528 Riculfum
1882 4458 2209 4528 incognitam
2261 4459 2538 4527 lmcusque
2566 4457 2673 4513 illis
2707 4459 2758 4513 in
2786 4461 3095 4531 regionibus
3133 4477 3399 4518 canonum
3443 4466 3682 4537 syllogen

429 4574 491 4615 ex
526 4557 779 4628 Hispania
808 4556 1082 4612 detulisse.
1121 4556 1359 4626 Denique
1402 4554 1721 4609 Benedictus
1749 4569 1816 4608 ne
1838 4554 2055 4609 quidem
2085 4553 2266 4610 omnia
2313 4569 2373 4610 se
2395 4568 2462 4608 ex
2491 4552 2681 4610 Riculﬁ
2708 4554 2978 4610 sehedulis
3002 4556 3229 4612 traxisse
3254 4558 3547 4624 contendit,
3588 4560 3684 4615 sed

429 4664 494 4702 ex
527 4647 754 4703 diversis
783 4645 915 4700 locis
945 4653 999 4699 et
1036 4645 1259 4699 chartis.

502 4746 555 4799 6.
596 4743 777 4814 Longe
818 4742 975 4797 aliter
1000 4757 1085 4795 res
1112 4755 1169 4796 se
1219 4740 1399 4806 habet,
1449 4739 1493 4794 si
1532 4740 1599 4795 ad
1634 4739 1837 4811 Otgaru
1879 4740 2111 4795 indolem
2146 4755 2340 4811 resque
2376 4740 2443 4796 ab
2471 4754 2537 4795 eo
2580 4748 2759 4811 gestas
2804 4742 3176 4811 respiciamus.
3216 4746 3329 4801 Duo
3371 4756 3516 4815 sunt,
3564 4765 3684 4820 qua:

437 4844 789 4913 impostorem
821 4838 1114 4894 intendisse
1140 4835 1480 4891 manifestum
1509 4844 1591 4891 est
1630 4855 1643 4890 :
1694 4836 1969 4891 vindicare
1996 4836 2277 4908 episcopos
2305 4851 2334 4890 a
2363 4835 2641 4890 laicalibus
2669 4834 2781 4905 (24)
2825 4844 2880 4890 et
2920 4838 3266 4907 synodalibus
3309 4842 3423 4912 ('25)
3464 4842 3684 4911 judieiis

436 4939 689 5009 falsisque
721 4934 1154 4993 accusationibus
1201 4947 1495 5001 eorumque
1527 4932 1667 4986 bona
1696 4947 1725 4985 a
1764 4932 2065 5001 direptione
2093 4930 2432 4989 saecularium
2476 4930 2610 4983 tueri
2645 4928 2780 5001 (26),
2811 4938 2866 4983 et
2897 4930 3172 4998 primates,
3201 4949 3335 5003 quos
3363 4937 3567 5004 primus
3597 4937 3684 4993 ille

338 5059 342 5063 -
436 5034 599 5089 latius
629 5033 957 5091 inducendos
987 5031 1143 5085 docet
1168 5028 1303 5099 (27),
1342 5044 1477 5098 quos
1506 5029 1718 5098 iudices
1745 5044 1866 5084 esse
1894 5029 2025 5094 vult,
2052 5020 2118 5084 ad
2144 5042 2282 5098 quos
2315 5041 2344 5079 a
2372 5026 2578 5096 judicio
2606 5025 3002 5095 metropolitani
3031 5029 3298 5101 appellare
3323 5033 3498 5098 liceat,
3527 5032 3685 5089 clfer-

519 5164 559 5172 n‘
576 5164 610 5172 δι
647 5163 684 5172 αι
834 5164 845 5172 I
968 5161 1008 5172 ο.
1060 5161 1075 5172 ι
1235 5160 1300 5172 -Α
