4012 6450
1609 471 2125 531 PROLEGOMENA
3448 494 3504 533 ιι

236 606 317 646 re.
343 592 448 646 Alii
479 593 618 648 duos
644 592 797 657 ﬁnes,
839 610 977 664 quos
1000 593 1254 665 prosequi
1280 592 1455 662 ipsum
1491 588 1695 654 videas,
1738 567 2072 658 pontifieiam
2103 590 2483 645 auctoritatem
2525 590 2722 661 jusque
2769 590 3185 659 appellationum
3215 590 3371 654 tueri,
3399 606 3509 646 ute-

235 688 688 758 tropolitanorum
714 691 1104 761 prmrogativas
1133 689 1456 758 deprimere,
1499 684 1804 741 secundarii
1849 683 2007 753 plane
2036 693 2160 738 sunt
2188 696 2349 754 atque
2378 686 2653 757 prioribus
2701 685 2807 740 illis
2849 683 3202 739 subordinati.
3230 684 3310 737 Ad
3337 684 3512 753 ponti-

194 837 203 861 ,
238 782 368 838 ﬂees
404 785 553 840 enim
585 787 817 841 recurrit
839 800 925 853 eo,
955 788 1097 856 quod
1130 785 1410 855 episcopos
1442 783 1493 838 in
1536 781 1669 852 ipsis
1697 780 2093 837 validissimum
2125 783 2383 838 adversus
2413 797 2767 854 oppressores
2800 790 3043 837 tutamen
3072 778 3354 836 habituros
3389 796 3514 835 conc

196 866 201 895 ⁵
236 875 383 931 ﬁdat.
417 874 557 930 liinc
576 884 632 931 et
650 890 844 931 causas
866 876 1247 947 episcoporum
1276 871 1513 943 majores
1540 881 1703 942 atque
1743 872 2092 943 pontiﬁcibus
2135 883 2441 929 reservatas
2464 883 2572 929 tam
2598 874 2800 930 acriter
2846 880 3044 928 tuetur.
3071 872 3201 938 Quae
3227 872 3432 939 omnia,
3464 875 3511 929 si

234 972 443 1045 Otgarii
471 987 647 1027 aevum
672 973 948 1044 vitamque
974 973 1339 1038 conferamus,
1368 970 1509 1027 sicut
1532 971 1853 1040 impressam
1884 984 2066 1025 ceram
2090 970 2265 1042 sigillo
2290 971 2621 1043 respondere
2642 970 2963 1026 videbimus.

301 1068 610 1125 Ludovicus
637 1069 765 1125 Pius
802 1085 924 1125 cum
967 1084 1033 1124 ex
1063 1068 1238 1124 altera
1266 1083 1435 1122 uxore
1480 1065 1695 1123 Juditba
1728 1065 1895 1121 ﬁlium
1924 1065 2199 1133 Carolum,
2244 1068 2337 1138 qui
2365 1068 2562 1124 Calvus
2604 1074 2792 1137 postea
2827 1065 3006 1121 dictus
3058 1074 3163 1131 est,
3213 1065 3516 1143 genuisset,

235 1180 341 1220 una
382 1180 507 1219 cum
548 1164 894 1233 imperatrice
939 1179 1005 1221 eo
1034 1165 1311 1229 tendebat,
1360 1174 1418 1219 ut
1458 1162 1669 1233 imperii
1713 1171 1925 1232 partem
1956 1162 2315 1218 secundarum
2361 1163 2674 1232 nuptiarum
2706 1161 2817 1216 ﬁlio
2857 1167 3220 1230 compararet.
3253 1158 3391 1213 Hinc
3426 1159 3517 1215 ﬁlii

235 1261 628 1331 lrmengardis,
654 1261 852 1330 prioris
886 1262 1094 1326 uxoris,
1122 1260 1320 1331 quibus
1348 1258 1465 1330 lege
1489 1273 1542 1312 a.
1573 1257 1676 1313 8i7
1707 1258 1773 1311 de
1819 1256 2161 1312 successione
2192 1257 2299 1312 lata
2327 1258 2614 1328 imperium
2657 1255 2935 1319 diviserat,
2969 1255 3137 1309 armis
3174 1262 3381 1323 patrem
3415 1256 3510 1309 im.

235 1357 530 1428 petierunt.
564 1356 643 1410 Ex
670 1356 905 1427 ipsorum
935 1355 1182 1425 partibus
1206 1353 1424 1424 plurimi
1455 1351 1783 1421 exprmlatis
1825 1351 2063 1415 stabant,
2106 1360 2163 1405 ut
2192 1350 2369 1415 Wula,
2402 1350 2706 1415 Hildninus,
2739 1348 3044 1412 Elizacbar,
3079 1347 3334 1413 abbates;
3368 1346 3519 1401 Ebbo

236 1451 583 1516 Rbemensis,
614 1450 932 1520 Agobardus
961 1448 1356 1519 Lugdunensis,
1402 1446 1552 1502 Jesse
1595 1446 1997 1509 Ambianensis,
2041 1445 2295 1517 Otgarius
2330 1446 2695 1517 Moguntinus,
2720 1444 2980 1516 episcopi.
3022 1443 3130 1498 Res
3164 1457 3229 1498 eo
3272 1442 3516 1497 deductae

236 1556 383 1612 sunt,
411 1555 472 1601 ut
496 1547 792 1617 imperator
815 1544 1189 1616 paenitentiam
1215 1541 1507 1611 publicam,
1535 1540 1799 1596 suadente
1823 1540 2164 1611 potissimum
2200 1541 2422 1597 Ebboue
2452 1542 2768 1605 Bhemensi,
2796 1554 2959 1612 agere
2995 1537 3306 1608 compulsus
3328 1537 3513 1593 fuerit.

235 1636 570 1706 lmperatore
603 1644 784 1690 autem
816 1632 1014 1688 misere
1036 1644 1315 1701 oppresso,
1346 1628 1534 1683 mutati
1570 1637 1698 1684 sunt
1722 1630 1773 1682 in
1803 1628 2087 1683 meliorum
2114 1643 2331 1684 sensum
2384 1629 2725 1685 subditorum
2768 1630 3113 1697 ﬁliorumque
3157 1627 3416 1684 Ludovici
3460 1636 3518 1683 et

235 1731 447 1802 Pippini
486 1730 784 1794 animi,ita
816 1737 874 1782 ut
899 1728 950 1781 in
978 1741 1202 1797 regnum
1247 1724 1644 1780 restitueretur.
1669 1719 1821 1777 Tunc
1861 1722 1917 1777 in
1955 1722 2160 1794 synodo
2207 1721 2639 1779 Theonisvillana
2689 1724 2887 1791 3.,855
2915 1726 3187 1796 depositus
3222 1734 3305 1781 est
3350 1725 3521 1791 Ebbo,

235 1835 521 1896 postquam
547 1841 604 1880 se
626 1824 905 1895 indignum
932 1825 1240 1893 episcopatu
1266 1821 1466 1891 scripto
1495 1819 1673 1875 fassus
1695 1818 1908 1884 fuisset,
1934 1819 2025 1874 alii
2057 1819 2288 1875 diversis
2321 1822 2494 1876 modis
2527 1837 2718 1893 poenas
2744 1822 3027 1878 dederunt.
3062 1822 3318 1894 Otgarius
3347 1825 3523 1881 humi-

238 1922 359 1977 liter
387 1920 607 1976 veniam
632 1928 823 1991 petens
849 1929 971 1990 post
996 1919 1215 1975 brevem
1238 1931 1511 1973 carcerem
1532 1915 1785 1970 dimissus
1809 1923 1910 1970 est.
1942 1914 2203 1971 Defuncto
2235 1914 2530 1982 Ludovico,
2556 1932 2693 1972 nova
2723 1917 2864 1973 inter
2892 1918 3032 1974 ﬁlios
3060 1920 3328 1978 discordia
3358 1938 3527 1980 exar-

238 2019 326 2083 sit,
358 2017 624 2074 Lothario
653 2032 720 2074 eo
748 2018 1017 2082 tendente,
1045 2026 1105 2072 ut
1130 2017 1442 2072 universum
1465 2012 1643 2070 Caroli
1674 2012 1852 2084 Magni
1890 2027 2116 2084 regnum
2159 2012 2262 2068 sibi
2308 2014 2630 2084 subjiceret;
2679 2013 2951 2072 Ludovico
2994 2015 3294 2089 Caroloque
3339 2029 3536 2090 partes

240 2129 365 2170 suas
389 2113 497 2169 sibi
528 2113 948 2169 vindicantibus.
982 2112 1097 2182 Qua
1126 2112 1179 2168 in
1222 2111 1339 2167 rixa
1371 2110 1628 2182 Otgarius
1657 2108 1855 2164 unitati
1891 2108 2099 2179 imperii
2131 2108 2410 2164 servanda:
2426 2108 2629 2179 jugiter
2658 2107 2903 2178 studens,
2937 2126 2967 2166 a
2998 2112 3238 2170 Lotharii
3286 2092 3540 2187 partibus-

240 2220 294 2263 et
328 2208 569 2263 Nikardo
597 2216 733 2265 teste
757 2208 870 2281 (28)
900 2210 1144 2265 omnium
1178 2206 1582 2264 infensissimus
1603 2205 1868 2262 Ludovici
1895 2204 2204 2262 Germanici
2235 2205 2581 2263 adversarius
2609 2205 2732 2273 fuit,
2780 2208 2855 2263 ita
2885 2218 2944 2264 ut
2973 2211 3185 2269 devicto
3218 2214 3384 2270 etiam
3426 2216 3533 2273 Lo-

244 2304 420 2361 thario
451 2320 572 2360 cum
594 2304 716 2360 aliis
740 2304 980 2375 ejusdem
1009 2304 1301 2362 vasaliibus
1338 2305 1405 2361 ad
1430 2302 1682 2361 Rhenum
1708 2304 1971 2369 tenderet,
2006 2319 2116 2376 quo
2144 2303 2479 2360 Ludovicum
2525 2319 2554 2358 a
2601 2304 2916 2373 trajiciendo
2960 2305 3181 2366 ﬂumine
3221 2309 3526 2380 impediret.

244 2400 350 2457 lies
383 2410 568 2457 autem
605 2416 730 2458 cum
758 2403 899 2458 male
924 2403 1161 2469 cederet,
1202 2418 1232 2457 a
1259 2401 1518 2458 Ludovici
1550 2402 1628 2456 ira
1661 2401 1889 2474 aufugit.
1912 2401 2043 2458 Post
2077 2411 2292 2474 pactum
2329 2401 2702 2458 Virodunense
2736 2403 2951 2459 demum
2980 2404 3034 2460 in
3070 2407 3300 2477 gratiam
3346 2408 3525 2464 Ludo-

243 2498 347 2554 vici
378 2498 563 2554 rediit.
592 2498 755 2556 Certe
784 2514 929 2556 anno
957 2499 1062 2555 845
1091 2498 1397 2571 episc0pale
1433 2514 1631 2554 munus
1657 2510 1998 2554 exercentem
2025 2506 2080 2552 et
2104 2497 2362 2554 Ludovici
2394 2496 2577 2553 favore
2606 2495 2875 2553 fruentem
2907 2499 3172 2557 videmus.

312 2592 489 2661 Quam
522 2592 662 2648 male
693 2592 857 2649 tantis
887 2593 941 2648 in
977 2592 1147 2671 turbis
1175 2608 1348 2663 eoque
1374 2590 1646 2647 barbariei
1677 2598 1917 2660 tempore
1942 2591 2140 2645 habitae
2166 2589 2369 2646 fuerint
2395 2589 2661 2655 ecclesiae,
2692 2605 2989 2661 earumque
3016 2592 3154 2647 bona
3198 2601 3251 2648 et
3299 2594 3533 2650 ministri

244 2692 336 2747 vix
360 2697 544 2762 Operae
581 2691 816 2760 pretium
839 2698 946 2757 est,
976 2699 1037 2746 ut
1073 2705 1140 2746 ex
1166 2688 1407 2759 ejusdem
1434 2687 1654 2759 epocbae
1680 2687 1902 2760 synodis
1932 2687 2354 2758 auctoribusque
2378 2688 2688 2757 probemus.
2734 2686 2873 2743 ilinc
2896 2687 3061 2757 igitur
3089 2688 3192 2744 illae
3218 2690 3285 2746 de
3306 2689 3536 2762 direptis

245 2785 496 2843 ecclesiis
518 2784 774 2855 querela.
804 2784 993 2856 Neque
1037 2785 1238 2841 mirum
1270 2792 1372 2852 est,
1422 2782 1724 2854 Otgarium.
1738 2790 1862 2853 post
1899 2783 2093 2855 synodi
2125 2783 2648 2839 Theodonisvillaum
2693 2792 2878 2840 contra
2921 2800 2981 2840 se
3025 2793 3081 2841 et
3122 2801 3251 2843 suos
3285 2786 3534 2854 decreta,

250 2882 305 2937 in
336 2879 893 2954 synodorumjudicia
925 2880 1197 2937 invectum
1228 2879 1418 2947 fuisse,
1461 2886 1720 2949 tantaque
1765 2880 1834 2934 de
1877 2879 2067 2935 formis
2098 2880 2425 2951 jndiciorum
2474 2880 2529 2936 in
2572 2882 2854 2953 episcopos
2899 2862 3549 2958 liabendorum‘congc;

247 2981 402 3044 sisse,
432 2994 555 3049 quae
591 2977 678 3034 vel
704 2978 871 3034 ictum
895 2977 1177 3034 ferendum
1203 2987 1533 3044 averterent,
1561 2978 1645 3034 vel
1680 2979 1864 3049 petius
1889 2979 2056 3034 latum
2083 2980 2360 3051 injustitize
2386 2989 2696 3053 arguerent.
2739 2980 2936 3054 Aliqua
2962 2982 3124 3037 etiam
3154 2989 3451 3038 occurrunt
3480 2982 3539 3037 in

247 3074 639 3137 Decretalibus,
671 3088 794 3144 qua:
816 3085 877 3131 ut
921 3076 1160 3133 ostendit
1187 3078 1369 3135 Acfele
1409 3077 1542 3151 (29),
1582 3078 1870 3149 perspicue
1899 3078 2035 3133 satis
2072 3078 2314 3135 Ebbonis
2343 3078 2744 3135 confessionem
2785 3088 2947 3150 atque
2977 3079 3368 3148 depositionem
3398 3080 3538 3136 indi-

251 3173 429 3243 gitare
476 3172 783 3228 videantur.
832 3175 960 3231 llaec
981 3176 1128 3232 enim
1176 3177 1367 3233 scribit
1414 3177 1920 3234 Pseudoalexander
1968 3176 2126 3248 (50):
2184 3195 2201 3227 ι
2254 3176 2516 3232 Similiter
2560 3176 2605 3231 si
2644 3176 2954 3248 huiusmodi
3005 3178 3251 3248 personis
3291 3179 3545 3249 quaedam.

250 3273 538 3344 scripturae
566 3286 787 3344 quoquo
817 3272 978 3328 modo
1009 3288 1108 3344 per
1128 3286 1358 3340 metum,
1388 3273 1632 3330 fraudem
1660 3284 1751 3329 aut
1793 3290 1891 3345 per
1917 3273 2028 3329 vim
2056 3282 2284 3329 extortae
2309 3273 2529 3337 fuerint,
2564 3274 2647 3328 vel
2678 3283 2738 3329 ut
2781 3289 2839 3330 se
2866 3273 3100 3331 liberare
3126 3275 3352 3345 possint,
3406 3292 3541 3346 quo-

251 3382 470 3438 cunque
514 3367 583 3422 ab
609 3369 689 3422 eis
726 3367 1047 3438 conscriptae
1086 3369 1166 3422 vel
1209 3369 1479 3423 roborata:
1510 3369 1709 3425 fuerint
1744 3370 1983 3439 ingenio,
2016 3371 2086 3425 ad
2127 3369 2330 3424 nullum
2363 3370 2442 3424 eis
2466 3368 2837 3440 praejudicium
2866 3378 2958 3424 aut
2986 3381 3316 3427 momentum
3348 3387 3550 3442 perve-

252 3465 372 3522 nire
401 3478 717 3527 censemus,
749 3478 922 3534 neque
941 3463 1106 3518 ullam
1135 3464 1227 3518 eis
1250 3462 1527 3518 infamiam
1559 3464 1642 3518 vel
1674 3463 2000 3519 calumniam
2024 3472 2116 3518 aut
2139 3480 2169 3518 a
2196 3465 2309 3519 suis
2338 3466 2825 3535 sequestrationern
2852 3464 3030 3531 bonis,
3060 3483 3297 3537 unquam
3321 3478 3543 3525 auctore

254 3555 366 3611 beo
386 3563 445 3609 et
474 3555 679 3611 sanctis
706 3555 966 3625 apostolis
1009 3569 1306 3625 eorumque
1338 3555 1744 3610 successoribus
1772 3555 2044 3610 sustinere
2071 3554 2455 3624 permittimus.
2492 3575 2511 3608 ι
2549 3555 2664 3609 lmo
2694 3557 2937 3635 quaedam
2969 3557 3335 3614 Decretaiibus
3366 3560 3549 3616 inesse

256 3652 416 3707 nobis
443 3652 697 3707 videntur
720 3668 787 3708 ex
826 3653 912 3718 iis,
944 3667 1065 3722 qua:
1094 3653 1161 3708 ad
1191 3654 1420 3724 primam
1451 3653 1634 3708 sedem
1660 3654 1980 3724 respiciunt,
2011 3653 2153 3723 quod
2180 3668 2208 3706 a
2240 3653 2453 3708 nemine
2488 3653 2786 3723 judicetur,
2832 3669 2952 3724 quae
2989 3656 3058 3709 ab
3105 3654 3246 3710 illius
3283 3656 3544 3726 temporis

257 3747 550 3802 eventibus
572 3749 863 3818 pendeant.
907 3748 1204 3820 Gregorius
1238 3763 1433 3819 nempe
1465 3747 1554 3815 iV,
1594 3757 1654 3804 ut
1683 3764 1869 3819 pacem
1900 3749 2040 3804 inter
2069 3759 2278 3820 patrem
2312 3749 2559 3821 ﬁliosque
2601 3751 2920 3807 conciliaret
2963 3768 3030 3808 ex
3073 3752 3225 3808 Italia
3257 3754 3542 3820 accedens,

259 3857 384 3900 cum
426 3860 456 3898 a
492 3844 753 3900 Lothario
783 3854 1027 3902 retentus
1058 3846 1184 3902 ﬁliis
1220 3846 1409 3902 favere
1436 3847 1735 3913 videretur,
1767 3848 1820 3902 in
1847 3863 1970 3903 eum
1998 3848 2411 3906 insurrexerunt
2435 3850 2740 3907 Germaniae
2760 3851 3040 3922 praesules,
3074 3850 3164 3920 qui
3191 3864 3260 3904 ex
3286 3847 3547 3904 Ludovici

258 3941 505 4011 partibus
532 3942 767 4005 stabant,
797 3950 851 3995 et
877 3956 944 3996 eo
980 3942 1251 4012 progressi
1298 3951 1443 4007 sunt,
1486 3952 1545 3996 ut
1586 3942 1861 4012 pontiﬁcis
1889 3946 2507 4031 excommunicationem
2539 3947 2873 4002 molirentur.
2916 3946 3036 4002 Jam
3078 3954 3205 4001 tunc
3235 3945 3434 4001 factum
3462 3955 3549 4001 est

262 4040 322 4086 ιιι
346 4030 534 4097 Wala,
563 4032 911 4089 Corbeiensis
946 4034 1134 4101 abbas,
1171 4048 1331 4103 quem
1355 4048 1515 4103 supra
1546 4034 1686 4088 inter
1721 4034 1959 4090 ﬁliorum
1998 4036 2237 4092 asseclas
2267 4030 2694 4103 nominavimus,
2723 4036 2959 4108 pontiﬁci
2985 4036 3224 4108 syllogen
3251 4035 3543 4105 quamdam

262 4132 651 4188 auctoritatum
675 4147 725 4187 a.
751 4132 857 4188 855
894 4131 1133 4199 offerret,
1157 4133 1354 4204 quibus
1378 4133 1619 4205 pontifici
1642 4149 1858 4191 omnem
1898 4135 1956 4189 Β.
1986 4135 2131 4190 Petri
2156 4135 2534 4191 auctoritatem
2557 4136 2910 4193 excellentem
2934 4144 2989 4189 et
3014 4141 3337 4204 potestatem
3364 4132 3543 4186 vivam

264 4226 468 4293 inesse,
497 4228 671 4299 ipsum
697 4243 887 4286 omnes
910 4228 1157 4299 judicare
1183 4238 1238 4286 et
1266 4245 1295 4285 a
1337 4229 1552 4285 nemine
1586 4229 1819 4299 iudicari
1865 4231 2195 4287 ostenderet.
2246 4230 2524 4301 Ejusmodi
2570 4245 2735 4302 porro
2782 4230 2957 4286 serius
2988 4226 3339 4285 ethidorus.
3364 4235 3547 4282 noster

263 4324 565 4393 congessit.

330 4414 491 4470 Alter
519 4414 659 4477 ﬁnis,
689 4432 848 4486 quem
879 4418 1334 4475 Pseudoisidorus
1380 4419 1485 4475 sibi
1531 4421 1832 4491 proposuit,
1886 4436 1986 4476 nec
2035 4422 2215 4477 minus
2261 4421 2448 4476 Levita
2494 4421 2820 4477 Benedictus
2862 4421 3155 4491 promovit,
3200 4421 3246 4475 is
3288 4430 3428 4485 erat,
3484 4418 3555 4473 ιιι

264 4511 603 4577 dicebamus,
634 4521 694 4566 ιιι
726 4515 1051 4583 primatialia
1074 4531 1209 4586 pura
1247 4516 1490 4572 ecclesiae
1519 4516 1847 4588 Moguntina:
1875 4517 2200 4581 vindicaret,
2239 4518 2438 4573 similia
2488 4517 2612 4582 illis,
2658 4517 2856 4587 quibus
2886 4516 3225 4587 metropolita
3254 4513 3545 4586 Carthagi-

266 4608 476 4665 niensis
504 4608 559 4662 in
587 4608 796 4675 Africa,
818 4611 1010 4665 vicarii
1059 4611 1323 4681 pontiﬁcii
1362 4612 1489 4667 aliis
1508 4613 1560 4666 in
1593 4616 1840 4683 partibus
1868 4613 2272 4682 patriarcbatus
2320 4613 2548 4669 Romani
2577 4612 2917 4669 fruebantur.
2946 4610 3121 4679 Quam
3151 4613 3411 4683 praeclare
3435 4612 3549 4668 inec

268 4699 322 4752 in
347 4697 636 4770 Otgarium
665 4701 937 4771 quadrent
964 4702 1288 4768 videbimus,
1322 4702 1366 4758 si
1399 4718 1430 4757 a
1458 4702 1515 4757 S.
1545 4702 1825 4758 Bonifacio
1856 4718 2029 4773 usque
2069 4705 2135 4758 ad
2165 4705 2361 4775 ipsum,
2393 4718 2641 4774 quaenam
2682 4702 2846 4770 hujus
2885 4702 3161 4773 dignitatis
3191 4704 3241 4758 in
3287 4701 3552 4758 sede-Mo-

268 4796 498 4865 guntina
544 4811 667 4852 sors
702 4797 895 4865 fuerit,
927 4799 1286 4869 inquiramus.
1325 4800 1713 4857 Sanctissimus
1763 4800 1851 4856 ille
1898 4800 2205 4857 Germania:
2253 4802 2529 4870 apostolus
2579 4815 2610 4854 a
2665 4798 2930 4853 Zacliaria
2982 4813 3119 4868 papa
3175 4798 3551 4868 Moguntinam

270 4890 454 4945 sedem
486 4891 542 4946 in
568 4893 911 4964 mctropolim
949 4905 1195 4951 evectam
1222 4896 1454 4966 accepit,
1489 4896 1574 4952 cui
1598 4894 1997 4966 subjicerentnr
2020 4895 2281 4951 Ecclesiae
2308 4895 2664 4966 Tongrensis,
2698 4892 3062 4955 Coloniensis,
3094 4890 3551 4969 Wormaciensis;

272 4986 575 5056 Spirensis,
601 4987 966 5059 Trajectensis
1000 5001 1056 5047 et
1080 4987 1271 5047 omnes
1302 4992 1397 5057 illi,
1425 4993 1521 5063 qui
1545 4993 1614 5046 ab
1643 5007 1709 5047 eo
1735 4992 1984 5046 conversi
2014 4992 2243 5053 fuerant,
2280 4992 2589 5048 Germania:
2617 4991 2822 5062 populi,
2869 5003 3063 5057 nempe
3088 4992 3349 5040 recenler
3378 4982 3448 5037 ab
3476 4998 3544 5038 eo

272 5095 471 5139 erectas
519 5085 677 5141 sedes
724 5084 1153 5157 Herbipolensis,
1201 5086 1656 5156 Buraburgensis,
1710 5085 2067 5152 Erfurt-tensis,
2123 5088 2562 5151 Eichstettensis,
2626 5087 2824 5158 quibus
2877 5082 3150 5156 posterius
3201 5081 3543 5151 Augustana,

275 5177 731 5246 Constantiensis,
771 5181 1071 5248 Curiensis,
1100 5183 1577 5253 Argentoratensis
1624 5190 1997 5238 accesserunt;
2047 5180 2178 5249 Quae
2202 5190 2446 5252 potestas
2473 5197 2605 5238 vere
2650 5179 2980 5252 primatialis
3033 5187 3171 5244 erat,
3205 5192 3331 5232 cum
3362 5188 3556 5230 omnes

284 5275 509 5348 integra:
555 5278 794 5333 nationis
842 5277 1089 5333 ecclesiae
1118 5277 1448 5348 Moguntina:
1496 5278 1917 5347 subjicerentur.
1954 5277 2077 5333 Mox
2109 5288 2313 5341 tamen,
2346 5280 2569 5334 sedente
2602 5278 2758 5333 Lullo
2789 5274 3055 5332 Bonifacii
3105 5287 3449 5338 successore,
3480 5272 3551 5327 ab

285 5370 560 5427 Hadriano
589 5373 887 5430 ldioeeesis
914 5372 1280 5444 Traj’ectensis
1303 5389 1330 5427 a
1362 5374 1646 5444 metropoli
1678 5372 1953 5442 Moguntia
1993 5373 2163 5427 divisa
2187 5384 2270 5428 est
2309 5381 2364 5428 et
2391 5372 2702 5429 Coloniensi
2731 5369 2976 5426 ecclesiae
3005 5369 3273 5441 subjecta.
3306 5367 3421 5422 lino
3446 5380 3547 5437 po-

283 5473 451 5522 testas
476 5466 565 5523 illa
592 5469 783 5527 vicarii
813 5472 1096 5543 apostolici
1127 5481 1181 5529 et
1203 5472 1454 5543 primatis
1499 5487 1605 5527 non
1636 5470 1852 5527 videtur
1878 5471 1946 5525 ad
1979 5469 2242 5527 Bonifacii
2270 5484 2616 5527 successores
2640 5466 2947 5533 trausiisse,
2987 5473 3049 5521 ut
3072 5465 3288 5538 egregie
3316 5463 3556 5521 ostendit

284 5734 421 5790 Sixti
447 5734 493 5789 ll
523 5750 613 5803 ep.
649 5737 697 5791 l.
752 5737 946 5793 Felicis
994 5738 1012 5793 l
1042 5754 1128 5808 ep.
1160 5740 1209 5793 l.
1239 5739 1558 5794 Benedictus
1604 5737 1789 5793 Levita
1820 5736 1856 5790 1.
2041 5736 2134 5804 (28
2166 5734 2408 5789 .‘llislor.
2436 5733 2497 5788 li.
2525 5734 2577 5788 7.
2610 5734 2769 5791 Pertz
2789 5732 2851 5789 II.
2874 5731 3001 5789 659.

674 5807 793 5873 581.
831 5808 913 5865 ΙΙΙ.
943 5809 982 5863 i.
1016 5809 1104 5876 83,
1134 5809 1222 5877 89,
1261 5808 1382 5877 156,
1427 5809 1546 5877 171,
1580 5809 1704 5876 3H,
1732 5807 1858 5874 521,
2395 5821 2445 5875 p.
2472 5805 2597 5861 (ιι-ι.

284 5820 344 5859 ιι.
371 5819 495 5860 can.
518 5806 645 5873 309,
674 5807 793 5873 set.
831 5808 913 5865 ιιι.
943 5809 982 5863 ι.
1016 5805 1104 5876 83',
1134 5809 1222 5877 89,
1261 5808 1382 5877 156,
1427 5807 1858 5877 171,314,321,
2041 5805 2155 5935 $29k
2193 5805 2251 5858 1..
2278 5821 2354 5866 c..
2395 5805 2597 5875 p.627.

287 5874 412 5935 439,
443 5874 572 5931 460.
2065 5875 2134 5930 se
2186 5875 2366 5935 80.1.

287 5874 412 5942 439,
443 5874 572 5931 460.
1092 5874 1098 5876 “
1210 5874 1217 5877 ’
1368 5874 1376 5877 ⁷
1533 5874 1539 5877 ’
1690 5874 1698 5876 ’
2043 5874 2155 5935 tam
2186 5875 2285 5941 Ep.
2315 5876 2366 5930 1.
