3998 5416
430 254 461 295 ι
1243 242 1534 300 APPEND.
1577 245 1667 299 an
1706 241 1879 300 size.
1917 242 2006 297 ix.
2075 224 2471 303 ‘f‘tsmonus
2512 247 2906 306 uenearou.

431 350 667 419 Blascus,
707 354 811 409 c.7
841 346 951 409 δύω
978 353 1043 410 de
1067 354 1396 414 Collectione
1444 360 1633 415 lsidori
1682 359 1998 416 Mercatoris
2045 360 2460 430 dissertationis,
2495 364 2650 437 (50*)
2696 365 2966 437 Moguntia
3011 374 3193 422 tamen
3243 364 3482 436 primum
3508 363 3691 423 locum

430 460 570 507 Inter
596 451 810 522 imperii
835 450 1166 508 Francorum
1194 454 1350 511 sedes
1378 455 1536 527 longo
1566 465 1805 528 tempore
1842 458 2089 524 retinuit,
2122 468 2181 514 ut
2215 460 2356 515 idem
2382 474 2431 514 c.
2466 459 2533 515 l3
2561 462 2806 516 ostendit
2834 460 3019 516 latius.
3056 457 3310 529 Adeoque
3338 456 3497 515 facile
3527 457 3693 516 Boui-

430 544 553 602 facii
588 549 890 603 successori
932 562 995 603 ea
1030 551 1255 606 ambitio
1283 552 1336 606 in
1367 561 1602 608 mentem
1630 555 1798 621 venit,
1827 564 1888 611 ut
1919 555 2181 611 Bonifacii
2228 557 2617 627 praerogativas
2666 557 2722 612 in
2772 571 2831 612 se
2863 564 2978 612 tum
3028 554 3257 620 servari,
3308 561 3423 609 tum
3468 554 3691 610 restitui

430 640 746 709 postularet.
778 640 1046 711 Ricull‘us,
1083 646 1173 715 qui
1204 644 1418 702 Lullum
1448 642 1670 704 secutus
1696 659 1801 716 est,
1849 648 2223 724 Salisburgum
2264 659 2320 708 et
2362 651 2646 709 Coloniam
2690 650 2745 707 in
2775 650 3108 722 metropoles
3134 649 3270 722 erigi
3302 649 3505 705 invitus
3530 649 3691 706 vidit.

429 735 650 809 Otgario
673 739 893 796 sedente
918 741 969 796 in
991 755 1056 798 eo
1074 751 1214 814 erat,
1239 752 1299 798 ut
1327 759 1454 815 pars
1482 744 1655 815 major
1672 743 2130 817 suli’ragancorum
2173 746 2460 819 Moguntina
2488 747 2815 817 eriperetur,
2835 745 3171 816 proindeque
3198 753 3253 800 et
3276 746 3532 802 dimcesis
3570 759 3689 802 me-

429 834 733 903 tropolitica
760 836 1116 906 minueretur,
1139 854 1262 895 cum
1294 840 1599 897 Ludovicus
1621 840 1977 899 Germanicus
2006 834 2189 915 parties
2222 843 2437 915 imperii
2464 842 2818 899 cisrheuanas
2856 848 2917 896 ut
2948 840 3051 897 sibi
3083 840 3333 912 proprias
3361 839 3689 905 vindicaret,

429 929 718 995 provincia:
737 928 866 987 vero
903 932 1284 991 ecclesiastica:
1313 935 1448 991 lines
1477 952 1765 1007 regnorum
1794 938 1947 1009 sequi
1975 937 2233 994 solerent.
2266 938 2403 994 Hinc
2432 937 2636 994 factum
2674 946 2778 1004 est,
2808 944 2869 992 ut
2892 935 3149 1008 Otgarius
3180 946 3467 1008 tantopere
3490 937 3695 992 unitati

430 1024 639 1096 imperii
685 1028 945 1094 studeret,
978 1029 1251 1087 Ludovico
1288 1030 1384 1089 Pio
1412 1032 1816 1099 adversaretur,
1842 1049 1968 1090 cum
2010 1034 2298 1101 Alsatiam,
2360 1035 2616 1091 Sueviam
2647 1043 2706 1091 et
2762 1041 2972 1104 partem
3014 1033 3339 1106 Burgundiae
3368 1034 3477 1090 tilio
3503 1032 3704 1090 Carolo
3809 1075 3815 1079 .

428 1124 772 1191 concederet,
804 1126 1064 1182 Lothario
1094 1127 1317 1197 faveret,
1342 1145 1466 1185 cum
1501 1131 1771 1202 integram
1795 1130 1973 1187 Caroli
2007 1132 2180 1203 Magni
2206 1132 2578 1189 haereditatem
2602 1139 2900 1203 appeteret.
2937 1128 3090 1197 Quod
3118 1128 3364 1201 apprime
3394 1130 3453 1184 in
3494 1129 3698 1183 Decre-

430 1219 628 1276 talibus
653 1236 971 1293 expressum
1001 1225 1262 1296 reperias.
1290 1224 1565 1299 Pelagium
1596 1226 1640 1283 ll
1670 1244 1863 1298 papam
1903 1229 1984 1285 sic
2028 1227 2342 1298 loquentem
2384 1226 2595 1283 inducit
2631 1235 2793 1298 atque
2832 1233 3217 1297 exponentem,
3267 1223 3399 1294 quid
3441 1223 3514 1279 sit
3544 1220 3697 1292 iusta

430 1316 712 1382 provincia
742 1316 1112 1376 ecclesiastica
1142 1321 1289 1393 (θυι
1320 1338 1339 1373 ι
1376 1323 1454 1377 De
1482 1331 1704 1389 caetero,
1747 1321 1969 1390 fratres,
1999 1338 2164 1395 super
2208 1323 2502 1395 provinciae
2529 1337 2689 1379 causa
2717 1321 2860 1378 unde
2889 1321 3071 1377 sedem
3113 1318 3465 1391 apostolicam
3493 1316 3699 1373 dudum

426 1412 709 1468 consulere
734 1413 1002 1481 voluistis,
1031 1414 1249 1471 videtur
1275 1417 1432 1472 nobis
1460 1415 1793 1474 sulllcienter
1821 1426 2113 1474 tractatum
2142 1434 2172 1474 a
2198 1418 2403 1475 sanctis
2431 1418 2922 1489 praedecessoribus
2942 1416 3165 1473 nostris.
3205 1415 3313 1471 Sed
3351 1414 3478 1485 quia
3515 1413 3697 1470 denuo

426 1519 667 1566 nostram
698 1511 1124 1568 mediocritatem
1153 1514 1218 1569 de
1243 1515 1433 1569 eadem
1475 1528 1536 1569 re
1574 1516 1913 1587 interrogare
1946 1516 2167 1585 dignum
2215 1515 2470 1582 duxistis,
2518 1515 2734 1581 scitote,
2781 1521 2989 1570 certam
3029 1511 3368 1584 provinciam
3402 1525 3543 1579 esse,
3575 1525 3698 1581 quae

424 1603 588 1658 habet
626 1603 809 1658 decem
852 1602 938 1657 vel
980 1603 1231 1659 undecim
1259 1605 1508 1662 civitates
1532 1615 1586 1661 et
1610 1621 1778 1662 unum
1809 1622 1992 1675 regem
2032 1614 2087 1661 et
2117 1606 2339 1662 totidem
2367 1606 2608 1662 minores
2632 1612 2932 1677 potestates
2958 1605 3059 1661 sub
3089 1618 3171 1675 se,
3199 1611 3256 1658 et
3281 1618 3447 1658 unum
3474 1603 3696 1673 episco.

423 1711 550 1764 pum
578 1696 821 1767 aliosque
842 1695 1225 1769 suifragatores
1253 1698 1443 1755 decem
1472 1700 1558 1756 vel
1581 1702 1834 1757 undecim
1855 1702 2137 1772 episcopos
2151 1701 2384 1772 iudices,
2413 1702 2481 1757 ad
2503 1716 2737 1773 quorum
2758 1699 3028 1773 judicium
3057 1712 3249 1755 omnes
3275 1712 3457 1753 causae.
3482 1696 3696 1767 episco-

428 1808 621 1861 porum
651 1802 705 1848 et
753 1794 1088 1864 reliquorum
1135 1795 1477 1851 sacerdotum
1508 1812 1573 1852 ac
1597 1797 1879 1852 civitatum
1916 1812 2098 1854 causae
2131 1795 2458 1864 referantur,
2503 1804 2565 1852 ut
2604 1797 2674 1853 ab
2705 1796 2793 1853 his
2836 1796 3090 1852 omnibus
3118 1794 3263 1866 iuste
3288 1806 3525 1849 consona
3557 1803 3703 1847 voce

431 1890 833 1954 discernantur,
862 1891 964 1971 nisi
988 1890 1056 1945 ad
1088 1890 1349 1960 maiorem
1391 1892 1769 1948 auctoritatem
1796 1891 1960 1949 fuerit
1987 1893 2057 1948 ab
2088 1893 2192 1958 his,
2225 1893 2315 1964 qui
2340 1888 2618 1964 iudicandi
2647 1899 2796 1959 sunt,
2826 1890 3174 1962 appellatum.
3205 1888 3363 1945 Unde
3389 1902 3495 1943 non
3521 1901 3688 1957 opor-

425 1989 525 2047 tet,
561 1990 620 2036 ut
648 1981 975 2053 degradetur
1000 1986 1082 2043 vel
1109 1987 1474 2044 dehonoretur
1499 2005 1823 2062 unaquaque
1871 1990 2171 2060 provincia,
2202 1991 2297 2046 sed
2322 1989 2462 2062 apud
2495 1989 2839 2059 semetipsam
2872 1989 3069 2045 habeat
3100 1985 3333 2059 iudices,
3379 1984 3699 2041 sacerdotes

423 2087 476 2132 et
506 2079 787 2169 episcopos
812 2082 1051 2152 singulos
1081 2082 1331 2140 videlicet
1348 2083 1506 2153 juxta
1536 2086 1756 2141 ordines
1782 2101 1927 2142 suos.
1964 2105 1984 2139 ι
2025 2085 2190 2156 Atqui
2214 2093 2413 2157 quarto
2440 2093 2562 2157 post
2586 2100 2776 2156 pacem
2810 2083 3235 2140 Viroduneusem
3269 2098 3437 2149 anno,
3472 2096 3593 2151 quae
3621 2096 3703 2137 ne.

422 2169 721 2245 provincia:
747 2179 1074 2251 Moguntiuae
1104 2182 1527 2254 discerperetur,
1569 2197 1636 2239 ex
1676 2181 1887 2252 Otgarii
1924 2183 2065 2239 votis
2099 2183 2312 2248 avertit,
2359 2181 2657 2238 Rhabanus
2700 2180 2920 2236 Maurus
2947 2179 3065 2249 eius
3107 2194 3390 2236 successor
3418 2179 3682 2252 synodum

421 2270 711 2344 Moguntiae
739 2275 1042 2340 celebrans,
1084 2276 1337 2333 undecim
1384 2276 1572 2332 habuit
1608 2276 2002 2350 sutfraganeos,
2038 2276 2386 2333 Salomonem
2428 2274 2909 2341 Wormatiensem,
2950 2274 3299 2332 Gebhardum
3351 2274 3691 2345 Spirensem,

420 2366 756 2424 Gozhaldum
786 2368 1250 2440 Hcrbipolensem,
1277 2372 1560 2444 Otgarium
1588 2372 2059 2437 Eichstettensem,
2091 2372 2414 2429 Baturatum
2441 2372 2965 2437 Paderbornensem,
2995 2370 3238 2427 Ebouem
3270 2369 3689 2435 Hildesiensem,

419 2462 754 2536 Haymonem
792 2465 1339 2532 Halberstadiensem,
1389 2468 1750 2541 Waltgarium
1792 2470 2145 2538 Verdensem,
2190 2468 2554 2527 Gerbrathum
2600 2468 2943 2535 Curiensem,
2979 2467 3243 2524 Latonem
3291 2467 3688 2538 Augustanum,

422 2559 767 2617 Salomonem
807 2562 1298 2629 Constanticnsem,
1336 2566 1448 2638 (32)
1480 2582 1586 2621 uno
1614 2567 1778 2622 verbo
1804 2574 1882 2622 tot
1908 2567 2191 2638 episcopos
2235 2566 2339 2623 sibi
2378 2566 2642 2634 subditos,
2684 2580 2822 2637 quos
2849 2564 3309 2637 Pseudopelagius
3336 2562 3676 2635 provinciam

420 2656 757 2714 constituere
786 2659 970 2715 voluit.
1008 2660 1147 2716 Nota
1173 2663 1339 2717 etiam
1372 2678 1403 2716 a
1438 2661 1912 2720 Pseudodceretali
1950 2661 2176 2733 requiri,
2205 2670 2267 2716 ut
2295 2661 2575 2733 provincia
2616 2662 2672 2717 in
2708 2660 2870 2718 unius
2903 2659 3047 2732 regis
3076 2658 3282 2714 ditione
3312 2656 3402 2713 sit.
3432 2654 3684 2727 Requirit

423 2750 649 2832 insuper
671 2762 730 2808 ut
751 2754 936 2820 urbes,
965 2756 1020 2811 in
1048 2756 1247 2827 quibus
1270 2758 1531 2829 primates
1562 2760 1765 2816 sessuri
1791 2759 1923 2827 sint,
1947 2758 2063 2830 iam
2084 2769 2210 2814 ante
2226 2756 2430 2815 Christi
2457 2759 2749 2814 adventum
2782 2757 3021 2829 maiores
3039 2763 3203 2826 atque
3222 2753 3497 2824 primariae
3524 2750 3695 2808 urbes

430 2844 632 2903 fuerint
660 2849 794 2921 (55).
827 2849 944 2907 Non
970 2852 1195 2909 deerant
1222 2862 1423 2920 autem,
1464 2854 1554 2926 qui
1586 2854 1874 2927 Moguntiae
1900 2863 2082 2912 ortum
2104 2869 2135 2909 a
2164 2852 2455 2926 Magontio,
2488 2851 2734 2911 Herculis
2759 2851 2888 2918 lilio,
2921 2851 3009 2907 vel
3042 2864 3074 2904 a
3104 2847 3314 2921 Magog,
3342 2846 3451 2902 lilio
3485 2844 3687 2917 Japhe~

425 2944 517 3011 tis,
547 2946 634 3002 vel
659 2962 689 3001 a
730 2947 897 3020 Magis
925 2950 1177 3007 Treveris
1202 2951 1440 3022 expulsis
1461 2952 1805 3008 deducerent.
1839 2950 2001 3008 Certe
2028 2967 2059 3006 a
2088 2950 2262 3007 Druso
2290 2950 2473 3024 aliquo
2500 2959 2629 3008 ante
2654 2950 2929 3007 Christum
2959 2954 3146 3002 natum
3183 2955 3428 3015 tempore
3455 2942 3694 2998 civitatis

423 3034 644 3091 nomine
666 3037 863 3092 donata
889 3048 992 3094 est.
1024 3038 1120 3095 llis
1147 3041 1314 3097 addas
1340 3042 1394 3095 in
1414 3042 1644 3113 epistola
1674 3042 1887 3099 Aniceti
1916 3057 2081 3112 supra
2109 3042 2278 3099 citata
2306 3042 2595 3114 primatem
2654 3058 2759 3097 non
2791 3040 3002 3096 admitti
3032 3047 3232 3110 praeter
3261 3035 3588 3093 constitutos
3622 3034 3699 3088 ab

425 3130 705 3201 apostolis,
740 3133 843 3190 nisi
865 3136 1062 3206 populo
1081 3137 1349 3206 posterius
1371 3153 1635 3195 converso
1660 3138 1752 3209 qui
1786 3146 1967 3194 tantus
1988 3139 2058 3195 sit
2086 3152 2339 3205 numero,
2370 3145 2430 3192 ut
2451 3137 2541 3192 tali
2566 3135 2747 3208 capite
2770 3144 2962 3207 egeat;
2990 3132 3325 3204 habebisque
3343 3131 3689 3202 Moguntiam

423 3224 647 3297 eiusque
676 3230 1009 3301 provinciam
1043 3232 1197 3303 quasi
1229 3233 1522 3305 depictam.

493 3322 680 3394 Neque
706 3324 893 3395 maiori
934 3326 1249 3386 difﬁcultate
1277 3330 1548 3401 explicare
1573 3330 1729 3387 nobis
1770 3329 1972 3397 licebit,
1999 3345 2099 3386 cur
2126 3336 2247 3401 post
2273 3342 2465 3399 pacem
2492 3325 2923 3381 Viroduuensem
2964 3322 3245 3398 Otgarium
3295 3324 3576 3380 videamus
3614 3323 3691 3378 ab

424 3422 689 3492 eiusmodi
738 3424 1019 3483 fraudibus
1055 3426 1346 3491 abstinere,
1387 3435 1549 3496 atque
1594 3426 1869 3483 Ludovico
1894 3426 2219 3483 Germanico
2256 3423 2596 3480 reconciliari
2627 3423 2902 3494 altumque
2933 3426 2999 3481 de
3040 3422 3561 3480 Pseudoisidorianis
3590 3420 3690 3476 de-

426 3517 721 3573 oretalibus
748 3517 1023 3574 silentium
1062 3528 1172 3572 tum
1200 3534 1231 3573 a
1264 3517 1528 3595 Rhabano
1556 3532 1891 3582 successore,
1927 3524 2039 3570 tum
2080 3515 2239 3586 longo
2268 3523 2390 3584 post
2420 3522 2661 3584 tempore
2686 3513 2739 3568 in
2768 3512 3058 3570 Germania
3087 3528 3227 3569 esse.
3265 3512 3322 3567 ld
3362 3511 3486 3566 inde
3513 3508 3681 3564 dedu-

426 3613 654 3668 cendum
683 3620 786 3677 est,
818 3613 962 3682 quod
987 3628 1120 3683 pace
1146 3612 1502 3668 Virodunensi
1545 3612 1809 3683 eiusmodi
1838 3610 2048 3682 imperii
2092 3611 2285 3667 divisio
2310 3610 2529 3666 inducta
2555 3610 2646 3677 sit,
2688 3625 2811 3680 quae
2854 3608 3210 3681 Moguntiacas
3238 3606 3530 3679 provinciae
3568 3619 3685 3659 am-

425 3708 745 3777 plitudinem
779 3708 1039 3764 intactam
1066 3709 1288 3765 omnino
1325 3708 1674 3778 relinqueret.
1702 3707 1851 3763 Tunc
1880 3708 1994 3777 ipse
2021 3706 2228 3763 fraudis
2252 3707 2502 3763 inventor
2524 3705 2772 3777 proprias
2801 3719 3012 3761 merces
3040 3711 3226 3775 utpote
3255 3701 3356 3758 sibi
3378 3700 3491 3770 iam
3518 3698 3685 3755 inuti-

437 3804 515 3859 les
535 3803 790 3874 neglexit.

512 3899 638 3956 Haec
708 3901 890 3956 omnia
967 3901 1011 3956 si
1089 3900 1530 3971 complectamur,
1581 3899 2030 3956 verisimillimum
2106 3898 2322 3951 videtur
2394 3894 2672 3967 Otgarium
2744 3892 3117 3965 Moguntinum
3193 3893 3389 3949 saltem
3470 3902 3692 3945 causam

429 3990 688 4045 moralem
744 3990 1103 4046 Decretalium
1156 3990 1344 4047 fuisse.
1390 3991 1580 4046 Utrum
1634 3990 1954 4046 Benedictus
2006 3987 2214 4051 Levita,
2265 3993 2324 4040 ut
2381 3984 2608 4049 Walter,
2661 3982 2836 4039 Knust
2885 3991 2940 4038 et
2993 3982 3085 4037 alii
3127 3981 3479 4053 probabiliter
3514 3986 3679 4033 autuq

435 4098 612 4155 mant,
640 4090 755 4159 ipse
783 4088 1050 4145 Mercator
1078 4088 1258 4154 fuerit,
1292 4104 1487 4155 necne,
1525 4088 1578 4143 id
1604 4076 1853 4159 equidem
1891 4084 2116 4142 definire
2157 4083 2345 4149 nolim,
2380 4097 2555 4153 neque
2582 4090 2713 4152 puto
2738 4093 2976 4149 unquam
3013 4078 3069 4134 in
3099 4077 3265 4134 dubio
3306 4075 3478 4145 detegi
3509 4087 3692 4145 posse.

425 4186 485 4242 1d
509 4201 640 4242 sane
664 4186 807 4241 favet
828 4185 1145 4258 suspicioni,
1174 4184 1313 4255 quod
1336 4195 1519 4256 partes
1540 4184 2097 4247 Pseudoisidorianas,
2124 4179 2319 4251 quibus
2341 4180 2531 4242 utitur,
2554 4177 2786 4248 quadam
2807 4176 3061 4231 libertate
3082 4172 3422 4229 immutando
3452 4176 3687 4225 transtu~

428 4283 579 4349 ierit,
608 4285 749 4340 sicut
786 4283 854 4349 is,
880 4285 970 4354 qui
1000 4284 1249 4356 proprias
1274 4283 1676 4340 lucubrationes
1723 4282 1998 4344 adhibeat,
2032 4294 2139 4334 non
2182 4279 2250 4333 ad
2285 4277 2509 4332 verbum
2557 4274 2843 4346 allegando
2881 4282 2943 4328 ut
2969 4272 3039 4337 is,
3070 4271 3163 4341 qui
3200 4269 3378 4325 aliena
3423 4263 3689 4321 transcri-

422 4379 602 4435 heret.

504 4472 624 4530 Jam
649 4490 781 4532 vero
811 4484 979 4547 patet,
1012 4476 1317 4533 Decretales
1354 4484 1408 4531 et
1450 4474 1749 4544 posteriora
1776 4472 2051 4528 Benedicti
2078 4467 2407 4547 Capitularia
2436 4482 2541 4522 non
2573 4474 2699 4521 ante
2728 4471 3058 4521 conventum
3088 4459 3395 4516 'l‘heodouis
3423 4455 3688 4509 villanum

424 4588 475 4627 a.
511 4573 619 4630 855
645 4539 893 4630 confecta
925 4539 1292 4656 fuisse_neque
1313 4579 1433 4641 post
1453 4539 1650 4639 pacem
1678 4567 2103 4623 Virodunensem
2128 4539 2164 4620 ad
2184 4539 2289 4649 ὃμ
2329 4578 2451 4619 esse
2496 4560 2823 4632 reponenda.
2857 4557 3047 4614 Utrum
3077 4556 3334 4625 denique,
3370 4548 3690 4656 utﬂGfréret'

423 4664 738 4734 suspicatur
763 4643 1112 4733 postmodum.
1151 4676 1182 4716 a
1206 4639 1498 4716 'We'utlone
1540 4657 1861 4722 Senonensi,
1892 4656 1987 4727 qui
2030 4664 2087 4710 et
2122 4639 2237 4726 ipse
2279 4652 2535 4709 Ecclesiae
2579 4665 2688 4706 suae
2735 4649 3031 4734 primatum
3063 4646 3119 4701 in
3167 4644 3357 4701 Galliis
3400 4639 3691 4696 allectabat

434 4732 599 4829 (quod
626 4767 683 4813 et
724 4758 1014 4829 Ancegisio
1039 4757 1156 4829 eius
1203 4755 1503 4812 successori
1547 4753 1817 4824 contigit),
1841 4761 1896 4806 et
1940 4765 1971 4804 a
2010 4749 2278 4804 Rothadio
2309 4743 2684 4802 Suessionensi
2734 4732 2891 4796 aucta
2937 4740 3162 4829 fuerint,
3193 4738 3283 4792 vix
3314 4746 3421 4803 est,
3472 4746 3534 4790 ut
3563 4733 3689 4803 quis

426 4828 711 4913 decernat,
750 4828 927 4917 neque
970 4828 1232 4917 eiusmodi
1259 4843 1495 4914 suspicio
1535 4842 1855 4904 rationibus,
1916 4853 2036 4909 quae
2064 4837 2382 4908 prudentem
2422 4840 2694 4895 moveant,
2724 4831 2992 4885 innititur.
3038 4828 3226 4900 Neque
3275 4829 3342 4884 iis
3368 4838 3685 4917 possumus,

423 4936 514 4993 his
542 4936 779 5001 statutis,
818 4915 1089 5002 assentiri,
1129 4936 1221 5006 qui
1263 4935 1554 4991 innocuum
1582 4941 1863 5003 tantopere
1891 4929 2248 4985 Mercatorem
2280 4926 2428 4981 illum
2460 4924 2778 4994 depingunt.
2810 4922 2943 4990 Quis
2978 4921 3122 4976 enim
3157 4921 3211 4975 in
3237 4920 3479 4975 animum
3523 4915 3686 4971 indu-

427 5040 541 5096 cat,
571 5028 870 5093 hominem,
899 5031 991 5099 qui
1013 5027 1274 5098 eiusmodi
1305 5027 1644 5082 mendacium
1668 5026 1720 5080 in
1748 5024 2008 5079 mundum
2040 5020 2270 5084 invexit,
2300 5018 2436 5075 adeo
2470 5015 2792 5072 columbinm
2814 5015 2981 5069 fuisse
3008 5012 3399 5083 simplicitatis,
3425 5019 3488 5064 ut
3529 5022 3689 5063 men-

426 5121 615 5175 tiendo
649 5120 739 5174 vix
780 5134 889 5174 non
914 5097 1064 5175 recte
1088 5133 1146 5174 se
1171 5132 1334 5188 agere
1365 5124 1599 5187 putaret.
1632 5113 1756 5169 Pias
1793 5111 2016 5167 fraudes
2044 5125 2145 5166 nos
2170 5124 2275 5165 non
2301 5107 2571 5169 novimus,
2603 5118 2780 5174 neque
2803 5104 3018 5173 piorum
3044 5117 3287 5172 unquam
3318 5101 3488 5156 fuisse
3514 5097 3688 5156 credi-

426 5227 574 5269 mus.
597 5210 765 5266 Multo
790 5210 970 5265 minus
997 5223 1126 5264 vero
1147 5208 1429 5264 dicendum
1454 5216 1556 5271 est,
1579 5205 1841 5277 eiusmodi
1867 5202 2001 5258 falsa
2032 5207 2164 5256 tunc
2193 5214 2298 5255 non
2323 5214 2426 5269 pro
2453 5196 2755 5263 fraudibus,
2778 5195 2872 5252 sed
2896 5210 2994 5266 pro
3022 5195 3185 5250 modo
3205 5193 3442 5248 quodam
3465 5189 3686 5260 propria

426 5302 696 5373 principia
735 5300 1034 5371 exponendi
1067 5300 1248 5355 habita
1281 5298 1466 5354 fuisse.
