4012 6446
1600 446 2114 506 raomcoucaa
3456 472 3510 511 ι,

317 567 497 623 Locus
518 565 760 634 denique
778 559 1110 633 prtefationis
1126 556 1550 624 Pseudoisidori,
1565 573 1631 614 ex
1651 573 1762 629 quo
1783 558 1850 615 cl.
1869 557 2120 614 Rossbirt
2137 556 2286 629 (33")
2305 560 2590 618 ostendere
2609 562 2819 626 nititur,
2842 578 3048 620 merces
3070 562 3201 623 istas
3222 582 3295 621 ει·
3310 570 3513 624 bra-cis

248 664 495 720 fontibus
527 661 755 715 haustas
780 657 966 725 fuisse,
996 657 1129 713 nihil
1160 657 1319 728 plane
1348 656 1559 726 probat.
1600 655 1736 710 Nam
1768 653 2103 725 praefationis
2150 654 2293 711 illius
2335 665 2525 713 auctor
2568 660 2632 713 de
2683 659 2926 715 conciliis
2975 660 3235 731 loquitur,
3286 677 3394 718 non
3447 664 3513 720 de

244 757 628 814 decretalibus.
678 755 760 811 En
800 756 961 811 verba
999 769 1013 809 :
1052 774 1071 807 ι
1114 754 1192 810 Ea
1226 767 1357 809 vero
1403 752 1650 817 concilia,
1692 766 1810 823 quae
1851 752 2039 808 Graeco
2082 760 2208 807 sunt
2239 753 2381 808 edita
2426 755 2586 825 style,
2630 756 2859 825 amplius
2905 772 3067 827 quam
3106 757 3387 828 tripliciter
3422 768 3515 814 aut

242 851 680 925 quadruplieiter
724 851 1080 923 interpretata
1122 860 1217 905 aut
1243 850 1552 920 conscripta
1581 849 1899 918 reperimus.
1937 848 2092 915 Quod
2137 850 2182 905 si
2205 849 2407 905 veritas
2447 853 2754 919 quaerenda,
2804 867 2868 907 ex
2919 853 3164 923 pluribus
3202 852 3518 912 Graecorum

240 930 546 1021 sequamur
578 948 780 1020 stylum
810 959 1107 1015 eorumque
1138 945 1410 1001 imitemur
1440 943 1705 1000 dictiones
1740 950 1902 1013 atque
1931 942 2259 1014 exemplaria
2279 985 2293 1011 ,
2325 953 2430 999 etc.
2476 964 2493 998 ι
2530 944 2659 1013 Quae
2683 962 2812 1004 vero
2840 963 2906 1003 ex
2940 947 3213 1006 codicibus
3256 950 3519 1009 Bamber-

240 1042 500 1113 gensibus
537 1041 731 1096 attnlit'
755 1046 1126 1105 monumenta,
1170 1040 1224 1094 in
1269 1039 1466 1109 quibus
1510 1038 2020 1095 Pseudodecretales
2075 1049 2200 1095 ante
2237 1038 2592 1097 Mercatorem
2640 1042 2960 1111 habeantur,
2993 1054 3114 1116 post
3157 1047 3331 1117 ipsum
3379 1063 3503 1105 con-

240 1139 445 1207 scripta
476 1137 650 1201 fuere,
689 1144 872 1204 utpote
901 1151 1020 1204 quze
1063 1135 1130 1190 ad
1171 1133 1541 1190 ordinationes
1583 1133 1829 1190 Formosi
1873 1132 2200 1191 referantur.
2250 1133 2381 1189 lllud
2414 1146 2595 1191 autem
2636 1136 2951 1208 opusculum
2986 1140 3129 1209 quod
3162 1156 3227 1196 ex
3260 1141 3519 1197 Bambcr-

240 1237 501 1308 gensibus
553 1233 831 1291 codicibus
870 1230 1105 1300 erutum,
1136 1236 1356 1289 omnino
1385 1232 1715 1303 incognitum
1751 1231 1920 1287 fuisse
1944 1240 2119 1303 putat,
2163 1247 2225 1287 ac
2266 1231 2680 1290 Pseudoisidoro
2708 1233 2966 1305 priorem,
3007 1252 3071 1290 ex
3119 1252 3225 1307 quo
3269 1236 3517 1291 hausisse

239 1332 599 1388 Mercatorem
641 1331 918 1401 supponit,
943 1344 1048 1385 non
1076 1336 1161 1385 est
1209 1329 1311 1385 nisi
1339 1327 1476 1383 liber
1501 1328 1651 1399 prior
1679 1327 1881 1382 Auxilii
1925 1328 1992 1384 de
2032 1327 2462 1384 ordinationibus
2494 1328 2761 1396 Forinosi,
2811 1332 2902 1401 qui
2944 1331 3111 1387 multo
3149 1341 3272 1403 post
3310 1332 3515 1389 Merca-

241 1439 415 1484 torem
458 1436 705 1498 tempore
753 1426 993 1497 scripsit.
1043 1426 1277 1482 Proinde
1328 1425 1451 1481 licet
1481 1440 1668 1481 verum
1711 1425 1815 1492 sit,
1859 1423 2333 1481 Pseudoisidorum
2378 1425 2545 1482 multa
2585 1426 2696 1497 jam
2739 1429 3004 1484 exstantia
3048 1429 3372 1496 adhibuisse,
3414 1444 3521 1484 non

241 1534 425 1581 tamen
456 1522 744 1580 dicendum
772 1528 856 1577 est
884 1535 1008 1576 eum
1034 1519 1265 1591 plurima
1302 1533 1409 1575 non
1438 1519 1660 1590 proprio
1689 1517 1858 1575 Marte
1888 1520 2248 1577 conseruisse.

250 1661 262 1669 .
308 1622 362 1675 7.
405 1619 707 1675 Audiamus
734 1617 917 1681 modo,
944 1631 1066 1687 qua:
1091 1630 1121 1669 a
1147 1614 1229 1671 Cl.
1265 1613 1449 1670 Hefele
1477 1630 1573 1685 per
1603 1614 1820 1669 modum
1850 1615 2019 1682 dubii,
2045 1631 2166 1672 eum
2196 1617 2296 1688 ipsi
2331 1618 2617 1690 hypothesi
2648 1628 2848 1675 nostrae
2878 1618 3075 1687 faveat,
3108 1622 3161 1677 in
3189 1623 3521 1679 contrarium

244 1718 489 1788 opposita
533 1724 660 1772 sunt
698 1715 835 1786 (54).
888 1711 989 1768 'l‘ot
1015 1719 1197 1783 partes
1238 1711 1294 1766 in
1339 1710 1913 1767 Pseudodecretalibus
1955 1721 2190 1780 exstare,
2248 1730 2369 1785 quae
2407 1724 2675 1787 prmtenso
2721 1718 2957 1773 auctoris
3002 1732 3169 1791 scopo
3216 1720 3522 1777 nullatenus

244 1812 574 1876 inserviant;
599 1810 743 1881 quod
774 1807 1167 1880 metropolitica
1196 1814 1437 1878 potestas
1465 1807 1599 1862 adeo
1633 1807 1985 1878 deprimatur,
2025 1824 2131 1863 non
2160 1811 2431 1882 quadrare
2465 1812 2519 1868 in
2553 1812 2853 1885 Otgarium,
2888 1814 2980 1885 qui
3031 1814 3145 1884 ipse
3182 1813 3524 1886 metropolita

245 1906 430 1972 fuerit,
458 1905 809 1963 Benedictum
842 1903 1111 1970 Levitam,
1156 1916 1321 1972 quem
1362 1901 1569 1959 Isidoro
1610 1902 1955 1972 coniunctum
1997 1907 2366 1976 supponimus,
2412 1909 2582 1964 multo
2630 1909 2810 1965 minus
2856 1909 3213 1981 metropolitis
3257 1908 3525 1966 infensum

245 2020 385 2061 esse.
418 2003 615 2059 Mirum
655 2000 851 2065 videri,
895 2000 941 2056 si
980 1998 1263 2072 Otgarium
1305 1999 1659 2055 deeretalium
1702 2009 1980 2057 auctorem
2024 2003 2245 2069 habeas,
2292 2004 2359 2059 ab
2402 2001 2518 2074 ejus
2566 2019 2882 2061 successore
2924 2006 3183 2062 fihabano
3226 2021 3318 2062 eas
3363 2005 3525 2076 plane

248 2099 509 2172 ignorari,
539 2099 649 2154 imo
670 2098 876 2153 nullum
900 2111 1087 2153 earum
1124 2095 1283 2168 longo
1322 2104 1443 2169 post
1470 2105 1708 2169 tempore
1749 2115 1906 2154 usum
1949 2098 2151 2156 factum
2195 2098 2359 2157 fuisse
2398 2102 2452 2157 in
2495 2100 2800 2166 Germania,
2841 2103 2912 2157 ita
2953 2112 3012 2158 ut
3053 2102 3106 2158 in
3144 2103 3347 2174 synodo
3386 2101 3523 2157 Ger—

247 2196 526 2270 stungensi
582 2193 722 2251 £085
773 2194 1015 2266 episcopi
1068 2192 1375 2253 Germania:
1410 2209 1517 2249 una
1554 2209 1677 2251 cum
1729 2193 1910 2267 legato
1945 2196 2243 2268 apostolico
2292 2198 2504 2254 nonnisi
2554 2214 2675 2255 cum
2734 2202 2965 2270 quodam
3023 2202 3277 2270 despectu
3335 2212 3526 2255 earum

248 2292 585 2348 mentionem
626 2288 889 2347 facerent.

312 2389 391 2445 At
421 2388 702 2443 enimvero
739 2385 862 2456 quis
903 2384 1097 2452 nescit,
1138 2383 1403 2455 ejusmodi
1449 2384 1696 2441 falsarios
1737 2385 1839 2450 iis,
1883 2400 2003 2454 qua:
2039 2386 2341 2456 prmprimis
2381 2387 2437 2444 in
2477 2389 2756 2445 hominum
2799 2397 3009 2446 mentes
3048 2387 3303 2444 inducere
3343 2388 3521 2444 inten-

249 2487 416 2551 dunt,
459 2483 630 2539 multa
670 2482 992 2547 admiscere,
1032 2496 1154 2552 qua:
1193 2479 1556 2537 indifferentia
1608 2481 1717 2536 sint
1754 2488 1810 2537 et
1848 2480 2081 2536 innocua
2119 2481 2427 2549 videantur,
2470 2499 2539 2540 ne
2577 2499 2739 2555 prava
2780 2482 3006 2538 intentio
3045 2481 3314 2553 perfracte
3352 2481 3515 2537 nimis

248 2582 505 2651 nudeqne
543 2578 819 2648 exposita,
866 2577 1050 2633 statim
1090 2584 1365 2647 appareat.
1410 2575 1675 2631 lsidorum
1720 2575 2093 2646 metrOpolitas
2135 2575 2437 2646 deprimere
2479 2592 2586 2632 non
2627 2584 2744 2644 est,
2784 2592 2883 2632 cur
2920 2575 3202 2642 miremur,
3254 2591 3377 2631 cum
3431 2590 3527 2631 su-

250 2675 525 2747 periorem
565 2672 815 2743 primatis
855 2670 1233 2728 auctoritatem
1275 2672 1379 2729 sibi
1421 2680 1657 2745 arroget.
1699 2670 2087 2728 Verumtamen
2124 2672 2289 2728 nolim
2330 2672 2508 2729 dicere
2547 2672 2854 2729 Decretales
2894 2672 3098 2729 directe
3168 2669 3530 2743 metr0politis

248 2771 565 2835 adversari,
607 2783 784 2840 neque
821 2769 1088 2841 synodos,
1133 2784 1362 2840 quarum
1403 2769 1824 2826 celebrationem
1869 2769 2106 2825 inculcat
2146 2769 2289 2841 (55);
2334 2769 2387 2825 id
2428 2777 2637 2824 tantum
2680 2770 2840 2825 modo
2884 2769 3149 2836 intendit,
3189 2783 3257 2823 ne
3292 2766 3529 2839 synodo,
3620 2778 3627 2787 '

248 2881 374 2920 rum
416 2864 620 2935 judicia
651 2864 945 2919 arbitrario
975 2864 1135 2921 modo
1163 2865 1491 2931 habeantur,
1535 2880 1709 2934 neque
1749 2863 1915 2919 ullum
1960 2863 2032 2921 sit
2062 2865 2129 2921 ab
2174 2863 2376 2934 iniquis
2415 2864 2701 2920 sententiis
2742 2862 3028 2936 refugium,
3071 2876 3207 2917 neve
3252 2862 3305 2916 in
3352 2859 3531 2915 aliena

249 2961 534 3033 provincia
557 2961 823 3031 Judieium
854 2972 1196 3029 exerceatur,
1228 2963 1374 3034 quod
1408 2962 1464 3017 in
1500 2961 1806 3017 Theodonis
1834 2960 1957 3015 villa
1991 2959 2188 3015 factum
2219 2960 2424 3027 fuerat;
2464 2959 2573 3015 imo
2603 2958 2717 3015 vult
2740 2974 2934 3015 causas
2958 2958 3134 3028 primo
3160 2958 3227 3013 ad
3254 2964 3529 3027 metropo-

247 3054 427 3119 litam,
459 3053 653 3110 deinde
679 3056 746 3109 ad
775 3056 1060 3140 synodum,
1102 3057 1443 3127 postmodum
1485 3057 1551 3112 ad
1577 3056 1861 3128 primatem
1883 3096 1897 3122 ,
1934 3055 2167 3125 denique
2202 3054 2269 3110 ad
2298 3053 2608 3125 pontificem
2646 3053 2873 3121 deferri,
2913 3051 3017 3108 nisi
3049 3051 3231 3107 statim
3251 3044 3327 3106 'ad
3355 3048 3533 3119 ipsum

248 3151 582 3223 appellatum
608 3150 771 3209 fuerit
799 3153 933 3227 (56).
964 3154 1315 3211 Benedictum
1343 3155 1525 3225 itaque
1561 3154 1807 3211 Levitam
1848 3153 1901 3208 in
1939 3152 2312 3225 metropolitas
2343 3152 2522 3208 minus
2549 3152 2789 3222 iniquum
2821 3148 3010 3218 fuisse,
3040 3163 3148 3203 non
3180 3156 3328 3203 recte
3360 3157 3530 3216 oppo-

251 3264 389 3314 nas;
433 3248 573 3303 adde
601 3249 745 3319 quod
775 3248 1025 3305 eumdem
1057 3264 1182 3305 eum
1224 3248 1431 3305 Isidoro
1468 3248 1635 3304 fuisse
1664 3248 1970 3304 nullatenus
1999 3257 2207 3304 certum
2243 3248 2345 3314 sit,
2376 3246 2708 3320 proindeque
2745 3245 3113 3303 diversitatem
3145 3237 3531 3314 aliquantulam

253 3344 542 3399 admittere
567 3343 830 3398 absonum
861 3360 966 3399 non
997 3345 1085 3409 sit,
1119 3344 1387 3399 diversam
1416 3344 1648 3415 denique
1673 3344 1838 3399 fuisse
1867 3344 2459 3416 Pseudoeapitularium
2491 3345 2794 3401 materiam.

324 3439 444 3507 Qua
472 3440 540 3495 de
563 3455 728 3496 causa
759 3440 827 3495 ab
850 3441 1117 3513 episcopis
1139 3440 1448 3497 Germanias
1476 3448 1529 3497 et
1554 3456 1584 3495 a
1609 3440 1895 3509 Rbabano,
1925 3442 2141 3497 silentio
2173 3442 2469 3512 praeterita,
2498 3441 2607 3497 imo
2630 3441 2698 3496 ab
2724 3442 2840 3513 ipso
2865 3438 3092 3496 demum’
3120 3435 3343 3508 Otgario
3369 3433 3531 3489 dere-

254 3533 385 3588 licta
420 3532 587 3590 fuerit
623 3535 905 3606 congeries
933 3534 1524 3601 Pseudodecretalium,
1557 3533 1772 3607 egregie
1813 3536 2062 3606 exposuit
2102 3533 2345 3600 Gfrérer,
2392 3550 2565 3603 neque
2594 3533 2885 3604 quidquam
2930 3532 3033 3588 illis
3076 3532 3380 3588 addendum
3421 3540 3529 3593 est,

254 3643 377 3699 quae
405 3645 568 3703 supra
596 3647 664 3687 ex
700 3631 817 3701 ipso
847 3632 1242 3702 excerpsimus,
1271 3639 1471 3703 praeter
1510 3629 1584 3697 id,
1618 3629 1902 3701 episcopos
1932 3629 2237 3684 Germaniae
2267 3628 2554 3700 plerosque
2581 3642 2611 3681 a
2650 3636 2804 3699 parte
2833 3625 3090 3681 Ludovici
3129 3624 3211 3680 Pii
3250 3631 3303 3677 et
3331 3636 3535 3692 cogno-

256 3728 422 3783 minis
461 3730 806 3797 postmodum
846 3727 940 3784 filii
975 3729 1188 3785 stetisse
1231 3729 1564 3800 proindeque
1612 3742 1718 3783 non
1750 3736 1861 3783 tam
1886 3730 1955 3784 ad
1982 3728 2129 3799 ipsos
2164 3727 2305 3782 mitti
2339 3727 2406 3781 ab
2433 3708 2673 3796 ipsisque
2701 3724 2867 3794 recipi
2896 3721 3136 3793 potuisse
3159 3716 3534 3777 collectionem

255 3835 549 3888 canonum,
576 3838 736 3893 quam
765 3825 831 3895 ad
857 3824 1063 3897 Otgarii
1109 3826 1318 3881 sodales
1364 3825 1418 3880 in
1458 3822 1709 3881 Neustria
1752 3826 2029 3897 degentes,
2074 3824 2216 3895 apud
2256 3838 2393 3894 quos
2433 3823 2539 3877 late
2590 3835 2835 3891 sparsam
2878 3816 3223 3889 postmodum
3265 3812 3531 3881 invenias,

258 3934 385 3976 eum
417 3920 489 3975 ab
514 3930 734 3977 auctore
760 3937 790 3976 a
816 3922 1092 3978 Ludovico
1118 3922 1170 3977 in
1201 3922 1433 3993 gratiam
1463 3930 1683 3991 recepto
1705 3921 1819 3993 jam
1851 3921 2341 3990 derelinqueretur.
2374 3917 2591 3974 Falsum
2622 3918 2784 3973 etiam
2811 3924 2892 3972 est
2920 3913 3225 3970 Germaniae
3250 3910 3534 3982 episcopos

262 4029 440 4084 neque
467 4015 535 4069 ad
564 4031 767 4071 annum
803 4017 936 4073 l085
965 4027 1021 4074 et
1048 4018 1189 4073 ultra
1221 4017 1519 4074 decretales
1547 4018 1631 4073 vel
1672 4017 1993 4089 neglexisse,
2027 4017 2111 4072 vel
2148 4017 2433 4087 sprevisse.
2466 4014 2603 4070 Nam
2640 4014 2694 4069 in
2733 4012 2937 4084 synodo
2971 4009 3280 4066 Coloniensi
3309 4023 3358 4061 a.
3397 4005 3528 4073 887,
3588 4074 3601 4083 1

256 4114 490 4183 epistola
529 4115 807 4184 Anacleti,
852 4118 905 4172 in
952 4118 1265 4191 Moguntina
1308 4118 1412 4177 888
1460 4119 1686 4191 epistola
1729 4116 1967 4183 Urbani,
2018 4116 2070 4170 in
2112 4113 2448 4169 Triburiensi
2492 4112 2708 4168 demum
2753 4109 2856 4167 895
2902 4107 3145 4182 pluribus
3176 4100 3535 4162 decretalibus

259 4208 782 4271 Pseudoisidorianis
812 4222 1061 4271 utuntur.
1093 4215 1234 4285 Alia,
1264 4232 1383 4289 qua:
1413 4215 1569 4273 facile
1598 4216 1900 4282 solvuntur,
1934 4212 2220 4270 brevitatis
2248 4227 2410 4267 causa
2439 4209 2758 4266 omittimus.

1842 4310 1871 4385 ς
1910 4310 1971 4368 ll.

327 4403 383 4458 8.
424 4403 578 4460 Licet
631 4403 788 4460 modo
832 4407 1007 4462 critici
1054 4409 1209 4479 quasi
1257 4425 1447 4465 omnes
1491 4408 1785 4474 fateantur,
1862 4405 2175 4463 Decretales
2217 4401 2758 4460 Pseudoisidorianas
2803 4411 2977 4468 neque
3024 4394 3213 4449 Romae
3252 4404 3427 4461 neque
3476 4393 3535 4444 ut

258 4498 620 4557 Pontilicibus
648 4502 993 4569 inservirent,
1033 4505 1278 4561 inventas
1306 4505 1493 4570 fuisse,
1531 4504 1687 4559 multi
1728 4512 1907 4559 tamen
1955 4500 2247 4556 Pontifices
2286 4496 2716 4571 iispostmodum
2774 4492 2970 4548 favisse
3018 4490 3255 4560 ipsisque
3301 4488 3354 4541 in
3404 4498 3535 4554 pro-

261 4594 441 4664 prium
473 4598 815 4653 commodum
848 4615 973 4655 usos
1001 4616 1119 4657 esse
1146 4605 1498 4659 contendunt.
1529 4599 2015 4658 Wassersebleben
2058 4605 2245 4653 censet
2274 4594 2525 4666 Sergium
2553 4592 2595 4647 ll
2626 4592 2739 4661 jam
2772 4606 2821 4645 a.
2857 4589 2961 4646 8H
3004 4589 3303 4659 Drogonem
3336 4584 3538 4639 Meten-

263 4705 379 4747 sem
410 4693 723 4764 episcopum
748 4694 1042 4753 Galliarum
1073 4700 1359 4769 primatem
1387 4702 1637 4770 sedisque
1660 4697 1969 4769 apostolicae
2000 4694 2261 4751 vicarium
2288 4693 2353 4745 ad
2384 4705 2629 4745 normam
2667 4688 2806 4759 juris
2833 4681 3323 4742 Pseudoisidoriani
3350 4692 3537 4735 creare

265 4785 523 4842 voluisse.
560 4788 756 4844 Verum
806 4791 870 4847 iis
898 4793 952 4847 in
983 4795 1120 4850 actis
1165 4796 1296 4851 nihil
1318 4796 1577 4862 occurrit,
1602 4794 1747 4865 quod
1790 4789 2009 4862 speciali
2043 4791 2215 4845 forma
2246 4786 2606 4845 Decretalium
2632 4784 2919 4856 vestigium
2953 4796 3061 4852 prae
3087 4795 3145 4835 se
3173 4779 3332 4841 ferat,
3364 4787 3539 4844 neque

264 4897 330 4937 ea
362 4883 622 4954 dignitas,
651 4890 815 4957 quam’
843 4889 1425 4961 Drogoni.moliebatur
1450 4891 1712 4965 pontifex,
1744 4889 1953 4945 novella
1979 4887 2114 4943 adeo
2139 4894 2276 4941 erat.

339 4977 543 5035 Nieolai
586 4981 607 5036 Ι
650 4985 876 5054 epistola
920 4989 985 5042 ad
1028 4987 1210 5044 Gallos
1256 4988 1309 5044 in
1349 5004 1512 5044 causa
1545 4986 1865 5059 Thietgaudi
1893 4982 2234 5039 Trevirensis
2262 4980 2397 5054 (57),
2442 4994 2563 5050 qua:
2599 4976 2893 5033 Alexandri
2939 4986 2958 5029 ι
2999 4969 3538 5028 Pseudodecretalem

267 5078 483 5151 allegat,
520 5097 793 5155 quamque
829 5086 1116 5144 llontheim
1149 5090 1216 5144 ad
1244 5104 1446 5144 annum
1474 5088 1571 5144 86f
1609 5087 1798 5153 refert,
1828 5093 2095 5155 suspecta:
2121 5078 2458 5137 auctoritatis
2484 5083 2589 5143 est,
2616 5088 2844 5145 eamque
2871 5073 3208 5133 Kunstmann
3236 5069 3348 5140 (38)
3380 5066 3538 5123 Nico-

269 5174 343 5234 lai
367 5178 412 5233 ll
443 5194 565 5236 esse
589 5191 792 5245 censet,
824 5199 945 5239 cum
972 5200 1058 5249 ea,
1089 5199 1210 5255 qua:
1235 5184 1301 5240 de
1343 5183 1653 5240 Trevirensi
1681 5182 1920 5238 antistite
1944 5180 2213 5242 dicantur,
2255 5191 2360 5231 non
2397 5175 2449 5228 in
2479 5170 2892 5242 Thietgaudum,
2925 5166 3021 5223 sed
3060 5165 3119 5221 in
3161 5162 3533 5220 Eberhardum

268 5275 561 5345 quadrent,
591 5279 682 5348 qni
722 5296 750 5333 τι
781 5280 1029 5337 Conrado
1053 5282 1250 5338 comite
1277 5280 1720 5351 Lutzelburgensi
1763 5286 1954 5350 raptus
1991 5284 2093 5332 est.
2138 5273 2249 5330 Res
2288 5269 2532 5327 confecta
2557 5275 2663 5332 est,
2695 5280 2865 5336 usque
2906 5264 2974 5319 ad
3021 5276 3220 5317 annum
3263 5259 3390 5323 865,
3429 5271 3538 5328 quo

271 5368 528 5428 Nieolaus
551 5374 618 5429 ad
645 5374 995 5432 Hincmarum
1022 5376 1381 5432 Rhemensem
1407 5376 1673 5440 scribens,
1702 5373 1914 5430 nonnisi
1946 5369 2257 5427 Decretales
2286 5365 2571 5421 lladrianze
2596 5359 2930 5418 collectionis
2951 5363 3253 5421 enumerat,
3282 5361 3341 5409 ut
3373 5368 3536 5423 supra

278 5466 587 5534 retulimus,
621 5468 894 5526 Romanos
919 5470 1201 5541 pontiﬁces
1243 5468 1747 5526 Pseudoisidoriana
1794 5468 1951 5539 plane
1986 5467 2246 5522 nescisse.
2296 5462 2496 5516 Eodem
2529 5458 2643 5515 fere
2677 5467 2918 5528 tempore
2961 5454 3145 5524 Lupus
3171 5447 3537 5554 Ferrariensis

365 5709 587 5781 sane
616 5723 664 5763 c.
694 5727 747 5780 ρ.
778 5711 866 5765 52.

2028 5705 2141 5781 (ξιξ)
2178 5704 2263 5781 Cf-
2294 5719 2379 5781 et.)-
2409 5700 2764 5781 8_Pslasii.!--
2822 5765 2866 5781 ..
2912 5780 2915 5781 ,
2967 5764 2978 5781 .

365 5713 491 5776 35')
526 5713 587 5764 L.
616 5723 664 5763 c.
694 5727 747 5780 ρ.
778 5713 866 5765 52.

342 5713 463 5922 ἓξ)
502 5779 564 5834 L.
594 5796 643 5834 e.
676 5780 881 5861 p.628.
1057 5852 1067 5863 ⁸
1107 5852 1118 5864 ι
1468 5851 1494 5863 ἦ,

440 5849 461 5920 )
498 5850 743 5907 Anacleti
771 5865 855 5922 ep.
882 5852 932 5906 l.
957 5850 1153 5908 Felieis
1185 5867 1268 5922 ep.
1299 5853 1349 5908 l.
1374 5850 1498 5907 Juln
1525 5866 1607 5921 ep.
1634 5851 1685 5904 Ξ.
1737 5871 1749 5883 ·

2028 5713 2141 5777 (56)
2178 5713 2263 5760 Cf.
2294 5719 2379 5773 ep.
2409 5713 2442 5758 8
2472 5713 2669 5772 Pelagii
2705 5713 2743 5753 l.
2967 5764 2979 5775 .

2028 5778 2118 5841 (57
2182 5775 2281 5845 Ap.
2308 5773 2623 5832 llontheim,
2653 5770 2790 5824 llist.
2822 5765 3033 5821 Trevu'.
3064 5762 3125 5816 Τ.
3166 5759 3203 5815 1.
3241 5775 3295 5832 p.
3336 5759 3456 5815 197.

2028 5780 2142 5917 (38;
2182 5846 2325 5903 Neue
2353 5845 2482 5900 Sion
2513 5841 2668 5896 1845.
2704 5838 2763 5893 Ν.
2790 5837 2878 5893 54η

440 5837 461 5920 )
498 5837 743 5907 Anacleti
771 5865 855 5922 ep.
882 5852 932 5906 l.
957 5850 1153 5908 Felicis
1185 5867 1268 5923 ep.
1299 5853 1349 5908 l.
1374 5850 1498 5907 Julii
1525 5866 1607 5921 ep.
1634 5851 1685 5904 Ξ.
1737 5871 1749 5883 ·

1299 5853 1349 5908 l.
1374 5850 1498 5907 Julii
1525 5866 1607 5921 ep.
1634 5851 1685 5904 ἓ.
1737 5871 1749 5883 ·
2182 5837 2325 5903 Neue
2353 5845 2482 5900 Sion
2513 5841 2668 5896 1845.
2704 5838 2763 5893 Ν.
2790 5837 2877 5893 54η
