4012 6504
439 445 516 489 xu
1257 436 1542 492 APPEND.
1579 435 1672 490 AD
1711 434 1879 491 SEC.
1919 435 2013 490 ll.
2051 463 2122 480 -—
2152 433 2474 492 1511)οῆυὸ
2509 435 2906 493 MERCATOR.

439 549 608 603 abbas
648 548 894 604 eumdem
950 547 1258 619 ponttlleem
1303 553 1370 607 de
1413 552 1646 622 quadam
1688 551 2193 608 Pseudoisidoriana
2235 551 2549 607 Melchiadis
2594 553 2851 609 deeretali
2900 551 3169 608 consuluit
3213 553 3298 608 his
3322 554 3503 610 verbis
3531 554 3689 628 (59):

443 659 461 691 ι
502 641 708 696 Dicitur
736 651 916 697 autem
953 642 1276 701 Melchiades
1302 661 1437 716 papa
1470 647 1798 712 decrevisse,
1839 661 1908 702 ne
1940 646 2061 718 quis
2089 663 2326 718 unquam
2365 648 2605 717 pontifex
2645 649 2762 703 sine
2791 664 3056 704 consensu
3093 663 3242 719 papae
3276 647 3500 704 Romani
3529 651 3694 722 depo-

438 746 676 792 neretur.
707 737 857 793 Unde
886 741 1247 810 supplicamus
1284 750 1343 796 ut
1383 751 1582 797 statuta
1613 743 1754 798 illius
1803 743 2034 814 integra,
2062 745 2202 799 sicut
2230 760 2396 814 penes
2421 759 2518 798 vos
2556 744 2840 811 habentur,
2871 744 3025 800 nobis
3055 745 3284 814 dirigere
3317 744 3630 814 dignemini.
3665 767 3684 798 ι

507 832 756 889 Pontifex
781 843 960 890 autem
989 840 1056 894 ad
1084 838 1419 896 Wenilonem
1446 838 1668 910 ejusque
1689 840 2057 910 coepiscopos,
2087 841 2282 910 quibus
2309 838 2630 907 coniunctus
2651 839 2834 910 Lupus
2866 840 3177 910 scripserat,
3208 840 3560 910 respondens,
3590 842 3693 898 hac

438 928 507 983 de
537 945 596 984 re
620 930 778 999 plane
805 938 970 995 tacet,
998 944 1126 986 sane
1151 943 1216 984 eo
1242 930 1384 999 quod
1409 929 1732 985 decretalem
1770 945 1875 984 non
1908 930 2189 993 invenerit,
2240 929 2326 984 vel
2353 931 2398 985 si
2424 930 2598 985 mavis
2626 944 2940 999 responsum
2970 931 3036 985 ad
3077 929 3284 1000 Lupum
3310 930 3494 985 datum
3521 932 3692 988 inter-

438 1027 659 1094 cidisse,
688 1029 828 1085 idem
857 1037 1033 1083 tamen
1079 1025 1202 1082 inde
1248 1026 1510 1096 sequitur,
1555 1028 1698 1096 quod
1729 1025 1982 1082 Nicolaus
2022 1024 2299 1090 deeretali,
2340 1041 2460 1096 quae
2489 1033 2770 1097 tantopere
2798 1025 3086 1096 pontificis:
3119 1027 3427 1082 auctoritati
3455 1026 3693 1095 favebat,

441 1123 508 1177 ad
533 1123 868 1180 Wenilonem
894 1125 1229 1193 respondens
1263 1123 1338 1177 uti
1377 1124 1663 1193 spreverit.

510 1216 564 1271 9.
607 1216 743 1272 Hinc
769 1216 984 1286 plurimi
1015 1228 1257 1281 censent,
1288 1218 1536 1272 eumdem
1568 1215 1851 1273 Nicolaum
1876 1217 2088 1272 tandem
2113 1234 2142 1272 a
2173 1218 2445 1274 Rothadio
2469 1218 2864 1283 Suessionensi,
2888 1233 3010 1274 eum
3037 1217 3220 1274 Romae
3245 1219 3500 1275 adversus
3523 1219 3693 1276 Hinc-

440 1327 650 1366 marum
679 1311 1037 1367 Rhemensem
1065 1312 1364 1382 appellatus
1392 1320 1701 1368 versaretur
1728 1314 2091 1368 Decretalium
2121 1314 2366 1368 notitiam
2397 1314 2695 1383 accepisse.
2723 1313 2798 1367 Ita
2823 1312 3067 1377 Gfrérer,
3097 1311 3320 1382 Spittler
3343 1313 3478 1384 (Ml).

511 1407 779 1477 Quidquid
807 1408 897 1474 sit,
926 1416 1132 1464 certum
1158 1417 1244 1463 est
1264 1407 1540 1463 Nicolaum
1565 1422 1618 1462 a.
1639 1407 1742 1464 86-5
1762 1408 1829 1463 ad
1852 1407 2160 1464 Gallicanos
2181 1408 2463 1478 episcopos
2502 1408 2603 1463 hac
2623 1407 2689 1463 de
2709 1407 2960 1462 Bothadii
2993 1421 3155 1461 causa
3198 1407 3525 1462 scribentem
3565 1406 3696 1460 lliu-

441 1517 687 1558 cmarum
710 1501 979 1566 refellere,
1013 1503 1155 1573 quod
1192 1502 1497 1558 Deeretales
1535 1503 1873 1574 pontiﬁcum,
1904 1518 2026 1572 qum
2051 1503 2104 1558 in
2131 1504 2318 1560 codice
2346 1518 2632 1568 canonum,
2660 1503 2762 1558 hoc
2796 1513 2881 1558 est
2924 1502 3194 1557 Hadriana
3226 1502 3542 1559 collectione
3587 1517 3695 1556 non

440 1599 767 1664 habeantur,
801 1598 904 1654 hac
937 1599 1002 1654 de
1037 1614 1200 1654 causa
1230 1598 1429 1654 nullius
1448 1613 1571 1654 esse
1599 1599 1809 1654 roboris
1835 1599 2152 1668 praetendat.
2189 1599 2317 1655 Haec
2346 1609 2473 1654 sunt
2501 1601 2662 1655 verba
2694 1598 2804 1670 (41)
2833 1616 2847 1652 :
2885 1597 3074 1666 «Quod
3103 1608 3282 1656 tamen
3313 1615 3428 1664 vos,
3489 1610 3546 1655 ut
3580 1615 3694 1655 ser—

442 1705 566 1751 vata
595 1695 872 1752 vobiscum
903 1695 1214 1752 medullitus
1236 1696 1503 1751 charitate
1531 1697 1729 1763 dicam,
1759 1697 2130 1767 postposuisse
2158 1696 2405 1752 dolemus
2427 1704 2482 1752 et
2501 1696 2836 1752 diversorum
2865 1695 3008 1750 sedis
3043 1693 3352 1764 apostolica
3405 1692 3695 1763 praesidum

442 1791 663 1846 decreta
690 1789 873 1846 in‘hoc
909 1805 1006 1844 vos
1032 1790 1423 1860 contempsisse
1452 1791 1666 1861 negotio
1697 1806 1803 1846 non
1835 1791 2108 1847 immerito
2135 1792 2606 1861 reprehendimus.
2637 1791 2794 1846 Absit
2819 1791 2983 1855 enim,
3034 1798 3095 1844 ut
3149 1790 3544 1860 cujuscunque,
3604 1805 3696 1844 us-

436 1900 543 1956 que
562 1887 628 1942 ad
650 1885 898 1941 ultimum
925 1886 1048 1941 vitae
1072 1901 1182 1941 suae
1203 1887 1342 1941 diem
1366 1885 1456 1956 qui
1487 1887 1537 1940 in
1563 1885 1666 1942 fide
1688 1887 1956 1942 catholica
1982 1888 2429 1957 perseveraverit,
2453 1887 2538 1943 vel
2562 1887 2851 1944 decretalia
2877 1887 3171 1942 constituta
3216 1887 3303 1942 vel
3345 1888 3411 1942 de
3438 1887 3694 1943 ecclesia-

441 1986 578 2040 stica
609 1985 891 2055 disciplina
916 1985 1168 2056 quaelibet
1195 1985 1462 2056 exposita,
1486 1985 1668 2040 debito
1689 1985 1834 2040 cultu
1858 1994 2056 2041 etcum
2085 2001 2296 2040 summa
2329 1987 2653 2043 discretione
2680 2002 2788 2042 non
2829 1986 3221 2056 amplectamur
3261 1984 3541 2055 opuscula,
3574 1998 3695 2052 qum

450 2081 714 2135 duntaxat
737 2091 792 2136 et
819 2080 1119 2150 antiquitus
1142 2088 1332 2135 saneta
1358 2077 1602 2134 Romana
1631 2079 1873 2135 Ecclesia
1904 2095 2232 2136 conservans
2254 2080 2411 2137 nobis
2437 2097 2652 2153 quoque
2693 2080 3046 2138 custodienda
3093 2081 3384 2136 mandavit
3433 2088 3485 2135 et
3547 2094 3690 2150 pene

449 2194 509 2234 se
539 2178 590 2232 in
620 2178 734 2232 suis
755 2177 995 2233 archivis
1029 2187 1082 2232 et
1109 2177 1339 2234 vetustis
1394 2178 1499 2234 rite
1533 2178 1898 2234 monumentis
1949 2178 2226 2234 recondita
2279 2191 2589 2236 veneratur.
2621 2220 2635 2234 .
2662 2221 2677 2235 .
2704 2219 2719 2234 .
2749 2219 2764 2235 .
2813 2179 3127 2250 Quanquam
3186 2175 3402 2248 quidam
3453 2182 3698 2229 vestrum

440 2254 779 2342 scripserint,
808 2275 950 2329 haud
988 2275 1074 2329 illa
1103 2275 1393 2330 decretalia
1423 2275 1724 2344 priscorum
1761 2275 2073 2344 pontificum
2105 2276 2157 2330 in
2195 2285 2306 2332 toto
2330 2277 2533 2332 codicis
2558 2292 2824 2333 canonum
2852 2290 3078 2346 corpore
3106 2273 3376 2330 contineri
3396 2270 3694 2339 descripta,

451 2385 574 2434 cum
595 2369 718 2438 ipsi,
750 2370 839 2426 ubi
879 2385 990 2426 sua:
1018 2370 1302 2426 intentioni
1328 2371 1443 2426 haec
1465 2371 1745 2442 suffragari
1774 2371 2136 2441 conspiciunt,
2159 2371 2264 2427 illis
2289 2371 2661 2428 indiﬂ'erenter
2683 2379 2987 2428 utantur'et
3015 2370 3188 2426 solum
3226 2382 3380 2423 nunc
3397 2367 3464 2422 ad
3513 2365 3694 2420 immi-

447 2465 723 2536 nutionem
751 2467 1035 2536 potestatis
1059 2467 1206 2523 sedis
1243 2466 1550 2536 apostolicae
1579 2475 1633 2522 et
1661 2468 1730 2523 ad
1749 2483 1971 2523 suorum
1996 2478 2376 2538 argumentum
2401 2468 2809 2540 privilegiorum
2838 2466 3016 2521 minus
3065 2473 3284 2533 accepta
3340 2477 3474 2518 esse-
3511 2458 3702 2530 perhi-

449 2561 633 2617 beant.
663 2561 798 2618 Nam
825 2562 1080 2618 nonnulla
1107 2578 1298 2619 eorum
1323 2563 1526 2633 scripta
1552 2578 1718 2634 penes
1740 2579 1837 2620 nos
1865 2565 2154 2631 habentur,
2178 2580 2298 2635 qua;
2318 2580 2422 2621 non
2459 2565 2634 2621 solum
2677 2576 3120 2633 quorumcunque
3155 2559 3520 2616 Romanorum
3564 2568 3700 2625 pon-

445 2656 676 2722 tificum,
704 2673 888 2713 verum
913 2658 1075 2715 etiam
1113 2660 1352 2730 priorum
1381 2659 1599 2716 decreta
1631 2659 1684 2714 in
1713 2659 1824 2714 suis
1858 2659 2037 2714 causis
2067 2659 2324 2729 praeferre
2352 2669 2672 2716 noscuntur.
2712 2678 2741 2710 »-

517 2753 704 2824 Neque
741 2771 877 2826 opus
916 2765 1023 2822 est,
1063 2766 1123 2812 ut
1149 2773 1272 2812 eum
1304 2756 1680 2812 Kunstmanno
1708 2757 1976 2814 dicamus.
2001 2756 2277 2812 Nicolaum
2309 2758 2395 2812 hic
2419 2756 2520 2812 loci
2567 2758 2633 2812 ad
2687 2752 3199 2811 Pseudodeeretales
3250 2747 3471 2802 minime
3527 2743 3700 2813 respi-

449 2865 592 2912 cere,
619 2851 759 2920 quod
790 2867 855 2905 ex
887 2853 1000 2922 ipso
1022 2854 1308 2908 verborum
1349 2862 1534 2907 tenore
1564 2852 1852 2906 refellitur.

526 2936 910 2995 Verumtamen
941 2942 1135 3011 oppido
1160 2951 1333 3006 errat,
1363 2941 1452 3011 qui
1484 2942 1607 2996 inde
1633 2941 1930 3007 concludit,
1957 2941 2236 2998 Nicolaum
2283 2942 2591 2999 Decretales
2620 2945 2764 3013 ipsas
2810 2942 3102 3012 recepisse,
3154 2937 3238 2993 vel
3295 2935 3402 2991 illis
3453 2948 3694 3003 unquam

447 3048 603 3086 usum
640 3033 827 3089 fuisse.
873 3031 1053 3089 lleféle
1077 3035 1189 3107 (42)
1223 3035 1436 3104 quidem
1459 3035 1742 3104 epistolam
1772 3033 1975 3090 Nicolai
2009 3036 2075 3090 ad
2106 3034 2356 3090 Carolum
2383 3033 2605 3090 Calvum
2646 3033 2884 3103 ejusdem
2915 3033 3041 3086 anni
3087 3031 3197 3102 (45)
3237 3026 3456 3096 allegat,
3495 3026 3549 3079 in
3591 3040 3697 3092 qua

444 3118 569 3174 Julii
596 3119 1065 3177 Pseudodeeretali
1099 3132 1300 3178 utatur.
1329 3122 1434 3178 Sed
1465 3138 1598 3193 pace
1632 3124 1835 3196 egregii
1867 3123 1968 3178 viri
1997 3123 2199 3179 dictum
2231 3123 2326 3192 sit,
2384 3124 2575 3178 nullibi
2619 3125 2672 3178 in
2717 3124 3084 3179 Decretalibus
3139 3121 3288 3180 falsis
3340 3140 3402 3180 ea
3460 3124 3706 3179 invenire

446 3215 738 3283 potuimus,
770 3232 889 3287 quae
913 3218 978 3273 de
1005 3217 1147 3273 Julio
1181 3219 1346 3274 refert
1376 3216 1857 3290 Nicolaus.'Neque
1888 3221 2056 3276 verba
2077 3220 2221 3274 aliud
2256 3235 2367 3289 prae
2395 3235 2452 3276 se
2475 3221 2674 3285 ferunt,
2717 3221 2818 3276 nisi
2847 3221 3063 3276 brevem
3095 3230 3368 3290 gestorum
3419 3221 3693 3274 narratio-

451 3326 598 3377 nem,
627 3327 788 3381 quam
821 3328 887 3368 ex
911 3314 1137 3369 historia
1175 3315 1445 3384 tripartita
1479 3316 1562 3371 vel
1601 3333 1665 3372 ex
1694 3318 1920 3386 genuina
1956 3314 2082 3370 Julii
2108 3315 2172 3369 ad
2210 3314 2516 3370 Orientales
2546 3315 2776 3384 epistola
2809 3314 3127 3384 desumpsit.
3184 3315 3271 3369 En.
3289 3317 3456 3370 verba
3488 3332 3501 3368 :
3542 3333 3559 3365 ι
3590 3311 3705 3368 Sed

447 3413 504 3460 et
532 3421 668 3478 papa
698 3406 872 3465 Julius
900 3409 1263 3467 Orientalibus
1293 3411 1556 3479 scribens,
1589 3423 1875 3486 utramque
1913 3421 2122 3484 partem
2151 3412 2430 3467 Athanasii
2463 3412 2668 3467 scilicet
2692 3420 2746 3466 et
2771 3412 3202 3467 adversariorum
3233 3411 3352 3481 ejus
3399 3411 3703 3466 accelerare

453 3506 828 3574 prtesentiam,
869 3518 1136 3578 quatenus
1169 3519 1398 3579 utraque
1425 3519 1578 3582 parte
1604 3520 1870 3580 przesente
1897 3510 2175 3565 audiretur
2203 3523 2328 3563 reus
2361 3516 2416 3562 et
2448 3507 2516 3562 ab
2549 3507 2800 3562 omnibus
2827 3507 3237 3575 condemnatus,
3289 3509 3354 3563 de
3388 3516 3583 3562 caetero
3609 3522 3700 3561 co-

451 3600 736 3656 hiberetur
760 3619 787 3656 a
813 3606 1139 3660 sacerdotio.
1176 3625 1194 3658 ι
1227 3606 1282 3661 In
1313 3605 1483 3662 altera
1516 3608 1755 3678 ejusdem
1785 3609 1906 3661 anni
1942 3605 2166 3675 epistola
2187 3605 2253 3658 ad
2282 3605 2464 3660 Gallos
2488 3605 2773 3674 genuinam
2802 3602 2926 3658 Julii
2957 3603 3278 3658 deeretalem
3321 3601 3520 3656 attulit.
3551 3601 3698 3656 Nun-

449 3709 611 3763 quam
649 3695 900 3754 Nicolaus
927 3700 1294 3756 Decretalibus
1321 3717 1448 3756 usus
1475 3710 1580 3768 est,
1611 3716 1886 3772 nunquam
1909 3701 2144 3770 aliquam
2171 3699 2387 3770 speciali
2416 3699 2688 3756 mentione
2717 3699 2966 3763 advocat,
3013 3698 3140 3754 licet
3179 3699 3339 3754 toties
3365 3698 3580 3755 occasio
3609 3712 3700 3752 oc-

450 3794 708 3848 currerit.

521 3888 676 3954 Quod
711 3889 777 3943 ad
802 3887 944 3944 illam
968 3891 1248 3960 epistolam
1280 3890 1494 3954 attinet,
1520 3891 1586 3945 ad
1612 3891 1958 3947 ilincmarum
1992 3894 2272 3959 directam,
2303 3875 2420 3963 quae
2448 3893 2604 3948 unica
2637 3901 2745 3958 est,
2774 3894 2826 3947 in
2856 3907 2968 3963 qua
3007 3893 3249 3964 pontifex
3285 3893 3352 3948 ad
3398 3890 3712 3947 Pseudode-

452 3982 686 4036 cretalcs
720 3983 996 4054 respiciat,
1033 3985 1138 4041 duo
1171 3995 1318 4052 sunt,
1353 4003 1472 4055 qua:
1495 3987 1717 4042 dicenda
1752 3987 1906 4041 nobis
1933 3995 2115 4040 erunt.

520 4075 831 4146 Praeprimis
864 4083 1155 4138 notandum
1180 4092 1280 4147 est,
1313 4083 1593 4138 Nicolaum
1625 4083 1839 4137 nonnisi
1872 4082 2146 4136 confusam
2177 4082 2463 4151 quamdam
2494 4080 2909 4150 generalemque
2960 4079 3322 4136 Decretalium
3369 4081 3579 4135 illarum
3613 4093 3710 4133 no-

456 4175 629 4229 titiam
659 4189 773 4246 prae
803 4193 862 4232 se
881 4177 1042 4244 ferre,
1079 4197 1254 4251 neque
1278 4197 1512 4252 unquam
1543 4197 1636 4236 eas
1661 4197 1769 4252 pra-3
1797 4180 1989 4246 oculis,
2015 4179 2115 4234 nisi
2141 4179 2193 4234 in
2225 4179 2427 4249 aliquot
2467 4178 2536 4233 ab
2563 4177 2852 4233 llincmaro
2872 4178 3050 4233 citatis
3075 4175 3498 4240 locis,habuisse
3517 4173 3706 4230 videri.

441 4272 592 4326 'Nam
625 4274 838 4328 nonnisi
872 4290 974 4329 una
1003 4275 1122 4331 vice
1150 4275 1494 4346 generalibus
1516 4275 1839 4343 quihusdam
1868 4273 2048 4328 verbis
2086 4273 2150 4327 de
2175 4273 2304 4341 ipsis
2328 4272 2586 4341 loquitur.

525 4367 796 4433 Alterum,
828 4369 968 4436 quod
996 4368 1215 4423 maximi
1246 4367 1502 4422 momenti
1532 4367 1854 4429 habendum,
1881 4365 1932 4419 id
1955 4373 2057 4429 est,
2081 4362 2359 4418 Nicolaum
2393 4365 2616 4418 minime
2666 4362 2732 4418 de
2781 4360 3057 4416 authentia
3098 4360 3456 4416 Decretalium
3509 4373 3693 4432 agere,

457 4463 552 4520 sed
575 4471 832 4518 statutum
856 4460 1225 4516 tantummodo
1254 4458 1322 4513 ab
1353 4460 1644 4513 llincutaro
1670 4457 1989 4527 principium
2013 4457 2350 4530 impugnare,
2382 4454 2680 4510 decretales
2706 4453 2847 4518 illas,
2892 4453 3024 4508 licet
3051 4452 3294 4522 genuinae
3343 4453 3541 4516 forent,
3596 4450 3715 4504 uul-

456 4559 563 4614 lius
601 4574 721 4614 esse
746 4557 1086 4612 auctoritatis
1111 4572 1174 4611 eo
1200 4555 1352 4626 quod
1386 4555 1438 4608 in
1463 4553 1714 4610 Codicem
1741 4552 2046 4618 Canonum,
2085 4552 2457 4608 collectionem
2488 4564 2681 4620 nempe
2705 4547 3059 4609 Hadrianam,
3090 4561 3195 4599 nou
3235 4543 3434 4598 fuerint
3463 4549 3712 4609 receptae.

459 4656 823 4723 Quaestionem
855 4654 919 4706 de
945 4651 1219 4706 authentia
1258 4649 1616 4704 Decretalium
1645 4647 1921 4702 inductam
1953 4647 2175 4702 omnino
2198 4647 2418 4717 reliquit
2439 4645 2712 4708 Nicolaus,
2740 4641 3162 4713 prudentissime
3209 4653 3396 4709 agens,
3459 4645 3518 4690 ut
3551 4635 3712 4690 dubia

473 4765 651 4820 neque
680 4747 993 4802 admitteret
1025 4745 1477 4810 inconsideratus,
1504 4759 1680 4813 neque
1707 4758 1948 4814 prrcceps
1977 4741 2248 4812 rejiceret.
2273 4741 2457 4811 Neque
2484 4741 2588 4795 ulla
2610 4743 2736 4794 data
2765 4738 2962 4801 fuerat,
2985 4746 3045 4792 ut
3068 4753 3129 4790 ea
3149 4735 3460 4804 attingeret,
3479 4730 3713 4820 occasio.

461 4819 596 4900 Nam
621 4859 798 4915 neque
824 4843 936 4914 ipse
966 4839 1287 4894 lliucmarus
1319 4845 1445 4890 tunc
1471 4835 1536 4889 de
1568 4834 1846 4889 authentia
1871 4834 2168 4887 dubitabat.
2208 4831 2340 4887 Cum
2374 4833 2487 4886 [nec
2509 4847 2559 4885 a.
2588 4831 2692 4885 865
2735 4839 2858 4885 acta
2907 4830 3016 4883 sint
3057 4829 3202 4882 circa
3235 4839 3434 4879 annum
3490 4820 3592 4876 868
3650 4819 3718 4872 ad

467 4941 721 4996 Carolum
755 4937 977 4993 Calvum
1028 4934 1270 4988 scribens
1300 4930 1414 5001 (44)
1448 4928 1962 4984 Pseudodeeretales
1987 4927 2216 4989 Urbani,
2248 4926 2396 4982 Lucii
2427 4936 2589 4996 atque
2629 4925 2887 4996 Stephani
2915 4925 3096 4979 adhuc
3154 4923 3205 4975 in
3266 4919 3574 4990 prmsidium
3623 4930 3718 4967 vn-

468 5046 576 5092 cat.
625 5035 852 5090 Gfrérer
894 5031 1108 5102 quidem
1158 5035 1345 5083 censet
1373 5025 1485 5097 (45)
1525 5025 1874 5079 Hincmarum
1902 5039 2007 5077 non
2035 5038 2222 5077 ausum
2249 5022 2415 5077 fuisse
2445 5020 2804 5076 Decretalium
2828 5018 3159 5073 authentiam
3193 5013 3403 5084 publice
3437 5011 3716 5080 impetere,

463 5142 751 5203 postquam
783 5145 812 5182 a
841 5125 1062 5182 Nicolao
1097 5124 1116 5178 ι
1145 5123 1370 5178 defensa
1400 5122 1592 5186 fuerat,
1624 5129 1678 5174 et
1705 5119 1894 5175 saltem
1920 5126 1980 5172 ut
2009 5116 2394 5172 subsidiarium
2415 5115 2556 5183 juris
2580 5113 2783 5168 fontem
2810 5112 3114 5166 admisisse.
3142 5109 3272 5176 Qua:
3295 5109 3338 5164 si
3372 5108 3443 5161 ita
3467 5104 3717 5203 fuissent,

467 5195 624 5278 certe
653 5220 931 5283 tacuisset,
965 5237 1071 5276 non
1097 5235 1227 5275 vero
1254 5235 1386 5273 usus
1413 5218 1627 5282 fuisset,
1657 5217 1735 5270 uti
1769 5229 1956 5269 revera
1987 5228 2116 5268 usus
2153 5220 2254 5266 est.
2289 5210 2523 5280 ldipsum
2557 5208 2911 5265 confirmatur
2932 5221 2999 5261 eo
3027 5205 3302 5259 ﬂincmari
3331 5215 3491 5271 Opere
3523 5239 3538 5264 ,
3577 5195 3720 5266 quod

465 5318 647 5374 libello
675 5320 744 5374 ab
765 5317 1052 5373 Hincmaro
1076 5314 1418 5370 Laudunensi
1459 5322 1653 5384 nepote
1675 5327 1773 5367 suo
1801 5327 1869 5367 ex
1898 5305 2421 5365 Pseudoisidorianis
2442 5305 2689 5360 confecto
2713 5304 2765 5357 in
2812 5302 3014 5374 synodo
3043 5297 3392 5354 Altiniaeensi
3421 5311 3472 5348 a.
3497 5293 3600 5348 870
3626 5305 3721 5360 op-

466 5417 672 5486 posuit.
711 5415 1061 5470 Authentiam
1095 5413 1457 5470 Decretalium
1486 5410 1570 5466 vel
1600 5409 1966 5480 Capitulorum
1990 5405 2355 5476 Angilramni,
2390 5404 2478 5475 qui
2513 5401 2888 5457 Decretalibus
2909 5397 3080 5468 juncti
3113 5395 3350 5459 fuerant,
3375 5389 3522 5446 nullo
3563 5385 3722 5442 modo

534 5641 651 5711 (39)
690 5641 858 5696 Mansi
890 5639 953 5693 Τ.
976 5636 1092 5711 XV.
1117 5635 1239 5691 597.
1349 5705 1361 5711 _
1429 5705 1440 5711 Α
1557 5703 1590 5711 _
1667 5703 1680 5711 _
1713 5709 1718 5711 _
1919 5698 2016 5711 wn

2221 5623 2334 5711 {is}
2364 5636 2452 5690 cp.
2471 5622 2562 5711 ἐρ.
2595 5621 2764 5676 Mansi
2797 5619 2858 5674 Τ.
2895 5618 3007 5673 xv.
3037 5616 3157 5673 658.

546 5693 659 5776 ὶῐιὶί)
692 5693 1014 5768 ξέέὲὶέιίἰοιιῑθ
1053 5709 1146 5762 des
1174 5705 1530 5776 canonischen
1555 5703 1786 5760 Rechtes
1831 5714 1884 5769 p.
1913 5698 2036 5752 9.36.
2360 5709 2448 5776 ep.
2471 5693 2560 5747 29.
2590 5763 2682 5776 un
2741 5759 2832 5776 mw
3755 5695 3767 5726 3'

540 5759 657 5851 (ii;
679 5759 1224 5836 tia‘ﬁéi'rfx'visst.
1257 5775 1378 5832 695.
1619 5759 1624 5760 ί
1833 5759 1846 5769 ’

1269 5775 1378 5832 395.
1619 5759 1624 5760 ⁷
1833 5759 1846 5769 ’
2221 5759 2331 5837 (45)
2359 5759 2471 5819 lic.
2505 5781 2554 5833 p.
2585 5763 2703 5816 ne.
2739 5759 2853 5815 185.

541 5852 651 5926 (η)
679 5853 739 5908 L.
765 5870 812 5909 c.
845 5867 896 5923 p.
921 5851 1042 5906 657.
