3998 5416
1563 321 2104 389 PROLEGUMENA.
3376 326 3480 382 nrt
3521 322 3524 326 .

211 427 506 496 impugnat
539 447 555 482 :
588 448 608 482 ε
655 431 713 526 bi
743 447 868 488 vero
897 433 1016 488 ideo
1046 435 1192 502 talia,
1220 439 1548 510 ἰηίιυίιμδ),
1573 456 1695 511 quae
1727 439 1821 494 tibi
1875 437 1990 490 visa
2029 439 2154 487 sunt
2180 474 2194 494 ,
2253 433 2320 488 de
2361 431 2597 502 pnefatis
2651 435 2933 489 sententiis
2989 436 3364 509 (Anguramm)
3413 455 3476 494 ac

213 538 360 592 saepe
388 526 712 580 memoratis
736 527 979 597 epistolis
1009 530 1376 586 detruncando
1405 544 1459 588 et
1483 532 1922 604 prmposterando
1949 539 2110 597 atque
2137 528 2516 581 disordinando
2541 527 2840 595 collegisti,
2900 529 3024 597 quia
3057 528 3196 584 forte
3249 533 3476 600 putasti,

216 623 496 676 neminem
531 622 695 676 alium
731 625 947 679 easdem
975 627 1274 681 sententias
1304 628 1388 683 vel
1420 628 1564 698 ipsas
1589 628 1844 698 epistolas
1866 640 1978 695 prae
2007 633 2058 678 te
2087 624 2304 686 habere,
2341 631 2396 676 et
2435 623 2636 678 idcirco
2666 623 2792 677 talia
2840 623 3006 678 libere
3053 634 3104 680 te
3153 627 3478 681 existimasti

215 730 374 784 posse
404 715 691 786 colligere,
716 735 800 775 res
826 721 960 775 mira
986 730 1093 787 est,
1118 737 1241 777 cum
1275 724 1341 777 de
1380 723 1510 791 ipsis
1538 721 1824 778 sententiis
1851 720 2008 788 plena
2034 719 2107 772 sit
2138 719 2239 771 ista
2265 725 2433 780 terra,
2460 720 2596 772 sicut
2627 727 2682 773 et
2709 720 2775 774 de
2802 718 2940 774 libro
2962 720 3313 775 collectarum
3365 723 3480 790 epi-

216 807 486 862 stolarum
518 810 589 864 ab
622 810 844 877 Isidoro,
875 829 1033 883 quem
1061 816 1127 869 de
1159 815 1413 886 Hispania
1441 815 1659 870 allatum
1685 813 1928 869 lticulfus
1956 811 2296 883 Moguntinus
2325 813 2610 882 episcopus
2641 814 2692 868 in
2725 812 3027 880 hujusmodi
3058 856 3074 877 ,
3126 816 3265 870 sicut
3323 826 3380 872 et
3426 816 3480 870 in

221 904 476 974 capitulis
503 907 669 977 regiis
699 907 989 971 studiosus,
1025 909 1259 963 obtinuit
1287 919 1340 964 et
1368 909 1499 964 is*as
1532 910 1779 977 regiones
1809 922 1872 960 ex
1914 906 2023 960 illis
2060 906 2250 974 repleri
2292 908 2438 960 fecit.
2475 926 2494 959 ι

290 1002 482 1067 Vides,
515 1003 864 1058 Hinctuarum
897 1005 1074 1059 adhuc.
1100 1006 1417 1075 capitularia
1455 1021 1550 1074 pro
1586 1005 1815 1076 genuina
1846 1003 2034 1056 lsidori
2067 1003 2385 1056 collectione
2407 1004 2626 1063 habere.
2655 1005 2817 1073 idque
2871 1008 3244 1062 tantumnodo
3297 1023 3481 1079 repre-

223 1099 486 1163 hendere,
515 1100 662 1168 quod
698 1100 833 1153 male
857 1100 986 1168 ipsis
1011 1099 1193 1169 junior
1215 1100 1558 1162 Hincmarus,
1592 1101 1734 1154 sicut
1763 1108 1820 1152 et
1845 1097 2181 1167 Angilramni
2213 1097 2464 1164 capitulis
2494 1112 2624 1151 usus
2649 1097 2832 1153 fuerit.

296 1192 412 1262 ipse
440 1192 817 1247 Decretalibus
839 1193 1152 1257 Clementis,
1183 1193 1448 1258 Anacleti,
1479 1192 1795 1263 Zephyrini,
1832 1190 2090 1261 Stephani
2122 1191 2462 1262 aliorumque
2484 1192 2656 1246 utitur
2681 1192 2814 1263 (i7),
2841 1203 2901 1247 ut
2947 1195 3013 1248 ab
3054 1196 3323 1267 epismpis
3371 1212 3488 1250 me-

227 1289 577 1359 tropolitanis
605 1291 844 1346 debitam
874 1291 1236 1346 obedientiam
1259 1292 1618 1361 praestandam
1648 1305 1789 1354 esse,
1811 1289 2045 1345 evincat.
2073 1290 2204 1356 Quis
2233 1304 2362 1345 vero
2387 1289 2554 1345 fuerit
2584 1290 2860 1346 llincmari
2911 1305 3122 1353 sensus,
3186 1307 3252 1345 ex
3298 1291 3490 1346 eodem

225 1383 488 1452 opusculo
526 1393 698 1454 patet.
727 1386 783 1440 In
811 1401 876 1442 eo
909 1396 1051 1442 totus
1080 1396 1186 1452 est,
1230 1398 1288 1441 ut
1331 1388 1585 1443 ostendat
1628 1402 1722 1442 eos
1767 1387 2140 1441 tantummodo
2184 1402 2419 1442 canones
2473 1389 2779 1458 sequendos
2806 1407 2823 1440 ι
2860 1403 2995 1457 quos
3048 1388 3342 1456 apostolica
3407 1404 3491 1442 se-

225 1479 342 1536 des.
365 1520 380 1533 .
402 1521 417 1536 .
443 1521 458 1536 .
480 1524 491 1535 .
517 1491 570 1536 et
593 1483 772 1537 omnis
805 1483 1068 1538 catholica
1113 1483 1355 1538 Ecclesia
1394 1499 1629 1540 canones
1667 1483 1920 1552 appellat,
1961 1502 1978 1535 ι
2015 1492 2070 1538 et
2096 1483 2188 1552 qui
2214 1481 2363 1550 fecit,
2398 1502 2415 1534 ι
2453 1484 2506 1538 in
2547 1485 2748 1539 nostris
2774 1483 3076 1553 codicibus,
3111 1497 3246 1552 quos
3278 1484 3344 1538 ab
3367 1497 3494 1551 apo-

226 1576 416 1631 stolica
444 1577 572 1631 sede
594 1575 833 1645 majores
854 1578 1023 1634 nostri
1055 1589 1383 1648 acceperunt
1404 1579 1710 1648 sequendos
1733 1578 1873 1649 (48).
1915 1597 1934 1630 ι

296 1672 592 1743 Distinguit
633 1673 886 1728 nimirum
912 1674 1233 1730 Hincmarus
1263 1674 1372 1746 (49)
1405 1675 1546 1729 inter
1575 1690 1810 1730 canones
1839 1683 1894 1728 et
1925 1674 2220 1730 decretales
2249 1673 2503 1745 epistolas
2538 1689 2602 1730 eo
2633 1677 2785 1730 nisus
2810 1717 2824 1741 ,
2852 1675 2994 1745 quod
3027 1674 3275 1729 Gelasius
3319 1673 3370 1728 in
3396 1687 3494 1744 sy-

231 1768 368 1823 nodo
391 1769 634 1823 Romana
654 1768 723 1824 de
747 1769 900 1825 libris
924 1770 1254 1841 recipiendis
1277 1779 1333 1824 et
1355 1785 1462 1824 non
1482 1769 1805 1838 recipiendis
1826 1769 2170 1840 agens'dicat,
2187 1768 2412 1823 concilia
2431 1769 2723 1838 recipienda
2741 1780 2785 1823 et
2809 1771 3170 1833 custodienda,
3195 1767 3494 1823 decretales

237 1875 370 1917 vero
407 1864 666 1934 epistolas
692 1863 1050 1918 venerabiliter
1080 1865 1424 1934 recipiendas.
1455 1865 1656 1918 Locum
1689 1864 1907 1929 Leonis,
1937 1879 2096 1934 quem
2123 1861 2374 1917 Nicolaus
2402 1864 2468 1917 ad
2494 1864 2776 1933 episc0pos
2801 1863 2988 1920 Gdlim
3011 1865 3256 1920 scribens
3277 1864 3474 1936 allega-

232 1969 393 2014 verat
419 1960 556 2031 (50),
587 1959 659 2014 ita
690 1959 1098 2030 interpretatur,
1126 1961 1340 2014 decreta
1381 1959 1696 2030 pontiﬁcum
1735 1959 1790 2013 in
1832 1969 2041 2013 tantum
2074 1959 2278 2023 valere,
2308 1957 2360 2011 in
2389 1968 2646 2027 quantum
2679 1959 3018 2029 generalibus
3048 1959 3301 2014 Ecclesia:
3322 1967 3496 2014 statu-

229 2057 300 2111 tis
335 2066 656 2120 consonent,
688 2055 833 2111 aliud
878 2072 998 2112 esse
1038 2055 1182 2126 leges
1210 2055 1360 2121 dare,
1393 2056 1539 2111 aliud
1571 2055 1634 2110 ad
1673 2055 1816 2127 leges
1836 2056 1950 2125 jam
1983 2056 2138 2110 datas
2161 2057 2262 2110 hoc
2292 2054 2378 2110 vel
2403 2055 2528 2108 illud
2553 2055 2866 2109 decernere.
2891 2055 3254 2109 Conciliorum
3294 2055 3491 2126 placita

232 2167 547 2223 supremam
576 2167 700 2208 esse
740 2151 879 2221 juris
905 2151 1255 2207 ecclesiastici
1289 2151 1560 2222 regulam,
1587 2167 1763 2222 neque
1790 2151 1934 2206 Petri
1963 2152 2146 2206 sedem
2175 2151 2493 2220 quidquam,
2519 2149 2662 2219 quod
2687 2151 2996 2204 auctoritati
3025 2152 3377 2206 conciliorum
3410 2167 3488 2205 res

230 2262 462 2324 pugnet,
496 2253 791 2322 prmcipere
818 2262 996 2318 posse.
1027 2246 1196 2302 Vocat
1232 2247 1449 2317 quidem
1472 2246 1583 2318 (5i)
1609 2255 1922 2316 excerptum
1949 2261 1980 2300 a
2018 2256 2213 2315 nepote
2244 2261 2310 2300 ex
2365 2244 2892 2301 Pseudoisidorianis
2929 2246 3170 2302 libellum
3203 2266 3220 2299 ι
3255 2247 3487 2302 circum-

228 2348 466 2416 positam
511 2345 764 2401 omnibus
807 2341 1234 2411 metropolitanis
1276 2341 1650 2411 muscipulam,
1686 2361 1706 2394 ι
1742 2356 1847 2396 non
1880 2352 2063 2396 autem
2089 2357 2176 2407 eo,
2199 2341 2341 2410 quod
2373 2342 2517 2411 ipsas
2541 2340 2843 2397 Decretales
2874 2357 2971 2412 pro
3003 2341 3193 2397 fraude
3220 2343 3495 2407 habuerit,

227 2444 320 2498 sed
343 2442 510 2514 quod,
542 2451 598 2495 ut
620 2456 784 2511 supra
814 2441 1067 2505 vidimus,
1099 2440 1170 2494 ita
1201 2451 1454 2512 excerpta
1479 2450 1534 2497 et
1563 2442 1791 2496 collecta
1829 2441 1938 2496 sint
1964 2442 2293 2506 testimonia,
2327 2452 2388 2497 ut
2417 2443 2582 2497 multa
2607 2443 2948 2509 omittantur,
2987 2461 3107 2514 qua:
3136 2443 3494 2516 suﬁraganeis

229 2538 464 2594 debitam
504 2552 632 2606 erga
672 2535 1041 2606 metropolitas
1071 2535 1460 2604 subiectionem
1487 2537 1756 2593 inculcent
1789 2538 1928 2609 (59.),
1954 2538 2064 2594 imo
2089 2539 2143 2592 in
2168 2539 2316 2608 ipsas
2343 2539 2645 2594 Decretales
2677 2539 2951 2595 invehitur
2971 2581 2986 2604 ,
3016 2555 3119 2595 non
3172 2555 3300 2594 vero
3347 2538 3488 2608 quod

227 2650 326 2704 pro
365 2633 696 2688 authenticis
740 2649 845 2687 non
881 2633 1123 2697 haberet,
1158 2634 1250 2687 sed
1278 2632 1420 2702 quod
1458 2635 1702 2690 conciliis
1733 2651 1837 2690 non
1863 2651 2130 2691 consonas
2155 2645 2392 2706 putaret,
2417 2645 2614 2706 praeter
2642 2651 2761 2706 qua:
2808 2635 3150 2706 pontificibus
3191 2634 3325 2689 nihil
3369 2649 3497 2690 esse

233 2731 625 2797 deﬁniendum,
659 2730 998 2792 autumabat,
1029 2744 1204 2799 neque
1229 2729 1390 2784 ullam
1420 2731 1551 2800 ipsis
1577 2733 1954 2786 auctoritatem
1981 2732 2350 2795 tribuebat,eo
2373 2731 2514 2800 quod
2543 2731 2848 2786 incodicem
2875 2747 3143 2786 canonum
3165 2747 3271 2787 non
3295 2730 3494 2787 fuerint

230 2837 481 2899 receptat,
513 2828 848 2898 proindeque
887 2828 1086 2883 nullius
1111 2830 1374 2883 adversus
1396 2829 1520 2898 jura
1551 2830 2088 2900 metropolitanorum
2122 2830 2564 2900 synodorumque
2591 2829 2798 2883 roboris

297 2924 509 2978 Exinde
551 2925 844 2992 repetenda
887 2932 971 2977 cst
1002 2937 1210 2987 norma,
1251 2923 1316 2977 ad
1353 2940 1516 2991 quam
1571 2925 1834 2995 exigenda
1864 2933 1948 2979 est
1991 2925 2373 2995 interpretatio
2411 2925 2551 2979 illius
2599 2925 2858 2994 epistolze,
2901 2925 2952 2977 in
2982 2939 3090 2994 qua
3134 2923 3388 2978 Nicolaus
3435 2922 3502 2975 de

228 3018 752 3074 Pseudoisidorianis
835 3018 1195 3073 decretalibus
1260 3019 1520 3089 loquitur.
1601 3019 1734 3075 Cum
1791 3030 1965 3076 status
2035 3022 2420 3077 controversiae
2486 3023 2628 3076 inter
2679 3021 2985 3090 pontiﬁcem
3039 3020 3500 3090 Hincmarumqle

229 3131 568 3185 nequaquam
605 3115 750 3170 circa
781 3115 1112 3169 authentiam
1160 3125 1488 3179 versaretur,
1521 3132 1694 3186 neque
1719 3119 2053 3172 authentiam
2087 3119 2390 3173 delendisse
2419 3119 2719 3174 censendus
2745 3129 2827 3172 est
2853 3117 3102 3172 Nicolaus

295 3213 454 3267 Anno
476 3212 694 3268 demum
723 3210 828 3264 872
860 3209 1183 3264 llincmarus
1206 3211 1489 3279 epistolam
1534 3213 1752 3267 nomine
1782 3213 1959 3268 Caroli
1982 3213 2129 3268 Calvi
2158 3215 2223 3267 ad
2252 3213 2412 3267 lladri
2434 3231 2578 3269 mum
2604 3214 2642 3267 ll
2673 3216 2940 3274 scribens.
2965 3213 3178 3283 plenam
3211 3213 3493 3268 invectivis

231 3315 284 3361 et
328 3308 638 3373 iracundia,
669 3307 1008 3362 authentiam
1038 3305 1402 3361 Decretalium
1428 3308 1656 3378 impetit.
1693 3308 1893 3363 Sacras
1918 3309 2250 3378 Scripturas,
2274 3309 2495 3363 Patrum
2525 3310 2891 3375 traditionem,
2924 3308 3275 3362 conciliorum
3304 3307 3494 3362 deﬁni-

232 3406 406 3460 tiones
429 3404 735 3475 sequendas
766 3423 784 3456 ι
813 3405 953 3474 quod
980 3419 1161 3469 secus,
1184 3404 1258 3459 ait
1285 3403 1416 3475 (55).
1441 3419 1470 3458 a
1495 3405 1728 3474 quodam
1753 3405 1912 3459 fuerit
1936 3405 2283 3474 compilatum
2309 3406 2421 3459 sive
2443 3404 2755 3468 conﬁctam,
2780 3421 2884 3458 non
2909 3404 3078 3458 solum
3106 3404 3487 3473 respuendum,

237 3506 326 3558 sed
378 3514 434 3559 et
478 3503 913 3575 redarguendum
944 3517 1066 3558 esse
1101 3502 1498 3573 cognoscimus.
1535 3523 1553 3554 ι
1598 3502 1797 3557 Verum
1838 3501 1953 3556 haec
1983 3511 2191 3572 septem
2233 3500 2459 3572 integris
2484 3507 2605 3570 post
2634 3497 2837 3553 Nicolai
2861 3497 3142 3566 epistolam
3173 3497 3329 3551 annis
3355 3497 3497 3552 dicta

234 3598 400 3655 fuisse
429 3616 498 3655 ne
532 3599 897 3656 obliviscaris.

302 3696 461 3764 Quod
513 3697 580 3751 ad
630 3697 978 3765 insequentes
1027 3694 1316 3750 Pontiﬁces
1357 3695 1573 3761 attinet,
1600 3711 1728 3751 vere
1774 3695 1985 3750 dicendi
2019 3704 2144 3750 sunt
2178 3694 2491 3750 Decretales
2519 3693 2706 3748 lsidori
2741 3691 3060 3762 neglexisse,
3102 3703 3278 3759 neque
3315 3687 3503 3744 Rome

235 3791 608 3848 collectionem
659 3793 927 3863 integram
975 3801 1157 3847 notam
1207 3790 1375 3846 fuisse
1416 3800 1580 3862 atque
1623 3792 1912 3847 invaluisse
1935 3792 2038 3846 nisi
2067 3791 2262 3846 smculo
2309 3807 2365 3845 χι
2406 3790 2698 3852 mediante,
2738 3797 3024 3857 postquam
3056 3785 3218 3854 longo
3242 3782 3502 3852 temporis

237 3895 418 3941 tractu
455 3902 618 3942 omne
647 3888 868 3942 dubium
899 3887 1262 3942 obmutuissct
1290 3895 1344 3942 et
1371 3888 1648 3944 communi
1678 3888 1918 3942 omnium
1958 3903 2055 3942 usu
2084 3888 2355 3946 admissa,
2390 3896 2552 3956 atque
2584 3886 2716 3939 adeo
2749 3885 2800 3938 in
2847 3880 3194 3938 collectiones
3235 3894 3504 3934 canonum

240 3979 558 4051 Reginonis,
587 3981 923 4038 Prumiensis
953 3991 1007 4037 et
1031 3982 1329 4038 Burchardi
1350 3982 1766 4037 Wormatiensis
1780 3994 2006 4052 recepta:
2023 3981 2432 4052 fuissent(55“).
2451 3978 2732 4035 Nicolaus’l
2762 3977 2930 4049 (53b),
2950 3975 3184 4030 Joannes
3207 3971 3503 4043 Vlll(55°),

241 4077 347 4132 imo
370 4079 428 4134 S.
447 4078 738 4150 Gregorius
760 4080 848 4135 Vll
867 4080 1034 4151 (534),
1053 4081 1416 4135 restituendos
1439 4080 1667 4136 clericos
1698 4083 2018 4136 lornicarios
2043 4089 2099 4135 et
2124 4080 2422 4136 homicidas
2445 4087 2640 4147 negant
2657 4085 2845 4132 contra
2883 4088 3105 4142 ea,qu:e
3134 4068 3503 4124 Pseudoisido—

237 4189 330 4230 rus
361 4176 416 4228 in
449 4177 676 4246 epistola
708 4176 913 4232 Callisti
943 4178 1176 4232 secunda
1195 4178 1632 4232 etadditamento
1661 4179 1728 4233 ad
1753 4177 2035 4250 epistolam
2071 4176 2317 4248 Gregorii
2345 4175 2518 4246 Magni
2566 4175 2632 4229 ad
2661 4171 3024 4228 Secundinum
3059 4168 3234 4221 docet.
3257 4163 3495 4218 Joannes

241 4267 502 4323 diaconus
535 4271 832 4336 Romanus,
859 4272 952 4341 qui
992 4273 1159 4326 vitam
1193 4271 1252 4327 S.
1285 4271 1530 4342 Gregorii
1567 4273 1782 4342 scripsit
1809 4283 1863 4328 et
1885 4273 2077 4328 Joanni
2102 4271 2212 4326 Vlll
2243 4273 2458 4334 dicavit,
2491 4286 2612 4325 cum
2645 4270 2710 4324 de
2732 4265 3167 4323 accusationibus
3207 4270 3261 4317 et
3283 4258 3501 4330 judiciis

241 4377 301 4418 ex
343 4363 592 4437 Gregorii
621 4367 862 4422 moribus
902 4375 952 4423 et
981 4368 1226 4423 doctrina
1255 4376 1453 4423 tractet
1477 4368 1648 4440 (55'),
1682 4368 1813 4423 nihil
1845 4369 2008 4423 habet
2049 4369 2114 4424 de
2143 4368 2209 4422 iis
2235 4383 2354 4438 qua:
2384 4367 2435 4420 in
2466 4363 2969 4420 Pseudoisidoriana
2997 4357 3240 4427 Gregorii
3271 4353 3500 4424 epistola

242 4461 304 4516 ad
345 4462 579 4518 Felicem
606 4463 1004 4519 Messanensem
1037 4467 1104 4519 de
1134 4465 1239 4519 hoc
1275 4473 1597 4534 argumento
1625 4464 1995 4534 proferuntur.
2029 4462 2160 4528 Qua:
2189 4478 2319 4517 vero
2344 4460 2468 4515 alibi
2495 4459 2640 4532 (ὅδε)
2663 4457 2839 4513 adfert
2869 4458 2934 4511 de
2960 4455 3217 4526 gradibus
3243 4462 3297 4507 et
3320 4452 3495 4521 impe-

242 4556 495 4614 dimentis
525 4561 866 4631 cognationis
892 4561 966 4614 illi
995 4560 1237 4631 epistola:
1258 4560 1474 4625 similia,
1505 4576 1609 4614 non
1632 4575 1697 4616 ex
1727 4576 1813 4624 ea,
1839 4561 1930 4614 sed
1951 4575 2014 4613 ex
2049 4559 2280 4628 Egberto
2304 4556 2503 4611 hausit.
2521 4553 2676 4610 Solos
2709 4552 3007 4622 reperimus
3030 4549 3357 4603 Hadrianum
3382 4545 3422 4599 ll
3445 4553 3499 4600 et

244 4649 644 4722 Stephanumv
664 4673 729 4714 ex
753 4658 1122 4729 pontiﬁcibus,
1151 4659 1240 4727 qui
1266 4666 1390 4712 ante
1422 4657 1617 4712 Leonis
1648 4657 1718 4711 IX
1747 4665 1984 4727 tempora
2009 4656 2172 4709 falsas
2198 4653 2494 4709 decretales
2523 4651 2776 4722 allegant.
2803 4648 2895 4703 Ille
2926 4647 2984 4700 in"
3003 4644 3228 4716 epistola
3257 4641 3404 4713 (558)
3437 4639 3504 4693 ad

243 4751 500 4820 synodum
526 4751 914 4812 Duziacensem
940 4754 1007 4809 de
1036 4771 1198 4811 causa
1225 4756 1445 4810 Actardi
1485 4755 1816 4810 Turonensis
1839 4771 1888 4808 a.
1913 4755 2009 4810 871
2045 4754 2242 4823 scripta
2266 4751 2547 4820 epistolam
2575 4746 2760 4802 Anteri
2786 4759 2935 4814 papae
2960 4743 3195 4796 invocat.
3219 4735 3504 4790 Verumta-

247 4863 361 4904 men
391 4865 518 4905 cum
543 4851 725 4909 nullibi
749 4851 1110 4920 cmtcroquin,
1143 4851 1267 4905 licet
1289 4851 1588 4920 szepissiine
1608 4850 1731 4904 data
1763 4850 1927 4904 fuerit
1948 4851 2182 4911 occasio,
2215 4845 2779 4901 Pseudoisidorianum
2801 4839 2930 4910 quid
2957 4838 3180 4907 alleget,
3211 4831 3499 4888 dicendum

247 4953 354 5011 est,
383 4961 509 5004 eum
536 4947 801 5021 integram
837 4945 1216 5002 collectionem
1247 4962 1354 5000 non
1386 4946 1586 5000 vidisse
1611 4957 1664 5001 et
1697 4946 1874 5001 locum
1907 4945 2068 5000 istum
2096 4941 2426 5013 singularem
2456 4938 2668 4995 nonnisi
2700 4942 3020 5005 suggerente
3047 4930 3282 4988 Actardo
3297 4941 3502 4997 cogno-

3246 5174 3321 5188 In
