3998 5416
527 356 616 396 xtv
1328 345 1613 401 APPEND.
1655 346 1747 401 AD
1785 344 1959 401 SZEC.
2004 346 2094 400 IX.
2134 376 2203 387 -—
2240 347 2560 404 lSlDORUS
2596 347 2993 405 MERCATOR.

537 458 702 511 visse.
740 455 891 510 Adde
932 455 983 510 id
1013 455 1223 526 integro
1249 474 1388 513 anno
1410 469 1696 528 antequam
1727 460 1899 529 prima
1931 459 2049 515 vice
2089 459 2158 514 ab
2186 457 2478 516 lliucmaro
2507 461 2785 516 authentia
2810 461 3161 530 impeteretur
3185 457 3387 515 factum
3410 457 3599 513 fuisse.
3632 457 3793 517 Alter

539 535 798 619 pontifex,
832 548 1358 622 Stcphanus'nempe
1381 551 1425 606 ν
1452 554 1518 606 ad
1547 553 1885 622 Lnitpertum
1915 551 2282 622 Moguntinum
2309 554 2618 623 episcopum
2635 552 2782 624 (53h)
2809 554 3053 608 scribens
3077 553 3142 607 de
3170 567 3393 609 numero
3417 553 3771 611 Nic:enorum

530 659 794 700 canonum
832 644 910 698 ait
937 660 1000 700 ex
1032 646 1338 704 testimonio
1376 648 1659 704 Athanasii
1693 649 2034 720 septuaginta
2071 663 2217 715 esse,
2248 649 2391 719 quod
2434 650 2485 704 in
2528 649 2754 719 epistola
2784 649 3079 704 lsidoriana
3106 648 3386 705 Athanasii
3417 651 3485 705 ad
3529 650 3782 708 Marcum

529 756 720 810 papam
762 742 1008 797 habetur.
1042 742 1147 796 Sed
1174 758 1295 798 cum
1330 760 1440 799 non
1463 744 1647 799 laudet
1684 760 1861 815 neque
1897 744 2180 814 epistolam
2209 743 2377 799 Marci
2410 745 2599 814 ipsius,
2625 759 2799 814 neque
2833 743 2981 808 Julii,
3011 759 3184 814 neque
3216 744 3413 801 Felicis
3441 746 3505 813 ll,
3531 762 3654 817 qua
3674 748 3791 805 huc

530 834 696 889 etiam
723 835 1009 900 faciebant,
1039 837 1181 892 valet
1213 838 1354 893 idem
1380 840 1522 908 quod
1557 839 1624 895 de
1662 839 1933 894 Hadriano
1963 840 2296 894 dicebamus.
2322 839 2507 911 Neque
2535 840 2892 895 omittendum
2922 848 3025 905 est,
3056 841 3109 894 id
3150 841 3201 895 in
3240 840 3503 910 ejusmodi
3533 844 3793 902 materiis

533 930 736 986 factum
767 933 834 985 ab
870 940 1099 1002 utroque
1129 934 1406 1003 pontiﬁce,
1435 924 1554 1004 qua:
1579 935 1703 1003 jura
1728 936 1991 1005 primatus
2023 937 2243 991 minime
2270 936 2602 1007 attingerent
2644 936 2897 1007 illamque
2934 936 3275 1007 septuaginta
3303 949 3573 991 canonum
3609 938 3793 994 Nicas-

540 1042 731 1081 norum
764 1027 1029 1094 fraudem,
1070 1027 1195 1081 licet
1221 1041 1250 1079 a
1271 1024 1569 1081 Mercatore
1595 1026 1648 1080 in
1688 1025 2034 1081 Occidentem
2062 1025 2281 1080 inducta
2310 1024 2494 1089 fuerit,
2524 1026 2578 1079 in
2601 1024 2821 1081 Oriente
2852 1033 3031 1079 tamen
3066 1025 3223 1095 longe
3257 1032 3415 1079 antea
3451 1034 3635 1081 ortum
3681 1027 3787 1082 ha-

530 1122 733 1177 buisse.
762 1122 1029 1187 Anxilius,
1060 1121 1152 1190 qui
1192 1119 1373 1175 seaculi
1402 1136 1435 1174 χ
1461 1118 1614 1174 initio
1645 1134 1743 1189 pro
1762 1118 2195 1174 ordinationibus
2219 1117 2465 1174 Formosi
2499 1118 2736 1173 libellum
2763 1118 2999 1187 scripsit,
3027 1118 3239 1172 unicam
3263 1119 3448 1175 Anteri
3471 1121 3782 1190 epistolam,

536 1217 799 1287 neglectis
841 1233 962 1288 quae
1000 1217 1102 1272 sibi
1147 1228 1355 1286 magna:
1391 1214 1641 1268 utilitatis
1670 1213 1972 1282 potuissent
2007 1228 2148 1278 esse,
2183 1212 2417 1269 Evaristi
2445 1214 2706 1279 secunda,
2737 1212 2946 1268 Callisti
2974 1211 3231 1276 secunda,
3260 1211 3462 1283 Pelagii
3510 1214 3551 1269 ll
3596 1216 3783 1283 prima

531 1310 773 1374 adducit,
816 1311 1135 1379 videturque
1184 1307 1409 1378 proinde
1440 1322 1503 1363 ex
1545 1306 1803 1361 Hadriani
1856 1307 1898 1362 Il
1944 1307 2169 1376 epistola
2214 1308 2464 1371 traxisse,
2495 1307 2586 1378 qui
2615 1308 2861 1362 eamdem
2891 1307 2944 1361 in
2970 1307 3159 1362 eadem
3192 1321 3356 1363 causa
3400 1309 3786 1367 translationis

530 1406 906 1475 episcoporum
949 1404 1294 1475 allegaverat.
1324 1401 1461 1457 Viue
1500 1401 1840 1467 Pontiﬁcum,
1869 1417 1989 1472 quae
2026 1401 2360 1472 Luitprando
2387 1401 2760 1466 Cremonensi,
2796 1401 2975 1457 seculi
3023 1416 3055 1454 ιι
3099 1404 3329 1468 auctori,
3378 1404 3701 1460 tribuuntur
3728 1415 3791 1463 et

538 1497 1062 1553 Pseudoisidorianis
1092 1497 1196 1551 late
1225 1505 1468 1561 utuntur,
1511 1513 1616 1553 non
1644 1504 1769 1552 sunt
1807 1496 2142 1567 Luitprandi,
2185 1505 2242 1551 ut
2284 1497 2425 1566 apud
2453 1511 2643 1552 omnes
2678 1504 2911 1561 constat,
2965 1496 3061 1551 sed
3088 1496 3156 1550 ad
3186 1496 3426 1566 ignotum
3451 1499 3787 1557 Germanum

543 1595 833 1664 quemdam
894 1602 1160 1664 spectant.
1227 1592 1339 1648 ltno
1398 1594 1574 1648 adhuc
1608 1610 1660 1648 a.
1703 1593 1842 1649 1085
1867 1593 1992 1649 Otto
2013 1594 2303 1649 cardinalis
2336 1594 2601 1650 Ostiensis
2634 1602 2690 1649 et
2721 1593 2931 1663 legatus
2956 1593 3283 1662 pontiﬁcius.
3320 1592 3410 1661 qui
3440 1594 3787 1661 postmodum

545 1686 798 1743 Urbanus
833 1687 874 1742 ll
907 1702 1041 1758 papa
1074 1685 1197 1752 fuit,
1230 1687 1283 1742 in
1313 1687 1517 1759 synodo
1557 1686 1947 1761 Gerstungensi
1995 1690 2210 1744 nonnisi
2255 1690 2621 1759 contemptim
2646 1689 2713 1747 de
2754 1688 3276 1745 Pseudoisidorianis
3304 1687 3520 1743 locutus
3554 1696 3659 1753 est,
3692 1688 3781 1744 bis

532 1789 690 1837 utens
721 1782 899 1837 verbis
928 1799 942 1835 :
981 1801 999 1834 ι
1044 1781 1196 1859 Quod
1222 1782 1324 1837 illa:
1348 1783 1740 1854 scripturarum
1767 1785 2066 1849 sententize,
2097 1799 2327 1853 quarum
2354 1800 2452 1840 nos
2476 1786 2785 1841 testimonio
2809 1786 2889 1840 usi
2920 1799 3129 1849 sumus,
3159 1793 3298 1840 nota:
3320 1782 3373 1837 in
3403 1782 3646 1838 Ecclesia
3680 1798 3763 1838 re-

530 1879 789 1934 verentiae
820 1891 1036 1948 semper
1062 1875 1285 1942 fuerint,
1316 1886 1372 1933 et
1412 1887 1660 1935 auctores
1689 1893 2029 1947 nequaquam
2057 1878 2141 1934 vel
2163 1880 2380 1935 obscuri
2410 1879 2495 1935 vel
2530 1881 2720 1937 incerti
2745 1880 2977 1936 nominis
3007 1880 3134 1936 sint.
3167 1898 3186 1932 ι

603 1971 767 2029 Vides
789 1972 1062 2043 quomodo
1091 1986 1190 2041 per
1218 1973 1446 2028 duorum
1472 1972 1789 2030 saeculorum
1821 1981 2050 2029 tractum
2076 1988 2204 2029 vere
2224 1974 2439 2030 dicendi
2459 1975 2568 2029 sint
2593 1974 2873 2044 pontiﬁces
2893 1974 3268 2030 collectionem
3303 1973 3474 2043 ipsam
3500 1972 3787 2044 ignorasse

535 2076 592 2123 et
614 2068 940 2139 neglexisse,
971 2087 1071 2127 nec
1113 2073 1219 2129 nisi
1257 2088 1363 2128 una
1397 2074 1480 2129 vel
1509 2074 1680 2130 altera
1712 2074 1830 2130 vice
1859 2074 2202 2140 testimoniis,
2242 2075 2474 2145 qualiter
2499 2076 2568 2131 ab
2593 2074 2715 2129 aliis
2743 2084 3161 2143 suggererentur
3190 2086 3338 2137 usos,
3364 2072 3474 2126 imo
3504 2070 3680 2141 ipsam
3721 2071 3775 2126 in

531 2165 684 2221 ltalia
718 2165 876 2236 plane
903 2175 1175 2238 receptam
1214 2185 1320 2226 non
1352 2169 1539 2227 fuisse.
1572 2170 1687 2225 Non
1716 2170 1992 2226 nescimus
2029 2170 2372 2226 adversarios
2399 2177 2614 2225 nostros
2652 2169 2706 2224 in
2733 2168 2786 2223 id
2814 2182 3004 2239 magna
3033 2166 3085 2221 vi
3117 2166 3390 2232 insistere,
3419 2180 3525 2220 non
3558 2165 3780 2235 quidem

531 2260 697 2316 verba
728 2260 1111 2329 Decretalinm,
1138 2265 1403 2337 principia
1432 2274 1614 2321 tamen
1645 2265 1926 2321 admisisse
1960 2264 2244 2335 pontiﬁces
2274 2265 2432 2335 longe
2457 2264 2671 2335 lateque
2691 2264 2781 2334 jus
2807 2262 3161 2318 lsidorianum
3187 2275 3536 2334 prapagasse.
3564 2259 3772 2315 Verum

538 2358 606 2413 ab
634 2358 896 2428 ejusmodi
926 2362 1306 2420 criminatione
1342 2380 1437 2420 eos
1462 2364 1881 2429 vindicabimus,
1903 2364 1952 2419 si
1988 2364 2177 2434 paucis
2204 2364 2624 2430 ostenderimus,
2655 2363 3036 2418 auctoritatem
3074 2358 3407 2431 pontiﬁeiam
3430 2371 3496 2411 ex
3524 2356 3786 2411 Decreta-

535 2452 675 2509 libus
712 2455 1011 2525 profectum
1047 2475 1151 2513 non
1183 2461 1431 2526 traxisse,
1455 2462 1548 2517 sed
1584 2461 1811 2532 longiori
1834 2447 1946 2531 jam
1978 2468 2156 2515 tractu
2184 2460 2442 2529 temporis
2469 2473 2563 2515 eas
2581 2458 2969 2529 prterogativas
3009 2455 3293 2527 pontiﬁces
3320 2453 3593 2509 Romanos
3616 2463 3781 2504 exer-

532 2549 730 2615 cuisse,
761 2563 897 2621 quas
927 2553 1197 2611 mediante
1228 2556 1427 2611 szecnlo
1475 2571 1619 2612 nono
1647 2556 1909 2612 adversus
1936 2555 2286 2611 Hincmarum
2319 2556 2627 2621 tuebantur,
2673 2567 2796 2625 quae
2824 2566 2958 2610 sane
2996 2551 3264 2624 ejusmodi
3311 2557 3461 2615 sunt,
3489 2554 3548 2602 ut
3566 2559 3632 2602 ex
3660 2545 3776 2616 ipsa

531 2643 797 2713 primatus
826 2656 1020 2702 natura
1050 2653 1367 2707 necessario
1397 2652 1584 2708 fluant.

2090 2747 2118 2819 ς
2148 2747 2233 2802 ιιι.

606 2830 728 2889 Jam
758 2849 825 2891 ex
845 2835 976 2907 ipsis
1006 2836 1441 2895 Protestantibns
1478 2840 1629 2896 multi
1657 2840 1713 2911 (5
1728 2840 1770 2913 t)
1799 2856 1905 2896 non
1944 2839 2265 2909 difﬁtentur,
2296 2840 2823 2899 Pseudoisidorianis
2840 2839 3212 2899 Decretalibus
3248 2836 3382 2893 nihil
3406 2832 3532 2891 novi
3564 2828 3783 2903 pontiﬁ—

533 2929 687 2987 cibus
714 2933 1030 3003 profecisse.
1055 2934 1397 2991 Manifestum
1418 2946 1503 2992 est
1533 2937 1678 2992 enim
1708 2938 1972 3008 ejusmodi
2011 2937 2232 2995 fraudes
2268 2940 2338 2994 ab
2368 2930 2681 2995 hominibus
2710 2947 2820 2994 tam
2853 2939 2962 2993 late
2989 2951 3095 2992 non
3118 2933 3354 2998 admitti,
3377 2932 3481 2986 nisi
3516 2942 3581 2982 ea
3603 2926 3775 2982 conti-

532 3035 719 3094 neant,
747 3044 866 3100 quze
906 3045 1013 3084 non
1058 3030 1170 3102 jam
1217 3040 1434 3103 recepta
1462 3032 1568 3087 sint
1598 3048 1627 3086 a
1658 3032 1925 3102 plurimis.
1959 3032 2103 3088 Sane
2143 3034 2190 3088 si
2233 3033 2541 3089 Decretales
2566 3047 2630 3088 ea
2662 3032 2992 3097 docuissent,
3022 3045 3143 3101 quae
3173 3036 3300 3084 tunc
3329 3025 3590 3096 temporis
3622 3023 3780 3092 plane

535 3123 772 3180 inaudita
796 3126 1045 3187 fuissent,
1068 3140 1190 3194 quze
1222 3124 1380 3179 nullis
1402 3125 1743 3195 antiquitatis
1767 3127 2108 3183 documentis
2138 3126 2354 3182 defendi
2384 3127 2709 3198 potuissent,
2737 3127 3006 3197 quomodo
3031 3140 3137 3181 non
3164 3123 3403 3180 omnium
3434 3120 3608 3175 oculis
3632 3119 3779 3173 fraus

531 3223 816 3279 manifesta
850 3223 1152 3279 illuxisset?
1179 3223 1463 3293 Quidquod
1486 3224 1601 3294 jam
1633 3233 1841 3278 certum
1884 3224 1975 3287 sit,
2005 3225 2183 3280 minus
2222 3224 2275 3278 in
2302 3224 2698 3281 eofalsatorem
2738 3222 3215 3281 Pseudoisidorum
3247 3219 3437 3282 fuisse,
3463 3216 3609 3288 quod
3641 3230 3778 3270 nova

536 3320 780 3387 cuderet,
812 3338 975 3393 quam
1017 3327 1160 3396 quod
1189 3342 1257 3381 ex
1283 3326 1523 3396 antiquis
1554 3326 1921 3382 monumentis
1949 3342 2087 3382 nova
2112 3335 2482 3396 componeret,
2511 3335 2568 3382 et
2604 3340 2668 3381 ea
2692 3342 2812 3395 quae
2848 3338 2977 3381 vere
3004 3325 3149 3380 dicta
3173 3323 3257 3379 vel
3288 3319 3490 3391 scripta
3537 3319 3775 3406 fuerant,

531 3412 722 3470 alienis
751 3420 1058 3475 auctoribus
1087 3421 1366 3475 tribueret.
1400 3419 1705 3476 Genuinam
1759 3420 1949 3477 lsidori
1982 3422 2242 3493 syllogen,
2269 3437 2431 3491 quam
2453 3421 2697 3476 Riculfus
2721 3421 3066 3492 Moguntinus
3090 3436 3155 3474 ex
3185 3419 3436 3490 Hispania
3466 3418 3776 3481 advexerat,

529 3509 689 3566 veluti
718 3512 1124 3571 fundamentum
1151 3517 1546 3587 compilationis
1577 3533 1689 3574 suae
1714 3518 1909 3587 posuit,
1936 3526 2131 3573 caetera
2155 3518 2387 3571 corrasit
2413 3532 2479 3571 ex
2514 3518 2841 3573 authenticis
2877 3516 3248 3573 Decretalibus
3288 3513 3633 3577 Pontiﬁcum,
3678 3526 3774 3582 ge-

529 3607 709 3663 nuinis
738 3611 1089 3666 conciliorum
1119 3613 1271 3669 Actis
1304 3612 1633 3682 Patrumqne
1669 3613 1905 3682 scriptis.
1932 3630 1999 3667 ex
2022 3613 2422 3681 Capitularibus
2446 3612 2801 3677 Francorum,
2832 3614 3029 3669 Codice
3060 3611 3464 3675 Theodosiano,
3495 3607 3777 3663 Breviario

527 3702 832 3760 Alariciano
859 3690 1080 3779 ejusque
1106 3710 1648 3774 commentatoribus,
1677 3724 1743 3765 ex
1768 3710 1948 3780 regula
1989 3710 2047 3764 S.
2077 3710 2353 3766 Benedicti
2384 3710 2654 3780 Libroque
2699 3708 3025 3775 Pontiﬁcali,
3054 3707 3301 3777 genuinis
3333 3704 3655 3775 quibusdam
3686 3715 3779 3772 pa-

529 3798 891 3857 triarcharum
926 3803 1488 3877 Constantinopoleos,
1528 3805 1586 3861 S.
1626 3805 1890 3862 Bonifacii
1919 3804 2142 3876 ejusque
2169 3806 2467 3861 amicorum
2513 3804 2776 3874 epistolis.
2802 3803 2937 3858 Acta
2974 3800 3259 3873 Sylvestri,
3292 3799 3488 3868 quibus
3514 3811 3643 3852 usus
3670 3802 3775 3860 est,

529 3890 667 3948 falsa
695 3896 910 3965 quidem
940 3907 1085 3965 sunt,
1121 3900 1215 3955 sed
1246 3899 1500 3969 tuncjam
1525 3910 1743 3972 recepta
1768 3900 1836 3956 ab
1851 3901 2101 3956 omnibus
2125 3910 2299 3955 erant.
2324 3900 2606 3967 Quomodo
2640 3899 2804 3970 igitur
2833 3897 2947 3952 fieri
2979 3897 3175 3968 potuit,
3201 3904 3260 3950 ut
3281 3894 3404 3949 novi
3435 3893 3570 3947 adeo
3596 3895 3779 3946 eSsent

537 4003 754 4058 sensus,
795 4009 916 4049 cum
941 4009 1007 4049 ne
1031 3996 1249 4064 quidem
1283 3997 1446 4052 verba
1489 4012 1626 4053 nova
1666 3996 1885 4053 essent?
1909 3993 2025 4049 Non
2052 4009 2310 4064 negamus
2332 3995 2402 4061 ;in
2429 3992 2938 4051 Pseudoisidoriano
2963 3990 3086 4060 jure
3108 4005 3226 4046 esse
3255 3988 3528 4053 nonnulla,
3557 4001 3682 4057 qua:
3718 3986 3773 4039 in

536 4087 789 4156 primaeva
837 4089 1120 4159 disciplina
1152 4092 1366 4147 nonnisi
1391 4093 1649 4163 implicite
1673 4091 2100 4154 continerentur,
2132 4091 2387 4146 nonnulla
2411 4105 2642 4161 quorum
2669 4104 2777 4145 non
2804 4090 2909 4144 nisi
2935 4088 3143 4143 rariora
3170 4085 3414 4156 exempla
3438 4083 3634 4155 primis
3670 4080 3775 4136 Ec-

535 4182 715 4237 clesia:
755 4184 966 4239 saeculis
991 4187 1483 4257 suppeditarentur.
1512 4187 1894 4242 Verumtamen
1920 4188 2186 4258 ejusmodi
2209 4187 2508 4258 discipline
2532 4186 2914 4242 ecclesiastica;
2943 4185 3267 4239 mutationes
3286 4183 3396 4251 jam
3420 4189 3547 4236 ante
3576 4182 3768 4234 decre-

536 4278 672 4333 tales
694 4279 972 4335 confectas
994 4296 1091 4352 pro
1116 4291 1415 4352 temporum
1442 4284 1708 4339 varietate
1743 4285 1976 4340 inducta:
1996 4284 2231 4347 fuerant,
2260 4284 2345 4339 vel
2373 4281 2550 4338 induci
2582 4280 2931 4351 incipiebant,
2959 4292 3135 4348 neque
3160 4277 3304 4333 aliud
3331 4276 3420 4331 ille
3444 4277 3545 4333 sibi
3579 4286 3776 4345 propo-

539 4372 670 4437 suit,
713 4373 805 4442 qni
828 4375 1196 4432 collectionem
1234 4378 1520 4449 congessit,
1558 4380 1661 4434 nisi
1687 4395 1749 4435 ea
1781 4382 1917 4436 tueri
1945 4392 2108 4450 atque
2145 4392 2486 4449 propugnare
2513 4375 2701 4431 multis
2721 4389 2845 4429 cum
2880 4373 3025 4440 aliis,
3054 4386 3174 4442 quae
3189 4370 3300 4441 jam
3326 4371 3379 4425 in
3397 4371 3486 4441 jus
3515 4368 3778 4426 ecclesia-

526 4467 719 4521 sticum
748 4469 982 4527 admissa
1030 4482 1085 4527 et
1109 4489 1137 4527 a
1161 4472 1527 4543 pontiﬁcibus,
1550 4489 1674 4529 cum
1704 4475 2005 4530 certissime
2030 4474 2332 4531 decretales
2362 4471 2537 4526 adhuc
2573 4469 2909 4539 ignorarent,
2941 4467 3154 4522 sancita
3179 4465 3431 4529 fuerant,
3468 4478 3590 4533 qua:
3618 4462 3775 4517 deni-

523 4576 629 4629 que
664 4575 881 4633 recepta
913 4566 1157 4633 fuissent,
1206 4569 1420 4624 etiamsi
1450 4584 1724 4639 nunquam
1752 4568 2204 4625 Pseudoisidorus
2230 4566 2559 4635 scripsisset.
2587 4563 2728 4631 Quid
2749 4562 2891 4633 quod
2917 4561 3076 4632 longo
3099 4559 3357 4630 temporis
3381 4564 3557 4613 tractu
3579 4555 3774 4610 nullius

522 4657 679 4727 plane
703 4656 759 4714 in
780 4659 936 4716 Italia
963 4671 1120 4732 atque
1151 4665 1202 4718 in
1225 4663 1510 4721 Germania
1538 4664 1880 4720 auctoritatis
1906 4660 2547 4719 fueritPseudoisidorus.

522 4739 531 4747 ’
592 4753 723 4821 Qua:
751 4756 1008 4813 adversus
1055 4758 1423 4817 Protestantes
1471 4760 1947 4830 F'ebronianosqne
1973 4757 2279 4830 generalius
2307 4755 2452 4811 dicta
2482 4752 2768 4810 sufﬁciant.
2795 4751 2916 4807 Jam
2953 4750 3089 4806 satis
3118 4749 3170 4803 in
3202 4749 3306 4804 hoc
3335 4746 3599 4803 sudarunt
3635 4744 3772 4799 anti-

521 4847 743 4916 quiores
793 4852 994 4920 critici,
1045 4865 1102 4911 nt
1149 4855 1442 4922 Ballerinii,
1474 4856 1715 4923 Blascus,
1748 4855 2028 4919 Zaccaria,
2052 4865 2110 4908 ut
2147 4853 2406 4908 adversus
2433 4849 2736 4906 istiusmodi
2769 4849 3015 4903 homines
3038 4846 3162 4917 jura
3206 4846 3472 4915 primatus
3505 4858 3572 4897 ex
3606 4842 3770 4897 Pseu-

524 4942 958 5003 dodecretalibns
997 4949 1235 5018 impetita
1283 4951 1654 5008 defenderent.
1696 4950 1807 5006 Nos
1846 4950 1968 5005 heic
2005 4948 2106 5002 loci
2154 4962 2218 5002 ea
2266 4954 2546 5003 recantare
2594 4958 2715 5014 quae
2768 4942 2929 4997 toties
2976 4940 3120 4997 dicta
3164 4951 3290 4995 sunt
3332 4938 3769 5010 supersedemus;

523 5039 941 5112 subtilioresque
966 5052 1169 5100 tantum
1197 5048 1455 5116 quasdam
1478 5044 1833 5110 diﬁicnltates,
1862 5059 1982 5113 quae
2010 5058 2039 5096 a
2063 5040 2345 5098 catholicis
2368 5040 2531 5094 etiam
2564 5049 2946 5106 nonnunquam
2976 5041 3275 5100 moventur,
3292 5030 3577 5088 solvendas
3603 5027 3772 5085 susci-

522 5134 700 5203 pimus
726 5136 861 5206 (55).

589 5227 900 5284 Concedunt
930 5230 1146 5299 plurimi
1178 5251 1241 5287 ex
1272 5235 1438 5289 nostri
1474 5275 1487 5297 ,
1520 5234 1675 5288 sicuti
1701 5231 1995 5289 concedere
2023 5233 2235 5289 debent.
2260 5228 2642 5299 appellationes
2687 5225 2754 5280 ad
2793 5225 3100 5280 Romanum
3143 5222 3454 5293 pontiﬁcem
3499 5230 3772 5288 nunquam

522 5337 627 5376 non
651 5325 913 5379 admissas
939 5325 1124 5382 fuisse.
1152 5327 1532 5385 Verumtamen
1567 5330 1617 5383 id
1634 5330 1745 5399 jattt
1773 5329 2094 5383 llinctnarus
2115 5324 2489 5386 contendebat,
2517 5320 2823 5392 pontiﬁcem
2844 5334 2915 5375 ex
2927 5318 3253 5389 antiquioris
3272 5315 3567 5385 disciplinae
3586 5322 3775 5370 norma
3834 5390 3845 5397 ρ

3985 666 3988 851 ι
