3998 5416
1497 337 2033 396 PROLEGOMENA.
3364 358 3438 403 xv

160 447 372 511 iudices
414 450 468 504 in
517 451 795 520 provincia
828 452 902 507 rei
935 453 1186 524 delegare
1210 453 1482 520 debuisse,
1536 472 1711 525 neque
1742 457 1946 512 licitum
1970 458 2134 515 fuisse
2174 461 2379 527 dicunt,
2413 464 2555 533 quod
2584 465 2742 521 toties
2768 465 2889 537 (56)
2907 465 3172 537 declamat
3198 467 3439 528 Pseudo-

162 546 405 606 isidorus
436 556 560 601 ante
588 548 749 602 latam
781 551 1105 605 sententiam
1137 559 1417 621 suspectos
1440 552 1650 623 judices
1679 554 2032 625 appellatione
2061 555 2200 612 facta
2229 558 2534 616 excludere.
2563 562 2761 616 Verum
2788 562 2938 633 prius
2970 565 3167 634 oppido
3209 565 3436 623 falsissi-

161 657 310 696 mum
343 651 454 709 est,
482 657 606 699 cum
642 645 982 701 Sardicensis
1025 660 1198 702 canon
1245 649 1278 705 8
1309 663 1564 719 expresse
1597 650 1778 706 dicat:
1825 670 1845 702 ι
1895 650 1950 705 Si
1993 653 2408 722 proclamaverit
2459 657 2724 726 agendum
2757 658 2860 713 sibi
2905 660 3177 730 negotium
3206 668 3261 724 in
3295 673 3423 722 urbe

162 737 352 803 Roma,
374 759 399 793 ι
421 756 597 811 neque
619 741 793 796 desint
818 742 1148 798 creberrima
1173 743 1513 813 antiquitatis
1533 744 1800 814 exempla.
1832 744 2017 815 Neque
2042 747 2220 803 minus
2244 748 2470 804 alterum
2501 760 2665 819 caput
2693 752 3043 823 rejiciendum
3064 764 3306 821 est,cum
3329 758 3434 813 bu-

158 832 246 902 jus
295 835 470 904 juris,
521 839 664 907 quod
692 854 756 893 ex
792 838 905 909 ipsa
944 838 1314 910 cujuscunque
1358 839 1546 910 judicii
1573 852 1767 898 natura
1796 844 2062 912 sequitur,
2101 845 2324 915 vestigia
2350 846 2462 914 jam
2493 848 2883 918 antiquissimis
2910 852 3258 922 temporibus,
3283 862 3434 910 certa

164 934 415 1003 exempla
435 933 553 1003 jam
583 945 710 991 ante
733 936 1034 994 decretales
1059 938 1143 992 vel
1165 937 1425 994 conﬁctas
1447 938 1530 994 vel
1555 941 1910 1010 undequaque
1936 955 2155 1010 sparsas
2178 952 2490 998 occurrant.

231 1027 344 1085 Leo
371 1028 440 1084 IV
477 1046 530 1084 a.
562 1031 670 1087 850
699 1032 808 1103 (57)
836 1032 903 1087 de
933 1032 1153 1101 judiciis
1192 1033 1567 1104 episcoporum
1591 1050 1759 1106 agens
1778 1035 1892 1104 jam
1931 1037 2047 1092 haec
2075 1045 2370 1094 statuerat:
2405 1058 2425 1091 ι
2463 1041 2530 1096 Et
2559 1042 2604 1097 si
2631 1042 2773 1099 inter
2788 1060 2905 1111 eos,
2923 1060 3062 1115 quos
3090 1047 3427 1107 damnandos

165 1140 282 1180 esse
313 1128 572 1183 homines
593 1128 874 1195 dixerunt,
906 1128 1072 1185 fuerit
1092 1130 1400 1201 episcopus,
1430 1130 1523 1200 qui
1552 1146 1706 1187 suam
1735 1147 1956 1187 causam
1990 1134 2043 1188 in
2073 1136 2359 1204 praesentia
2382 1135 2637 1193 Romana}
2662 1140 2806 1195 sedis
2828 1142 3065 1211 episcopi
3094 1142 3311 1212 petierit
3335 1160 3432 1198 au-

166 1220 286 1285 diri,
322 1222 510 1278 nullus
539 1240 704 1294 super
730 1226 879 1282 illum
908 1226 1172 1282 ﬁnitivam
1199 1237 1496 1299 praesumat
1530 1229 1660 1286 dare
1693 1231 2040 1297 sententiam,
2069 1233 2163 1289 sed
2193 1234 2414 1289 omnino
2447 1236 2622 1292 audiri
2676 1253 2798 1294 eum
2833 1237 3193 1306 decernimus,
3231 1260 3251 1294 ι
3287 1245 3429 1311 quod

170 1323 431 1371 statutum
474 1316 591 1386 jam
633 1328 761 1376 ante
801 1321 984 1377 datam
1023 1322 1347 1377 sententiam
1376 1323 1813 1394 appellationem,
1844 1326 1930 1382 vel
1965 1340 2144 1383 causae
2173 1328 2569 1387 devolutionem
2601 1333 2859 1399 admittit,
2898 1334 3177 1405 ipsamque
3204 1337 3439 1394 auditio-

174 1426 314 1475 nem,
345 1413 456 1469 boc
486 1423 573 1469 est
624 1430 911 1485 processus
937 1416 1374 1474 informationem
1399 1419 1647 1485 Romam,
1679 1421 1725 1477 si
1761 1422 1994 1479 voluerit
2032 1424 2142 1490 ille,
2198 1428 2476 1482 amandat.
2504 1427 2646 1484 idem
2676 1428 2968 1497 Gregorius
2989 1429 3057 1486 ιν
3077 1446 3127 1485 a.
3155 1431 3260 1488 855
3284 1433 3336 1489 in
3362 1433 3440 1488 fa-

171 1520 346 1561 vorem
369 1508 579 1564 Aldrici
609 1510 1054 1579 Cenomanensis,
1077 1514 1223 1583 quia
1249 1515 1430 1569 multis
1453 1517 1770 1583 vexabatur,
1803 1527 2070 1575 statuerat
2098 1538 2110 1575 :
2142 1520 2255 1591 (58)
2285 1540 2304 1572 ι
2334 1521 2667 1590 Mandamus,
2691 1525 2884 1595 inquit,
2909 1534 2966 1581 ut
2987 1527 3030 1582 si
3056 1527 3268 1597 aliquis,
3292 1530 3436 1598 quod

171 1620 270 1659 non
295 1614 583 1676 optamus,
613 1624 837 1664 suorum
857 1611 1174 1667 mmulorum
1203 1611 1482 1668 Aldricum
1503 1613 1879 1670 Cenomanicae
1896 1616 2138 1672 ecclesia:
2166 1618 2478 1688 episcopum
2507 1635 2764 1676 accusare
2804 1623 3183 1680 damnabiliter
3205 1634 3434 1681 attenta-

173 1702 320 1767 verit,
353 1710 417 1757 ut
443 1702 745 1760 bonoretur
782 1706 844 1762 B.
892 1706 1037 1763 Petri
1076 1709 1441 1778 apostolorum
1468 1709 1728 1780 principis
1776 1713 2035 1767 memoria
2056 1753 2071 1778 ,
2102 1712 2464 1784 Ecclesiaeque
2509 1715 2783 1782 Romanae,
2820 1719 2905 1773 cui
2936 1720 3187 1789 praesedit
3212 1721 3437 1792 privile-

175 1796 314 1865 gium
343 1805 403 1852 et
438 1798 609 1854 nostri
647 1800 882 1857 nominis
909 1803 1224 1868 auctoritas,
1265 1803 1425 1859 liceat
1472 1804 1545 1859 illi
1599 1814 1721 1875 post
1750 1808 2082 1865 auditionem
2127 1809 2418 1879 primatum
2462 1811 2778 1878 dioeceseos,
2810 1815 2853 1869 si
2883 1831 3104 1872 necesse
3143 1815 3310 1871 fuerit
3341 1832 3442 1872 nos

175 1890 445 1959 appellare
480 1900 536 1948 et
565 1901 754 1949 nostra
776 1897 1104 1952 auctoritate
1129 1906 1224 1952 aut
1245 1906 1371 1953 ante
1400 1914 1522 1962 nos,
1552 1910 1648 1955 aut
1674 1908 1801 1957 ante
1828 1900 2033 1973 legatos
2060 1910 2244 1957 nostro
2267 1918 2333 1959 ex
2358 1903 2530 1960 latere
2555 1905 2768 1972 missos,
2787 1906 2940 1976 juxta
2968 1908 3188 1966 Patrum
3224 1912 3443 1967 decreta

176 2000 292 2042 suas
326 2002 600 2043 exercere
624 1997 787 2061 atque
812 1991 970 2048 ﬁnire
994 1994 1258 2058 actiones,
1288 1993 1575 2065 nullusque
1599 1995 1749 2051 illum
1776 2005 1904 2052 ante
1940 1996 2056 2052 haec
2083 1997 2309 2066 judicet,
2344 2007 2435 2053 aut
2458 2000 2703 2071 judicare
2738 2011 3047 2072 praesumat.
3081 2004 3188 2060 Sed
3212 2006 3259 2061 si
3290 2006 3441 2075 quid,

176 2082 308 2149 quod
344 2082 519 2148 absit,
542 2100 708 2155 grave
734 2086 1238 2160 intolerandumque
1259 2089 1309 2145 ei
1337 2089 1606 2160 objectum
1632 2087 1814 2158 fuerit,
1842 2103 2026 2148 nostra
2039 2094 2146 2148 erit
2167 2095 2537 2164 exspectanda
2563 2110 2814 2165 censura,
2846 2108 2902 2151 ut
2929 2099 3060 2153 nihil
3087 2100 3236 2171 prius
3266 2101 3333 2155 de
3354 2116 3443 2167 eo,

177 2177 258 2244 qui
289 2176 354 2231 ad
384 2178 569 2235 sinum
604 2192 808 2239 sanctae
848 2183 1106 2240 Ecclesiae
1151 2184 1337 2241 Romae
1364 2186 1627 2259 confugit,
1656 2182 1883 2257 ejusque
1913 2188 2169 2258 implorat
2198 2189 2481 2256 auxilium,
2529 2190 2870 2262 decernatur,
2900 2208 3061 2264 quam
3102 2195 3167 2248 ab
3199 2195 3438 2265 ejusdem

180 2271 433 2329 Ecclesiae
461 2278 785 2335 auctoritate
810 2278 972 2336 fuerit
1000 2290 1349 2352 praeceptum,
1375 2297 1503 2359 quae.
1523 2284 1603 2339 sic
1631 2283 1778 2339 vices
1803 2298 1929 2339 suas
1954 2282 2073 2338 aliis
2102 2284 2398 2354 impertivit
2423 2283 2702 2349 Ecclesiis,
2722 2295 2781 2339 ut
2807 2286 2858 2339 in
2883 2297 3087 2356 partem
3111 2289 3218 2342 sint
3242 2298 3445 2345 vocatae

177 2368 576 2439 sollicitudinis,
608 2389 715 2429 non
748 2374 802 2430 in
828 2374 1215 2444 plenitudinem
1262 2378 1567 2447 potestatis.
1600 2397 1620 2430 ι
1653 2376 1836 2444 Vides,
1866 2380 2136 2449 quomodo
2185 2379 2402 2436 Aldrico
2427 2379 2689 2438 concedat
2718 2388 2797 2447 ut,
2829 2382 2874 2437 si
2903 2383 3050 2449 velit,
3088 2383 3200 2438 sola
3228 2384 3439 2441 auditio

176 2481 335 2537 penes
369 2471 639 2542 synodum
669 2481 969 2539 remaneat,
999 2474 1265 2530 sententia
1290 2473 1391 2529 sibi
1426 2482 1756 2530 reservetur.

240 2564 314 2620 Ea
351 2581 553 2638 nempe
589 2568 769 2624 fuerat
793 2578 1091 2641 temporum
1117 2571 1380 2637 conditio,
1419 2578 1480 2625 ut
1519 2585 1741 2627 necesse
1760 2578 1903 2626 esset
1928 2585 2122 2626 causas
2157 2572 2532 2642 episcOporum
2560 2572 2733 2642 magis
2764 2581 2926 2642 atque
2964 2570 3137 2642 magis
3166 2571 3231 2625 ad
3257 2570 3441 2625 sedem

183 2664 531 2733 apostolicam
569 2665 784 2722 defer-ri.
816 2666 1169 2724 Praecesserat
1204 2676 1496 2738 tempestas
1521 2667 1671 2723 rudis
1696 2675 1860 2738 atque
1885 2666 2138 2733 barbara,
2173 2668 2226 2721 in
2269 2683 2372 2738 qua
2402 2683 2500 2738 per
2529 2667 2798 2741 octoginta
2848 2683 3018 2722 annos
3064 2667 3117 2721 in
3145 2666 3332 2722 Galliis
3356 2682 3446 2738 sy-

183 2761 297 2817 nodi
323 2762 529 2819 babitaa
555 2780 661 2819 non
695 2765 930 2831 fuerant,
959 2773 1018 2820 ut
1043 2774 1273 2822 testatur
1294 2764 1353 2821 S.
1378 2764 1686 2820 Bonifacius
1714 2763 1848 2835 (59),
1876 2765 1969 2835 qui
2008 2764 2336 2837 synodorum
2364 2764 2783 2822 celebrationem
2810 2779 2877 2820 ex
2903 2762 3174 2820 oblivione
3216 2778 3440 2818 revoca-

184 2852 267 2908 vit.
298 2854 577 2912 Restituto
608 2865 788 2913 autem
822 2857 1053 2927 pristino
1078 2855 1288 2920 ordine,
1326 2854 1622 2925 saepissime
1649 2854 2047 2925 metropolitani
2076 2870 2173 2910 suo
2194 2853 2314 2925 jure
2347 2856 2728 2921 abutebantur,
2752 2859 3053 2926 praesertim
3090 2873 3213 2915 cum
3245 2858 3444 2915 multo-

186 2948 276 3005 ties
298 2965 327 3005 a
356 2949 610 3006 saeculari
638 2959 907 3021 potestate
931 2952 1228 3023 penderent
1271 2950 1356 3006 vel
1388 2951 1629 3005 insontes
1660 2950 1795 3007 tueri
1824 2965 1933 3006 non
1958 2950 2221 3007 valerent.
2253 2951 2370 3019 Qua
2398 2950 2464 3008 de
2490 2965 2653 3007 causa
2693 2954 2996 3010 consultum
3022 2955 3133 3027 jam
3174 2971 3280 3010 non
3316 2963 3440 3011 erat

186 3042 456 3113 episcopos
484 3042 561 3098 ita
585 3059 1029 3116 quorumcunque
1053 3044 1276 3101 arbitrio
1297 3044 1532 3109 tradere,
1569 3053 1628 3099 ut
1650 3044 1829 3101 nullus
1862 3052 2008 3101 esset
2034 3061 2102 3101 ex
2128 3047 2392 3116 angustiis
2418 3046 2614 3102 exitus.

248 3134 356 3190 Hoc
386 3135 509 3206 ipso
533 3136 695 3190 modo
721 3136 885 3192 velim
917 3136 1012 3194 tibi
1042 3136 1244 3203 solvas,
1266 3152 1386 3207 qua:
1405 3136 1526 3191 aliis
1549 3133 1918 3193 difficultatem
1944 3136 2187 3207 pariunt,
2211 3136 2265 3190 iu
2290 3151 2357 3192 eo
2382 3151 2576 3206 nempe
2595 3136 2686 3208 jus
2712 3152 2908 3193 novum
2937 3138 3215 3193 inductum
3244 3137 3464 3205 fuisse,

188 3231 315 3299 quod
339 3231 797 3287 Pseudoisidorus
823 3246 1019 3287 causas
1076 3231 1449 3302 episcoporum
1474 3231 1634 3301 plane
1660 3246 1871 3298 omnes,
1904 3246 2009 3287 nec
2036 3232 2208 3287 solum
2243 3232 2454 3294 dubias,
2492 3233 2558 3287 ad
2587 3248 2780 3289 causas
2819 3233 3050 3304 majores
3094 3233 3442 3304 pontiﬁcibus

193 3336 494 3382 reservatas
550 3327 824 3394 amandet,
873 3324 1281 3397 sententiasque
1330 3326 1385 3381 in
1449 3324 1712 3395 ejusmodi
1767 3327 1947 3383 causis
1998 3342 2030 3383 a
2091 3328 2333 3399 synodis,
2378 3329 2557 3385 nonisi
2621 3329 2951 3386 concedente
3004 3331 3267 3400 pontiﬁce
3316 3328 3447 3385 ferri

191 3436 332 3491 posse
362 3422 503 3492 (60).

253 3520 638 3575 Verumtamen
662 3518 714 3573 id
742 3526 870 3573 tunc
893 3518 1150 3589 temporis
1176 3533 1280 3573 non
1306 3518 1454 3573 solus
1475 3517 1715 3575 Isidorus
1754 3517 2053 3589 requisivit.
2093 3517 2342 3589 Synodus
2372 3518 2682 3573 Tricassina
2708 3533 2802 3573 sex
2835 3519 3232 3588 provinciarum
3255 3534 3305 3573 a.
3337 3520 3442 3573 867

192 3611 381 3683 habita,
413 3614 500 3669 cui
526 3614 641 3683 ipse
666 3612 991 3670 Hincmarus
1016 3613 1281 3678 interfuit,
1311 3629 1344 3668 a
1381 3612 1598 3670 Nicolao
1627 3614 1843 3684 lpetiit,
1889 3629 1957 3670 ne
1993 3615 2303 3686 episcopum
2348 3615 2553 3686 absque
2585 3614 2730 3693 sedis
2758 3613 3015 3670 Romanae
3046 3628 3312 3670 consensu
3341 3615 3437 3670 de-

194 3710 303 3776 poni
332 3717 631 3779 pateretur.
669 3708 824 3776 Quod
863 3722 996 3764 sane
1024 3724 1131 3764 non
1162 3710 1642 3779 deprimeudorum
1684 3711 2224 3782 metr0politanorum
2259 3713 2696 3785 synodorumque
2723 3725 2910 3774 causa,
2952 3709 3046 3764 sed
3079 3709 3147 3764 ad
3176 3709 3448 3764 declinan-

193 3800 304 3854 dam
341 3816 530 3872 regum
568 3816 964 3873 procerumque
1008 3802 1136 3868 vim,
1180 3810 1241 3857 ut
1269 3802 1497 3858 validius
1528 3802 1581 3856 iu
1622 3801 1865 3858 Romano
1891 3803 2147 3873 pontiﬁce
2184 3803 2493 3874 praesidium
2542 3802 2827 3867 haberent,
2875 3796 3073 3856 factum
3116 3814 3238 3855 esse
3266 3798 3442 3852 mani-

196 3892 376 3951 festum
419 3905 526 3952 est.
553 3896 840 3968 Appellant
866 3897 1083 3968 quidem
1112 3896 1181 3952 ad
1206 3896 1550 3964 Decretales;
1576 3898 1667 3952 sed
1699 3914 1763 3953 ex
1789 3898 1922 3967 ipsis
1949 3898 2269 3956 llmcmarus
2289 3900 2381 3971 qui
2401 3897 2514 3967 jam
2537 3911 2723 3953 eorum
2750 3895 3130 3950 auctoritatem
3159 3895 3446 3965 rejecerat,

196 4005 359 4063 neque
379 3993 517 4049 ullus
538 4009 607 4050 ex
627 3994 745 4066 ejus
768 3995 1044 4051 sodalibus
1071 3995 1123 4050 id
1148 3993 1288 4065 juris
1321 3995 1669 4066 suscepisset,
1698 3995 1804 4050 imo
1830 3996 2173 4065 postulasset,
2196 3997 2334 4067 sijex
2364 3995 2493 4051 solis
2520 3993 2881 4051 decretalibus
2903 3994 2957 4049 id
2976 4003 3243 4057 secutum,
3274 4007 3450 4062 neque

196 4101 253 4142 ex
290 4098 400 4146 tota
430 4099 734 4162 temporum
756 4092 1073 4148 conditione
1095 4092 1464 4147 necessarium
1493 4092 1668 4147 visum
1697 4090 1907 4147 fuisset.
1940 4090 2058 4146 Jam
2088 4092 2227 4148 idem
2259 4092 2552 4162 Gregorius
2590 4090 2657 4147 lV
2688 4091 2741 4145 in
2772 4106 2858 4158 ea,
2885 4090 2952 4147 de
2981 4105 3086 4160 qua
3115 4104 3277 4160 supra
3307 4090 3446 4145 dixi-

197 4199 309 4242 mus
344 4187 595 4257 epistola,
634 4189 982 4258 praestiterat.
1014 4186 1148 4241 Nam
1194 4187 1439 4243 concessi
1478 4186 1698 4241 Aldrico
1727 4185 2120 4241 Cenomaneusi
2160 4186 2425 4256 privilegii
2457 4185 2723 4240 rationem
2750 4185 2874 4240 inde
2921 4184 3082 4253 longa
3124 4185 3449 4240 tractatione

198 4276 420 4348 deducit,
450 4283 593 4353 quod
621 4281 852 4352 majores
879 4297 1055 4338 causa:
1080 4297 1145 4338 ex
1161 4282 1381 4337 Patrum
1407 4283 1623 4337 decreto
1653 4281 1909 4338 Romanis
1930 4280 2272 4351 pontiﬁcibus
2297 4281 2407 4335 sint
2429 4281 2806 4343 reservandae:
2846 4297 2866 4330 ο
2896 4277 3255 4349 Exspectandi
3286 4286 3450 4348 atque

199 4379 486 4449 corrigendi
515 4380 690 4450 magis
715 4388 843 4434 sunt
864 4389 1102 4435 rectores
1128 4378 1407 4446 Ecclesiae,
1433 4393 1595 4449 quam
1625 4377 1809 4434 statim
1850 4385 1905 4432 et
1931 4377 2135 4445 absque
2171 4383 2356 4431 nostro
2381 4375 2625 4430 consulto
2648 4373 2947 4446 judicandi,
2970 4390 3092 4430 cum
3124 4375 3328 4445 majora
3351 4391 3448 4431 ne-

200 4468 328 4536 gotia
353 4478 412 4524 et
433 4468 772 4525 difﬁciliores
791 4483 1083 4524 causarum
1105 4469 1313 4533 exitus,
1343 4478 1652 4523 sanctorum
1684 4465 1907 4520 Patrum
1951 4480 2187 4522 canones
2227 4466 2423 4536 spiritu
2452 4465 2548 4520 Dei
2572 4465 2775 4521 conditi
2804 4471 2859 4519 et
2889 4465 3052 4539 totius
3082 4465 3269 4520 mundi
3293 4480 3447 4521 reve-

203 4565 361 4619 rentia
408 4564 735 4631 consecrati,
782 4564 1009 4635 jubeant
1064 4565 1166 4619 sub
1214 4568 1413 4618 nostrze
1457 4562 1741 4618 sententize
1775 4562 2183 4632 exspectatione
2231 4562 2507 4633 suspendi,
2556 4570 2852 4631 nostroque
2893 4559 3259 4615 moderamine
3287 4561 3448 4614 (iniri.

308 4660 426 4717 Non
468 4677 667 4719 novum
698 4660 903 4729 aliquid
927 4659 1180 4730 praesenti
1207 4656 1449 4728 jussione
1483 4657 1850 4728 praecipimus,
1877 4657 1971 4712 sed
1998 4657 2108 4724 illa,
2154 4673 2275 4726 quae
2300 4657 2428 4712 olim
2455 4657 2712 4712 videntur
2755 4654 2961 4712 indulta
3003 4654 3296 4719 ﬁrmamus,
3327 4670 3447 4708 cum

206 4759 324 4813 nulli
359 4759 581 4815 dubium
611 4761 703 4822 sit,
736 4758 880 4827 quod
908 4773 1013 4813 non
1041 4756 1214 4812 solum
1244 4755 1571 4827 pontiﬁcalis
1612 4754 1879 4821 causatio,
1908 4752 2003 4810 sed
2044 4754 2222 4809 omnis
2251 4761 2452 4809 sancta:
2481 4752 2759 4823 religionis
2789 4751 3001 4819 relatio,
3030 4755 3096 4807 ad
3119 4752 3299 4808 sedem
3322 4769 3451 4823 apo-

203 4852 454 4919 stolicam,
484 4853 638 4924 quasi
685 4851 756 4907 ad
794 4859 955 4920 caput
993 4851 1358 4908 Ecclesiarum
1386 4851 1552 4907 debet
1578 4848 1794 4905 referri.
1827 4868 1845 4902 ι
1881 4849 2037 4920 Apud
2060 4849 2301 4917 Graecos,
2322 4848 2416 4920 qui
2444 4857 2594 4904 certe
2620 4849 2987 4906 Decretalibus
3015 4849 3121 4905 illis
3147 4850 3321 4921 decipi
3343 4863 3452 4904 non

204 4957 493 5017 potuerunt,
514 4952 628 5024 jam
652 4949 851 5006 eadem
878 4947 1159 5018 disciplina
1185 4948 1513 5013 invaluerat,
1536 4954 1598 5002 ut
1625 4960 1802 5001 causae
1835 4947 2211 5017 episcoporum
2236 4944 2561 5016 patriarchis
2602 4954 3016 5002 reservarentur
3066 4953 3128 5000 ut
3157 4960 3186 5000 a
3221 4944 3457 5002 concilio

205 5042 786 5121 Constantinopolitano
811 5042 878 5099 iV
905 5047 1031 5102 anni
1052 5045 1158 5105 869
1183 5055 1446 5103 statutum
1472 5045 1653 5102 fuerat
1675 5043 1812 5116 (61).

273 5252 376 5327 (59)
398 5254 564 5327 _Anitii
599 5271 693 5327 ep.
719 5268 775 5309 c.
805 5253 1246 5327 3._Victoris#ep_.
1286 5254 1358 5327 1εῄ
1371 5268 1421 5308 c.
1448 5253 1504 5309 3.
1535 5251 1676 5327 Sixti
1706 5247 1763 5327 ll
1940 5254 2050 5327 (ᾕῖ)
2077 5254 2176 5327 Ep.
2199 5252 2256 5327 ξ.

208 5318 829 5416 ςεεο’1ςζεξυ¹ίί.ευεέε;,εε
853 5321 1097 5416 ἶξῐκω·
1121 5318 1290 5416 Fris;
1316 5322 1505 5416 ire-
1526 5322 1579 5416 1:
1621 5338 1673 5416 c;
1699 5318 1765 5416 εξ)

669 5326 726 5416 ἓξ
765 5318 1290 5416 Ῡῑῗκ¹⁰Ἒε¹ίίὲ
1316 5322 1481 5416 ‘LER’
1527 5322 1579 5416 ’.ξ
1621 5318 1765 5416 ‘1"..9
1942 5318 2169 5416 QQ?)
2199 5323 2248 5416 ’ί

1165 5409 1290 5416 ____-
1344 5385 1573 5416 Πι.ῖ.ι-...ι
1637 5407 1661 5416 -
1711 5388 1745 5416 n
1947 5385 2057 5416 )rn’t
2093 5385 2165 5416 ri-
2225 5388 2286 5416 In
2311 5386 2373 5416 ml
2405 5385 2721 5416 anLn-:nm
