4012 6442
512 414 600 457 xw
1312 408 1601 464 APPEND.
1642 411 1731 463 AD
1770 409 1950 481 S£C§
1988 410 2077 465 IX.
2121 442 2186 450 —
2225 412 2541 470 lSlDORUS
2580 413 2977 472 MERCATOR.

584 520 1049 593 Novamﬂenique
1092 523 1276 579 dicunt
1322 526 1587 596 regulam,
1629 541 1749 596 qum
1788 526 1997 591 statuit,
2031 536 2089 580 ut
2118 542 2310 582 omnes
2355 528 2544 600 synodi
2593 531 2759 585 etiam
2812 530 3166 600 particulares
3199 530 3413 587 nonnisi
3446 532 3763 588 auctoritate

511 614 783 682 pontiﬁcis
825 618 1020 671 summi
1054 619 1358 674 habeantur
1389 622 1522 691 (G2).
1565 623 1726 692 Atqui
1768 623 1882 677 lucc
1909 638 1974 677 ex
2002 624 2227 679 historia
2283 626 2551 695 tripartita
2594 626 2796 689 hausit,
2833 641 2950 695 qua:
3003 646 3023 677 ‹
3066 625 3302 697 regulam
3349 626 3764 682 ecclesiasticam

506 708 702 777 jubere
735 711 830 776 ait,
858 727 962 766 non
1001 724 1253 783 oportere
1282 727 1479 784 praster
1501 719 1822 773 sententiam
1864 718 2091 774 Romani
2133 720 2405 792 pontiﬁcis
2431 721 2656 777 concilia
2684 721 2943 777 celebrari
2975 721 3108 789 (63).
3147 742 3165 775 ι
3194 721 3322 789 Quae
3368 735 3496 775 sane
3529 720 3763 775 Pseudo.

456 797 473 804 ’
510 802 745 860 isidorus
770 806 842 859 ita
869 807 1197 865 intellexisse
1217 811 1446 875 videtur,
1477 822 1536 867 ut
1561 828 1871 883 expressam
1908 814 2178 869 licentiam
2224 816 2493 886 pontiﬁcis
2516 816 2841 885 exquireret.
2885 816 3079 871 Verum
3116 825 3171 871 et
3212 818 3313 872 hoc
3355 825 3479 872 tunc
3509 821 3766 889 temporis

503 896 616 964 jam
643 907 768 954 ante
798 911 1016 957 exortas
1047 904 1360 962 Decretales
1382 917 1435 960 et
1474 898 1673 977 requiri
1702 917 1757 963 et
1794 910 2071 964 observari
2100 920 2358 980 cmperat.
2392 910 2617 981 Sergius
2650 909 2693 964 ll
2731 910 2956 979 epistola
2986 911 3051 964 ad
3073 911 3351 980 episcopos
3387 914 3767 983 transalpinas,

504 1007 610 1059 qua
642 1008 695 1048 a.
723 994 829 1049 844
858 997 1158 1068 Drogonem
1203 999 1493 1056 Metenscm
1518 1017 1673 1056 suum
1706 1003 1757 1057 in
1786 1003 1958 1059 Gallia
1991 1013 2044 1059 et
2071 1004 2359 1061 Germania
2393 1006 2650 1060 vicarium
2677 1008 2970 1069 constituit,
3000 1007 3113 1061 haec
3143 1007 3217 1060 ait
3244 1007 3383 1062 inter
3405 1009 3503 1063 alia
3532 1028 3545 1063 :
3582 1028 3598 1060 ι
3633 1009 3768 1064 lluic

506 1087 559 1140 iu
598 1094 995 1163 congregandis
1020 1095 1357 1165 generalibus
1387 1099 1606 1167 synodis
1646 1100 1696 1153 in
1716 1101 1969 1155 omnibus
1995 1102 2369 1171 praedictarum
2395 1102 2671 1170 regionum
2702 1102 2944 1171 partibus
2975 1111 3210 1156 nostram
3237 1105 3641 1158 commodamus
3673 1120 3769 1156 au-

503 1180 835 1246 ctoritatem,
864 1192 918 1237 et
942 1186 1201 1254 quidquid
1226 1188 1541 1255 provinciali
1567 1171 1771 1259 synodo
1799 1190 1961 1245 fuerit
1986 1192 2285 1259 deﬁnitum,
2318 1195 2384 1247 ad
2407 1193 2525 1264 ejus
2553 1195 2758 1263 absque
2788 1194 3044 1247 dilatione
3074 1195 3358 1248 statuimus
3380 1196 3620 1249 notitiam
3648 1212 3766 1265 pcr-

503 1271 829 1330 ducendum.
869 1297 888 1330 ι
922 1278 1030 1334 Leo
1053 1277 1121 1332 Ν
1144 1279 1208 1332 ad
1239 1279 1586 1337 Hincmarnm
1614 1286 1858 1340 scribens
1888 1287 2022 1357 (64),
2050 1288 2338 1343 concilium
2371 1288 2763 1344 Sucssionense
2800 1306 2828 1342 a
2878 1304 2937 1343 se
2974 1305 3079 1342 non
3111 1289 3538 1345 conﬁrmandum
3571 1292 3636 1346 iri
3672 1292 3766 1346 de—

500 1364 709 1435 θ¹³τ³ιν
766 1379 876 1426 tum
906 1388 972 1428 ex
1009 1374 1133 1429 aliis
1164 1377 1483 1441 rationibus,
1543 1387 1652 1434 tum
1687 1398 1705 1431 ι
1747 1396 1813 1437 eo
1835 1383 1974 1453 quod
2015 1383 2172 1453 legati
2221 1385 2365 1439 sedis
2395 1384 2701 1455 apostolica!
2740 1392 3036 1453 prmsentes
3092 1384 3285 1438 ibidem
3329 1402 3432 1439 non
3485 1386 3709 1449 fuerint,
3741 1405 3757 1437 ι

498 1473 636 1525 ciuus
666 1462 718 1517 in
742 1465 929 1521 eadem
953 1467 1180 1536 cpistola
1210 1470 1276 1525 ad
1312 1474 1653 1530 sarciendum
1677 1474 1943 1533 defectum
1971 1480 2200 1552 delegat,
2233 1481 2452 1538 Petrum
2477 1479 2811 1552 Spoletinum
2853 1488 2907 1535 et
2936 1481 3310 1548 cognominem
3339 1481 3619 1535 Aretinum
3650 1481 3764 1552 epi-

500 1568 747 1625 scopum.

576 1648 728 1715 Quod
754 1660 806 1706 et
823 1654 1061 1724 agnitum
1088 1657 1334 1715 videmus
1354 1675 1417 1715 ex
1449 1663 1626 1718 verbis
1647 1663 1847 1720 Nieolai
1878 1666 1935 1720 l>:
1962 1686 1978 1719 ι
2006 1666 2118 1740 (65)
2141 1666 2359 1741 Regalis
2377 1668 2690 1724 excellentia
2712 1674 2889 1723 vestra
2918 1681 3089 1736 nuper
3118 1667 3434 1736 apostolatui
3466 1675 3650 1722 nostro
3677 1666 3762 1723 di-

498 1742 665 1807 rexit,
699 1751 757 1797 ut
784 1758 883 1813 pro
911 1745 1239 1814 perﬁcienda
1279 1752 1485 1822 synodo
1508 1754 1703 1810 missos
1732 1770 1763 1811 e
1790 1755 1958 1812 latere
1986 1766 2173 1814 nostro
2199 1759 2431 1830 dirigere
2474 1759 2843 1829 dignaremur.
2875 1778 2893 1811 ι
2932 1758 3074 1812 Idem
3100 1773 3263 1829 porro
3305 1760 3555 1828 religiose
3579 1760 3767 1815 obser-

497 1850 675 1893 vatum
714 1839 889 1895 fuerat
913 1857 943 1896 a
975 1841 1036 1897 S.
1063 1843 1362 1907 Bonifaeio.
1393 1850 1484 1918 qui
1517 1867 1622 1906 non
1653 1853 1824 1907 solum
1855 1855 1920 1909 ad
1949 1856 2182 1927 synodos
2211 1856 2505 1921 habendas,
2538 1857 2734 1925 quibus
2762 1856 2814 1909 in
2851 1853 3037 1910 Galliis
3066 1849 3333 1917 praesedit,
3365 1849 3475 1920 (66)
3506 1851 3666 1905 etiam
3696 1850 3763 1904 ad

494 1944 586 1984 eas
613 1944 749 1999 quas
776 1931 829 1984 in
856 1929 1145 1987 Germania
1168 1934 1280 2004 jam
1318 1941 1754 2012 archiepiscopus
1784 1945 2094 2013 celebravit,
2145 1947 2257 2019 (67)
2287 1949 2663 2003 auctoritatem
2711 1947 2855 2002 sedis
2894 1942 3199 2015 apostolicte
3227 1941 3449 2011 expetiit
3491 1949 3547 1996 et
3592 1942 3765 2011 impe-

499 2020 688 2073 travit.
721 2020 874 2086 Quod
909 2031 1087 2076 autem
1114 2039 1303 2092 parum
1332 2028 1434 2083 bac
1463 2029 1514 2082 in
1554 2046 1611 2085 re
1647 2031 1943 2099 effecerint,
1973 2036 2170 2091 exinde
2192 2044 2336 2105 patet
2365 2037 2505 2105 quod
2529 2035 2869 2107 postmodum
2898 2034 2948 2089 id
2978 2034 3035 2088 in
3066 2049 3223 2089 usum
3244 2050 3350 2090 non
3381 2035 3675 2099 transierit,
3704 2042 3765 2089 ut

498 2119 651 2167 tanto
674 2111 853 2181 rigore
880 2112 1130 2181 specialis
1154 2113 1241 2168 illa
1265 2118 1534 2184 pontiﬁcis
1552 2119 1725 2190 jussio
1750 2132 1805 2176 et
1834 2125 2128 2179 auctoritas
2158 2125 2525 2194 requireretur
2552 2123 2688 2197 (68v).

560 2201 642 2256 Ad
671 2203 910 2258 inaudita
937 2219 1057 2274 quae
1095 2220 1123 2258 a
1157 2204 1572 2267 Pseudoisidoro
1610 2212 1826 2268 inducta
1856 2213 2081 2280 fuerint,
2100 2215 2304 2270 addidit
2336 2215 2573 2270 Theiner
2602 2215 2743 2269 illam
2773 2213 3219 2283 propositionem,
3257 2213 3485 2282 primam
3511 2215 3691 2269 sedem
3731 2230 3763 2268 a

492 2299 711 2354 nemine
742 2300 795 2354 in
825 2301 986 2355 terris
1007 2300 1259 2372 iudicari.
1291 2302 1361 2352 At
1387 2298 1686 2354 doctrinam
1724 2301 1867 2357 illam
1911 2304 2123 2359 nonnisi
2162 2304 2213 2358 in
2245 2305 2379 2359 actis
2410 2304 2670 2375 Sylvestri
2701 2303 2812 2375 (69)
2850 2302 3297 2358 Pseudoisidorus
3325 2303 3588 2371 exposuit,
3616 2320 3761 2373 quae,

491 2389 619 2445 licet
647 2392 976 2463 apocrypha,
1000 2393 1147 2448 nullo
1179 2401 1355 2446 tamen
1382 2391 1688 2461 antiquiora
1727 2403 1871 2449 sunt.
1903 2393 2113 2449 Pluries
2137 2394 2187 2448 id
2215 2395 2378 2451 etiam
2404 2396 2457 2449 in
2483 2395 2733 2466 genuinis
2761 2393 3095 2450 documentis
3119 2403 3242 2449 ante
3274 2394 3532 2449 lsidormn
3559 2395 3761 2450 dictum

490 2482 760 2551 reperitur
788 2481 922 2553 (70).
956 2482 1189 2538 Leonem
1228 2482 1295 2538 lll
1340 2491 1652 2538 accusatum
1704 2484 1895 2541 Patres
1929 2487 2117 2557 synodi
2166 2485 2422 2542 Romanae
2458 2486 2644 2555 paucis
2679 2496 2803 2542 ante
2854 2485 3009 2540 annis
3053 2499 3104 2538 a.
3143 2483 3247 2539 800
3276 2501 3307 2539 a
3337 2486 3528 2540 Carolo
3569 2485 3763 2557 Magno

489 2583 826 2645 congregata:
855 2574 1099 2643 judicare
1130 2576 1591 2630 detrectaverunt.
1635 2576 1897 2646 Gregorio
1940 2577 2007 2631 lV
2040 2576 2198 2631 minis
2235 2578 2607 2647 episcoporum
2655 2576 2957 2633 Germaniae
2984 2575 3391 2647 perterrefacto,
3420 2577 3599 2643 Wala,
3621 2577 3760 2634 Cor-

489 2662 727 2721 beiensis
756 2667 924 2721 abbas
959 2667 1406 2722 documentorum
1436 2666 1675 2739 syllogen
1709 2681 1770 2721 'a.
1803 2662 1907 2739 8σό
1936 2668 2149 2728 obtulit,
2177 2682 2282 2736 qua
2315 2667 2587 2722 Romanos
2615 2667 2898 2737 pontiﬁces
2943 2681 2973 2720 a
3004 2667 3218 2722 nemine
3260 2666 3491 2736 judicari
3538 2666 3760 2722 demon-

491 2758 726 2813 strabat.
761 2757 873 2813 Hac
905 2758 1093 2814 eadem
1119 2759 1364 2814 doctrina
1395 2758 1463 2813 ab
1491 2760 1606 2830 ipso
1630 2757 2142 2824 sancto'Bonifacio,
2172 2758 2478 2814 Germaniae
2506 2759 2747 2827 apostolo
2792 2759 3027 2816 imbutus
3053 2761 3228 2815 fuerat
3253 2761 3502 2833 Otgarius
3530 2761 3611 2815 vel
3641 2763 3763 2832 qni-

489 2862 701 2918 cunque
737 2850 1079 2922 Moguntinus
1109 2852 1416 2908 Decretales
1443 2854 1676 2925 collegit.
1703 2854 1782 2909 Ex
1813 2852 1957 2908 illius
1980 2867 2214 2921 namque
2238 2851 2394 2906 dictis
2435 2850 2686 2903 traditum
2720 2841 2805 2906 est
2836 2852 2961 2908 illud
2989 2854 3054 2909 de
3082 2853 3323 2908 Romano
3350 2853 3602 2924 pontiﬁce
3628 2869 3758 2923 pro-

489 2941 836 2995 nuntiatum:
870 2960 888 2991 ι
922 2941 1159 2997 Cunctos
1183 2943 1658 3017 ipsejndicaturus
1686 2960 1716 2998 a
1758 2944 1971 2997 nemine
2000 2951 2079 2997 est
2102 2941 2425 3011 judicandus
2461 2939 2595 3012 (7l).
2636 2958 2654 2990 ›

559 3034 744 3105 Neque
772 3037 1064 3105 primatum
1105 3036 1419 3108 dignitatem
1446 3034 1666 3089 omnino
1694 3032 1918 3097 invenit,
1965 3030 2108 3101 quod
2145 3044 2275 3085 sane
2301 3030 2369 3084 ab
2397 3028 2647 3085 omnibus
2694 3027 2883 3083 fuisset
2924 3030 3225 3099 explosum,
3274 3048 3397 3089 cum
3442 3033 3494 3088 in
3544 3032 3761 3089 vicarii:

488 3126 798 3195 apostolicis
846 3127 1107 3198 ejusmodi
1156 3128 1357 3198 aliquid
1406 3126 1717 3196 jamdudum
1778 3123 2101 3186 inveniatur,
2152 3121 2373 3191 prepius
2418 3119 2581 3175 etiam
2622 3119 2673 3172 in
2723 3120 2953 3189 primate
2990 3121 3202 3188 Africm,
3254 3124 3345 3194 qui
3402 3131 3457 3178 et
3501 3123 3762 3195 dignitate

486 3228 542 3274 et
600 3220 818 3274 nomine
874 3219 1011 3274 idem
1070 3219 1289 3274 omnino
1343 3228 1482 3285 erat,
1538 3218 1679 3289 quod
1727 3215 1983 3272 Ecclesiae
2036 3212 2362 3284 Moguntina:
2401 3210 2910 3267 Pseudodecretales
2964 3213 3344 3268 vindicandum
3399 3212 3499 3267 sibi
3563 3225 3762 3282 propo-

488 3314 730 3360 suerant.

556 3397 632 3451 Et
664 3398 859 3466 quibus
890 3399 1140 3455 omnibus
1171 3398 1556 3454 concludamus
1580 3397 2050 3453 Pseudoisidorum
2084 3391 2381 3462 disciplinae
2418 3392 2769 3448 mutationem
2816 3406 2921 3447 non
2971 3393 3233 3459 effecisse,
3287 3393 3379 3448 sed
3427 3392 3625 3446 factam
3668 3404 3735 3444 ex

485 3488 753 3556 ptessisse
782 3496 836 3543 et
866 3503 1253 3561 propugnasse,
1293 3489 1746 3559 ἰε.ρί[)ἱριιιειι)(ιιιθ
1771 3487 2069 3543 concomita

821 3496 836 3541 t
866 3503 1253 3561 propugnasse,
1293 3489 1746 3559 ἰε.ρί[)ἱριιιειι)(ιιιθ
1771 3487 2189 3543 concomitatum
2218 3484 2405 3537 fuisse.

556 3665 671 3736 (62)
700 3664 823 3720 Julii
845 3682 929 3736 ep.
959 3666 1016 3729 2,
1047 3681 1096 3720 c.
1132 3666 1223 3721 29.
1260 3666 1430 3735 Epist.
1470 3665 1685 3736 Egypt.
1716 3664 1780 3719 ad
1806 3663 1970 3719 Felic.
1996 3663 2060 3717 ll.
2167 3661 2337 3736 plina,
2368 3672 2404 3717 t.
2429 3661 2493 3731 ll,
2522 3661 2558 3717 l.
2594 3679 2680 3727 Ill,
2703 3678 2754 3719 c.
2788 3662 2880 3728 57,
2910 3661 3152 3728 Blascus,
3186 3662 3253 3719 de
3272 3662 3599 3720 Collectione
3631 3670 3759 3721 can.

493 3732 729 3791 Marcelli
760 3753 846 3805 cp.
881 3732 990 3799 1,2.
1023 3736 1237 3790 Damasi
1261 3732 1346 3805 ep.
1376 3738 1428 3791 4.
1462 3752 1512 3790 e.
1540 3732 1627 3789 21'
2170 3732 2360 3805 Isidor.

582 3805 671 3876 (ᾗ)
696 3806 754 3876 L.
783 3800 853 3861 i'v.
886 3823 932 3858 ο.
952 3806 1006 3876 Si,
1034 3805 1098 3876 19
1163 3869 1172 3876 ,
1199 3874 1205 3876 Α
1343 3874 1357 3876 _
2243 3800 2354 3876 (60)
2382 3804 2565 3876 Qanon
2598 3802 2966 3876 Sylvestri,_c.
2997 3805 3050 3867 '5,
3078 3803 3168 3858 20.

584 3870 674 3944 64)
703 3875 870 3928 Mansi
898 3885 934 3929 t.
964 3874 1101 3936 XIV,
1129 3870 1229 3928 col.
1261 3874 1383 3929 886.
1853 3943 1857 3944 ί
2025 3943 2028 3944 ν
2180 3939 2208 3944 _
2245 3870 2359 3944 (70)
2384 3873 2561 3929 Gelas.
2596 3870 2682 3942 ep.
2706 3873 2772 3944 IV
2803 3876 2869 3929 ad
2894 3874 3171 3937 Faustum,
3202 3888 3290 3944 ep.
3333 3874 3399 3929 Η
3429 3875 3495 3930 ad
3521 3873 3753 3944 Dardan.

584 3878 652 3927 64
703 3878 870 3928 Mansi
898 3885 934 3929 t.
964 3878 1101 3936 XIV,
1129 3878 1229 3928 col.
1261 3878 1383 3929 886.
2245 3878 2359 3944 (70)
2384 3878 2561 3929 Gelas.
2596 3889 2682 3942 ep.
2706 3878 2772 3927 IV
2803 3878 2869 3929 ad
2894 3878 3171 3937 Faustum,
3205 3888 3235 3927 e
3277 3915 3290 3928 .
3333 3878 3399 3929 Η
3429 3878 3495 3930 ad
3521 3878 3753 3929 Dardan.

581 3878 674 4016 65;
724 3945 818 4016 Ep.
868 3946 931 4000 ΓΙ
985 3945 1114 3999 ibid.
1170 3954 1206 3999 t.
1258 3945 1374 3999 XV.
1419 3944 1547 4009 278,
1587 3944 1658 3999 cf.
1704 3958 1790 4014 ep.
1839 3943 1928 4009 28,
1982 3943 2065 4007 l9,
2176 3939 2427 4016 Synodus
2453 3943 3092 4016 Rom‘asubSymmacho
3118 3959 3168 3997 a.
3197 3890 3318 3999 58!.
3351 3945 3558 4000 Ennod.
3588 3942 3756 3998 libell.

491 4013 607 4085 22.7
653 4013 664 4085 ί
768 4013 783 4016 ⁷
852 4083 893 4085 η
966 4083 1019 4085 η
1076 4083 1107 4085 ᾉ
1186 4084 1189 4085 ν
1510 4083 1521 4085 Α
1743 4013 1750 4014 ⁷
2174 4013 2382 4085 apolog.
2433 4013 2665 4076 a.,502.
2724 4013 2862 4069 Avili
2914 4013 3176 4070 Viennen.
3233 4030 3319 4085 ep.
3381 4016 3450 4071 ad
3510 4023 3759 4070 senatum

583 4083 675 4155 66)
709 4085 805 4155 Ep.
836 4083 923 4145 49,
955 4083 1042 4138 63.
1073 4083 1348 4155 Zachariae
1385 4100 1469 4154 ep.
1498 4083 1553 4149 2,
1583 4084 1635 4139 9.
2174 4096 2229 4136 ει.
2254 4083 2378 4138 502.

583 4087 675 4155 66)
709 4087 805 4155 Ep.
836 4087 923 4145 49,
955 4087 1042 4138 63.
1073 4087 1348 4139 Zacharias
1385 4100 1469 4154 cp.
1498 4087 1553 4149 2,
1583 4087 1635 4139 9.
2174 4096 2229 4136 θ.
2254 4087 2378 4138 502.

561 4087 675 4223 (67)
712 4154 956 4220 Gregorii
988 4155 1047 4208 ΙΙΙ
1076 4170 1160 4220 ep.
1186 4153 1238 4225 4.
1271 4155 1319 4206 7.
1952 4223 1959 4225 Α
2034 4223 2041 4225 Α
2254 4155 2373 4225 (Ἠ)
2396 4154 2549 4225 Apud
2576 4153 2726 4209 card.
2756 4154 3063 4225 Deusdedit,
3097 4154 3131 4207 1.
3162 4170 3180 4208 ι
3211 4155 3285 4209 De
3323 4154 3504 4209 Rebus
3526 4152 3681 4225 eccl.,
3704 4167 3755 4208 c.

558 4224 673 4296 (6&4)
701 4225 782 4280 Cf.
815 4225 1152 4280 'l‘bomassini
1187 4224 1351 4279 Vetus
1377 4235 1430 4279 et
1463 4240 1596 4278 nova
1628 4225 1879 4280 Ecclesiae
1910 4223 2067 4278 disci~
2171 4228 2298 4284 23L
2332 4223 2651 4279 Nauclerum
2681 4239 2802 4293 gen.
2832 4224 2922 4278 26.
2960 4223 3227 4291 Gratiam,
3257 4241 3306 4282 c.
3340 4226 3395 4290 6,
3421 4225 3554 4280 diss.
3583 4223 3669 4278 40.

1983 4394 3738 4427 -————————-—-———-————————-——-—______——.._‘__

958 4403 1196 4415 -σαο

3114 4419 3328 4429 ..ο-

500 4400 3113 4429 mmmam

1185 4604 1360 4713 Ι)-
1437 4599 2112 4716 αεοιια.
2191 4601 2769 4717 PBH-Li

1442 4599 2112 4716 GEOBG.
2191 4597 3026 4717 PHILLIPS

840 4955 1935 5084 COLLECTIONE
2025 4957 2631 5086 PSEUDO
2690 5007 2750 5034 -
2811 4955 3399 5084 ISIDOBI

1715 5187 2503 5299 DISQUISITIO.

610 5353 695 5437 (E
736 5355 1099 5418 Germanico
1138 5357 1432 5420 idiomate
1471 5358 1945 5436 Kirchenrecht,
1984 5358 2378 5439 chensburg
2424 5360 2600 5432 1831,
2624 5378 2690 5438 ρ.
2724 5362 2827 5433 61,
2860 5362 2926 5421 in
2955 5360 3245 5421 Latinum
3276 5358 3632 5441 translata.)

1819 5700 2068 5758 Colleclio
2092 5705 2426 5759 describitur.

550 5782 938 5848 Colloctionem
970 5788 1293 5860 Hispanam,
1341 5801 1564 5864 propter
1595 5792 1859 5866 insignem
1889 5808 1955 5850 ex
1993 5809 2055 5850 ea
2089 5805 2394 5865 susceptam
2444 5793 2732 5850 utilitatem
2756 5834 2770 5859 ,
2813 5807 3036 5849 necesse
3079 5789 3180 5847 fuit
3208 5800 3360 5848 extra
3407 5791 3543 5847 ﬁnes
3564 5831 3579 5857 ,
3611 5790 3751 5848 intra
