3998 5416
488 300 645 367 .xm'
1290 315 1580 371 Al‘PEND.
1618 316 1708 371 an
1747 314 1919 372 su.
1961 286 2051 370 ix.
2094 348 2161 359 .-
2198 315 2518 377 Ismenus
2551 320 2950 378 uesanos.

491 436 589 491 per
603 420 963 493 plurasaeeula
983 425 1143 481 tribui
1166 426 1399 494 solitam,
1424 428 1729 498 neminique
1750 442 1892 484 curae
1915 426 2080 485 fuisse
2093 436 2273 484 utrum
2288 445 2374 495 ea.
2399 431 2594 503 quibus
2614 432 2915 499 constabat,
2931 438 3049 487 acta
3063 429 3195 486 certi
3209 411 3443 488 auctoris
3457 440 3638 491 essent
3652 428 3745 491 nec

499 535 587 586 ne,
620 535 777 576 nemo
806 522 1000 577 nescit.
1030 521 1167 577 liuic
1195 513 1343 578 aetati
1368 533 1551 593 utpote
1580 525 1713 579 artis
1751 524 2106 595 diplomaticze
2137 540 2359 597 prorsus
2386 529 2615 598 experti,
2641 528 2947 598 ignorantia
2977 526 3065 582 illa
3093 527 3137 582 si
3170 526 3298 581 vitio
3336 529 3470 584 verti
3496 541 3742 599 nequeat,

491 612 621 686 quid
644 615 807 673 refert
824 625 1002 674 utrum
1023 618 1312 675 Anacletus
1332 635 1401 675 an
1414 619 1544 689 Leo,
1567 616 1840 677 Evaristus
1856 636 1923 675 an
1943 619 2251 692 Gregorius,
2268 622 2624 694 Telesphorus
2638 638 2708 701 au
2720 623 2971 681 Nicolaus
2985 622 3189 695 singula
3214 623 3363 692 prior
3379 625 3623 682 elocutus
3644 618 3748 681 sit?

2065 710 2165 772 viil.

1852 800 2073 862 summa
2114 822 2374 863 censum.

542 891 641 953 ’Λᾶ
667 877 921 954 saéctilum
951 913 1122 969 usque
1143 897 1389 969 quintum
1418 888 1685 952 decimum
1727 882 2283 953 Pseudo-ls'idoriana:
2307 897 2605 956 decretales
2626 894 2889 971 pro'veris
2913 891 3267 957 habebantur.
3278 884 3748 970 'Spurias'quide‘m

490 1006 610 1049 esse
646 974 955 1064 suspectam
1002 993 1151 1049 visus
1190 1003 1275 1048 est
1314 991 1550 1047 Joannes
1597 992 1875 1047 Wicleﬁus
1912 992 2099 1063 (MO);
2155 993 2289 1048 nihil
2330 990 2507 1050 tamen
2566 990 2709 1052 aliud
2747 998 2850 1054 nisi
2898 996 3080 1053 odium
3125 995 3414 1066 quo,ieges
3442 991 3745 1063 pontificias

464 1080 683 1143 ‘onmes
712 1090 1141 1159 prosequebatur
1167 1103 1235 1144 ex
1269 1087 1387 1157 ejus
1414 1089 1746 1158 argumentis
1772 1089 1874 1143 rite
1899 1088 2188 1160 colligitur.
2220 1089 2403 1145 Primo
2430 1092 2670 1148 omnium
2696 1081 2919 1147 Nieolao
2943 1092 3008 1146 de
3033 1091 3175 1147 Cusa
3214 1090 3362 1161 (141)
3393 1088 3456 1162 (-1-
3486 1087 3649 1155 1464)
3673 1096 3749 1150 et,

472 1176 612 1252 post
637 1198 786 1249 eum,
814 1184 1011 1240 Joanni
1038 1184 1104 1239 de
1138 1183 1553 1238 Turrecremata
1585 1183 1733 1254 (142)
1763 1183 1823 1255 (1-
1853 1182 2030 1255 1468),
2089 1191 2150 1240 ut
2192 1186 2489 1241 verisimile
2517 1194 2621 1255 est,
2661 1188 2728 1243 de
2756 1188 3164 1244 veterrimorum
3208 1178 3525 1257 pontiﬁcum
3564 1179 3750 1239 dcere-

494 1278 681 1332 talium
713 1278 1131 1349 interpolatione
1154 1279 1392 1349 suspicio
1422 1280 1607 1335 subiit.
1657 1279 2040 1335 Collectionem
2071 1296 2193 1336 cum
2223 1282 2390 1337 semel
2414 1284 2552 1354 typis
2579 1284 2633 1339 in
2660 1284 2839 1340 lucem
2862 1285 3168 1357 prodiisset,
3191 1299 3422 1363 censura
3444 1276 3751 1338 accuratior

495 1372 871 1441 apprehendit,
901 1373 1076 1443 primo
1101 1372 1547 1440 Erasmi,deinde
1576 1374 2016 1430 Centuriatorum
2056 1374 2614 1448 Magdeburgensium,
2666 1394 2877 1436 necnon
2914 1380 3214 1450 aliquorum
3263 1378 3567 1443 Gallorum,
3614 1384 3749 1447 quos

490 1468 632 1524 inter
659 1469 946 1525 Dumoulin
978 1471 1126 1541 (145)
1159 1479 1320 1541 atque
1367 1470 1644 1535 Lecomte,
1689 1486 1916 1541 quorum
1966 1473 2147 1529 studio
2195 1473 2262 1529 de
2307 1474 2666 1531 Decretalium
2692 1476 3086 1533 adulteratione
3104 1476 3236 1531 nulli
3261 1474 3375 1545 jam
3406 1474 3571 1531 dubio
3601 1474 3752 1530 locus

489 1564 759 1634 esui“).
781 1564 885 1621 Sed
908 1574 1130 1637 propter
1149 1566 1399 1621 Historiae
1413 1576 1574 1637 atque
1588 1566 1844 1622 Ecclesiae
1860 1566 2064 1638 jurium
2081 1567 2372 1635 inscitiam,
2396 1577 2599 1638 quanto
2619 1570 2790 1640 magis
2802 1578 3022 1641 pr0pter
3048 1580 3286 1638 exortas,
3316 1580 3441 1627 tunc
3467 1571 3751 1641 temporis,

490 1658 629 1728 apud
660 1659 958 1718 Germanos
979 1661 1046 1718 de
1077 1662 1177 1718 iide
1207 1663 1625 1728 controversias,
1657 1662 1814 1717 simul
1842 1677 1906 1717 ac
1931 1671 2210 1733 serpentes
2234 1663 2345 1732 jam
2374 1665 2513 1734 apud
2540 1665 2779 1721 Francos
2822 1664 3124 1721 Gallicanas
3146 1667 3451 1735 opiniones,
3478 1666 3749 1722 detectam

491 1770 664 1825 nuper
691 1758 1140 1814 adulterationem
1167 1760 1349 1815 hostili
1375 1762 1534 1816 modo
1561 1760 1902 1830 interpretati
1928 1768 2075 1815 sunt.
2098 1759 2422 1816 Cdliatorem
2444 1762 2709 1818 mendacii
2744 1776 2921 1829 reum,
2944 1770 3108 1833 atque
3135 1762 3390 1819 Ecclesia:
3420 1762 3746 1825 institutum,

487 1850 738 1920 inprimis
770 1854 1040 1923 pontiﬁcis
1087 1856 1376 1927 primatum
1419 1856 1552 1911 uuili
1608 1856 1697 1910 alii
1729 1855 1832 1910 nisi
1874 1854 2300 1911 Pseudo-lsidori
2340 1857 2573 1929 scriptis,
2620 1856 2972 1913 fundamento
2991 1857 3094 1912 niti
3123 1856 3356 1912 voluere.
3388 1854 3511 1922 Quo
3545 1856 3750 1911 factum

483 1951 567 1998 est
594 1955 671 2012 ut,
701 1948 768 2000 ad
792 1948 1154 2019 impugnanda
1182 1950 1362 2006 divina
1385 1949 1642 2005 Ecclesiae
1668 1949 2038 2015 fundamenta,
2060 1951 2339 2020 perversis
2384 1949 2544 2006 simul
2572 1967 2635 2008 ac
2675 1952 2879 2009 dolosis
2914 1952 3043 2007 viris
3065 1952 3178 2021 ipse
3206 1953 3409 2008 inscius
3433 1966 3588 2007 arma
3623 1953 3749 2007 sub-

478 2038 893 2097 ministraverit.
943 2044 1096 2112 Quod
1139 2046 1182 2101 si
1232 2061 1419 2100 revera
1436 2045 1702 2101 'Ecciesim
1733 2044 2044 2100 astruendae
2067 2059 2229 2100 causa
2274 2045 2514 2100 laborem
2557 2046 2741 2113 subiit,
2773 2047 2840 2102 de
2886 2046 3037 2102 illius
3083 2045 3257 2102 inutili
3299 2060 3463 2118 opere
3507 2048 3577 2102 ad
3608 2046 3750 2102 hanc

481 2150 653 2206 usque
681 2137 821 2194 diem
856 2141 1050 2196 merito
1072 2141 1216 2195 dolet
1242 2141 1480 2197 Ecclesia
1514 2141 1687 2213 (145).

551 2231 777 2289 Ineunte
816 2234 1014 2291 saeculo
1060 2235 1271 2291 decimo
1310 2236 1542 2307 septimo
1586 2235 1931 2306 interpolatio
1972 2235 2088 2306 iam
2138 2237 2324 2308 negari
2366 2237 2640 2309 nequibat.
2689 2236 2871 2293 Val‘uit
2920 2238 3137 2308 quidem
3184 2237 3389 2294 Jesuita
3424 2237 3751 2295 Franciscus

486 2326 686 2386 Torrea
715 2330 1211 2388 Pseudo-isidorum
1245 2334 1312 2388 ab
1354 2333 1622 2388 haereseos
1644 2333 2022 2389 criminatione
2048 2333 2280 2388 liberare
2311 2332 2481 2406 (146),
2510 2333 2732 2390 minime
2757 2347 2885 2390 vero
2901 2333 3259 2390 Decretaiium
3280 2334 3749 2391 authenticitatem

483 2433 745 2481 astruere.
774 2426 885 2483 lmo
908 2442 1094 2484 ansam
1125 2428 1354 2499 prmbuit
1382 2428 1690 2485 Calvinistae
1715 2428 1987 2485 Blondeilo
2015 2429 2184 2502 (147),
2211 2429 2328 2500 qui,
2360 2431 2517 2486 docta
2541 2430 2828 2486 admodum
2860 2438 2916 2486 et
2937 2430 3135 2487 acerba
3156 2429 3549 2494 coniutatione,
3596 2429 3749 2485 adul-

486 2529 681 2577 teratas
701 2538 821 2579 esse
844 2524 1150 2581 Decretales
1174 2524 1390 2581 invictis
1416 2525 1746 2595 argumentis
1765 2525 2171 2590 demonstravit,
2196 2533 2249 2581 et
2272 2539 2302 2580 e
2323 2525 2521 2595 quibus
2542 2523 2786 2580 hauserit
2809 2523 3234 2589 Pseudo—lsidor,
3264 2522 3441 2579 fontes
3463 2522 3744 2593 patefecit.

557 2616 723 2674 Multo
769 2620 934 2689 igitur
979 2620 1207 2676 inaniori
1263 2630 1459 2677 conatu
1486 2620 1866 2676 Bonaventura
1927 2619 2179 2676 Malvasia
2229 2619 2399 2691 (148),
2469 2619 2671 2676 ordinis
2740 2617 2800 2675 S.
2866 2618 3177 2684 Fraucisci,
3231 2618 3285 2674 in
3341 2616 3747 2689 comprobanda

488 2711 852 2769 Decretalium
903 2715 1314 2772 authenticitate
1364 2716 1561 2771 iterum
1607 2715 1908 2782 desudavit,
1967 2730 2130 2787 quam
2184 2715 2455 2772 doctiores
2512 2715 2764 2771 catholici
2825 2714 3119 2785 scriptores
3172 2712 3351 2769 adhuc
3416 2710 3747 2783 diligentiori

484 2823 647 2878 quam
694 2809 1001 2868 Blondelius
1046 2812 1235 2868 critice
1282 2811 1679 2868 labefactabant
1719 2812 1885 2886 (149).
1944 2813 2089 2882 Quos
2121 2812 2285 2880 inter,
2328 2813 2477 2868 nullo
2520 2822 2880 2886 repugnante,
2921 2812 3196 2883 principes
3234 2811 3494 2866 exstitere
3542 2810 3747 2865 fratres

481 2906 758 2976 Ballerini,
815 2912 1114 2982 presbyteri
1158 2911 1516 2976 Veronenses,
1556 2910 1769 2980 quibus,
1823 2910 1964 2965 inter
2007 2910 2359 2976 recentiores,
2390 2924 2450 2965 se
2496 2908 2777 2965 Walterus
2825 2908 2970 2964 haud
2997 2909 3258 2980 imparem
3286 2904 3532 2962 exhibuit
3566 2905 3743 2993 (150).

560 3003 654 3059 llis
682 3014 737 3060 et
767 3006 1033 3063 similibus
1058 3008 1335 3063 doctorum
1373 3007 1877 3078 investigationibus
1900 3016 2221 3078 praesentem
2267 3006 2548 3062 materiam
2578 3006 2793 3076 penitus
2830 3004 3188 3075 exploratam,
3222 3003 3462 3073 aliasque
3498 3001 3744 3072 permul-

483 3107 569 3153 tas
594 3099 659 3154 de
686 3100 1110 3158 Pseudo-lsidori
1139 3101 1393 3166 fontibus,
1425 3111 1607 3168 relate,
1638 3103 1834 3174 patria,
1879 3102 2059 3175 magni
2095 3102 2356 3157 momenti
2393 3102 2720 3173 quastiones
2768 3101 3017 3157 definitas
3067 3101 3253 3156 babes.
3305 3097 3552 3166 Quandiu
3614 3111 3744 3151 vero

483 3193 656 3248 deerit
692 3210 832 3250 nova
879 3210 912 3252 e
959 3200 1341 3271 manuscriptis
1390 3207 1642 3258 accurate
1682 3201 1963 3272 desumpta
2005 3183 2194 3268 editio,
2231 3199 2612 3257 nonnullorum
2661 3202 3012 3272 qumsitorum
3047 3197 3298 3256 enodatio
3323 3196 3741 3262 desiderabitur,-

484 3290 528 3343 si
564 3298 741 3345 tamen
773 3294 995 3349 enodari
1024 3295 1134 3352 ullo
1160 3297 1321 3352 modo
1362 3297 1597 3353 valeant.

551 3384 827 3460 Praecipua
849 3404 880 3445 a
902 3391 1289 3449 recentioribus
1317 3392 1522 3450 criticis
1549 3392 1761 3450 detecta
1796 3394 2118 3450 documenta
2138 3394 2386 3466 spectant
2403 3394 2470 3450 ad
2491 3394 2687 3458 fontes,
2714 3391 2857 3450 unde
2877 3391 3060 3448 hausit
3077 3388 3743 3461 Pseudo-isidorusﬂSl),

484 3490 541 3536 et
592 3483 658 3538 ad
724 3485 938 3541 modum
998 3502 1105 3558 quo
1161 3488 1484 3545 adulteratio
1535 3489 1816 3546 successit.
1858 3490 2254 3545 Permuitorutn
2311 3490 2618 3560 spuriorum
2670 3499 2911 3553 actuum,
2976 3488 3093 3558 qui,
3137 3495 3264 3542 ante
3309 3480 3770 3554 Pseudo-isi'dori

480 3592 747 3649 tempora,
792 3584 845 3638 in
897 3585 1138 3640 omnium
1192 3586 1363 3642 oculis
1407 3586 1763 3642 versabantur
1797 3584 1968 3656 (152),
2012 3583 2078 3639 ν.
2124 3583 2187 3641 G.
2238 3585 2702 3642 Constantiniana:
2746 3584 3072 3649 donationis,
3121 3597 3244 3638 eum
3287 3587 3561 3636 auctorem
3598 3574 3744 3632 haud

481 3690 602 3733 esse
632 3693 729 3747 per
766 3693 827 3733 se
853 3688 1023 3749 patet.
1051 3680 1181 3736 inde
1200 3681 1552 3751 probabiliter
1584 3689 1798 3737 tenetur
1827 3682 2038 3751 spurias
2077 3681 2376 3738 decretales
2411 3697 2515 3737 non
2543 3681 2703 3737 simul
2742 3683 2836 3737 sed
2871 3694 3159 3751 progressu
3191 3676 3445 3747 temporis
3473 3675 3527 3729 in
3568 3673 3742 3728 lucem

480 3769 652 3824 editas
690 3769 858 3841 (155),
891 3769 1128 3842 aliasque
1152 3772 1437 3827 nonnullas
1483 3773 1647 3843 ignoti
1690 3773 1925 3829 auctoris
1961 3772 2457 3829 Pseudo-lsidorum
2496 3782 2656 3829 actate
2696 3772 2898 3843 pariter
2951 3770 3315 3842 praecessisse.
3346 3766 3569 3824 Accedit
3598 3766 3743 3836 quod

483 3862 746 3934 ejusmodi
779 3862 1126 3923 decretalium
1153 3876 1210 3925 et
1242 3867 1426 3925 Graeca
1460 3870 1826 3940 manuscripta
1860 3867 2382 3926 circumferebantur
2410 3868 2586 3940 (154).
3738 3936 3743 3941 ξ

553 3949 831 4029 Attamen,
870 3964 994 4033 quia
1025 3973 1093 4020 ex
1123 3967 1412 4036 suppositis
1436 3966 1803 4024 Decretalibus
1822 3982 1928 4021 non
1960 3981 2145 4037 paucae
2196 3964 2640 4021 Pseudo-lsidoro
2668 3963 2828 4019 tribui
2872 3969 3164 4032 nequeunt,
3206 3971 3312 4014 non
3359 3952 3479 4008 ideo
3506 3948 3581 4047 ab
3594 3946 3743 4047 omni

483 4053 914 4124 i‘nterpolationis
936 4053 1060 4111 labe
1081 4054 1358 4120 eximitur,
1391 4056 1759 4111 tantummodo
1788 4055 1961 4126 magis
1989 4071 2018 4109 a
2042 4054 2198 4124 culpa
2229 4053 2413 4108 distat.
2450 4053 2554 4108 Sed
2583 4052 2779 4107 adsunt
2822 4058 2877 4105 et
2914 4050 3013 4104 alia
3061 4047 3303 4119 quadam
3356 4058 3461 4097 non
3510 4040 3743 4094 minoris

485 4126 744 4210 ponderis
764 4152 1099 4214 argumenta,
1127 4140 1286 4214 queis
1307 4145 1567 4215 probatur
1594 4128 2036 4201 l’seudo-lsidOro
2060 4144 2173 4200 "odii
2217 4143 2302 4198 vel
2329 4130 2531 4199 fraudis
2566 4150 2765 4207 notam,
2799 4140 2923 4196 inde
2949 4155 2981 4195 a
3006 4137 3202 4196 saeculo
3222 4134 3611 4197 sextodecimo,
3640 4132 3741 4184 im-

482 4233 682 4290 merito
707 4249 741 4289 a
768 4233 1011 4305 pluribus
1037 4235 1202 4292 fuisse
1247 4237 1472 4293 illatam.
1517 4237 1648 4294 Rem
1686 4237 1832 4293 cnim
1877 4236 2034 4292 aliter
2072 4251 2131 4292 se
2170 4236 2372 4292 habere
2406 4221 2527 4292 luce
2559 4235 2755 4291 clarius
2783 4242 2886 4301 est,
2925 4233 2969 4289 si
2998 4231 3347 4294 concedatur,
3378 4226 3519 4298 quod
3548 4221 3740 4293 negari

480 4326 700 4396 nequit,
730 4325 900 4394 ipsam
924 4325 1280 4393 Decretalium
1309 4343 1575 4384 summam
1599 4344 1630 4382 a
1662 4330 1792 4383 vero
1833 4342 1938 4383 non
1967 4328 2159 4383 abesse
2190 4317 2358 4398 (l55).
2386 4324 2677 4382 Permultis
2714 4324 3000 4395 siquidem,-
3046 4338 3182 4394 quas
3215 4318 3531 4391 posterioris
3561 4317 3738 4371 astatis

483 4422 757 4494 pontificis
787 4424 960 4495 reipsa
999 4422 1465 4488 edidere,nonnisi
1500 4422 1857 4492 antiquiorem
1883 4422 2027 4479 diem
2051 4421 2307 4479 colle‘etor
2346 4423 2575 4488 additit,
2604 4422 2814 4492 aliaque
2839 4420 3111 4493 prioribus
3133 4417 3343 4500 saeculis
3370 4415 3512 4471 edita
3542 4423 3596 4470 et
3628 4422 3738 4468 tra-

480 4516 684 4573 ditione
711 4523 929 4587 accepta
957 4515 1274 4570 documenta
1304 4529 1368 4571 ac
1392 4514 1750 4570 Decretalium
1776 4512 2005 4568 formam
2034 4514 2192 4570 docte
2234 4512 2460 4581 redegit.
2506 4512 2623 4570 Non
2670 4512 2833 4584 igitur
2857 4508 3168 4565 districtiori
3195 4502 3450 4563 collector
3480 4512 3737 4575 appeten-

496 4676 499 4683 ν
550 4608 701 4692 (140)
739 4611 1001 4692 Dicebat:
1043 4631 1061 4665 ι
1110 4614 1417 4692 Decretales
1444 4612 1697 4692 cpistola:
1746 4620 1891 4692 sunt
1924 4627 2053 4692 apo-7
2155 4612 2612 4692 fuisse‘llilc‘elesiae
2636 4610 2993 4692 disciplinam.

482 4678 701 4765 ἐνθ’ρῇιὲ
731 4691 788 4766 et
832 4684 1094 4737 seducunt
1122 4700 1152 4739 a
1180 4684 1386 4739 Christi
1439 4678 1562 4745 ﬁde,
1616 4692 1670 4737 ct
1711 4681 1894 4737 clerici
1930 4678 2057 4765 sunt
2192 4694 2193 4697 ‘
2227 4683 2377 4754 (146)
2410 4682 2620 4764 Biasco,
2650 4680 2752 4763 loc.
2773 4678 2914 4746 'cit.,
2952 4693 3076 4761 pag.
3107 4678 3212 4762 55..
3522 4744 3534 4757 .

483 4753 633 4807 stulti
661 4767 752 4820 qui
783 4754 1003 4809 student
1026 4755 1124 4809 eis.
1161 4774 1179 4806 ι
1210 4784 1280 4797 -—
1307 4754 1505 4810 Confer
1548 4752 1756 4808 Blasco.
1804 4752 1905 4806 loc.
1934 4761 2052 4816 cit.,
2227 4752 2373 4820 (147)
2411 4751 2531 4804 th.
2563 4765 2682 4820 sup.
2707 4749 2783 4804 ιη.
2815 4748 2986 4815 Ηααε,
3009 4765 3064 4803 m
3092 4747 3417 4816 Freiburger
3469 4743 3738 4799 Ktrchen-

483 4752 633 4807 stulti
661 4753 752 4820 qui
783 4754 1003 4809 student
1026 4755 1124 4809 eis.
1161 4774 1179 4806 ι
1210 4784 1280 4797 -—
1307 4754 1505 4810 Confer
1548 4752 1756 4808 Blasco.
1804 4752 1905 4806 loc.
1934 4753 2052 4816 cit.,

480 4820 2059 4941 ⁸³³1³4ῗίξλξὲλῖιξίῗι¹ἐῗιῗίὲξίιῖἷίᾓΡῖἣίιζὶιῖνλξίιὲξι¹ιῑο¹¹ίοῗλ

2227 4752 2373 4821 (147)
2411 4752 2531 4804 Vid.
2563 4765 2682 4820 sup.
2707 4752 2783 4804 ill.
2815 4752 2986 4815 Haas,
3009 4752 3064 4803 in
3092 4752 3417 4816 Freiburger
3469 4752 3699 4799 Kirchen

2158 4820 2368 4877 lexicou
2402 4820 2589 4902 Bd..2,
2618 4834 2738 4902 pag.
2769 4820 2839 4874 47
2868 4827 2924 4874 et
2953 4833 3106 4941 seqq;
3212 4888 3224 4900 θ
3387 4886 3415 4914 ,ο
3505 4885 3516 4895 ⁹
3688 4882 3699 4894 1

2229 4891 2377 4941 (148)
2405 4889 2620 4941 Scrmto
2649 4889 2837 4941 titulus
2854 4898 2976 4941 erat
3008 4928 3021 4941 .
3110 4897 3290 4941 uultus
3311 4895 3545 4941 ueritatis
3573 4881 3697 4939 Dum

551 4881 707 4963 (141)
744 4891 819 4947 De
846 4893 1103 4963 concord.
1131 4881 1336 4948 ca'tbol.
1364 4881 1575 4963 libita,
1606 4881 1725 4963 cap.
1751 4881 1923 4947 5ῗ111σ)
1952 4892 2059 4963 (or-
2168 4960 2197 4963 _
2217 4881 2837 4963 A(l48)_Scripto'tiInltts
2854 4898 2977 4963 erat
2997 4881 3290 4963 εᾏῖιιηίίιιε
3311 4885 3545 4963 ueritatis
3573 4881 3737 4963 Dauid

482 4954 627 5044 Las'se
679 4954 831 5044 prior
881 4962 981 5044 fuit
1032 4954 1418 5044 Domipicanns
1471 4954 1769 5044 Katteislap.
1816 4991 1901 5044 -—_
1931 4961 2054 5041 Yid.
2160 4954 2431 5044 Βιὸνεᾴεῖζρ
2479 4954 2688 5044 missus:
2747 4958 2922 5044 Rom.
3173 4959 3224 5013 8.
3349 4956 3640 5044 lio‘scnsu‘
3682 4961 3740 5006 ct

483 5022 822 5087 Blasco'loc.
870 5032 990 5099 cit.,
1078 5073 1091 5084 .
1140 5032 1326 5086 51—-
1351 5034 1426 5088 De
1468 5032 1629 5102 epist.
1663 5031 2058 5100 Clemenl.jam

483 5097 642 5156 Petro
666 5100 968 5157 Comestori
1018 5048 1235 5159 «Rhium
1266 5102 1524 5157 subierat.

2163 5029 2453 5086 cardinalis
2487 5029 2771 5098 d‘Aquirre
2792 5026 3209 5097 scripsit(Conc.
3242 5026 3396 5094 llisp.
3435 5034 3564 5078 tom.
3597 5022 3664 5093 l).

2239 5100 2386 5166 (149)
2421 5099 2577 5154 Conf.
2606 5098 2883 5160 Zaccaria,
2915 5098 3018 5152 loc.
3051 5097 3169 5166 cit.,
3199 5111 3319 5166 pag.
3340 5095 3480 5166 298.,

480 5097 642 5156 Petro
666 5097 983 5157 Comestori
1018 5097 1235 5159 dubium
1266 5097 1524 5157 subierat.
1945 5097 1959 5100 ⁷

484 5171 711 5262 ευθέῗ).
744 5170 1291 5262 δὲξτὲἱῗέςὲἓθιξέὲξ
1323 5170 2057 5262 ¹¹.’.⁰²ὶ¹ἶ;Ῑ⁰¹;.“;ςΫξξ¹ῑἔνθ

2265 5100 2365 5153 149
2421 5099 2577 5154 Conf.
2606 5097 2883 5160 Zaccaria,
2915 5098 3018 5152 loc.
3051 5097 3169 5161 cit.,
3199 5111 3319 5166 pag.
3340 5097 3468 5149 298.

2400 5169 2549 5260 liae-
2566 5170 2729 5258 deire
2750 5177 2807 5223 et
2831 5167 3006 5242 linust
3035 5165 3194 5220 docte
3237 5164 3538 5208 "*“W'itt
3575 5174 3740 5224 quem
