3998 5416
535 439 577 448 ⁸.
1621 433 2244 446 Μ,

663 479 1022 489 -α-ο--ᾳοα--ι-ν
1567 476 1990 486 .—...--—«-~—-.——---.
2005 476 2038 484 ..-
2059 477 2072 483 .-
2091 476 2142 482 ορ-
2163 473 2311 482 ..ι--.Δα-
2371 473 2484 482 ...υ-υ.
2501 473 2516 480 ο

663 479 1022 489 W
1037 476 1990 489 *α-οψρσ-..αυο--Ψηρῳιο,
2005 476 2038 484 ..-

782 638 1496 795 ISIDORI
1631 630 2838 788 MERCATORIS

217 961 1485 1102 COLLECTIO
1701 957 3362 1095 DECRETALIUM.

1109 1241 1269 1305 (Apud
1295 1239 1448 1291 Merlin
1467 1253 1568 1303 um,
1587 1239 1786 1290 Collect.
1807 1237 2009 1300 Concil,
2028 1236 2232 1287 Coloniae
2272 1238 2429 1298 l530.)

484 1564 822 1665 JlCOBI
876 1561 1285 1661 MERLINI
1340 1556 1808 1655 DOCTORIS
1863 1553 2326 1651 EPISTOLA
2380 1553 3162 1709 NUNCUPATORIA.

251 1877 753 1939 lleverendissimis
775 1892 826 1929 tn
850 1872 1066 1929 Christo
1088 1871 1340 1926 Patribus
1363 1878 1418 1923 et
1445 1868 1676 1923 dominis
1708 1867 1841 1920 meis
1867 1865 2327 1934 prarstantissimis
2371 1865 2650 1921 Srarnaao
2677 1878 2732 1922 et
2758 1867 3053 1926 Faxncrsco
3087 1871 3429 1940 Poscuznus,

191 1984 526 2035 Senonensrs
550 1986 608 2031 et
650 1972 970 2028 Parisiensis
1012 1969 1266 2026 Ecclesiae
1311 1967 1629 2038 prtesulibus
1655 1964 2235 2035 circumspectissimis,
2287 1963 2518 2020 Jacosus
2548 1963 2823 2023 MERLINUS
2881 1967 3072 2024 doctor
3120 1970 3425 2042 theologus,

192 2075 247 2130 S.
272 2075 342 2131 Ρ.
390 2073 455 2127 D.

260 2247 750 2302 Sacrosanctorum
773 2235 1125 2296 conciliorum
1157 2236 1687 2304 orthodoxorumque
1722 2233 2035 2304 pontiﬁcum
2068 2235 2333 2302 instituta,
2367 2253 2486 2308 quae
2511 2238 2706 2309 partim
2747 2238 2947 2294 dudum
2977 2241 3168 2297 beatus
3196 2241 3433 2298 Isidorus

194 2361 246 2398 In
277 2357 443 2397 unum
466 2347 922 2410 camportaverat,
958 2337 1152 2406 partim
1177 2345 1256 2398 ιιι,
1282 2333 1727 2389 reverendissime
1773 2331 1951 2396 Pater,
1982 2331 2202 2401 plumbo
2247 2332 2532 2389 obﬁrmata
2563 2335 2883 2404 publicanda
2913 2336 3129 2404 dedisti,
3177 2338 3230 2394 in
3265 2355 3432 2395 unum

193 2439 404 2495 referre
429 2438 680 2493 volumen
723 2451 826 2489 non
863 2433 1220 2494 dissimulavi,
1267 2430 1656 2486 conducibilius
1685 2429 1991 2499 reipublicae
2017 2428 2152 2484 nihil
2180 2428 2297 2485 fore
2322 2432 2658 2496 existimans,
2689 2433 2884 2503 quippe
2915 2449 3037 2488 cum
3073 2443 3178 2489 tam
3219 2437 3437 2506 copiosa

193 2547 417 2604 tamque
456 2531 722 2588 catholico
763 2529 970 2602 singula
1011 2543 1133 2600 qua:
1167 2535 1260 2583 aut
1295 2527 1362 2582 ad
1408 2525 1720 2582 atterendos
1787 2524 2090 2581 mortalium
2135 2540 2370 2590 errores,
2417 2536 2511 2582 aut
2549 2529 2616 2583 ad
2663 2529 3068 2586 instaurandum
3091 2531 3205 2602 jam
3255 2548 3422 2604 prope

192 2631 488 2700 collapsum
514 2629 699 2684 orbem
733 2627 1100 2700 pnesel‘erant,
1128 2633 1182 2678 ut
1211 2622 1369 2679 facile
1419 2637 1563 2678 nunc
1609 2621 1835 2692 quisque
1875 2619 1944 2676 ad
1975 2635 2192 2675 manum
2222 2621 2414 2676 habeat
2457 2624 2598 2678 unde
2628 2624 2857 2680 luereses
2885 2636 2939 2680 et
2962 2627 3244 2684 haereticos
3266 2629 3432 2702 jugu-

193 2728 282 2794 let,
307 2727 482 2783 elatos
506 2726 794 2796 deprimat,
822 2723 1165 2792 voluptuosos
1186 2721 1462 2790 delatigct,
1493 2717 1690 2772 excitet
1720 2725 2012 2786 torpentes,
2035 2717 2311 2770 exinaniat
2338 2718 2670 2780 ambitiosos,
2713 2719 2900 2790 vulpes
2940 2724 3122 2793 capiat
3175 2725 3432 2795 parvulas

193 2824 406 2877 vineam
432 2821 863 2876 ecclesiasticam
909 2818 1282 2874 demolientes.
1333 2815 1390 2869 Si
1445 2815 1608 2884 igitur
1659 2812 1882 2883 posthac
1929 2821 2166 2866 monstra
2210 2829 2239 2866 a
2275 2813 2548 2883 republica
2587 2830 2775 2871 arcere
2803 2817 3113 2888 pellereque
3163 2821 3434 2891 quispiam

190 2919 505 2984 contendat,
528 2917 656 2988 quid
683 2913 1023 2987 praestantius
1054 2910 1316 2982 lapidibus
1347 2908 1531 2970 David,
1564 2923 1700 2978 quos
1729 2908 1816 2962 hic
1851 2906 2101 2962 Iordanis
2127 2908 2496 2977 copiosissime
2529 2912 2903 2968 subministrat
2930 2914 2954 2966 ?
3001 2914 3057 2969 Si
3117 2916 3243 2970 item
3296 2918 3440 2972 votis

189 3013 545 3068 esurientium
577 3010 893 3066 satisfacere
926 3016 1118 3071 tentet,
1147 3006 1273 3076 quid
1303 3004 1573 3074 copiosius
1603 3003 1930 3072 suaviusque
1975 3004 2167 3073 Opibus
2195 3019 2330 3073 quas
2369 3005 2481 3061 haec
2510 3007 2576 3061 de
2632 3009 3012 3065 remotissimis
3057 3012 3170 3067 oris
3217 3014 3440 3070 veniens

192 3108 344 3164 navis
375 3107 614 3162 attulit?
659 3105 715 3161 Si
762 3118 888 3159 vero
935 3102 1182 3157 semitam
1230 3109 1286 3154 et
1321 3099 1564 3154 veritatis
1592 3096 1932 3168 splendorem
1983 3100 2352 3168 concupiscat,
2403 3118 2468 3157 ex
2514 3105 2711 3172 quibus
2756 3105 2961 3176 optimo
3007 3107 3131 3178 jure
3174 3110 3444 3179 pellantur

195 3219 441 3259 errorum
472 3203 730 3266 tenebrae,
755 3210 810 3256 et
837 3199 1024 3271 procul
1071 3198 1264 3253 abeant
1294 3212 1415 3252 cum
1442 3195 1556 3250 suis
1602 3195 1934 3258 auctoribus,
1983 3195 2110 3264 quid
2143 3199 2382 3266 apertius
2425 3197 2646 3254 Patrum
2700 3213 3095 3274 parentumque
3133 3207 3436 3271 sententiis,

195 3317 323 3369 quas
355 3301 672 3370 impellente
700 3309 887 3353 sancto
924 3297 1124 3366 Spiritu
1157 3297 1209 3350 in
1240 3295 1383 3349 hunc
1412 3308 1665 3349 acervum
1693 3295 2146 3361 comportarunt?
2199 3295 2296 3349 llic
2341 3310 2552 3366 nempe,
2605 3297 2748 3351 velut
2776 3315 2840 3353 ex
2873 3310 3026 3370 prato
3056 3301 3278 3359 ﬂoribus
3317 3307 3439 3359 uni-

193 3397 360 3450 versis
391 3395 577 3465 pleno,
606 3393 764 3448 facile
789 3392 1113 3462 colliguntur
1136 3402 1468 3460 quaecunque
1495 3388 1562 3441 ad
1606 3403 1718 3442 rem
1759 3387 2046 3443 conferunt
2082 3389 2528 3457 ecclesiasticam,
2561 3409 2891 3464 quaecunque
2920 3397 2989 3450 ad
3033 3399 3437 3466 comprimenda

195 3491 320 3544 vitia
349 3489 886 3560 exstinguendosque
907 3485 1353 3557 concdpiscentia:
1381 3484 1604 3539 ardores
1633 3482 1958 3538 conducunt.
1983 3483 2080 3538 Hic
2106 3487 2550 3554 prmstantissima
2592 3491 2882 3560 margarita
2909 3507 3052 3558 mox,
3083 3495 3127 3548 si
3162 3495 3441 3565 paululum

196 3586 472 3651 elloderis,
506 3595 777 3642 occurret.
808 3584 903 3640 llic
923 3569 1272 3654 quoscunque
1297 3583 1504 3637 daemon
1533 3581 1810 3636 suscitavit
1835 3581 2133 3647 hmreticos,
2152 3581 2446 3654 jugulatos,
2479 3584 2778 3653 confossos,
2806 3597 3213 3659 prostratosque
3258 3590 3433 3646 intue-

195 3683 358 3738 beris.
393 3681 492 3738 llic
520 3683 715 3737 rituum
742 3688 905 3750 atque
930 3679 1240 3736 orthodoxae
1259 3678 1510 3734 Ecclesiae
1539 3687 2000 3733 sacramentorum
2026 3692 2230 3743 osores,
2253 3679 2425 3752 plagis
2447 3681 2730 3751 impositis,
2752 3683 3133 3741 semimortuos
3156 3701 3439 3756 agnosces.

199 3776 296 3833 Hic
318 3793 432 3849 quo
466 3777 660 3848 Sponsi
690 3777 941 3834 Ecclesiae
963 3775 1086 3846 jura
1113 3779 1334 3842 tuearis,
1367 3776 1453 3831 hic
1480 3791 1690 3849 sponsa:
1716 3775 2016 3842 libertates,
2043 3787 2099 3831 et
2135 3792 2482 3848 quaecunqua:
2513 3779 2715 3851 reliqua
2745 3795 2865 3852 quae
2900 3782 2964 3836 ad
2991 3783 3276 3853 pacificum
3307 3800 3438 3840 con-

197 3877 397 3930 victum
424 3874 706 3929 hominum
730 3875 1062 3944 conspirant,
1102 3873 1255 3928 facile
1284 3875 1583 3944 depromes.
1612 3872 1709 3928 Hic
1729 3872 1874 3928 velut
1898 3875 1965 3928 ad
2011 3883 2216 3944 petram
2261 3877 2468 3944 parvuli
2497 3876 2738 3934 Novatus
2764 3879 3124 3946 llelchesaite,
3151 3879 3440 3943 Sabellius,

196 3971 512 4034 Cerinthus,
539 3969 868 4040 Nepotianus
895 3985 1014 4023 cum
1045 3969 1211 4024 Paulo
1237 3968 1592 4024 Samosateno
1616 3968 1906 4023 eliduntur.
1937 3967 2035 4024 Hic
2060 3971 2290 4024 scintilla
2317 3972 2531 4028 Ariona:
2559 3975 2816 4043 perﬁdiae,
2845 3990 2911 4030 ne
2936 3992 3188 4048 magnum
3220 3978 3438 4032 tandem

195 4071 468 4139 praeberet
524 4067 852 4134 incendium,
899 4065 1177 4131 Photinus,
1239 4064 1552 4130 Eunomius,
1617 4063 1844 4130 llebion,
1899 4063 2183 4121 Montanus
2228 4068 2407 4136 prisca
2459 4069 2815 4126 emoriuntur.
2873 4071 2970 4128 llic
3003 4072 3151 4128 velut
3194 4075 3456 4130 condent--

195 4165 414 4220 sissima
442 4163 576 4219 silva
610 4165 828 4218 latitant
867 4162 1172 4225 orthodoxi,
1197 4163 1315 4230 qui,
1343 4161 1513 4215 instar
1542 4176 1812 4225 ursorum,
1854 4159 2149 4231 Pelagium,
2178 4163 2568 4232 Apollinarem,
2604 4165 3019 4232 Priscillianum,
3048 4168 3356 4225 Nestorium
3385 4181 3442 4226 et

194 4263 588 4334 Cataphrygas,
615 4278 735 4317 cum
768 4261 892 4314 liliis
917 4259 1128 4314 Hierico
1157 4258 1357 4312 laniant
1381 4258 1740 4328 lacerantque.
1770 4258 1868 4314 llic
1901 4259 2168 4332 Eutyches
2193 4259 2538 4326 Manichreus,
2570 4265 2851 4335 Acephali,
2881 4265 3166 4321 Dioscorus
3187 4275 3242 4322 et
3265 4266 3441 4321 Theo-

195 4359 362 4414 «lorus
425 4365 865 4428 prosternuntur.
918 4355 1017 4412 llic
1053 4355 1285 4411 Severus
1313 4355 1708 4426 Aquilegiensis
1735 4357 1910 4427 gladio
1942 4358 2176 4413 Phinees
2223 4357 2518 4428 jugulatur.
2572 4360 2670 4416 llic
2717 4360 3076 4419 Monothelttze
3127 4365 3440 4420 mandibula

197 4451 329 4504 asini
359 4449 706 4519 dejiciuntur.
743 4447 844 4503 llic
889 4446 1128 4517 Sergius,
1161 4447 1421 4517 Pyrrhus,
1453 4445 1777 4512 Macharius,
1815 4447 1959 4503 velut
1986 4449 2174 4520 vulpes
2201 4452 2438 4521 parvula:
2491 4462 2760 4509 tenentur.
2811 4455 2912 4511 Hic
2947 4457 3179 4513 llussita:
3223 4460 3436 4529 perlidi,

197 4540 514 4595 Wiclellstac
546 4538 740 4603 insani,
777 4547 831 4590 et
856 4536 1074 4591 Bohemi
1105 4545 1364 4607 apostata:
1410 4546 1571 4608 atque
1618 4538 1970 4604 schismatici,
2019 4554 2139 4594 cum
2188 4557 2284 4595 sua
2329 4550 2438 4596 tota
2481 4544 2820 4614 posteritate,
2854 4556 2913 4601 ut
2955 4547 3246 4621 singularis
3273 4551 3436 4618 fetus,

199 4646 461 4708 perpetuo
489 4635 755 4690 feriuntur
796 4634 1158 4689 anathemate.
1194 4634 1292 4688 llic
1323 4650 1504 4704 regum
1537 4645 1591 4690 et
1617 4635 2002 4706 imperatorum
2032 4639 2274 4708 tyrannis
2302 4640 2444 4696 velut
2471 4643 2663 4697 chamo
2709 4653 2761 4698 et
2793 4642 2948 4700 freno
2980 4646 3310 4716 reprimitur.
3339 4647 3440 4702 Hic

201 4731 490 4800 prassulum
518 4739 570 4786 et
612 4730 927 4802 pontificum
968 4731 1125 4786 luxus
1147 4733 1472 4800 coarguitur.
1504 4730 1558 4786 Si
1584 4733 1904 4787 dissentiant
1932 4734 2220 4804 principes,
2268 4736 2356 4792 hic
2381 4739 2590 4793 sincera
2621 4755 2725 4810 pax
2753 4739 2945 4794 latitat.
3001 4741 3056 4796 Si
3103 4741 3168 4797 de
3207 4741 3443 4810 primatu

202 4829 506 4900 disceptent
545 4828 821 4900 praesules,
857 4827 942 4883 hic
969 4828 1144 4897 magni
1173 4829 1379 4883 consilii
1407 4829 1628 4900 angelus
1658 4830 2056 4899 praeﬁciendum
2095 4833 2306 4887 caeteris
2345 4832 2616 4903 patefacit.
2645 4834 2702 4890 Si
2734 4837 2990 4905 pestilens
3019 4837 3227 4891 zizania
3250 4853 3440 4908 agrum

204 4925 540 4981 Dominicum
567 4925 898 4981 labefactare
922 4924 1156 4995 incipiat,
1186 4941 1310 4980 mox
1341 4935 1495 4995 pater
1514 4927 1784 4983 excitatur
1801 4928 2165 4996 evangelicus,
2192 4930 2282 4998 qui
2313 4929 2367 4984 in
2406 4928 2712 4997 fasciculos,
2736 4932 2982 4987 incendio
3013 4932 3264 5000 dandam,
3289 4935 3446 4991 colli-

205 5037 327 5094 gere
352 5023 652 5094 pnecipiat,
692 5036 927 5093 quorum
953 5022 1059 5076 vim
1100 5032 1263 5092 atque
1308 5024 1671 5079 conditionem
1701 5024 1743 5078 si
1774 5023 1937 5078 semel
1976 5025 2377 5094 degustavcrint
2409 5029 2758 5084 auctoritates
2785 5028 2887 5083 illae
2921 5043 3210 5100 supremaa,
3241 5032 3450 5101 princi-

208 5134 330 5188 pum
373 5117 582 5173 scilicet
631 5128 684 5172 et
722 5116 1054 5188 pontificum,
1081 5116 1500 5172 ecclesiasticam
1530 5135 1653 5173 mox
1680 5117 1989 5173 excitabunt
2019 5129 2358 5189 potestatem.
2407 5139 2529 5193 quae
2557 5125 2754 5180 dudum
2806 5140 2836 5178 a
2887 5120 3170 5182 Basiliensi
3220 5129 3452 5184 concilia

211 5215 363 5269 toties
387 5212 908 5284 commonitauvires
938 5227 1207 5268 resumere
1235 5228 1340 5267 non
1362 5215 1547 5281 valuit,
1575 5216 1806 5272 excitata
1830 5215 2044 5271 tandem
2068 5218 2345 5273 brachium
2374 5220 2628 5287 vihravil,
2662 5236 2760 5276 nec
2789 5221 2937 5290 prius
2965 5227 3032 5280 ab
3063 5224 3311 5280 instituto
3332 5197 3450 5280 ma:

212 5325 307 5348 nnc
322 5311 586 5348 ruunt-nhil
627 5311 799 5348 rlnnnn
815 5308 942 5348 nlim
961 5311 1212 5348 nol-llitmn
1229 5311 1540 5348 ιΙΜρῑιηιηηι
1558 5313 1791 5348 {mu-imit

1197 5311 1540 5348 \Ilmn‘nnnon
1558 5313 1860 5348 Ιιγηνῖμιιιδηι
1888 5312 2006 5348 ιΙῖηη
2022 5315 2414 5348 υἰικηιιηηιιιῖηαιι
2458 5329 2506 5348 ιιι
2542 5316 2776 5348 :....a:a:...\

2803 5319 3065 5348 :D\‘vnnn-'l
3109 5319 3246 5348 1‘...“
3269 5319 3454 5348 :‘ntdlsA
