3998 5416
490 372 520 426 7
1303 367 1591 425 APPEND.
1633 365 1724 421 AD
1763 362 1934 420 ΒΕΘ.
1975 359 2067 415 ιι.

2210 356 2456 414 lSlDORl
2491 356 2720 412 HERCA
2730 353 2930 411 TONS
3713 340 3747 396 8

504 483 3745 533 ______________________________________.__._

1111 652 1640 734 PREFATIO
1704 646 2087 726 ISIDORI
2154 646 2258 722 IN
2329 643 2783 738 SEQUENS
2836 642 3135 722 OPUS.

565 964 808 1021 lsmonus
835 973 1022 1017 servus
1048 956 1248 1027 Christi
1271 954 1454 1010 lectori
1473 966 1735 1009 conservo
1760 966 1859 1006 suo
1887 958 2064 1006 etua-
2092 951 2143 1012 Α
2173 949 2285 1003 sive
2331 964 2451 1018 quze
2496 957 2679 1014 antea,
2729 963 2822 1002 seu
2866 963 2984 1018 quzc
3031 947 3371 1017 postmodum
3417 947 3559 1002 facta
3605 958 3758 1016 sunt,

496 1057 634 1112 renti
664 1055 717 1108 in
745 1051 970 1107 Domino
999 1049 1140 1103 ﬁdeli
1177 1046 1436 1102 salutem.

561 1143 867 1215 Compellor
891 1157 922 1196 a
955 1140 1138 1195 multis
1169 1147 1277 1192 tam
1323 1134 1594 1206 episcopis
1631 1148 1794 1202 quam
1849 1130 2077 1200 reliquis

495 1239 665 1294 servis
685 1234 884 1290 Christi
933 1245 1200 1286 canonum
1249 1227 1546 1283 sententias
1583 1217 1862 1294 'colligere,
1909 1231 1964 1275 et
2006 1221 2061 1274 in

496 1345 604 1384 uno
637 1326 909 1381 volumine
953 1323 1218 1392 redigere,
1251 1319 1401 1374 etde
1446 1316 1627 1372 multis
1673 1331 1840 1370 unum
1867 1312 2067 1368 facere.

497 1420 606 1475 Sed
632 1420 733 1473 hoc
760 1415 956 1486 oppido
983 1414 1293 1476 conturbat,
1319 1411 1460 1480 quod
1491 1409 1719 1464 diversae
1747 1409 2076 1478 interpreta-

495 1511 674 1566 tiones
717 1507 897 1561 varias
931 1504 1227 1559 sententias
1275 1501 1502 1565 faciunt,
1557 1511 1614 1555 et
1659 1500 1785 1555 licet
1825 1513 1966 1553 unus
1995 1497 2067 1552 sit

495 1614 711 1662 sensus,
746 1593 971 1651 divcrsx
1001 1603 1180 1647 tamen
1208 1601 1332 1647 sunt
1381 1591 1681 1653 sententize,
1725 1599 1781 1644 et
1809 1588 1927 1642 alia:
1955 1587 2073 1641 lon-

497 1690 698 1761 giores,
729 1687 848 1741 aliae
884 1686 1179 1739 breviores.
1213 1683 1288 1736 Eu
1322 1697 1450 1736 vero
1477 1681 1708 1736 concilia
1741 1695 1860 1749 quae
1887 1678 2078 1734 Graeco

497 1787 626 1834 sunt
644 1779 785 1832 edita
814 1775 971 1846 style,
1003 1773 1234 1844 amplius
1279 1788 1440 1842 quam
1497 1771 1780 1840 tripliciter
1815 1777 1910 1823 aut
1937 1783 2072 1837 qua-

496 1869 815 1939 drupliciter
846 1868 1195 1936 interpretata
1221 1873 1384 1934 atque
1414 1863 1722 1931 conscripta
1757 1860 2078 1930 reperimus.

496 1963 652 2032 Quod
681 1963 724 2018 si
752 1963 954 2018 veritas
989 1968 1075 2015 est
1098 1957 1389 2029 quzercnda
1417 1970 1448 2009 c
1479 1955 1745 2026 pluribus,
1770 1950 2082 2008 Graecorum

497 2070 792 2126 sequamur
835 2053 1084 2124 stylum,
1142 2063 1438 2119 eorumque
1481 2048 1770 2102 imitemur
1816 2045 2084 2100 dictiones

498 2156 662 2216 atque
684 2144 1048 2214 exemplaria;
1094 2143 1176 2198 sin
1226 2142 1422 2205 mimis,
1450 2139 1550 2210 ipsi
1573 2139 1756 2194 dicant
1793 2147 1956 2207 atque
1985 2152 2084 2191 ex-

497 2242 704 2309 ponant
755 2235 950 2306 quibus
1002 2240 1079 2288 tot
1129 2240 1254 2287 sunt
1305 2229 1634 2301 exemplaria
1678 2237 1810 2298 quot
1847 2227 2085 2283 codices.

2174 1042 2274 1096 sub
2316 1042 2504 1096 ordine
2547 1057 2893 1095 immerorum
2936 1057 2998 1095 ac
3044 1051 3344 1112 temporum
3370 1043 3622 1111 capitulis
3649 1046 3763 1099 suis

2175 1134 2430 1187 distincta
2487 1133 2590 1187 sub
2652 1131 2813 1202 hujus
2863 1132 3151 1186 voluminis
3203 1143 3419 1202 aspectu
3479 1133 3762 1198 locamus,

2176 1225 2530 1294 subjicientes
2574 1225 2736 1279 etiam
2785 1225 2992 1296 reliqua
3040 1225 3252 1280 decreta
3306 1227 3597 1296 pnesulum
3650 1228 3763 1283 Ro-

2176 1333 2461 1373 manorum
2492 1333 2660 1388 usque
2683 1317 2747 1371 ad
2773 1327 3017 1372 sanctum
3042 1317 3386 1390 Gregorium,
3414 1330 3468 1373 et
3496 1321 3764 1390 quasdam

2176 1411 2436 1480 epistolas
2472 1411 2642 1480 ipsius
2681 1411 2736 1466 in
2785 1411 2982 1480 quibus
3029 1427 3126 1480 pro
3173 1412 3410 1467 culmine
3448 1414 3594 1468 sedis
3635 1429 3766 1486 apo«

2178 1500 2384 1554 stolicm
2426 1515 2531 1552 non
2586 1500 2760 1569 impar
2801 1501 3150 1556 conciliorum
3201 1511 3378 1557 exstat
3425 1505 3724 1559 auctoritas
3750 1545 3768 1567 ,

2179 1599 2446 1658 quatenus
2489 1589 2843 1644 ecclesiastici
2881 1591 3088 1646 ordinis
3113 1591 3392 1661 disciplina
3435 1592 3488 1646 in
3537 1609 3703 1648 unum
3735 1609 3767 1646 a

2184 1683 2342 1737 nobis
2385 1690 2568 1736 coacta
2613 1691 2775 1752 atque
2818 1683 3022 1752 digesta
3061 1693 3117 1738 et
3157 1686 3329 1739 sancti
3373 1685 3632 1754 praesules
3676 1702 3771 1756 pa-

2181 1774 2352 1827 ternis
2399 1774 2750 1828 iustituantur
2793 1775 3023 1845 regulis,
3063 1785 3118 1829 et
3157 1777 3470 1830 obedientes
3511 1777 3772 1831 Ecclesia

2183 1866 2415 1922 ministri
2463 1866 2543 1919 vel
2587 1867 2773 1937 pepuli
2815 1867 3186 1937 spiritualibus
3229 1867 3540 1922 imbuantur
3581 1883 3769 1922 exem-

2184 1956 2308 2027 plis,
2355 1965 2410 2010 et
2454 1973 2559 2011 non
2604 1956 2864 2011 malorum
2911 1957 3191 2012 hominum
3233 1959 3592 2028 pravitatibus
3620 1960 3771 2013 decr-

2183 2047 2420 2116 piantur.
2451 2047 2602 2102 Multi
2625 2047 2790 2112 enim,
2815 2049 3087 2119 pravitate
3107 2057 3162 2104 et
3185 2050 3481 2120 cupiditate
3503 2051 3770 2120 depressi,

2186 2148 2510 2194 accusantes
2567 2140 2876 2195 sacerdotes
2937 2150 3343 2210 oppresserunt.
3414 2140 3540 2195 Ideo
3597 2142 3770 2195 sancti

2186 2231 2379 2287 Patres
2425 2232 2570 2303 leges
2625 2232 3026 2286 constituerunt
3075 2247 3215 2302 quas
3259 2242 3477 2286 sanctos
3534 2247 3774 2286 canones

499 2308 669 2384 Nobis
692 2338 871 2383 tamen
902 2326 1140 2391 videtur,
1165 2341 1287 2381 cum
1320 2326 1372 2380 in
1416 2333 1606 2380 nostro
1656 2322 2088 2392 discrepaverint
2118 2308 2162 2365 Β
2192 2325 2620 2395 appellaverunt.
2687 2323 2838 2379 Multi
2883 2339 3013 2396 ergo
3055 2326 3256 2380 idcirco
3297 2323 3430 2378 alios
3477 2334 3771 2385 accusant,

501 2433 772 2483 sermone,
798 2425 854 2471 ut
877 2418 1074 2484 unitas,
1108 2424 1164 2471 et
1185 2415 1390 2470 veritas
1415 2416 1482 2470 ab
1522 2415 1653 2485 ipsis
1674 2413 1966 2483 quaerenda
1995 2412 2087 2476 sit,

500 2524 729 2579 quorum
755 2509 936 2579 lingua
970 2508 1112 2563 edita
1149 2522 1269 2563 esse
1323 2515 1642 2562 noscuntur.
1689 2503 1844 2572 Quod
1891 2513 1946 2558 et
1984 2517 2091 2558 nos

502 2599 753 2666 fecimus,
781 2611 835 2655 et
863 2601 1003 2655 sicut
1034 2614 1063 2654 a
1089 2599 1230 2654 veris
1251 2612 1437 2653 eorum
1467 2597 1769 2667 reperimus
1791 2595 2087 2665 magistris,

503 2693 559 2748 in
587 2693 858 2748 volumine
883 2693 970 2747 cui
1005 2693 1120 2746 haec
1151 2689 1481 2760 praeponitur
1505 2685 1915 2758 prmfatiuncula
1949 2686 2093 2740 inse-

501 2801 626 2841 rere
644 2785 969 2841 curavimus.
994 2783 1179 2839 Cauon
1221 2791 1400 2836 autem
1443 2779 1655 2842 Grece,
1687 2779 1880 2832 Latine
1908 2775 2093 2847 regula

505 2883 868 2944 nuncupatur.
909 2873 1112 2944 Regula
1158 2881 1338 2927 autem
1383 2871 1524 2925 dicta
1568 2869 1712 2940 quod
1746 2876 1893 2923 recte
1915 2868 2088 2932 ducit,

505 2981 609 3022 nec
656 2964 945 3035 aliquando
989 2964 1248 3018 aliorsum
1287 2961 1470 3016 trahit.
1513 2959 1618 3014 Alii
1669 2959 1922 3014 dixerunt
1944 2971 2095 3028 regu-

507 3058 615 3113 lam
639 3059 836 3113 dictam
862 3056 945 3112 vel
965 3057 1105 3128 quod
1137 3064 1309 3128 regat,
1334 3054 1416 3109 vel
1445 3055 1586 3124 quod
1609 3068 1853 3108 normam
1879 3050 2094 3106 vivendi

506 3150 767 3220 praebeat,
798 3147 911 3203 sive
955 3147 1097 3218 quod
1131 3147 1412 3202 distortum
1459 3158 1794 3216 pravumque
1821 3141 1949 3211 quid
1981 3155 2098 3195 cor-

509 3243 670 3314 rigat.
707 3240 979 3313 Synodum
1016 3250 1197 3295 autem
1229 3254 1298 3295 ex
1334 3238 1524 3295 Graeco
1554 3236 1898 3307 interpretari
1924 3235 2089 3289 comi-

509 3343 678 3387 tatum
699 3331 782 3387 vel
815 3341 1020 3386 curtum.
1050 3330 1347 3386 Concilium
1373 3344 1500 3384 vero
1528 3343 1721 3382 nomen
1749 3335 1980 3381 tractum
2022 3339 2091 3378 ex

510 3425 784 3480 communi
825 3424 1141 3488 intentione,
1173 3438 1240 3478 eo
1266 3422 1408 3492 quod
1452 3421 1505 3476 in
1545 3435 1711 3474 unum
1742 3433 1931 3474 omnes
1960 3417 2092 3470 dir-io

507 3524 641 3586 gant
677 3515 876 3569 mentis
911 3515 1177 3569 obtutum.
1233 3512 1367 3568 Cilia
1418 3511 1564 3568 enim
1616 3509 1897 3565 oculorum
1949 3515 2095 3562 sunt.

513 3605 667 3664 Unde
687 3614 742 3662 et
762 3607 850 3678 qui
868 3606 1082 3662 sibimet
1105 3605 1446 3667 dissentiunt,
1472 3619 1578 3658 non
1604 3611 1768 3672 agunt
1788 3600 2098 3664 concilium,

511 3703 641 3775 quia
670 3719 778 3759 non
803 3703 1040 3758 sentiunt
1070 3717 1255 3756 unum.
1288 3699 1476 3755 Coetus
1505 3711 1634 3751 vero
1664 3702 1962 3750 conventus
1989 3703 2092 3758 est,
2127 3699 2170 3719 “

511 3795 600 3851 vel
651 3794 998 3867 congregatio
1025 3810 1054 3848 a
1095 3792 1363 3856 coeundo,
1417 3791 1468 3846 id
1507 3801 1592 3846 est
1625 3789 2000 3845 conveniendo
2047 3787 2099 3842 in

517 3902 704 3950 unum,
735 3881 878 3940 unde
906 3894 959 3940 et
980 3894 1276 3945 conventus
1306 3893 1387 3938 est
1413 3891 1778 3951 nuncupatus,
1816 3881 1957 3950 quod
1980 3895 2100 3934 οιιι-

519 3993 618 4033 nes
640 3977 710 4032 ibi
733 3977 1078 4041 conveniunt,
1113 3978 1252 4033 sicut
1295 3985 1616 4040 conventus,
1656 3984 1833 4030 canus
1858 3973 1944 4029 vel
1971 3989 2102 4029 con-

520 4068 707 4123 cilium
732 4083 761 4122 a
789 4068 1046 4122 societate
1083 4067 1374 4123 multorum
1397 4068 1453 4121 in
1486 4083 1677 4122 unum.

593 4157 652 4213 lu
701 4159 965 4229 principio
1009 4174 1138 4218 vero
1184 4160 1472 4218 voluminis
1516 4161 1674 4229 hujus
1713 4159 1948 4230 qualiter
1973 4173 2102 4214 con-

519 4249 706 4306 cilium
763 4251 901 4320 apud
979 4266 1076 4306 nos
1139 4251 1444 4308 celebratur
1509 4253 1829 4322 posuimus,
1900 4261 1960 4307 ut
2011 4252 2102 4321 qui

521 4349 764 4396 nostrum
809 4342 1051 4396 ordinem
1106 4344 1257 4414 sequi
1308 4343 1615 4408 voluerint,
1656 4343 1829 4397 sciant
1874 4341 2105 4412 qualiter

524 4433 629 4488 hoc
651 4448 810 4502 agere
849 4435 1100 4490 debeant.
1151 4436 1252 4502 Qui
1309 4445 1485 4490 autem
1533 4435 1636 4490 hoc
1683 4449 1843 4504 agere
1907 4433 2103 4489 melius

524 4524 828 4595 elegerint,
879 4525 1081 4582 faciant
1127 4528 1268 4596 quod
1310 4527 1458 4598 justo
1525 4526 1896 4595 canonicoque
1940 4535 2104 4595 atque

525 4617 924 4690 sapientissimo
995 4619 1222 4673 consilio
1259 4619 1643 4689 judicaverint.
1687 4618 1926 4686 Denique
1971 4633 2101 4688 pro-

523 4722 646 4782 pter
704 4728 890 4769 corum
949 4713 1324 4768 auctoritatem
1381 4712 1592 4767 cmteris
1655 4712 1898 4767 conciliis
1964 4728 2104 4783 pne-

525 4805 806 4874 posuimus
845 4819 1083 4860 canones
1127 4805 1217 4874 qui
1257 4805 1507 4859 dicuntur
1543 4803 1932 4872 apostolorum,
1977 4803 2106 4858 licet

529 4911 560 4949 a
581 4895 900 4966 quibusdam
928 4895 1220 4968 apocrypbi
1248 4896 1519 4958 dicantur,
1535 4895 1787 4964 quoniam
1811 4895 1990 4965 plures
2011 4910 2105 4950 eos

528 4987 818 5058 recipiunt,
861 4997 916 5042 et
957 4989 1127 5044 sancti
1158 4987 1348 5042 Patres
1387 5003 1574 5044 eorum
1615 4989 1910 5044 sententias
1971 5005 2100 5060 syn-
2133 5013 2188 5074 ι)

2192 2423 2250 2469 ut
2286 2430 2344 2470 se
2379 2429 2476 2484 per
2509 2413 2627 2468 illos
2665 2424 2946 2478 excuscn',
2977 2422 3070 2468 aut
3105 2429 3290 2470 eorum
3329 2414 3486 2468 bonis
3510 2413 3770 2467 ditentur.

2191 2505 2445 2577 Plerique
2488 2520 2618 2562 vero
2655 2505 2788 2560 boni
2833 2505 3124 2560 Christiani
3171 2515 3454 2576 propterea
3485 2513 3685 2568 tacent,
3721 2513 3771 2558 et

2190 2607 2413 2670 portant
2453 2598 2683 2653 aliorum
2728 2608 2946 2668 peccata
2994 2613 3114 2667 qua:
3163 2607 3466 2660 noverunt,
3513 2596 3642 2664 quia
3685 2597 3775 2648 do-

2195 2691 2466 2746 cumentis
2500 2705 2641 2760 sa'pe
2671 2691 2993 2744 deseruntur
3015 2689 3212 2757 quibus
3236 2703 3299 2742 ea
3322 2703 3442 2757 quae
3472 2687 3571 2757 ipsi
3601 2687 3774 2741 sciunt

2189 2783 2455 2853 iudicibus
2475 2783 2856 2838 ecclesiasticis
2880 2784 3106 2852 probare
3126 2796 3229 2834 non
3253 2790 3499 2850 possunt,
3515 2781 3774 2849 quoniam

2193 2873 2318 2927 licet
2358 2888 2482 2927 vera
2522 2873 2631 2932 sint
2677 2870 2943 2940 qumdam,
2985 2886 3092 2924 non
3136 2878 3313 2924 tamen
3355 2867 3630 2938 iudicibus
3658 2885 3774 2922 cre-

2194 2961 2365 3017 denda
2402 2972 2546 3028 sunt,
2578 2962 2686 3016 nisi
2717 2961 3026 3031 quaeccrtis
3064 2961 3277 3016 indiciis
3313 2962 3777 3022 demonstrantur,

2194 3054 2295 3108 nisi
2339 3069 2458 3123 quae
2505 3053 2790 3108 manifesto
2819 3053 3027 3124 .judicio
3064 3055 3482 3117 convincuntur,
3516 3054 3617 3107 nisi
3649 3067 3775 3124 qam

2183 3143 2480 3215 ‘judiciario
2513 3145 2704 3199 ordine
2739 3145 3100 3216 publicautur.
3154 3143 3343 3199 Nullus
3369 3145 3516 3199 enim
3545 3145 3636 3213 qui
3667 3146 3780 3199 suis

2187 3238 2358 3291 rebus
2400 3245 2482 3290 est
2521 3236 2801 3306 spoliatus,
2849 3245 2942 3290 aut
2983 3252 3012 3289 a
3057 3235 3183 3291 sede
3225 3237 3440 3306 propria
3471 3237 3519 3289 vi
3548 3245 3643 3290 aut
3673 3247 3780 3290 ter-

2198 3346 2320 3384 rore
2363 3329 2584 3400 pulsus,
2635 3338 2926 3398 antequam
2987 3329 3166 3382 omnia
3213 3329 3314 3382 sibi
3375 3328 3552 3382 ablata
3606 3328 3656 3382 ei
3709 3328 3780 3381 le-

2197 3423 2352 3493 gibus
2395 3425 2779 3487 restituantur,
2815 3432 2875 3477 ct
2918 3422 3031 3492 ipse
3057 3421 3282 3490 pacifica
3307 3421 3394 3475 diu
3421 3422 3540 3475 suis
3568 3420 3780 3474 fruatur

2203 3516 2538 3580 honoribus,
2589 3517 2811 3585 sedique
2855 3516 3074 3586 proprie
3125 3515 3446 3585 regulariter
3497 3517 3781 3570 restitutus

2200 3611 2317 3681 ejus
2362 3609 2532 3663 multo
2572 3618 2818 3679 tempore
2862 3609 3030 3663 libere
3076 3609 3316 3678 potiatur
3360 3608 3585 3670 honore,
3626 3607 3782 3676 juxta

2203 3701 2518 3757 canonicam
2563 3700 2834 3766 accusari,
2864 3699 3066 3762 vocari,
3113 3697 3345 3766 judicari
3391 3708 3484 3752 aut
3531 3694 3783 3752 damnari

2203 3791 2592 3844 institutionem
2639 3806 2744 3844 non
2788 3798 2981 3860 potest.
3030 3789 3188 3845 Unde
3214 3799 3268 3844 et
3296 3789 3660 3844 ecclesiastica
3689 3788 3785 3842 lli-

2204 3881 2395 3944 Storia,
2432 3880 2506 3934 ab
2546 3878 2784 3935 Eusebio
2833 3879 3156 3936 C;esariensi
3204 3881 3456 3950 episcopo
3498 3878 3786 3942 confecta.

2203 3971 2270 4026 de
2317 3969 2540 4024 muliere
2573 3971 2803 4039 quadam
2848 3985 2968 4039 quae
3006 3985 3104 4040 pro
3131 3970 3384 4024 castitate
3409 3984 3438 4020 a
3468 3969 3661 4021 marito
3688 3985 3783 4021 ac-

2204 4063 2496 4118 cusabatur
2535 4061 2650 4114 ait:
2685 4080 2701 4111 ε
2736 4055 3072 4130 Praeceptum
3096 4101 3110 4124 ,
3168 4060 3251 4115 vel
3301 4059 3651 4113 interdictum
3701 4070 3788 4113 est

2204 4153 2273 4206 ab
2317 4152 2644 4221 imperatore
2688 4149 2801 4220 lege
2847 4150 2993 4214 lata,
3048 4160 3108 4204 ut
3148 4150 3330 4219 primo
3371 4151 3787 4220 permitteretur

2203 4248 2251 4302 ei
2304 4261 2415 4300 rem
2476 4246 2796 4301 familiarem
2851 4246 3018 4300 libere
3067 4247 3271 4300 diutius
3318 4247 3612 4309 ordinare,
3670 4254 3784 4298 tum

2206 4339 2399 4395 deinde
2427 4339 2778 4407 responderet
2810 4335 3056 4404 objectis.
3095 4357 3112 4388 ι
3165 4337 3256 4390 lla:
3283 4352 3471 4390 omnes
3503 4336 3646 4405 leges
3677 4345 3786 4388 tam

2205 4429 2581 4484 ecdcsiastica:
2633 4443 2794 4496 quam
2849 4435 2904 4482 et
2969 4426 3218 4496 vulgares
3269 4425 3601 4494 publicazuue
3647 4440 3785 4493 pra:-

2205 4521 2431 4590 cipiunt.

2274 4610 2479 4665 Horum
2493 4626 2624 4665 vero
2647 4609 3022 4664 concinnat-tiu
3039 4607 3081 4662 si
3098 4608 3276 4663 omnia
3294 4616 3642 4678 ponerentur.
3660 4615 3785 4659 ante

2207 4701 2502 4756 deticerent
2548 4701 2700 4765 dies,
2761 4710 2814 4754 et
2868 4700 3028 4754 niniis
3077 4697 3282 4768 prolixa
3333 4698 3485 4752 licret
3535 4695 3784 4766 epistola.

2209 4790 2288 4845 Ex
2336 4790 2578 4860 pluribus
2629 4803 2807 4844 tamen
2871 4789 3049 4857 aliqua
3101 4789 3188 4842 hic
3235 4788 3300 4841 ad
3345 4781 3787 4855 provocationem

2210 4885 2438 4939 aliorum
2480 4884 2718 4937 inserere
2754 4883 3133 4950 indicavimus.
3184 4880 3275 4934 Ait
3304 4895 3540 4949 namque
3568 4888 3789 4933 sanctus

2211 4976 2322 5030 Leo
2351 4974 2607 5030 Romana:
2647 4975 2902 5030 Ecclesiae
2943 4973 3169 5028 antistes
3208 4972 3261 5028 in
3296 4973 3522 5045 epistola
3561 4971 3788 5027 Chalce-

2216 5070 2434 5098 Anna-‘9:
2484 5069 2710 5098 nl‘lnﬂ:|:l\
2751 5069 2910 5098 ηιζοιίη
3003 5066 3154 5098 ΛΟΙΞΙΙΩ
3205 5067 3414 5098 ἶηῖθῖιιιιι
3459 5074 3535 5098 ΔΩ.
3567 5084 3580 5096 ο
3621 5083 3640 5098 ο
3679 5065 3697 5098 1
3723 5079 3788 5098 M
