4012 6452
257 402 294 460 9
1531 405 2016 466 DECltETAlJUM
2042 403 2440 463 COLLECTIO.
3438 392 3517 449 to.

259 528 560 580 itatcareat
604 540 855 596 propriis,
900 531 958 578 ut
1003 519 1142 579 alter
1183 532 1362 578 utatur
1401 523 1612 579 alienis.
1639 513 1831 589 'Quem
1862 525 1905 580 Α
1937 537 1964 574 a
2007 537 2077 574 xu
2119 519 2341 574 Kalend.
2374 515 2572 588 Aprilis
2619 527 2789 584 usque
2838 512 2890 566 in
2939 525 3068 565 xvm
3119 507 3344 566 Kalend.
3378 507 3511 562 Maii

262 620 333 677 ita
373 635 617 675 errorem
655 631 845 674 omnes
890 616 1226 685 relinquant,
1276 625 1336 669 ut
1379 615 1576 670 nemini
1622 615 1837 684 quidem

261 711 442 780 perire
477 708 654 764 honor
688 707 910 770 debeat,
954 707 1048 760 sed
1091 705 1364 775 prioribus
1404 705 1672 775 episc0pis
1713 719 1836 758 cmn

265 799 414 854 omni
467 796 752 867 privilegio
802 810 901 850 suo
955 795 1045 866 jus
1097 795 1376 865 proprium
1431 794 1773 848 rel‘ormetur.
1813 811 1832 845 ι

155 903 166 910 ’
263 889 468 944 Eadem
519 897 575 941 et
614 886 821 956 antiqui
867 886 1150 955 apostolici
1188 886 1280 956 qui
1323 885 1538 940 fuerunt
1561 895 1685 941 ante
1713 902 1840 958 syn-

257 981 423 1035 oduu
471 976 740 1032 Niczenam
813 986 1130 1032 sanxerunt.
1201 977 1400 1032 Eadem
1444 977 1678 1048 synodus
1717 991 1837 1045 quae

260 1070 451 1124 habita
491 1077 574 1122 est
618 1067 670 1121 in
717 1067 929 1121 Larissa
975 1069 1074 1122 sub
1109 1068 1392 1123 Valeriano
1436 1069 1688 1138 loquitur.
1734 1069 1836 1124 Ea-

257 1159 381 1212 dem
407 1156 651 1226 plurima:
673 1156 926 1210 Itamanre
956 1144 1156 1228 synodi.
1177 1165 1458 1221 testantur,
1485 1159 1672 1213 eadem
1700 1175 1835 1229 papa

260 1245 626 1316 Symmachus
684 1253 739 1300 et
801 1246 980 1300 caeteri
1042 1245 1212 1301 sancti
1269 1246 1460 1302 Patres
1519 1259 1830 1303 sanxerunt.

258 1337 503 1403 Quorum
550 1345 749 1391 statuta
790 1337 1147 1407 prolixitatem
1197 1339 1427 1393 vitantes
1469 1339 1556 1396 hic
1599 1341 1835 1396 inserere

259 1429 593 1483 distulimus.
657 1429 717 1484 Si
774 1430 894 1498 quis
951 1440 1132 1484 autem
1181 1431 1296 1487 litec
1343 1432 1554 1502 plenius
1595 1435 1734 1489 scire
1781 1444 1837 1489 et

259 1520 442 1590 legere
468 1521 715 1583 voluerit,
741 1520 854 1576 suis
888 1514 1285 1578 in‘anctoribus
1311 1524 1551 1580 invenire
1576 1536 1629 1579 et
1658 1526 1835 1596 legere

259 1610 495 1679 pleniter
540 1610 755 1680 poterit.
810 1609 973 1665 Nobis
1011 1626 1138 1665 vero
1184 1612 1285 1668 hac
1324 1613 1376 1668 iu
1423 1610 1830 1682 przel‘atiuncula

259 1699 361 1753 ista
407 1697 694 1753 suﬂiciant.
739 1699 806 1753 Et
852 1700 992 1754 sicut
1035 1701 1191 1756 militi
1228 1717 1293 1756 ex
1335 1703 1514 1758 multis
1548 1704 1714 1758 armis
1744 1703 1832 1760 illa

255 1789 532 1844 sumciunt
571 1805 690 1859 quae
734 1788 877 1846 ferre
919 1800 1277 1864 congruenter
1315 1807 1474 1862 super
1513 1809 1571 1849 se
1609 1794 1828 1863 poterit,

1935 613 2163 668 solerter
2190 611 2410 681 inquiri,
2432 618 2488 663 et
2513 608 2556 662 si
2585 607 2670 662 die
2697 605 3054 660 Sabbatorum
3082 601 3350 665 inciderit,
3373 615 3503 678 con-

1935 705 2179 775 sequenti
2208 703 2294 758 die
2323 700 2618 763 Dominico,
2652 698 2705 752 id
2744 705 2827 751 est
2857 695 2980 749 luna
3013 710 3099 758 xv,
3131 691 3335 747 Pascha
3363 690 3518 746 celo-—

1935 797 2095 850 hrare
2121 791 2474 862 conscripsit,
2504 798 2559 844 et
2585 788 2630 845 si
2659 789 2745 842 die
2777 785 3053 841 Dominico
3080 784 3202 837 luna
3232 798 3328 836 χιιι
3360 781 3505 852 ejus-

1935 887 2053 941 dem
2104 884 2340 947 mensis,
2394 882 2446 936 id
2492 889 2577 937 est
2616 877 2774 949 primi
2823 875 3063 939 mensis,
3114 873 3354 929 evenerit
3385 872 3509 942 ipsa

1935 974 2265 1030 hebdomada
2298 971 2613 1027 transmissa
2641 969 2693 1022 in
2719 966 2944 1022 alterum
2973 965 3112 1019 diem
3142 963 3504 1028 Dominicum,

1933 1066 2136 1123 Pascha
2167 1066 2283 1122 sine
2311 1064 2470 1119 dubio
2498 1063 2772 1118 celebrare
2800 1057 3136 1127 conscripsit.
3186 1055 3278 1111 llis
3303 1065 3357 1110 et
3382 1055 3504 1110 aliis

1932 1155 2342 1226 quamplurimis
2364 1152 2620 1223 exemplis
2642 1159 2787 1222 patet
2809 1149 2959 1218 plura
2987 1163 3106 1203 esse
3129 1163 3289 1216 quam
3311 1147 3519 1217 viginti.

1934 1244 2135 1300 Nicaeni
2177 1243 2389 1299 concilii
2430 1239 2660 1310 capitula
2681 1279 2694 1298 ,
2748 1246 2803 1293 et
2830 1252 3010 1291 veram
3041 1250 3160 1290 esse
3189 1234 3500 1304 praedictam

1933 1334 2055 1390 Julii
2100 1349 2249 1405 papze
2278 1331 2579 1404 epistolam.
2628 1327 2794 1383 Nobis
2827 1334 3006 1380 autem
3045 1324 3261 1395 quidam
3297 1339 3328 1380 e
3365 1339 3500 1379 con-

1933 1425 2102 1481 sortio
2131 1422 2352 1478 fratrum
2384 1429 2690 1476 nostrorum
2725 1417 3030 1474 Orientales
3069 1415 3250 1470 testati
3285 1423 3410 1470 sunt
3441 1429 3510 1470 se

1931 1515 2130 1570 vidisse
2159 1511 2442 1567 concilium
2466 1509 2736 1564 Niczenum
2762 1505 2965 1562 habens
2987 1506 3248 1576 potiorem
3269 1515 3524 1576 quatuor-

1933 1604 2338 1676 Evangeliomm
2370 1602 2813 1676 magnitudinem,
2847 1601 3132 1657 continens
3178 1601 3232 1656 in
3279 1615 3338 1657 se
3382 1615 3520 1656 ses-—

1932 1695 2112 1751 siones
2140 1693 2542 1762 episcoporum.
2593 1701 2648 1747 et
2697 1691 3150 1756 introductiones,
3193 1689 3519 1761 judiciaque‘

1930 1785 2408 1857 querimoniarum,
2431 1792 2590 1852 atque
2616 1782 2955 1838 deﬁnitiones
2984 1790 3039 1838 et
3067 1782 3498 1847 constitutiones,

257 1883 337 1936 sic
384 1882 542 1938 nobis
583 1858 650 1938 de
695 1882 880 1938 multis
921 1858 1204 1939 εεηίεηιῇε
1245 1858 1395 1950 una;
1423 1895 1516 1940 ειυι
1560 1858 1699 1951 ἀήρ,
1746 1858 1830 1942 νει
1861 1858 1904 1916 Β
1933 1891 2138 1931 necnon
2172 1881 2226 1929 et
2255 1872 2674 1942 subscriptiones
2707 1887 2916 1927 cormn.
2959 1870 3040 1926 Ad
3071 1871 3222 1942 cujus
3249 1871 3500 1926 similitu-

256 1980 522 2042 quantum
538 1981 662 2027 tunc
683 1987 902 2029 necesse
917 1972 1093 2037 fuerit,
1111 1973 1404 2041 suﬂiciunt,
1419 1976 1670 2046 quoniam
1693 1977 1834 2034 sicut

255 2077 381 2116 eum
428 2076 536 2116 uno
582 2061 686 2116 telo
725 2054 1067 2119 aut‘duobus
1112 2064 1386 2120 inimicum
1424 2066 1714 2133 vincimus,
1752 2067 1832 2123 sic

256 2168 378 2210 cum
426 2169 532 2206 una
577 2160 670 2207 aut
711 2154 918 2209 duabus
965 2157 1244 2210 sententiis
1286 2158 1609 2213 auctoritate
1661 2157 1832 2228 plenis

254 2238 510 2294 aemulum
552 2256 886 2310 superamus.
931 2241 986 2298 Si
1024 2245 1167 2298 ettim
1205 2242 1272 2298 de
1309 2245 1626 2302 mulieribus
1653 2256 1716 2308 et
1732 2262 1832 2302 sa:-

255 2327 532 2383 cularibus
580 2329 887 2386 hominibus
940 2331 1055 2388 haec
1105 2335 1398 2389 constituta
1449 2344 1609 2401 sunt,
1662 2337 1830 2394 multo

257 2419 430 2489 magis
469 2419 849 2476 ecclesiasticis
883 2421 1013 2477 viris
1051 2431 1106 2478 et
1138 2424 1509 2481 sacerdotibus
1547 2436 1672 2481 sunt
1706 2443 1831 2482 cou-

253 2524 418 2564 cessa
494 2509 619 2564 "th
655 2511 845 2566 eadem
890 2528 1018 2567 vero
1063 2513 1432 2571 ecclesiastica
1475 2517 1596 2588 jura
1639 2517 1829 2586 jubent

253 2610 306 2654 et
337 2600 525 2654 saeculi
562 2599 705 2672 leges
736 2602 1070 2674 praecipiunt.
1122 2604 1382 2660 Similiter
1404 2615 1746 2665 accusatores
1775 2619 1831 2666 et

251 2691 650 2756 accusationes,
684 2706 818 2761 quas
849 2694 1028 2748 surculi
1062 2693 1208 2766 leges
1237 2697 1543 2765 prohibent,
1571 2699 1826 2756 canonica

248 2780 494 2836 furtditus
543 2783 748 2850 repellit
783 2783 1100 2838 auctoritas.
1154 2784 1492 2856 Synodorum
1530 2803 1658 2844 vero
1695 2805 1828 2845 con-

246 2873 646 2942 gregandarum
711 2875 1004 2930 auctoritas
1069 2877 1373 2946 apostolicae
1438 2880 1553 2934 sedi
1617 2881 1825 2952 privata

247 2962 542 3017 commissa
580 2972 663 3016 est
703 2973 987 3033 potestate,
1028 2980 1127 3021 nec
1160 2965 1320 3020 ullam
1359 2970 1620 3040 synodum
1653 2980 1827 3027 ratam

245 3069 368 3109 esse.
414 3054 664 3125 legimus,
689 3071 809 3125 quze
845 3056 961 3126 ejus
1001 3072 1107 3112 non
1146 3056 1309 3113 fuerit
1347 3061 1671 3118 auctoritate
1697 3079 1828 3118 con-

247 3153 472 3216 gregata
510 3145 590 3198 vel
623 3145 775 3199 fulta.
819 3146 943 3202 Haec
968 3149 1224 3212 canonica
1254 3159 1478 3206 testatur
1507 3154 1824 3220 auctoritas,

1931 1964 2108 2020 dinem
2127 1977 2376 2031 magnum
2389 1959 2820 2016 Clialcedonense
2837 1959 3118 2015 concilium
3136 1959 3515 2029 conscriptum

1929 2068 2048 2109 esse
2076 2052 2550 2116 confirmaverunt,
2581 2059 2632 2106 et
2665 2052 2878 2106 demum
2911 2051 3013 2106 alia
3042 2049 3500 2121 Constantinopoli

1928 2146 2145 2204 condita
2166 2185 2180 2209 ,
2213 2161 2376 2198 unum
2406 2143 2657 2197 videlicet
2685 2143 2784 2196 sub
2811 2142 3118 2198 Justiniano
3147 2143 3499 2214 imperatore,

1929 2245 2117 2301 contra
2148 2235 2244 2291 Dei
2272 2235 2674 2304 impugnatores
2703 2231 3020 2305 Origenem,
3069 2233 3353 2304 Didymum
3382 2273 3398 2299 ,
3444 2241 3501 2289 et

1929 2329 2216 2402 Evagrium
2242 2370 2258 2395 ,
2307 2337 2362 2384 et
2393 2328 2536 2382 aliud
2573 2328 2902 2398 temporibus
2927 2328 3222 2399 Agathonis
3250 2343 3407 2399 papae,
3444 2334 3510 2382 et~

1928 2418 2264 2476 Constantini
2307 2416 2646 2487 imperatoris
2690 2426 2877 2472 contra
2919 2417 3244 2473 Macharium
3285 2418 3497 2486 episco-

1927 2527 2094 2582 pum,
2143 2518 2196 2566 et
2240 2510 2568 2580 Stephanum
2596 2508 2710 2577 ejus
2739 2509 3056 2578 discipulum
3083 2549 3100 2574 .
3153 2523 3216 2564 ac
3264 2507 3500 2578 reliquos

1928 2604 2234 2675 episcopos,
2265 2603 2354 2672 qui
2385 2617 2483 2673 pro
2519 2601 2789 2656 frumento
2820 2601 3027 2656 zizania
3055 2599 3311 2657 Ecclesiis
3339 2599 3499 2655 semi~

1930 2706 2194 2752 naverunt
2217 2735 2232 2760 ,
2263 2695 2446 2749 vinum
2482 2695 2814 2750 miscuerunt
2845 2695 3101 2764 aquze,‘et
3131 2685 3376 2766 proximo
3404 2707 3500 2764 po-

1929 2798 2040 2842 tum
2073 2787 2338 2842 dederunt
2373 2785 2654 2842 eversione
2694 2785 2905 2842 turbida
2937 2827 2951 2854 ,
3001 2795 3058 2841 et
3104 2795 3355 2857 tanquam
3386 2785 3497 2856 l‘npi

1929 2883 2050 2952 agni
2082 2880 2410 2936 simulabant
2437 2879 2772 2936 mendacium
2798 2919 2814 2946 ,
2864 2887 2922 2936 et
2962 2877 3162 2935 veritas
3190 2889 3250 2934 ut
3275 2877 3496 2934 menda-'-

1929 2973 2068 3028 cium
2101 2971 2452 3026 refutabatttr.

1997 3061 2166 3117 Nosse
2192 3061 2354 3117 etiam
2382 3069 2595 3131 oportet
2622 3060 2775 3131 (licet
2810 3068 2958 3116 certa
2994 3073 3100 3115 non
3133 3057 3496 3126 inﬂrmentur,

1927 3163 2158 3224 quatuor
2182 3168 2302 3209 esse
2331 3153 2651 3224 principalia
2679 3153 2906 3208 concilia
2933 3167 3000 3206 ex
3027 3152 3222 3222 quibus
3249 3149 3498 3220 plenissi-

247 3215 366 3289 hazc
385 3234 611 3289 historia
639 3235 1008 3292 ecclesiastica
1036 3238 1270 3306 roborat,
1297 3241 1410 3297 haec
1437 3243 1608 3298 sancti
1638 3215 1825 3301 Patres
1853 3215 1896 3278 C
1930 3215 2072 3303 mam
2100 3245 2222 3302 ﬁdei
2250 3215 2550 3302 doctrinam
2577 3254 2762 3302 tenent
2779 3215 3059 3312 Ecclesiae,
3078 3253 3184 3300 tam
3210 3215 3276 3299 de
3299 3243 3515 3308 Patris,-

245 3325 595 3382 conﬁrmant.

319 3415 478 3470 Scire.
506 3423 684 3470 autem
712 3431 810 3472 vos
834 3406 977 3482 velo,
997 3419 1268 3490 octoginta
1291 3420 1588 3492 episcopos,
1611 3424 1700 3494 qui
1725 3425 1828 3482 hoc

243 3517 384 3573 Opus
413 3519 501 3559 me
531 3505 792 3576 incipere,
831 3517 887 3561 et
915 3508 1174 3578 perlicere
1203 3512 1478 3582 coegistis,
1513 3521 1567 3568 et
1601 3523 1828 3572 cunctos

252 3595 490 3664 reliquos
541 3595 753 3652 Domini
809 3600 1119 3654 sacerdotes
1163 3612 1418 3672 Oportet,
1481 3605 1624 3673 quod
1673 3605 1825 3675 plura

249 3703 409 3757 quam
449 3689 538 3742 illa
567 3690 752 3760 viginti
783 3690 1015 3760 capitula
1052 3689 1182 3762 qua:
1228 3697 1369 3764 apud
1417 3710 1516 3752 nos
1558 3695 1827 3753 habentur

247 3777 481 3834 Nicagna:
516 3781 702 3852 synodi
733 3783 1052 3852 reperimus,
1091 3794 1145 3841 et
1175 3785 1227 3839 in
1258 3787 1487 3843 decretis
1516 3787 1642 3844 Julii
1672 3806 1826 3862 papa:

248 3871 589 3942 septuaginta
617 3873 853 3944 capitula
883 3875 1120 3946 ejusdem
1157 3879 1345 3950 synodi
1378 3893 1495 3934 esse
1528 3881 1722 3938 debere
1750 3883 1848 3950 le-,

246 3960 445 4028 gimus.
497 3962 666 4029 Quam
699 3965 978 4034 epistolam
1020 3967 1073 4021 in
1113 3983 1211 4023 suo
1248 3970 1438 4026 ordine
1464 3971 1604 4028 inter
1628 3983 1822 4032 czctera

247 4050 466 4106 decreta
498 4054 913 4121 apostolicorum
944 4057 1219 4126 posuimus
1240 4099 1255 4123 ,
1305 4059 1420 4116 haec
1455 4065 1822 4120 scrutantibus

248 4151 301 4194 et
335 4145 548 4198 cunctis
589 4161 748 4202 nosse
773 4146 1078 4204 volentibus
1121 4149 1442 4207 ritnandam.
1496 4154 1630 4209 Nam
1678 4157 1820 4226 quod

249 4232 396 4300 plura
427 4250 590 4302 quam
621 4236 822 4307 viginti
843 4237 1074 4308 capitula
1109 4240 1219 4296 sint
1246 4241 1445 4297 Nicaeni
1477 4245 1725 4310 concilii,
1768 4247 1821 4302 in

250 4323 431 4378 multis
459 4323 729 4380 invenitur
758 4326 908 4383 locis.
945 4326 1163 4401 Legitur
1190 4332 1332 4384 enim
1367 4331 1418 4386 in
1444 4333 1824 4391 Constantino-

248 4413 482 4482 politano
509 4417 734 4472 concilio
755 4419 860 4474 ita:
894 4438 913 4471 ι
942 4419 1282 4477 Manifestum
1310 4432 1390 4479 est
1413 4426 1555 4494 quod
1585 4427 1671 4482 illa
1701 4444 1822 4498 quae

247 4517 370 4560 sunt
400 4522 496 4575 per
525 4524 954 4582 unamquamque
980 4514 1307 4582 provinciam
1341 4515 1507 4586 ipsius
1532 4519 1820 4587 provinciae

246 4595 483 4665 synodus
511 4597 812 4676 dispenset,
858 4601 998 4656 sicut
1037 4602 1264 4658 Nicteno
1293 4615 1505 4660 constat
1542 4607 1818 4664 decretum

246 4702 362 4742 esse
380 4688 631 4742 concilio.
654 4709 672 4742 ι
700 4689 919 4762 Legitur
941 4702 997 4748 et
1023 4693 1074 4747 in
1099 4693 1322 4765 epistola
1349 4695 1644 4753 Innocentii
1669 4715 1820 4770 papa:

249 4773 506 4831 Victricio
537 4777 955 4851 Rothomagensi
993 4783 1243 4853 episcopo
1271 4785 1472 4841 directa
1500 4827 1514 4852 ,
1567 4787 1675 4842 ita:
1709 4807 1727 4841 ι
1761 4791 1819 4846 Si

243 4883 362 4936 qua:
405 4884 586 4924 causa:
631 4871 712 4926 vel
761 4875 1131 4931 contentiones
1177 4876 1320 4932 inter
1363 4878 1590 4936 clericos
1633 4891 1688 4936 et
1720 4882 1817 4938 lai-

244 4975 374 5026 cus,
419 4961 503 5016 vel
553 4963 692 5017 inter
736 4963 961 5022 clericos
1006 4975 1113 5021 tam
1154 4967 1388 5039 majoris.
1411 4973 1618 5028 ordinis
1655 4991 1817 5044 quam

242 5054 403 5107 etiam
449 5053 719 5112 inferioris
759 5057 1225 5126 l'uerintexortze,
1275 5063 1473 5133 placuit
1519 5074 1576 5119 ut
1625 5081 1817 5122 secun-

243 5142 369 5198 dum
414 5147 675 5216 synodum
717 5148 983 5204 Nicamam
1019 5155 1362 5225 congregatis
1388 5157 1640 5212 omnibus
1668 5159 1814 5229 ejus-

242 5231 362 5287 dem
403 5236 696 5304 provincia:
731 5238 998 5310 episcopis
1026 5239 1286 5310 judicium
1328 5246 1666 5311 terminetur,
1696 5267 1716 5300 ι
1761 5257 1818 5304 et

243 5325 474 5395 reliqua.
509 5325 722 5416 Sancta:
749 5331 912 5386 etiam
947 5335 1218 5390 memoria:
1239 5335 1562 5407 Theophilus
1583 5339 1816 5396 Alexan-

241 5415 431 5472 drinus
449 5415 732 5490 episcopus
756 5423 870 5478 suis
899 5423 950 5478 in
973 5426 1214 5494 epistolis
1237 5429 1480 5484 meminit
1509 5431 1560 5485 in
1587 5433 1814 5488 concilio

243 5503 459 5562 Niceno
488 5519 748 5566 statutum
769 5529 890 5570 esse
919 5524 978 5570 ut
997 5517 1064 5571 ab
1086 5533 1179 5573 vut
1209 5519 1331 5574 ldus
1360 5519 1532 5576 Martii
1563 5537 1731 5592 usque
1760 5525 1811 5580 in

243 5593 382 5648 idem
410 5595 590 5654 Nonas
615 5599 836 5670 Aprilis,
867 5604 1054 5661 diebus
1083 5607 1287 5663 scilicet
1307 5607 1398 5673 εει
1425 5611 1813 5684 qualiscunque

242 5683 365 5776 luna
397 5697 518 5744 nata
549 5690 715 5748 fuerit
752 5693 804 5749 in
836 5697 1077 5767 quolibet
1115 5701 1292 5757 medio
1328 5703 1523 5773 spatio,
1565 5683 1812 5776 perhibet

242 5773 421 5835 Iacere
449 5779 658 5839 initium
687 5786 843 5857 primi
877 5790 1093 5857 mensis,
1118 5801 1364 5862 quartam
1391 5773 1652 5852 decimam
1683 5812 1809 5854 vero

1925 3350 1982 3399 et
2011 3341 2154 3406 Filii,
2205 3350 2260 3397 et
2287 3340 2520 3412 Spiritus
2548 3343 2721 3398 sancti
2752 3341 3047 3404 divinitate,
3081 3354 3242 3410 quam
3274 3339 3338 3393 de
3370 3353 3499 3408 prte-

1926 3432 2053 3487 dicti
2084 3431 2205 3488 Filii
2245 3441 2300 3487 et
2337 3431 2633 3488 Salvatoris
2680 3432 2848 3488 nostri
2895 3421 3288 3486 incarnatione.
3344 3427 3500 3482 Prior

1927 3521 2117 3576 harum
2147 3521 2359 3576 Nicaena
2397 3521 2631 3592 synodus
2671 3529 2757 3576 est
2803 3529 3164 3575 trecentorum
3211 3520 3397 3576 decem
3441 3529 3499 3573 et

1925 3621 2050 3670 octo
2075 3612 2446 3682 episcoporum
2473 3612 2575 3666 sub
2593 3611 2947 3667 Constantino
2975 3603 3220 3681 Augusto
3249 3617 3491 3681 peracta,

1925 3704 1980 3760 in
2029 3719 2133 3774 qua
2176 3702 2390 3758 Arianae
2438 3703 2678 3774 perﬁdiae
2725 3703 3054 3773 blasphemia
3099 3692 3490 3766 condemnata,

1924 3813 2032 3869 qua
2084 3795 2501 3866 inzeqnalitatem
2565 3785 2790 3852 sanetae.
2837 3795 3118 3852 Trinitatis
3160 3795 3299 3851 idem
3331 3793 3494 3851 Arius

1924 3888 2222 3952 asserebat,
2254 3886 2762 3942 consubstantialem
2794 3885 2902 3941 Deo
2927 3885 3072 3940 Patri
3101 3886 3270 3941 Deum
3297 3884 3491 3940 Filium

1923 3977 2109 4034 eadem
2141 3987 2325 4033 sancta
2358 3977 2592 4049 synodus
2623 3991 2718 4047 per
2747 3975 3057 4048 Symbolum
3087 3975 3346 4031 deﬁnivit.
3395 3974 3492 4030 Se-

1924 4071 2094 4126 cunda
2134 4071 2371 4141 synodus
2407 4077 2620 4125 centum
2658 4069 3042 4140 quinquaginta
3079 4059 3340 4134 Patrum,
3391 4069 3494 4124 sub

1923 4160 2226 4215 Theodosio
2257 4159 2466 4214 seniore
2494 4158 2952 4229 Constantinopoli
2983 4167 3338 4230 congregata,
3371 4172 3493 4227 quin

1924 4250 2322 4315 Macedonium,
2365 4258 2609 4305 sanctmn
2640 4249 2899 4320 Spiritum
2931 4250 3215 4305 Dominum
3243 4263 3362 4305 esse
3391 4263 3487 4304 ne-

1923 4353 2154 4414 gantem,
2187 4343 2573 4406 condemnatis,
2605 4341 3114 4398 consubstantialem
3145 4341 3292 4397 Patri
3321 4351 3375 4396 et
3401 4340 3490 4396 Fi-

1922 4434 1996 4490 lio
2035 4433 2280 4490 eumdem
2323 4432 2660 4488 Paracletnm
2703 4423 3124 4498 demonstravit,
3162 4433 3294 4488 dans
3332 4432 3491 4489 latius

1924 4525 2161 4596 Symboli
2192 4525 2444 4587 formam,
2475 4541 2635 4595 quam
2668 4533 2780 4580 tota
2807 4525 3015 4580 Grzccia
3044 4534 3098 4581 et
3128 4525 3391 4581 Latinitas
3434 4525 3488 4580 in

1924 4615 2178 4670 Ecclesiis
2205 4616 2518 4686 praedicant.
2576 4615 2756 4670 Tertia
2803 4616 3039 4686 synodus
3088 4623 3172 4671 est
3217 4615 3486 4686 Ephesina

1905 4707 2094 4776 prima
2122 4707 2472 4762 ducentorum
2505 4709 2879 4777 episcoporum
2900 4748 2916 4772 ,
2951 4706 3051 4762 sub
3079 4708 3284 4762 minore
3311 4707 3490 4762 Theo-

1921 4798 2072 4852 dosio
2099 4799 2338 4869 Augusto
2366 4799 2506 4854 edita
2526 4839 2542 4864 ,
2581 4815 2701 4870 qua:
2731 4798 3035 4855 Nestorium
3066 4801 3198 4854 duas
3229 4813 3496 4869 personae

1921 4888 1973 4943 in
2018 4887 2236 4943 Christo
2274 4897 2604 4944 asserentem
2651 4887 2799 4958 justo
2851 4889 3192 4944 anathemate
3231 4888 3488 4944 condem-

1920 4981 2103 5041 navit,
2150 4980 2440 5035 ostendens
2487 4995 2707 5035 manere
2754 4981 2806 5034 in
2847 4980 3055 5035 duabus
3082 4979 3290 5034 naturis
3321 4993 3482 5033 unam
3517 5017 3527 5027 ,ι

1923 5072 2133 5128 Domini
2175 5073 2343 5127 nostri
2385 5071 2509 5128 Iesu
2549 5072 2748 5128 Christi
2793 5068 3098 5142 personam.
3156 5069 3357 5139 Quarta
3403 5079 3488 5125 est

1922 5165 2154 5235 synodus
2173 5165 2624 5221 Chalcedonensis
2649 5173 3024 5221 sescentorum
3055 5165 3272 5236 triginta
3301 5179 3486 5220 sacer-
3568 5158 3580 5205 ἕ

1922 5256 2136 5320 dotum,
2172 5257 2272 5311 sub
2301 5255 2564 5311 Martiano
2587 5257 2828 5327 principe
2855 5255 3035 5311 habita
3054 5295 3070 5320 ,
3103 5257 3153 5310 in
3183 5271 3286 5326 qua
3319 5257 3500 5327 Euty--.

1921 5346 2074 5399 chem
2103 5345 2755 5415 Constantinopolitanum
2801 5346 3049 5400 abbatem
3081 5345 3243 5402 Verbi
3291 5345 3386 5400 Dei
3429 5331 3533 5402 et»

1920 5437 2101 5491 carnis
2129 5452 2286 5490 unam
2315 5446 2562 5491 naturam
2589 5436 3047 5507 pronuntiantem,
3074 5428 3130 5490 et
3158 5435 3272 5507 ejus
3299 5435 3483 5492 defen-
3515 5486 3522 5490 η

1899 5535 2091 5580 'sorem
2132 5527 2444 5581 Dioscorum
2487 5527 2756 5596 quondam
2803 5527 3224 5582 Alexandrinum
3251 5514 3480 5599 episco-

1915 5629 2060 5684 pum,
2092 5624 2147 5670 et
2179 5616 2348 5685 ipsum
2382 5633 2594 5673 rursum
2625 5616 2929 5674 Nestorium
2963 5634 3085 5675 cum
3118 5618 3336 5689 reliquis
3367 5621 3475 5675 ha:-

1891 5706 2096 5761 reticis
2113 5722 2213 5760 una
2237 5707 2452 5761 Patrum
2475 5709 2737 5765 sententia
2758 5709 3514 5780 prmdamnavit,‘pr:edicans..

1913 5796 2101 5852 eadem
2145 5796 2378 5866 synodus
2405 5796 2681 5855 Christum
2722 5787 3010 5856 Dominum
3052 5800 3130 5857 sic
3173 5807 3366 5861 natum.
3403 5799 3518 5864 de.
