3998 5416
525 285 584 340 tt
1321 279 1608 347 “paulo.
1649 285 1742 348 AD
1773 287 1943 350 5213C.
1984 286 2075 349 Ix.

2209 287 2452 353 lSlDORI
2487 289 2925 358 IIEKCATORTS
3695 303 3758 362 ιε

520 397 780 470 Virgine,
832 408 892 452 ιη
934 411 990 452 tn‘
1030 412 1135 452 una
1185 394 1484 458 substantia
1529 405 1706 460 divina
1755 416 1811 462 et
1856 409 2088 462 humana
2119 417 2166 473 Α
2195 412 2400 482 vigore.
2445 413 2628 469 Primo
2656 416 2872 484 quidem
2902 417 3054 481 ordo,
3092 426 3151 471 ut
3189 418 3502 487 prmdictum
3535 430 3655 485 est,
3701 424 3762 479 de

520 491 906 545 contineantur
928 497 1153 545 naturae.
1187 489 1282 546 Hae
1309 502 1452 559 sunt,
1483 505 1541 549 ut
1571 498 1938 566 przediximus,
1963 513 2093 566 qua-

525 590 648 634 tuor
675 569 1000 651 principales
1028 590 1082 636 et
1112 582 1446 640 venerabiles
1475 587 1685 656 synodi,
1716 587 1875 642 ﬁdem
1908 581 2094 643 callio-

523 671 682 727 licam
711 671 1145 743 complectentcs.
1205 674 1310 730 Sed
1352 676 1398 731 si
1437 692 1542 747 qua
1581 679 1690 734 sint
1717 679 1943 734 concilia
1976 695 2096 749 quae

523 763 698 818 sancti
721 761 909 818 Patres
935 763 1136 834 Spiritu
1161 765 1254 820 Dei
1283 765 1426 837 pleni
1455 779 1774 837 sanxerunt,
1803 779 1922 839 post
1952 770 2096 839 ipso-

522 864 641 908 rutn
689 863 920 925 quatuor
965 858 1342 914 auctoritatem
1396 861 1543 914 omni
1592 872 1811 916 manent
1859 863 2094 918 stabilita

2197 504 2516 560 celebrando
2542 507 2771 562 concilio
2801 508 3036 563 insertus
3065 509 3311 574 habetur,
3343 521 3397 566 et
3422 515 3763 581 postmodum

2196 610 2459 650 canonum
2489 597 2872 668 apostolorum,
2902 614 2964 654 ac
2992 600 3288 669 primorum
3319 601 3763 671 apostolicorum,

2198 684 2251 740 id
2289 695 2372 741 est
2399 702 2441 758 .a
2485 698 2672 742 sancto
2699 687 2971 744 Clemente
3002 706 3173 760 usque
3213 691 3279 746 ad
3315 701 3564 747 sanctum
3597 689 3768 748 Silve-

2197 785 2367 832 strum
2396 792 2626 848 sequens
2651 779 2893 833 ordinem
2924 795 3102 835 suum.

555 965 752 992 “is
1023 970 1034 976 -

968 1061 2192 1335 Incipiunt
2377 1121 3330 1282 canones

2067 1364 2134 1421 ID
2171 1366 2300 1423 EST

1218 1503 1870 1659 JREGULAZ‘
1921 1543 3060 1664 ECCLESIASTIC/E

841 1769 893 1838 Α
922 1779 1153 1839 sanctis
1183 1775 1482 1840 Patribus
1506 1776 1880 1849 constitutae,
1906 1783 1960 1836 et
1985 1773 2059 1836 ab
2091 1775 2349 1838 lsmono
2381 1777 2446 1837 in
2466 1777 2655 1840 unius
2688 1779 2924 1841 codicis
2957 1797 3189 1860 corpus
3215 1783 3483 1848 collecta:

1974 1945 2296 1968 ﬁ

991 2055 1038 2132 I-
1112 2059 1440 2136 ORDO
1517 2059 1670 2136 DE
1741 2059 2571 2142 CELEBRANDO
2645 2065 3295 2150 CONCILIO.

595 2337 746 2404 liora
787 2337 894 2403 diei
952 2347 1148 2416 prima,
1207 2355 1335 2403 ante‘
1380 2339 1510 2404 solis
1555 2351 1754 2408 ortum,
1809 2344 2100 2416 ejiciantur
2129 2348 2173 2406 Β
2199 2356 2260 2402 ut
2286 2347 2338 2402 in
2360 2347 2636 2403 sinistrum
2667 2363 2766 2404 nos
2794 2363 2898 2403 non
2929 2348 3228 2420 ignorantia
3254 2352 3452 2418 trahat,
3481 2369 3590 2409 non
3623 2354 3771 2411 favor

525 2449 716 2497 omnes
766 2438 835 2494 ab
889 2439 1148 2504 ecclesia,
1211 2439 1581 2509 obseratisque
1629 2439 1833 2494 foribus
1889 2441 2099 2496 cunctis

526 2532 595 2586 ad
611 2546 770 2586 unam
787 2531 1008 2602 januam
1031 2546 1130 2602 per
1146 2547 1304 2601 quam
1321 2533 1628 2588 sacerdotes
1643 2533 1849 2602 ingredi
1861 2542 2097 2603 oportet,

528 2622 738 2677 ostiarii
783 2623 1028 2679 stabunt.
1075 2622 1143 2677 Et
1196 2623 1575 2679 convenientes
1624 2639 1816 2681 omnes
1860 2626 2098 2696 episcopi

526 2715 734 2784 pariter
786 2715 1108 2780 introibunt,
1141 2723 1196 2771 et
1243 2717 1536 2773 secundum
1587 2718 1940 2774 ordinationis
1990 2734 2102 2774 sua:

528 2808 744 2878 tempus
786 2806 1117 2864 residebunt.
1180 2808 1308 2864 l'ost
1370 2810 1669 2879 ingressum
1728 2810 2099 2881 episcoporum

532 2903 772 2957 omnium
819 2911 977 2973 atque
1032 2918 1364 2968 consessum,
1423 2913 1687 2960 vocentur
1721 2903 1914 2959 deinde
1973 2919 2098 2974 pre-

530 2993 760 3064 sbyteri,
814 3008 950 3062 quos
981 3009 1143 3048 causa
1185 2993 1494 3063 probaverit
1538 2993 1787 3059 introire,
1818 2994 2102 3066 nullusque

529 3092 590 3137 se
636 3082 776 3137 inter
799 3092 894 3138 e05
942 3083 1153 3153 ingerat
1189 3083 1562 3137 diaconorum.
1611 3081 1742 3137 Post
1781 3083 1882 3138 lies
1927 3085 2104 3155 ingre-

527 3172 754 3238 diantur
778 3174 1031 3229 dia'cones
1073 3173 1396 3244 probabiles,
1436 3189 1572 3244 quos
1607 3173 1742 3229 ordo
1796 3177 2104 3244 poposcerit

529 3265 818 3320 interesse.
852 3263 919 3318 Et
943 3277 1143 3320 corona
1175 3263 1315 3320 facta
1355 3266 1422 3320 de
1449 3265 1664 3320 sedibus
1706 3267 2099 3336 episcoporum,

530 3348 836 3428 presbyteri
883 3373 912 3410 a
961 3365 1112 3427 tergo
1156 3370 1342 3413 eorum
1393 3357 1681 3422 resideant,
1736 3373 1872 3428 quos
1926 3367 2102 3414 tamen

533 3465 778 3507 sessuros
805 3463 986 3506 secum
1027 3450 1472 3521 metropolitanus
1511 3450 1752 3520 elegerit,
1782 3451 1872 3520 qui
1917 3451 2103 3520 utique

535 3549 593 3596 ct
644 3551 764 3597 cum
818 3555 885 3597 eo
931 3539 1175 3609 judicare
1222 3541 1446 3611 aliquid,
1485 3549 1540 3597 et
1589 3540 1814 3596 definire
1858 3549 2100 3611 possunt.

531 3630 751 3686 Dia‘coni
802 3630 855 3686 in
909 3642 1198 3702 conspectu
1260 3633 1633 3702 episc0porum
1689 3639 1864 3694 stent,
1915 3627 2106 3684 deinde

533 3721 905 3795 ingrediantur
950 3723 1105 3788 laici,
1147 3724 1241 3794 qui
1283 3723 1543 3778 electione
1583 3722 1798 3776 concilii
1844 3721 2107 3776 interesse

533 3823 868 3870 meruerunt.
909 3811 1286 3885 lngrediantur
1330 3829 1545 3883 quoque
1601 3813 1819 3878 notarii,
1848 3827 1984 3882 quos
2037 3810 2105 3866 ad

2201 2437 2461 2504 inﬂectat,
2493 2454 2598 2494 non
2621 2440 2859 2508 acceptio
2888 2441 3127 2496 muneris
3148 2441 3230 2496 vel
3261 2458 3501 2512 persona:
3527 2460 3766 2500 corrum-

2200 2531 2325 2602 pat';
2355 2531 2449 2587 sed
2488 2529 2654 2602 junge
2683 2547 2780 2587 nos
2804 2531 2898 2586 tibi
2938 2530 3227 2590 ellicaciter
3248 2535 3414 2590 solius
3442 2545 3548 2590 tua:
3585 2538 3770 2607 gratia:

2202 2623 2364 2688 dono,
2399 2632 2460 2678 ut
2487 2623 2656 2679 simus
2685 2623 2736 2678 in
2766 2631 2816 2678 te
2842 2639 3030 2690 unum,
3065 2633 3120 2681 et
3159 2626 3212 2680 in
3241 2626 3386 2682 nullo
3420 2628 3701 2683 deviemus
3741 2643 3769 2682 a

2202 2727 2350 2776 vero,
2377 2711 2607 2782 qualiter
2635 2713 2688 2768 in
2720 2715 2936 2770 nomine
2966 2723 3057 2770 tuo
3087 2715 3323 2780 collecti,
3358 2717 3439 2772 sic
3468 2717 3521 2771 in
3562 2719 3771 2772 cunctis

2203 2812 2479 2859 teneamus
2522 2819 2644 2860 cum
2679 2805 3049 2860 moderamine
3077 2806 3600 2876 pietatisjustitiam,
3636 2819 3696 2863 ut
3721 2818 3772 2864 et

2202 2894 2291 2977 hic
2331 2909 2363 2948 a
2399 2906 2449 2950 te
2489 2895 2542 2950 in
2572 2896 2724 2962 nullo
2753 2897 3036 2952 dissentiat
3064 2901 3329 2955 sententia
3372 2909 3582 2961 nostra.
3634 2912 3690 2957 et
3718 2902 3770 2956 in

2203 2986 2384 3043 futuro
2413 3004 2510 3059 pro
2535 2987 2673 3044 bene
2694 2989 2860 3060 gestis
2893 3003 3289 3060 consequamur
3313 2992 3533 3062 pnemia
3579 2993 3776 3062 sempi-

2206 3087 2380 3135 terna.

2275 3174 2331 3228 ln
2381 3188 2484 3243 qua
2518 3174 2762 3228 oratione
2802 3171 2964 3227 Pater
3009 3184 3184 3228 noster
3227 3188 3332 3228 non
3379 3173 3624 3238 dicatur,
3675 3188 3772 3228 nec

2206 3264 2508 3330 benedictio,
2554 3265 2644 3319 sed
2684 3264 2796 3334 ipsa
2833 3263 3166 3318 solummodo
3195 3264 3368 3318 oratio
3405 3263 3773 3319 conﬁrmetur.

2203 3354 2382 3409 Finita
2435 3365 2612 3410 autem
2663 3355 2929 3419 oratione,
3001 3364 3056 3411 et
3104 3371 3362 3425 responso
3411 3357 3480 3411 ab
3524 3357 3775 3412 omnibus

2203 3445 2387 3508 Amen,
2449 3459 2636 3500 rursus
2689 3445 2830 3501 dicat
2882 3445 3293 3503 archidiaconus
3342 3464 3356 3501 :
3409 3445 3610 3518 Erigite
3670 3463 3774 3500 vos.

2206 3536 2498 3592 Confestim
2529 3551 2717 3593 omnes
2756 3547 2981 3610 surgant
3017 3548 3070 3594 et
3105 3555 3227 3594 eum
3259 3539 3406 3596 omni
3463 3541 3658 3594 timore
3684 3537 3775 3592 Dei

2205 3638 2260 3683 ct
2294 3628 2571 3696 disciplina
2602 3637 2708 3683 tam
2737 3630 2971 3701 episcopi
3002 3646 3160 3700 quem
3190 3631 3488 3702 presbyteri
3519 3631 3778 3694 sedeant;

2214 3717 2400 3788 sicque
2445 3718 2694 3774 omnibus
2719 3719 2773 3774 in
2823 3719 2935 3774 suis
2973 3719 3130 3784 locis,
3167 3719 3221 3774 in
3250 3719 3465 3774 silentio
3493 3719 3786 3774 conseden-

2215 3810 2378 3875 tibus,
2417 3808 2672 3865 diaconus
2708 3809 2827 3866 alba
2874 3811 3114 3877 indutus,
3147 3813 3389 3868 codicem
3431 3827 3697 3868 canonum
3734 3813 3784 3866 in

534 3905 869 3962 recitandum
898 3882 1378 3975 vel'excipiendum
1417 3882 1551 3960 ordo
1584 3904 1830 3974 requirit.
1867 3904 2102 3959 Obsera-
2131 3882 2180 3947 (ἶ
2212 3903 2387 3958 medio
2421 3902 2724 3973 proferens,
2767 3904 3001 3974 capitula
3031 3904 3099 3960 de
3125 3905 3370 3960 conciliis
3410 3905 3634 3977 agendis
3667 3921 3789 3974 pro.

531 3998 712 4068 .tisque
756 3997 961 4068 ianuis,
1007 4006 1063 4053 et
1105 3997 1416 4054 sedentibus
1474 3997 1528 4052 in
1578 3990 1837 4052 diuturno
1887 3993 2108 4052 silentio

533 4088 930 4152 sacerdotibus,
979 4091 1140 4158 atque
1186 4101 1284 4144 cor
1333 4095 1504 4142 totum
1557 4086 1886 4142 habentibus
1911 4086 1978 4140 ad
2007 4084 2112 4140 Do-

537 4180 769 4246 minum,
814 4179 1057 4236 dicturus
1097 4189 1178 4235 est
1219 4178 1650 4244 archidiaconus,
1676 4173 1860 4242 Orate,
1905 4176 2113 4231 statim-

532 4283 644 4338 que
685 4269 739 4324 in
781 4277 979 4324 terram
1024 4283 1212 4323 omnes
1235 4276 1664 4338 prosternentur,
1726 4275 1834 4321 tam
1871 4265 2111 4336 episc0pi

535 4370 700 4430 quem
759 4359 1084 4432 presbyteri,
1133 4368 1188 4414 et
1243 4369 1462 4415 orantes
1507 4358 1730 4424 diutius,
1785 4358 1944 4413 tacite
1990 4371 2112 4412 cum

443 4463 461 4532 ς
543 4450 758 4506 ﬂetibus
780 4460 941 4521 atque
975 4449 1288 4521 gemitibus,
1322 4464 1464 4504 unus
1483 4464 1550 4504 ex
1576 4448 1844 4518 episcopis
1888 4446 2116 4503 seniori-

545 4542 650 4597 bus
676 4549 924 4611 surgens,
950 4542 1247 4596 orationem
1279 4541 1452 4610 palam
1487 4540 1675 4594 fundat
1710 4539 1778 4594 ad
1805 4539 2112 4603 Dominum,

532 4632 752 4688 .cunctis
792 4630 967 4687 adhuc
991 4630 1048 4685 in
1077 4641 1218 4686 terra
1258 4629 1585 4700 iacentibus,
1609 4629 1791 4684 dicens
1828 4629 1969 4684 hanc
1994 4643 2117 4683 ora-

543 4725 742 4790 tionem
774 4740 791 4778 :

1236 4813 1444 4869 Oratio.
1895 4865 1910 4878 ,

616 4902 906 4974 Adsumus,
950 4907 1165 4965 domine
1193 4918 1376 4964 sancte
1402 4907 1658 4978 Spiritus,
1703 4907 1960 4962 adsumus
1985 4920 2116 4976 pec-

545 5001 654 5058 cati
682 5003 896 5072 quidem
925 5003 1258 5058 immanitate
1281 5002 1506 5064 detenti.
1551 5002 1646 5057 sed
1677 5000 1730 5054 in
1763 4999 1981 5054 nomine
2025 5007 2117 5053 tuo

547 5085 856 5162 specialiter
879 5094 1184 5164 aggregati;
1211 5092 1328 5148 veni
1355 5093 1422 5146 ad
1451 5107 1572 5157 nos,
1595 5098 1646 5144 et
1671 5098 1789 5146 esto
1813 5085 2143 5151 nobiscum,’

544 5178 771 5251 dignare
805 5173 948 5236 illabi
978 5182 1227 5238 cordibus
1259 5182 1477 5245 nostris,
1519 5182 1654 5237 doce
1700 5196 1798 5236 nos
1826 5180 1952 5250 quid
1992 5195 2118 5249 aga-

550 5277 669 5300 ό-ιιόι-
719 5278 824 5302 δύο-Λ
846 5271 1157 5304 mmmam..-
1201 5283 1250 5304 nl
1275 5273 1496 5306 ΛοιιιηιΙΔ
1523 5273 1648 5306 lic-:1.
1677 5272 1888 5308 ΔΠῖουι-ιι
1924 5272 2120 5310 Jahn!!—

2211 3995 2442 4057 nuntiet,
2488 3995 2542 4050 id
2591 4004 2696 4060 est,
2747 3995 2814 4050 de
2869 3996 3099 4052 concilio
3154 3996 3412 4052 Toletano
3463 3995 3643 4060 tertio,
3681 4011 3792 4050 aera

2209 4102 2365 4143 xvm.
2416 4087 2565 4152 item,
2607 4101 2673 4144 ex
2715 4088 2942 4144 concilio
2970 4089 3230 4144 Toletano
3283 4097 3497 4158 quarto,
3545 4104 3656 4144 aera
3708 4104 3786 4143 Ill.

2211 4176 2359 4239 Item,
2393 4192 2460 4231 ex
2487 4177 2735 4247 capitulis
2764 4175 3118 4233 Orientalium
3155 4179 3412 4248 partium,
3449 4193 3570 4248 quae
3597 4177 3786 4232 Marti-

2212 4281 2316 4322 nus
2356 4267 2640 4336 episcopus
2697 4266 2766 4322 de
2805 4266 2996 4323 Grzeco
3047 4268 3101 4322 in
3157 4267 3408 4324 Latinum
3458 4267 3644 4331 vertit,
3681 4281 3788 4320 aera

2211 4371 2367 4422 xvut,
2400 4357 2467 4412 de
2509 4357 2725 4428 Synodo
2759 4357 3022 4414 facienda.
3054 4359 3211 4424 Item,
3252 4375 3316 4414 ex
3361 4358 3590 4414 concilio
3628 4358 3790 4413 Chal-

2213 4448 2527 4510 cedonensi.
2569 4463 2678 4503 tera
2727 4464 2880 4504 xvtn.
2912 4449 3064 4512 Item,
3113 4465 3180 4505 ex
3207 4450 3437 4506 concilio
3478 4449 3790 4520 Agatliensi.

2213 4555 2320 4596 atra
2355 4555 2479 4604 xxv,
2533 4539 2616 4594 vel
2657 4555 2808 4604 xxvi,
2849 4540 2932 4594 vel
2977 4541 3122 4596 aliud
3172 4541 3239 4595 de
3285 4541 3605 4604 canonibus,
3651 4541 3792 4610 quod

2215 4629 2627 4700 metropolitano
2651 4632 2828 4701 aptius
2848 4631 3020 4685 visum
3048 4631 3228 4695 fuerit,
3246 4631 3544 4702 utlegatur.
3569 4630 3791 4686 Finitis-

2216 4737 2321 4790 que
2375 4722 2581 4786 titulis,
2638 4721 3084 4792 metropolitanus
3137 4723 3455 4791 episcopus,
3506 4721 3794 4775 concilium

2217 4811 2521 4881 alloquatur
2559 4811 2954 4876 exhortatione,
2987 4813 3057 4866 ita
3093 4812 3278 4868 dicens
3316 4831 3329 4866 :
3370 4811 3533 4876 Ecce,
3570 4813 3798 4867 sanctis-

2219 4904 2342 4959 simi
2390 4904 2720 4969 sacerdotes,
2761 4903 3054 4974 praemissis
3097 4902 3209 4957 Deo
3233 4901 3502 4974 precibus,
3545 4900 3796 4956 fraterni-

2223 5009 2388 5058 tatem
2439 5009 2679 5058 vestram
2715 5015 2837 5056 cum
2877 5001 2965 5070 pia
3002 5000 3381 5056 exhortatione
3427 4999 3713 5062 convenio,
3745 5005 3798 5052 et

2221 5105 2319 5162 per
2353 5091 2595 5146 divinum
2645 5105 2837 5145 nomen
2864 5090 3107 5144 obtestor
3135 5098 3194 5144 ut
3221 5105 3306 5155 ea,
3339 5105 3459 5159 quae
3485 5103 3515 5142 a
3550 5088 3706 5143 nobis
3735 5089 3798 5141 de

2226 5183 2358 5247 Deo,
2407 5183 2553 5238 etde
2599 5182 2769 5236 sacris
2812 5180 3111 5240 ordinibus.
3165 5180 3249 5234 vel
3301 5179 3506 5234 sanctis
3560 5178 3797 5232 moribus

2225 5274 2375 5310 inhio
2401 5272 2596 5310 funt-int
2629 5273 2769 5310 alipta
2837 5286 2959 5310 ιιιιιη
2994 5272 3140 5310 Λιιιηί
3176 5273 3378 5310 niotnln
3405 5271 3715 5310 cncnininlic
3744 5277 3796 5310 nl
