3998 5416
237 309 304 362 l3
1386 311 1872 374 DECRETALIUM
1911 311 2311 374 COLLECTIO.
3416 331 3479 384 ll

226 423 424 487 liante,
467 433 563 478 aut
602 424 777 480 doceri
821 428 1009 495 possit,
1061 438 1153 483 aut
1181 431 1386 484 doceat.
1422 431 1618 485 Deinde
1649 427 1807 484 simili
1837 429 1888 490 Α
1917 429 2112 485 fuerint
2133 442 2324 488 cuncta
2347 434 2724 496 determinata,
2749 437 2818 490 ita
2849 445 2904 490 ut
2932 454 3261 510 quaecunque
3284 442 3483 496 delibe-

227 529 331 568 vos
390 515 752 571 obtestatione
795 519 1088 585 convenio,
1135 530 1190 575 et
1237 522 1482 586 obsecro,
1528 530 1588 576 ut
1630 521 1808 575 nullns

226 612 475 658 vestrum
524 605 579 660 in
613 605 928 675 judicando,
972 619 1066 665 aut
1092 627 1378 681 personam
1412 615 1664 683 accipiat,
1713 621 1808 668 aut

221 697 476 766 quolibet
507 699 711 765 favore,
743 709 835 754 aut
865 717 1088 758 munere
1121 704 1383 774 pulsatus,
1416 721 1446 760 a
1481 703 1630 774 justo
1664 705 1808 776 indi.

219 790 319 844 cio
343 789 582 846 scienter
615 800 905 856 avertatur,
956 803 1050 849 aut
1081 796 1357 861 discedat;
1409 796 1502 851 sed
1545 811 1666 850 eum
1699 805 1807 850 tota

220 881 455 952 pietate,
486 884 746 954 quidquid
773 886 935 942 coetui
973 896 1158 943 nostro
1199 902 1257 944 se
1279 887 1628 957 judicandum
1668 889 1808 942 intu-

219 974 358 1030 lerit
380 985 693 1044 retractate,
720 987 778 1032 ut
805 994 905 1034 nec
929 977 1248 1033 discordans
1280 978 1552 1033 contentio
1578 977 1644 1032 ad
1683 978 1807 1032 sub-

219 1067 537 1124 versionem
583 1070 806 1140 jnstitia:
852 1070 993 1125 inter
1033 1085 1130 1125 nos
1177 1070 1353 1125 locum
1402 1070 1658 1134 inveniat,
1709 1084 1808 1124 nec

222 1157 363 1213 item
409 1158 462 1212 in
492 1161 852 1229 perquirenda
897 1161 1150 1232 aequitate
1203 1162 1352 1231 vigor
1401 1162 1569 1217 nostri
1603 1161 1808 1218 ordinis

223 1247 316 1303 vel
340 1249 646 1305 sollicitudo
685 1260 942 1322 tepescat.

300 1337 433 1394 Post
464 1341 605 1395 hanc
634 1343 1065 1397 exhortationem
1097 1343 1396 1399 introibunt
1435 1357 1644 1410 omnes,
1688 1343 1808 1413 qui-

221 1445 445 1499 cunque
490 1429 696 1486 fuerint
735 1431 1058 1504 presbyteri,
1107 1434 1385 1500 diacones,
1435 1434 1518 1490 vel
1571 1432 1807 1503 religiosi

227 1522 468 1577 universi
496 1523 565 1578 ad
592 1523 915 1579 audiendum
941 1525 1260 1581 doctrinam.
1292 1525 1488 1597 Sicque
1541 1526 1810 1582 archidia-

220 1628 400 1670 conus
429 1614 672 1670 lecturus
698 1625 781 1672 est
809 1631 1069 1672 canonem
1099 1617 1341 1673 Toletani
1385 1618 1599 1673 concilii
1643 1618 1812 1674 unde-

227 1705 378 1771 cimi,
407 1719 518 1760 aera
540 1707 736 1776 prima,
761 1721 827 1762 ne
851 1707 1076 1762 tumultu
1099 1708 1382 1764 concilium
1410 1709 1662 1780 agitetur.
1688 1708 1808 1776 Quo

233 1811 438 1852 canone
487 1797 747 1867 perlecta,
794 1799 1081 1855 concilium
1128 1800 1456 1870 Ephesinum
1504 1817 1571 1858 ex
1619 1801 1808 1858 ordine

226 1887 557 1958 perlegatur.
602 1889 802 1944 Deinde
845 1891 1060 1946 collatio
1103 1893 1307 1963 pariter
1344 1901 1399 1948 et
1427 1892 1710 1948 instructio
1743 1893 1808 1948 de

226 1979 492 2049 mysterio
517 1987 742 2050 .sancta‘.
790 1979 1074 2037 Trinitatis
1118 1983 1396 2045 habeatur,
1444 1982 1710 2052 simulque
1755 1993 1809 2038 et

223 2069 295 2124 de
327 2068 627 2126 ofﬁciorum
658 2071 958 2138 ordinibus,
983 2073 1029 2130 si
1060 2074 1112 2128 in
1139 2075 1383 2129 omnium
1416 2075 1636 2132 sedibus
1664 2073 1808 2144 ejus-

223 2160 353 2214 dem
394 2160 728 2218 celebritatis
772 2163 951 2219 unitas
1000 2171 1266 2220 teneatur.
1313 2163 1420 2220 Pro
1463 2164 1548 2221 his
1596 2179 1809 2236 quoque

481 2261 642 2322 prout
687 2255 921 2324 spatium
963 2254 1069 2310 diei
1116 2255 1448 2325 permiserit,
1487 2263 1544 2311 et
1567 2256 1809 2326 epistolre

223 2355 380 2411 papae
409 2339 605 2398 Leonis
647 2342 716 2398 ad
747 2343 1060 2399 Flavianum
1087 2345 1398 2415 episcopum
1430 2344 1498 2401 de
1531 2345 1809 2402 erroribus

223 2429 562 2500 Eutychetis,
614 2438 671 2488 et
718 2433 975 2504 mysterio
1020 2431 1322 2499 Trinitatis,
1377 2433 1616 2508 legenda:
1659 2444 1804 2490 sunt.

225 2517 475 2575 Canones
500 2534 715 2591 quoque
743 2521 808 2576 de
841 2522 1049 2578 unitate
1078 2521 1397 2589 ofﬁciorum,
1437 2539 1536 2580 nec
1563 2525 1628 2580 ad
1661 2525 1807 2580 aliud

227 2605 436 2676 aliquid
487 2616 645 2663 antea
687 2617 1012 2677 transcatur,
1042 2626 1202 2682 quam
1252 2611 1352 2667 ista
1402 2613 1582 2668 omnia
1639 2614 1808 2685 eXpli-

223 2704 444 2760 centur,
478 2697 550 2751 ita
579 2707 761 2753 tamen
810 2708 866 2753 ιιι
899 2699 951 2754 in
1001 2708 1142 2756 totos
1193 2710 1302 2756 tres
1339 2702 1454 2756 dies
1497 2702 1804 2758 litaniarum

223 2787 359 2842 nihil
383 2787 531 2844 aliud
555 2798 751 2860 agatur
779 2804 879 2844 nec
901 2800 1183 2858 tractetur,
1209 2791 1313 2846 nisi
1340 2793 1450 2847 sola
1475 2793 1691 2849 collatio
1738 2793 1804 2848 de

223 2879 490 2950 mysterio
544 2890 746 2935 sancue
802 2879 1117 2946 Trinitatis,
1159 2891 1216 2937 et
1267 2882 1334 2937 de.
1385 2883 1664 2940 ordinibus
1719 2885 1805 2940 vel

222 2969 423 3034 saccis,
456 2967 543 3025 vel
569 2967 864 3026 oﬂiciorum
897 2970 1178 3037 institutis,
1205 2971 1278 3026 ita
1310 2982 1367 3026 ut
1395 2972 1510 3028 inec
1542 2982 1652 3029 tota
1681 2990 1806 3044 par-

226 3064 434 3117 tiantur
463 3076 564 3131 per
589 3071 729 3118 totos
759 3062 879 3118 illos
907 3071 1017 3118 tres
1045 3063 1181 3128 dies,
1205 3072 1265 3117 ut
1295 3063 1426 3118 nihil
1453 3064 1595 3118 aliud
1643 3065 1806 3138 (sicut
1838 3125 1877 3146 η

225 3157 427 3211 dictum
443 3154 574 3225 est),
591 3155 692 3210 nisi
707 3154 817 3210 sola
834 3155 1057 3224 quazstio
1070 3155 1136 3210 de
1154 3155 1240 3210 his
1255 3169 1372 3225 quae
1387 3155 1638 3226 prazdicta
1659 3167 1804 3222 sunt,

229 3247 520 3312 habeatur,
552 3247 625 3301 ita
673 3255 731 3300 ut
769 3246 928 3302 lectio
965 3262 1180 3318 semper
1203 3261 1504 3318 congruens
1529 3246 1730 3312 ordini,
1758 3257 1812 3303 et

226 3355 400 3395 causa;
432 3354 557 3409 quae
594 3338 880 3408 quaarenda
917 3349 1021 3403 est,
1063 3338 1364 3394 antecedat.
1406 3338 1532 3394 Post
1582 3340 1716 3404 tunc,
1756 3341 1808 3394 in

225 3441 422 3501 quarto
441 3430 533 3486 die
546 3430 769 3500 reliquae
790 3445 883 3501 per
906 3431 1150 3486 ordinem
1179 3430 1522 3486 admittenda:
1545 3440 1689 3490 sunt.
1707 3432 1811 3488 sic-

226 3535 330 3590 que
353 3535 553 3576 omnes
594 3521 688 3591 qui
718 3521 782 3575 de
811 3520 1074 3592 religiosis
1096 3521 1149 3575 in
1179 3521 1462 3577 retro‘aetis
1486 3522 1674 3576 diebus
1716 3538 1812 3593 pro

230 3610 500 3681 spirituali
533 3611 891 3666 instructione
918 3610 1277 3667 interfuerant
1303 3612 1355 3667 in
1380 3613 1632 3678 concilio,
1677 3613 1811 3668 foris

229 3702 604 3773 egrediantur,
650 3701 1014 3758 residentibus
1068 3701 1336 3772 aliquibus
1377 3703 1710 3774 presbyteris
1758 3703 1810 3757 in

231 3793 486 3860 concilio,
530 3808 668 3864 quos
699 3793 1141 3864 metropolitanus
1176 3794 1485 3864 probaverit
1535 3795 1809 3849 honoran-

231 3885 351 3940 dos.
391 3884 503 3940 Per
532 3884 773 3956 singulos
816 3893 992 3939 tamen
1025 3884 1142 3940 illos
1183 3893 1294 3942 tres
1333 3885 1448 3941 dies
1477 3887 1812 3957 rogationum

236 3977 571 4042 litaniarum,
616 3978 853 4050 episc0pi
882 3978 963 4032 vel
992 3979 1294 4049 presbyteri
1322 3993 1442 4034 cum
1473 3979 1810 4035 admonitore

234 4070 468 4140 primum
491 4068 828 4124 orationibus
853 4083 912 4124 se
939 4076 1306 4139 prosternant.
1341 4067 1540 4140 Sicque
1583 4071 1810 4126 collecta

235 4175 264 4213 a
294 4157 715 4228 metropolitano
743 4157 991 4214 oratione
1035 4164 1368 4228 consurgant
1413 4167 1468 4213 et
1509 4159 1575 4215 de
1613 4159 1813 4216 divinis

238 4260 446 4306 tantum
476 4250 561 4323 (ut
595 4250 796 4305 dictum
827 4249 930 4321 est)
965 4250 1124 4305 rebus
1171 4249 1512 4305 collationem
1555 4251 1808 4316 habeant,

237 4340 289 4393 in
317 4339 544 4410 reliquis
588 4347 779 4395 autem-
811 4338 1020 4403 diebus,
1063 4339 1274 4394 cunctis
1303 4339 1607 4396 astantibus
1635 4342 1811 4397 oratio

237 4431 534 4502 colligenda
559 4438 667 4496 est,
700 4438 756 4486 et
784 4429 863 4486 sic
889 4430 1227 4513 considentes
1255 4445 1538 4486 causarum
1569 4432 1802 4502 negotia,

233 4523 374 4594 iuste
405 4534 462 4579 et
501 4523 754 4594 religiose
799 4522 1071 4593 colligant.
1100 4521 1288 4578 Nullos
1322 4534 1500 4579 tamen
1531 4525 1806 4589 tumultus,

237 4624 329 4669 aut
372 4615 517 4669 inter
557 4613 914 4679 confidentes,
961 4623 1054 4668 aut
1083 4614 1224 4670 inter
1253 4623 1496 4670 astantes
1524 4613 1810 4670 habeatur.

238 4706 434 4762 Eodem
492 4715 674 4760 tamen
718 4705 896 4772 modo,
953 4708 1250 4779 eodemque
1293 4707 1481 4764 ordine
1523 4709 1590 4762 ad
1635 4708 1818 4764 conci-

237 4796 362 4852 lium
409 4812 604 4854 omncs
651 4812 748 4867 per
800 4797 1034 4867 singulos
1087 4798 1204 4853 dies
1251 4797 1652 4869 ingrediantur,
1709 4813 1816 4867 quo

235 4890 481 4962 superius
499 4888 613 4959 jam
643 4888 975 4958 praemissum
1001 4898 1108 4946 est.
1136 4888 1268 4944 Nam
1291 4889 1390 4945 etsi
1414 4889 1710 4961 presbyteri
1738 4905 1819 4945 re-

237 4981 362 5052 liqui
391 4989 488 5036 aut
516 4980 752 5044 diaconi,
793 4979 973 5035 clerici
1014 4980 1128 5036 sive
1167 4978 1285 5035 laici
1317 4980 1384 5036 de
1429 4980 1515 5035 his
1557 4981 1648 5050 qni
1681 4979 1814 5035 foris

234 5081 523 5136 steterunt,
553 5071 838 5127 concilium
881 5086 978 5141 pro
1003 5072 1244 5143 qualibet
1273 5085 1333 5128 re
1371 5072 1701 5128 crediderint
1728 5087 1817 5142 ap-

232 5164 567 5236 pellandum,
593 5161 848 5218 Ecclesiae
862 5163 1283 5234 metropolitano).
1297 5164 1676 5220 archidiacono
1691 5178 1816 5218 can-

229 5273 344 5288 οη...
369 5270 528 5290 οηηπη
561 5253 804 5292 intimam
863 5262 912 5292 ,ιι
946 5254 1033 5294 illo
1071 5256 1300 5296 nnmilin
1332 5254 1624 5298 rlmnmlint,
1665 5253 1814 5300 Tune

1912 522 2118 576 ratione
2147 525 2418 578 communi
2451 524 2708 580 finiuntur
2751 527 3120 598 episcoporum
3151 531 3479 600 singulorum

1908 611 2155 666 manibus
2195 613 2618 680 subscribantur,
2662 617 2734 670 ita
2782 629 2957 672 tamen
2991 627 3050 672 ιιι
3074 629 3197 675 ante
3238 622 3369 676 duos
3399 622 3480 677 vel

1911 709 2018 756 tres
2043 702 2160 758 dies
2191 719 2350 772 quam
2379 705 2591 760 solvant
2617 707 2900 761 concilium
2927 725 3115 764 omnes
3149 711 3483 765 constitutio-

1907 808 2004 848 nes
2026 808 2056 847 a
2083 808 2141 847 se
2166 794 2338 848 editas
2363 794 2600 862 diligenti
2625 796 3054 850 consideratione
3083 806 3395 862 retractent,
3417 815 3483 853 ne

1908 884 1960 939 in
2002 883 2181 954 aliquo
2219 884 2585 940 offendissent.
2633 885 2784 948 Item,
2833 887 2884 941 in
2935 887 3020 942 die
3057 904 3162 957 quo
3196 889 3482 943 concilium

1907 975 2285 1031 absolvendum
2313 988 2416 1039 est,
2443 992 2676 1032 canones
2699 979 2787 1046 qui
2817 980 2868 1032 in
2896 989 3080 1033 sancta
3119 981 3324 1051 synodo
3355 996 3484 1034 con-
3523 1012 3526 1015 -

1907 1067 2077 1121 stituti
2126 1075 2281 1131 sunt,
2327 1082 2506 1122 coram
2538 1068 2762 1122 ecclesia
2800 1071 2852 1122 in
2892 1068 3104 1140 publico
3152 1070 3497 1139 relegantnr..

1907 1157 2110 1225 Quibus
2148 1157 2436 1228 explicitis,
2479 1158 2862 1228 respondeatur
2909 1159 2961 1214 in
3012 1161 3178 1216 choro
3231 1179 3244 1215 :
3298 1161 3484 1214 Amen.

1908 1253 2109 1325 Deinde
2147 1253 2212 1306 ad
2245 1253 2420 1307 locum
2451 1251 2757 1316 redeuntes,
2789 1252 2878 1307 ubi
2919 1253 2972 1306 in
3009 1253 3236 1307 concilio
3265 1254 3484 1308 resede—

1908 1353 2056 1408 runt,
2088 1357 2323 1400 canones
2358 1343 2500 1414 ipsos
2531 1342 2892 1397 subscribant.
2916 1343 3248 1398 Admonendi
3275 1358 3488 1412 quoque

1909 1453 1937 1491 a
1971 1436 2383 1506 metropolitano
2409 1443 2534 1490 sunt
2562 1435 2627 1490 de
2658 1435 2865 1490 Pascha
2901 1443 3148 1498 venturo,
3176 1449 3282 1504 quo
3306 1437 3487 1490 veniat

1907 1525 2017 1581 die.
2056 1525 2389 1580 Admonendi
2421 1526 2584 1581 etiam
2634 1534 2760 1581 sunt
2797 1541 2903 1594 quo
2944 1535 3186 1594 tempore
3231 1541 3486 1594 superveo

1908 1617 2074 1672 nienti
2097 1632 2238 1671 anno
2253 1617 2320 1672 ad
2348 1616 2647 1672 faciendum
2673 1616 2957 1672 concilium
2983 1615 3222 1670 veniant.
3248 1616 3489 1685 Eligendi

1911 1711 2071 1764 etiam
2106 1718 2230 1764 sunt
2258 1709 2323 1764 de
2345 1709 2633 1779 episcopis,
2657 1710 2746 1778 qui
2775 1725 2894 1764 cum
2924 1709 3342 1778 metropolitano
3371 1709 3486 1764 dies

1839 1771 1884 1831 Β
1914 1800 2079 1854 festos
2121 1798 2327 1855 Natalis
2370 1771 2580 1856 Domini
2618 1810 2673 1854 et
2716 1811 2960 1856 sanctum
3009 1800 3215 1856 Pascha
3262 1799 3492 1854 debeant

1913 1889 2205 1945 celebrare.
2254 1890 2380 1944 Post
2419 1891 2554 1954 hazc,
2587 1891 2793 1946 dicente
2839 1891 3262 1946 archidiacono:
3307 1887 3490 1951 Orate,

1909 1995 2099 2036 omnes
2143 1979 2302 2034 simul
2349 1981 2402 2035 in
2453 1989 2592 2035 terra
2644 1983 2849 2052 pariter
2895 1996 2954 2038 se
2999 1989 3366 2051 prosternant,
3400 1978 3490 2032 ubi

1909 2067 2214 2124 diutissime
2249 2078 2488 2135 orantes,
2518 2069 2657 2124 hanc
2698 2084 2839 2125 unus
2874 2084 2936 2124 ex
2967 2067 3261 2137 majoribus
3290 2067 3494 2123 oratio-

1910 2175 2034 2217 nem
2063 2160 2208 2216 dicat
2235 2183 2247 2215 :

2603 2251 2784 2306 Oratio

1980 2361 2135 2417 Nulla
2158 2370 2260 2428 est,
2309 2361 2552 2425 Domine,
2604 2361 2851 2418 humanm
2899 2362 3245 2418 conscientia:
3295 2359 3492 2418 virtus.

1909 2469 2030 2525 quae
2074 2452 2334 2509 inoﬂ‘ense
2358 2453 2526 2524 possit
2553 2461 2654 2507 tua:
2677 2453 2971 2508 voluntatis
2991 2452 3193 2522 judicia
3219 2450 3492 2519 expedire.

1909 2555 1964 2599 et
1999 2545 2118 2599 ideo
2163 2545 2287 2614 quia
2340 2543 2712 2615 imperfectum
2757 2543 3302 2597 nostrnmrvidcrnnt
3353 2539 3492 2595 oculi

1910 2635 2007 2701 tui,
2025 2633 2335 2706 perfectioni
2360 2634 2574 2702 deputa,
2590 2647 2918 2702 quazsumus,
2936 2649 3053 2702 qum
3067 2631 3305 2703 perfecto
3326 2629 3496 2701 (equi-

1909 2726 2036 2780 tatis
2067 2725 2170 2779 line
2209 2724 2530 2780 concludere
2556 2734 2923 2795 peroptamus.
2947 2723 3023 2779 Te
3050 2725 3102 2779 in
3127 2723 3325 2779 nostris
3352 2723 3496 2792 prin-

1908 2815 2063 2885 cipiis
2092 2828 2438 2870 occursorem
2465 2816 2829 2886 poposcimns,
2864 2825 2915 2871 te
2941 2831 3155 2886 quoque
3179 2816 3230 2869 in
3260 2815 3358 2868 hoc
3390 2813 3494 2866 line

1902 2905 2226 2976 iudiciorum
2275 2915 2582 2960 nostrorum
2615 2905 2928 2960 excessibus
2959 2907 3147 2960 adesse
3185 2919 3491 2973 precamur,

1908 2995 2132 3058 scilicet,
2163 3003 2221 3049 ut
2243 2995 2564 3063 ignorantia:
2588 3012 2801 3065 pareas,
2829 3006 2888 3050 ut
2913 2997 3083 3053 errori
3111 2996 3409 3066 indulgeas,
3435 3003 3496 3047 ut

1910 3084 2164 3154 perfectis
2191 3086 2331 3140 votis
2369 3085 2661 3156 perfectam
2691 3087 2868 3157 operis
2897 3086 3192 3141 eﬂicaciam
3222 3084 3494 3156 largiaris.

1914 3175 1980 3229 Et
2016 3175 2141 3244 quia
2174 3174 2503 3229 conscientia
2549 3176 2891 3230 remordente
2923 3173 3267 3240 tabescimus,
3305 3188 3372 3228 ne
3402 3182 3498 3226 aut.

1913 3267 2216 3338 ignorantia
2270 3283 2368 3322 nos
2427 3268 2652 3322 traxerit
2695 3267 2749 3322 in
2795 3283 3072 3333 errorem,
3121 3277 3212 3322 aut
3253 3281 3493 3338 praeceps

1913 3355 2138 3411 forsitan
2160 3347 2409 3413 veluntas
2431 3357 2706 3426 impulerit
2713 3358 2976 3428 justitiam
2993 3357 3286 3423 decnnarc,
3309 3357 3493 3413 obhoc

1914 3453 1967 3500 te
1988 3449 2283 3516 poscimus,
2314 3456 2365 3501 te
2383 3462 2651 3517 rogamus,
2683 3457 2740 3501 ut
2760 3449 2806 3502 si
2830 3447 2956 3518 quid
2980 3445 3290 3502 offensionis
3314 3448 3366 3500 in
3391 3447 3493 3502 hac

1913 3537 2126 3592 concilii
2155 3536 2465 3592 celebritate
2496 3537 2840 3601 attraximus,
2876 3539 3179 3591 condonare
3207 3552 3271 3591 ac
3302 3537 3493 3591 remis-

1913 3627 2066 3683 sibile
2089 3626 2266 3684 facere
2288 3627 2542 3697 digneris,
2571 3637 2629 3682 ut
2682 3628 2734 3680 in
2768 3641 2833 3682 eo
2874 3626 3015 3696 quod
3051 3626 3274 3681 suluturi
3307 3640 3493 3679 sumus
3523 3668 3534 3673 ..

1915 3727 2262 3790 aggregatum
2277 3717 2590 3786 concilium,
2613 3733 2642 3772 a
2668 3719 2880 3773 cunctis
2899 3718 3131 3788 primum
3148 3715 3490 3771 absolvamur

1913 3816 2219 3864 nostrorum
2243 3807 2466 3862 nexibus
2494 3807 2836 3872 delictorum,
2860 3806 3092 3877 qualiter
3110 3814 3163 3861 et
3192 3813 3496 3875 transgres-
3533 3844 3538 3847 ι

1914 3913 2066 3953 sores
2093 3898 2272 3964 venia,
2297 3909 2351 3953 et
2372 3898 2692 3954 confitentes
2721 3898 2813 3952 tibi
2849 3899 3208 3959 subsequatur
3233 3911 3488 3951 remune-

1914 3991 2052 4044 ratio
2075 3989 2425 4058 sempiterna.

1987 4083 2121 4138 lluic
2160 4082 2389 4138 orationi
2428 4084 2602 4138 oratio
2645 4083 2806 4138 Pater
2854 4095 3026 4138 noster
3066 4083 3410 4154 adjungatur,
3435 4090 3490 4136 et

1916 4174 2124 4231 cunctis
2155 4175 2326 4229 adhuc
2353 4175 2676 4244 iacentibus,
2705 4175 2818 4229 lnec
2847 4175 3146 4231 benedictio
3174 4173 3488 4244 explicetur.

2530 4284 2848 4342 Benedictio.

1986 4397 2235 4452 Christus
2264 4396 2357 4450 Dei
2383 4395 2569 4462 Filius,
2603 4397 2694 4466 qui
2725 4406 2810 4451 est
2846 4397 3056 4452 initium
3088 4407 3140 4454 et
3163 4397 3304 4460 finis,
3338 4410 3486 4452 com-

1915 4488 2240 4559 plementum
2273 4488 2424 4543 vobis
2475 4487 2676 4543 tribuat
2723 4490 3024 4545 charitatis.
3059 4490 3248 4544 Amen.
3292 4487 3358 4544 Et
3400 4487 3490 4558 qui

1918 4596 2014 4636 vos
2059 4581 2125 4636 ad
2169 4581 2528 4652 expletionem
2564 4581 2722 4651 hujus
2768 4583 2896 4638 fecit
2945 4584 3230 4654 pervenire
3277 4579 3491 4637 concilii

1920 4674 2198 4730 absolutos
2240 4689 2335 4730 vos
2363 4673 2560 4729 etiiciat
2606 4676 2674 4729 ab
2717 4674 2863 4729 omni
2913 4674 3230 4744 contagione
3286 4671 3489 4726 delicti.

1919 4767 2110 4822 Amen.
2143 4763 2210 4823 Et
2234 4767 2301 4821 ab
2331 4766 2476 4822 omni
2511 4775 2660 4822 reatu
2706 4766 2986 4822 liberiores
3023 4764 3221 4830 eﬂ‘ecti,
3261 4763 3493 4820 absoluti

1919 4860 2080 4915 etiam
2108 4875 2201 4930 per
2224 4859 2420 4915 donum
2443 4859 2677 4930 Spiritus
2704 4860 2893 4924 sancti,
2927 4859 3067 4916 felici
3095 4858 3265 4913 reditu
3289 4869 3492 4912 vestra-

1923 4969 2038 5006 rum
2061 4954 2267 5008 sodium
2295 4954 2491 5009 cubilia
2521 4954 2776 5024 repetatis
2801 4952 2972 5010 illzesi.
2995 4955 3184 5009 Amen.
3202 4949 3353 5016 Quod
3381 4949 3496 5020 ipse
3523 4975 3526 4977 λ

1919 5053 2175 5114 pnestare
2199 5044 2466 5115 dignetur,
2501 5043 2654 5113 cujus
2695 5059 2916 5114 regnum
2963 5055 3018 5102 et
3052 5041 3335 5114 imperium
3366 5057 3490 5112 perv

1921 5143 2101 5189 manet
2131 5135 2182 5189 in
2207 5136 2400 5190 saecula
2423 5137 2761 5191 saeculorum.
2794 5135 2992 5194 Amen.

1991 5225 2194 5292 Quibus
2226 5227 2472 5296 expletis,
2503 5243 2625 5282 cum
2672 5227 2873 5282 dictum
2919 5230 3087 5288 fuerit
3125 5229 3194 5282 ab
3230 5227 3498 5282 archidia~
