4012 6472
27 2438 88 2495 δι
104 2452 184 2494 δια
199 2456 286 2493 Vri.
307 2467 367 2496 »νδ

473 365 537 446 is
1242 389 1530 448 APPEND.
1573 394 1664 448 AD
1697 389 1864 450 sise.
1907 393 1997 450 ix.
2039 427 2108 437 —
2140 395 2393 455 ISIDORI
2428 394 2871 456 MERCATOBIS
3649 397 3724 454 is:

956 497 1139 556 Oratio
1166 499 1270 556 diei
1295 502 1556 556 secundae.

541 593 856 652 Nostrorum
882 592 998 653 tibi,
1020 592 1264 658 Domine,
1289 602 1573 647 curvantes
1596 607 1767 663 genua
1781 594 2046 661 cordium,

473 699 800 753 quaesumus,
848 691 908 736 ut
947 683 1144 737 bonum
1187 682 1328 751 quod
1375 681 1531 737 nobis
1575 698 1604 736 a
1653 692 1706 737 te
1754 683 2050 752 requiritur

472 790 854 846 exsequamur,
899 781 958 826 ut
995 781 1239 842 prompta
1280 787 1492 841 semper
1528 771 1886 827 sollicitudine
1927 789 2048 844 gra-

473 864 702 924 dientes.
720 862 1061 918 discretionis
1075 863 1257 916 ardua:
1271 861 1467 917 subtile
1481 861 1740 932 judicium
1760 859 2044 928 faciamus,

473 969 538 1010 ac
590 953 1018 1009 misericordiam
1056 950 1340 1019 diligentes
1368 948 1671 1008 clareamus
1711 951 1905 1007 studiis
1951 951 2045 1007 tibi

471 1044 681 1114 placitae
707 1042 957 1100 actionis.

2071 510 2125 567 Α

2663 503 2848 562 Oratio
2882 508 2988 562 diei
3011 506 3196 561 tertia.

2219 618 2300 671 ad
2344 627 2411 681 te,
2454 617 2927 682 Domine,.interni
2965 616 3216 673 clamoris
3259 615 3484 670 vocibus
3510 615 3721 686 procla-

2149 715 2380 771 mantes,
2418 707 2743 762 unanimiter
2769 707 3131 776 postulamus,
3166 715 3227 760 ut
3259 713 3502 774 respectu
3534 705 3724 776 gratia

2148 805 2253 858 una:
2273 797 2506 862 solidati,
2549 813 2825 868 przecones
2849 797 3063 854 virtutis
3093 806 3196 852 tum
3225 795 3523 850 efﬁciamur
3548 795 3720 849 intre-

2147 887 2279 958 pidi,
2311 896 2570 958 tuumque.
2606 887 2880 944 valeamus
2907 888 3130 943 verbum
3177 902 3299 942 cum
3338 885 3486 942 ornni
3519 885 3730 942 ﬁducia

2147 977 2322 1049 loqui.
2998 994 3000 996 '

477 1156 3716 1183 W

1090 1297 1142 1367 2
1201 1307 1748 1390 INCIPIUNT
1807 1309 2270 1390 CANONES
2323 1310 3130 1402 APOSTOLOBUM,

1540 1506 1659 1548 PER
1704 1505 2093 1551 ειεωξκτεκ
2143 1505 2354 1550 ΡΔΡΑΜ
2397 1507 2686 1552 ΡηοιΔτι.

544 1785 671 1842 Car.
704 1786 742 1841 I.
774 1785 1068 1858 Episcopus
1110 1803 1140 1842 a
1181 1787 1391 1845 duobus
1431 1797 1524 1844 aut
1573 1787 1742 1843 tribus
1778 1787 2044 1858 episcopis
2074 1789 2119 1849 Β
2147 1805 2464 1863 suspensus,
2511 1804 2606 1846 seu
2657 1788 3096 1852 communicans,
3145 1788 3212 1842 ad
3263 1787 3424 1844 aliam
3471 1801 3734 1863 properet

477 1880 774 1934 ordinetur.

545 1971 606 2024 ll.
659 1970 946 2042 Presbyter
985 1970 1053 2025 ab
1089 1986 1196 2028 uno
1231 1972 1806 2042 episeoooordinetur,
1842 1977 1896 2025 et
1935 1968 2050 2024 dia-

475 2074 646 2114 conus
671 2067 725 2114 et
756 2059 944 2129 reliqui
977 2059 1180 2114 clerici.

547 2152 632 2206 III.
665 2152 719 2206 Si
749 2153 869 2220 quis
911 2152 1192 2222 episcopus
1229 2163 1323 2208 aut
1368 2152 1650 2225 presbyter
1675 2161 1866 2220 praeter
1906 2149 2049 2205 ordi-

476 2245 745 2299 nationem
777 2244 1009 2307 Domini,
1056 2243 1158 2298 alia
1187 2246 1430 2316 quaedam
1470 2245 1522 2298 in
1563 2244 1828 2300 sacriﬁcio
1861 2242 2050 2298 oﬁ'erat

475 2348 637 2402 super
659 2333 848 2399 altare,
891 2333 941 2388 id
983 2343 1082 2390 est.
1113 2344 1206 2388 aut
1244 2334 1372 2399 mel,
1403 2344 1503 2389 aut.
1541 2333 1644 2399 lac,
1672 2342 1765 2387 aut
1789 2348 1886 2402 pro
1922 2333 2049 2387 vino

411 2423 425 2491 ἶ
475 2425 740 2499 siceram,
794 2435 847 2479 et
893 2424 1132 2480 confecta
1178 2425 1460 2494 quaedam,
1511 2431 1604 2479 aut
1647 2423 1905 2486 volatilia,
1957 2431 2049 2476 aut

477 2514 723 2569 animalia
764 2516 1028 2586 qumdam,
1061 2524 1147 2570 aut
1178 2515 1468 2588 legumina,
1495 2525 1683 2571 contra
1712 2513 2051 2569 constitutio-

476 2620 595 2660 nem
621 2604 832 2660 Domini
865 2605 1088 2670 faciens,
1114 2622 1350 2678 congruo
1382 2615 1620 2676 tempore
1644 2605 1960 2675 deponatur.

545 2697 632 2753 IV.
665 2697 858 2753 Oﬁ'erri
887 2713 991 2753 non
1032 2699 1192 2753 liceat
1217 2699 1415 2769 aliquid
1438 2700 1503 2752 ad
1531 2698 1702 2754 altare
1729 2708 1924 2769 praeter
1953 2715 2050 2754 no-

475 2805 571 2845 vas
597 2791 794 2862 spicas,
817 2802 870 2846 et
909 2805 1039 2845 uvas
1069 2801 1124 2846 et
1147 2790 1322 2845 oleum
1353 2792 1418 2845 ad
1447 2791 1815 2855 luminarium,
1841 2799 1893 2846 el
1927 2790 2051 2861 thy-

474 2881 690 2946 miama,
719 2881 770 2934 id
799 2890 880 2936 est
904 2881 1203 2947 incensum,
1234 2890 1472 2952 tempore
1497 2896 1603 2950 quo
1629 2895 1784 2936 sacra
1811 2881 2052 2937 celebra-

476 2981 563 3024 tur
587 2971 805 3026 oblatio.

545 3063 608 3116 V.
637 3062 860 3132 Reliqua
893 3079 1047 3133 poma
1091 3063 1268 3120 ornnia
1313 3065 1378 3117 ad
1406 3063 1619 3118 domum
1663 3062 1912 3133 primitiae
1939 3063 2050 3132 epi-

2149 1881 2461 1946 civitatem,
2516 1889 2572 1936 et
2620 1880 2942 1950 suscipiatur
2992 1887 3216 1951 propter
3258 1883 3733 1940 commendatitias

2149 1970 2377 2038 litteras,
2423 1979 2479 2026 et
2525 1971 2616 2041 qui
2671 1979 3041 2039 susceperunt,
3088 1980 3144 2026 et
3182 1972 3272 2042 qui
3296 1983 3575 2044 susceptus
3615 1984 3720 2041 est,

2149 2061 2523 2118 communione
2549 2061 2844 2131 priventur.
2869 2061 3348 2119 Excommunicato
3374 2079 3501 2120 vero
3537 2074 3722 2137 prote-

2150 2153 2290 2208 letur
2327 2154 2439 2223 ipsa
2483 2154 2773 2224 correptio,
2825 2163 3076 2224 tanquam
3110 2156 3203 2227 qui
3249 2157 3504 2214 mentitus
3545 2160 3640 2226 sit,
3668 2171 3726 2216 et

2149 2243 2457 2300 Ecclesiam.
2476 2243 2568 2300 Dei
2590 2245 2832 2300 seduxit-

2221 2332 2357 2389 XIV.
2390 2333 2652 2404 Episcopo
2679 2349 2783 2389 non
2819 2332 2945 2390 licet
2971 2351 3128 2404 auiam
3151 2339 3485 2408 parochiam,
3505 2341 3725 2411 propria

2151 2423 2358 2489 relicta,
2381 2425 2838 2498 pervadere,licet
2863 2436 3085 2497 cogatur
3107 2443 3136 2481 a
3162 2428 3427 2498 plurimis,
3452 2430 3555 2484 nisi
3586 2430 3727 2485 forte

2149 2514 2270 2586 quis
2293 2528 2416 2570 eum
2450 2515 2751 2570 rationabili
2782 2531 2942 2571 causa
2980 2517 3284 2588 compellat,
3341 2527 3592 2588 tanquam
3630 2521 3725 2590 qui

2150 2607 2320 2677 possit
2359 2607 2552 2663 ibidem
2596 2609 2900 2664 constitutis
2943 2609 3061 2678 plus
3109 2610 3244 2665 lucri
3272 2611 3537 2676 conferre,
3584 2622 3641 2666 et
3670 2614 3726 2667 in

2150 2713 2314 2754 eausa
2343 2698 2615 2770 religionis
2634 2697 2833 2768 aliquid
2871 2700 3142 2768 profectus
3177 2701 3501 2771 prospicere.
3527 2702 3594 2756 Et
3625 2703 3726 2757 hoc

2151 2807 2256 2846 non
2275 2806 2304 2845 a
2318 2791 2603 2862 semetipso
2625 2800 2913 2864 pertentet,
2929 2795 3021 2847 sed
3045 2794 3329 2848 multorum
3350 2794 3724 2866 episcoporum

2145 2882 2350 2954 judicio
2368 2891 2422 2939 et
2442 2885 2673 2938 maxima
2698 2883 3084 2955 supplicatione
3107 2885 3370 2957 perﬁciat.
3406 2916 3408 2919 -

2222 2972 2337 3028 XV.
2367 2973 2423 3029 Si
2449 2975 2572 3045 quis
2609 2977 2886 3047 presbyter
2931 2985 3022 3030 aut
3051 2978 3330 3043 diaconus,
3363 2987 3459 3032 aut
3500 2977 3728 3048 quilibet

2151 3066 2218 3122 de
2262 3080 2486 3138 numero
2530 3065 2844 3121 clericorum
2903 3067 3210 3138 relinquens
3253 3069 3522 3140 propriam
3565 3085 3727 3139 paro.

472 3169 642 3228 scene
683 3164 732 3212 et
775 3156 1106 3230 Hcsly‘eris
1153 3155 1470 3226 dirigantur,
1520 3171 1619 3215 nec
1667 3153 1959 3214 oderantur
1994 3154 2046 3211 in
2073 3172 2118 3235 (ξ
2153 3157 2328 3215 sitiam
2359 3164 2539 3229 pergat
2581 3157 2647 3212 ad
2683 3157 2909 3218 alienam
2940 3168 2993 3216 et
3020 3160 3239 3217 omnino
3268 3161 3550 3234 demigrat,
3585 3176 3726 3233 pra:-

473 3251 649 3306 altari.
680 3251 895 3308 Certum
924 3263 1006 3306 est
1035 3263 1210 3306 autem
1249 3251 1388 3322 quod
1430 3254 1714 3323 episcopus
1749 3259 1806 3306 et
1833 3251 2050 3323 presby-

473 3342 570 3397 teri
597 3342 835 3397 ih'vidant
863 3343 1103 3397 diaconis
1124 3352 1179 3396 et
1201 3342 1422 3412 reliquis
1452 3343 1682 3397 clericis.

541 3431 628 3485 Vl.
659 3431 954 3503 Episcopus
979 3440 1071 3486 aut
1098 3432 1378 3502 presbyter
1404 3448 1624 3487 uxorem
1653 3431 1924 3502 propriam
1953 3445 2050 3487 ne-

473 3539 742 3594 quaquam
781 3525 881 3580 sub
904 3525 1125 3579 obtentu
1159 3525 1431 3596 religionis
1456 3525 1691 3596 abjiciat.
1719 3524 1774 3579 Si
1802 3540 1929 3579 vero
1965 3539 2050 3578 re-

475 3615 694 3684 jecerit,
725 3615 1243 3676 excommunicetur.
1287 3616 1380 3671 scd
1421 3624 1475 3671 et
1511 3617 1556 3672 si
1601 3615 2051 3688 perseveraverit,

480 3706 781 3776 dejiciatur.

544 3797 654 3852 Vll.
686 3797 1002 3868 Episcopus,
1047 3807 1140 3852 aut
1179 3797 1477 3870 presbyter,
1522 3805 1614 3851 aut
1651 3796 1909 3852 diaconus
1957 3810 2051 3850 ne-

473 3904 742 3958 quaquam
767 3887 1053 3944 saeculares
1087 3905 1246 3946 curas
1275 3897 1532 3953 assumat;
1563 3887 1644 3942 sin
1673 3900 1875 3954 autem,
1912 3886 2049 3958 deji-

477 3979 652 4034 ciatur

549 4070 677 4127 VIII.
706 4069 762 4129 Si
789 4069 910 4142 quis
933 4071 1358 4143 episcopus,.aut
1397 4069 1695 4142 presbyter,
1737 4078 1829 4124 aut
1866 4068 2051 4123 diaco-

473 4179 576 4218 nus
601 4172 843 4220 sanctum
865 4163 1085 4220 Pascha:
1115 4166 1252 4219 diem
1277 4175 1401 4219 ante
1429 4163 1644 4220 vernale
1671 4163 2049 4234 aequinoctium

471 4270 592 4310 cum
615 4250 814 4310 Iudicis
839 4255 1211 4319 celebraverit,
1239 4255 1538 4325 abjiciatur.

543 4342 631 4399 IX.
659 4345 714 4401 Si
735 4347 856 4416 quis
879 4347 1183 4416 episcopus,
1210 4356 1301 4401 aut
1326 4347 1624 4418 presbyter.
1656 4355 1750 4400 aut
1769 4346 2050 4412 diaconus,

470 4434 553 4488 vel
583 4436 810 4506 quilibet
846 4453 912 4492 ex
952 4436 1268 4493 sacerdotali
1299 4436 1541 4508 catalogo
1579 4437 1715 4491 facta
1755 4437 2046 4502 oblatione,

2152 3261 2235 3306 ter
2270 3250 2504 3322 episoOpi
2545 3251 2626 3305 sui
2677 3254 3059 3309 conscientiam
3097 3256 3237 3309 ut'in
3260 3253 3430 3309 aliena
3471 3255 3728 3324 parochia

2149 3351 2545 3406 commoretur,
2562 3343 2704 3398 hunc
2732 3343 2954 3400 ulterius
2992 3345 3315 3400 ministrare-
3339 3361 3443 3400 non
3470 3345 3725 3414 patimur,

2150 3433 2420 3504 pra-cipue
2451 3433 2494 3488 si
2525 3445 2761 3489 vocatus.
2794 3435 2860 3490 ab
2895 3435 3145 3504 episeopo
3187 3435 3362 3491 redire
3383 3444 3730 3504 contempse-

2149 3523 2234 3580 rit.
2272 3523 2323 3577 in
2368 3537 2463 3578 sua
2515 3523 2880 3592 inquietudine
2918 3539 3307 3594 perseverans,
3349 3534 3728 3580 verumtamen

2153 3622 2408 3682 tanquam
2443 3613 2613 3667 laicus
2641 3612 2725 3668 ibi.
2740 3616 3122 3670 communicet.

2218 3701 2369 3758 XVI.
2384 3702 2676 3774 Episcopus
2703 3719 2831 3760 vero
2855 3707 2992 3776 apud
3025 3721 3184 3776 quem
3206 3716 3442 3762 moratos
3461 3721 3581 3763 esse
3609 3721 3732 3761 con-

2147 3791 2366 3856 stiterit,
2381 3792 2425 3847 si
2449 3801 2634 3847 contra
2660 3808 2755 3849 eos
2777 3795 3048 3849 decretam
3071 3799 3426 3852 cessationem
3443 3811 3540 3866 pro
3563 3796 3731 3851 nihilo

2151 3891 2432 3952 reputans,
2469 3893 2721 3954 tanquam
2767 3885 2993 3941 clericos
3021 3886 3156 3942 forte
3193 3890 3524 3958 susceperit,
3586 3888 3734 3944 velut

2151 3973 2409 4044 magister
2439 3976 2823 4043 inquietudiuis
2851 3979 3228 4033 communione
3250 3979 3510 4048 privetun.
3573 3991 3576 3994 ‘

2222 4061 2379 4118 XVII.
2409 4063 2466 4119 Si
2498 4065 2618 4134 quis
2660 4075 2780 4136 post
2818 4067 3078 4137 baptisma
3126 4069 3374 4125 secundis
3418 4070 3583 4126 fuerit
3630 4086 3730 4126 nu-

2151 4157 2277 4226 ptiis
2313 4157 2614 4228 copulatus,
2663 4168 2756 4212 aut
2790 4161 3142 4215 concubinam
3188 4163 3454 4228 habuerit,
3495 4181 3601 4220 non
3635 4181 3730 4236 po-

2153 4258 2255 4305 test
2283 4265 2403 4305 esse
2428 4250 2732 4321 episcopus,
2764 4267 2860 4306 nec
2887 4254 3188 4324 presbyter,
3216 4263 3308 4308 aut
3331 4255 3607 4317 diaconus.
3637 4266 3731 4312 aut

2152 4355 2374 4410 prorsus
2405 4356 2472 4396 ex
2503 4357 2727 4398 numero
2757 4342 2968 4397 illorum
2989 4344 3078 4413 qui
3116 4345 3417 4400 ministerio
3451 4362 3607 4404 sacro
3633 4348 3728 4403 de-

2153 4433 2415 4487 serviunt.

472 4543 577 4580 non
609 4528 1107 4592 communicaverit,
1137 4537 1228 4583 aut
1265 4543 1480 4582 causam
1513 4527 1652 4581 dicat
1697 4526 1767 4596 (si
1813 4527 2051 4579 rationa—
2080 4529 2126 4587 ι)
2222 4523 2404 4579 XVIII.
2430 4523 2487 4578 Si
2519 4525 2640 4595 quis
2671 4525 2884 4580 viduam
2933 4536 2990 4582 et
3031 4526 3256 4594 eiectam
3304 4539 3592 4597 acceperit,
3637 4536 3732 4582 aut

472 4617 593 4672 bilis
625 4619 803 4683 fuerit,
844 4621 1055 4673 veniam
1089 4617 1467 4691 consequatur)
1503 4627 1592 4672 aut
1618 4617 1660 4672 si
1694 4632 1797 4672 nou
1831 4617 2048 4681 dixerit,

471 4711 851 4765 communione
895 4711 1160 4782 privetur,
1197 4721 1449 4781 tauquam
1498 4711 1590 4782 qui
1645 4709 1839 4781 populo
1887 4726 2049 4765 causa

473 4799 705 4858 ltBSiOIIiS
731 4804 1018 4865 exstiterit,
1060 4804 1193 4858 dans
1222 4804 1578 4874 suspicionem
1620 4804 1686 4857 de
1717 4816 1789 4858 eo
1825 4802 1916 4872 qui
1959 4817 2050 4856 sa-

469 4892 752 4956 criﬁcavit,
783 4895 925 4964 quod
957 4906 1103 4950 recte
1139 4910 1244 4949 non
1279 4894 1554 4950 obtulerit.

541 4983 606 5038 Χ.
637 4983 837 5041 Omnes
881 4986 1064 5044 ﬁdeles
1100 4987 1192 5058 qui
1241 4986 1616 5055 ingrediuntur
1659 4986 1945 5041 ecclesiam
1997 4993 2053 5039 et

469 5076 779 5146 Scripturas
807 5079 1052 5144 audiunt,
1100 5095 1203 5133 non
1246 5089 1422 5133 autem
1450 5087 1800 5149 perseverant
1841 5079 1892 5132 in
1924 5092 2050 5131 ora-

469 5169 636 5232 tione,
667 5185 766 5224 nec
808 5181 1051 5227 sanctam
1081 5171 1512 5227 communionem
1547 5170 1870 5240 percipiunt,
1904 5169 2052 5224 velut

468 5261 869 5330 inquietudines
896 5263 1147 5320 Ecclesiae
1172 5274 1587 5328 commoventes,
1623 5261 1872 5319 convenit
1903 5276 2050 5316 com-

469 5354 724 5410 munione
756 5355 980 5424 privari.

537 5445 628 5499 XI.
657 5444 712 5500 Si
745 5445 866 5515 quis
891 5461 1014 5502 cum
1059 5448 1524 5504 excommunicato
1561 5446 1749 5502 saltem
1792 5447 1846 5502 in
1887 5445 2050 5501 domo

467 5537 623 5591 simul
653 5538 911 5605 oraverit,
943 5539 1046 5595 iste
1067 5543 1443 5596 communione
1466 5541 1726 5610 privetur.

542 5625 651 5681 XII.
681 5626 737 5682 Si
765 5628 888 5698 quis
917 5645 1038 5685 cum
1070 5632 1322 5688 damnato
1357 5632 1555 5688 clerico
1585 5631 1746 5686 veluti
1785 5646 1907 5685 cum
1941 5630 2049 5686 cle-

468 5722 581 5774 rico
611 5720 767 5775 simul
791 5724 1049 5786 oraverit,
1083 5723 1186 5780 iste
1215 5726 1521 5778 damnetur.

543 5809 672 5866 XIII.
726 5810 782 5868 Si
832 5814 952 5885 quis
985 5814 1233 5882 clericus,
1267 5825 1359 5870 aut
1391 5816 1580 5882 laicus,
1612 5832 1639 5868 a
1667 5814 2046 5871 communione

2153 4618 2515 4682 meretricem,
2552 4626 2645 4672 aut
2685 4618 2953 4682 ancillam,
2997 4619 3081 4673 vel
3114 4619 3344 4687 aliquam
3389 4619 3457 4673 de
3497 4619 3579 4674 bis
3609 4633 3731 4688 qua

2151 4710 2380 4782 publicis
2423 4709 2746 4779 spectaculis
2795 4709 3192 4778 inancipantur,
3249 4725 3354 4764 non
3397 4716 3574 4778 potest
3609 4723 3731 4763 esse

2151 4804 2459 4872 episcopus,
2499 4811 2592 4854 aut
2641 4800 2943 4870 presbyter,
2990 4811 3082 4855 aut
3125 4803 3407 4867 diaconus,
3443 4811 3536 4857 aut
3569 4817 3636 4857 ex
3665 4816 3730 4858 eo

2154 4907 2377 4948 numero
2397 4892 2486 4962 qui
2518 4891 2814 4946 ministerio
2853 4909 3006 4948 sacro
3033 4894 3360 4948 deserviunt.

2223 4980 2364 5036 XIX.
2391 4981 2492 5048 Qui
2514 4981 2646 5035 duas
2677 4981 2728 5036 in
2755 4980 3060 5052 coujugium
3089 4996 3302 5037 sorores
3327 4983 3614 5054 acceperit,
3644 4997 3710 5036 ve

2155 5075 2316 5128 ﬁliam
2340 5072 2543 5136 fratris,
2576 5073 2805 5129 clericus
2835 5089 2953 5128 esse
2991 5090 3095 5129 non
3125 5077 3343 5146 poterit.

2225 5163 2340 5219 XX.
2391 5165 2632 5220 Clericus
2681 5163 3113 5233 ﬁdejussiouibus
3161 5166 3728 5236 inserviens,abjicra-

2155 5269 2258 5312 llll'.

2223 5349 2362 5408 XXI.
2406 5351 2696 5407 Eunuchus
2741 5352 2785 5406 si
2822 5366 2918 5421 per
2953 5351 3172 5406 insidias
3223 5352 3496 5407 hominum
3554 5353 3733 5420 factus

2149 5454 2253 5505 est,
2277 5443 2356 5496 vel
2386 5444 2430 5498 si
2462 5445 2513 5498 in
2540 5444 2913 5513 persecutione
2936 5443 3052 5509 ejus
3089 5454 3213 5498 sunt
3235 5454 3508 5514 amputata
3531 5446 3722 5505 virilia.

2151 5536 2233 5589 vel
2263 5535 2305 5590 si
2334 5534 2406 5589 ita
2456 5546 2615 5592 natus
2644 5543 2726 5589 cst
2767 5545 2823 5588 et
2863 5544 2947 5588 est
2983 5535 3197 5606 dignus,
3223 5534 3483 5595 eﬁiciatur
3516 5537 3726 5608 episco-

2151 5642 2269 5697 pus.

2222 5717 2384 5772 XXII.
2415 5717 2472 5771 Si
2500 5718 2620 5786 quis
2647 5715 2872 5770 abscidit
2901 5724 3272 5785 semetipsum,
3305 5715 3356 5770 id
3401 5724 3508 5779 est,
3532 5717 3576 5770 si
3605 5717 3728 5786 quis

2152 5812 2446 5881 amputavit
2494 5811 2590 5867 sibi
2644 5809 2836 5873 virilia,
2894 5822 2998 5864 non
3062 5809 3153 5863 ﬁat
3199 5803 3448 5874 clericus,
3481 5807 3604 5878 quia
3641 5823 3724 5862 su.
