3998 5416
526 200 592 257 I9
1361 202 1646 258 APPEND.
1680 202 1772 256 AD
1807 199 1974 255 SIEC.
2010 197 2098 251 IX.
2140 227 2209 236 —-
2246 195 2491 253 iSIDORI
2532 195 2970 253 MERCATORIS
3686 196 3751 251 9ο

526 323 665 368 trum
690 327 818 369 usus
837 320 892 369 et
913 313 1027 384 ipse
1050 314 1405 385 percipiat,ut
1428 314 1553 368 nihil
1577 315 1655 368 eis
1677 313 1845 384 possit
1870 309 2091 366 omnino
2118 314 2165 371 Α
2262 307 2466 365 XLVII.
2504 308 2799 378 Episcopus
2828 316 2923 362 aut
2950 307 3248 380 presbyter,
3291 305 3336 362 si
3380 320 3503 360 cum
3552 307 3645 375 qui
3673 323 3753 362 se-

525 403 732 459 deesse.
763 403 872 460 Lex
916 406 1059 461 enim
1101 401 1191 462 Dei
1221 405 1461 477 praecipit
1488 412 1542 459 ut
1582 405 1672 476 qui
1720 403 1876 459 altari
1912 403 2093 458 deser-
2195 398 2428 454 cundum
2460 398 2740 457 veritatem
2770 398 3020 457 habuerit
3050 396 3314 465 baptisma
3336 435 3351 461 ,
3382 395 3561 450 denuo
3591 395 3757 465 bapti-

525 493 698 557 viunt,
730 493 797 549 de
820 494 976 549 altari
1014 504 1319 565 pascantur,
1347 495 1471 565 quia
1500 509 1599 549 nec
1639 493 1790 548 miles
1816 491 2096 563 stipendiis
2196 490 2433 552 zaverit,
2463 497 2557 544 aut
2584 490 2628 544 si
2658 488 2918 559 pollutum
2948 487 3017 542 ab
3043 487 3222 559 impiis
3251 500 3356 541 non
3387 486 3759 556 baptizaverit,

522 581 758 652 propriis
785 594 974 638 contra
1008 585 1186 639 hostes
1212 599 1360 638 arma
1388 582 1669 653 snstulitU
1701 579 1823 636 Cor.
1855 582 1953 653 rx).
2196 581 2514 651 deponatur,
2565 586 2821 648 tanquam
2867 576 3116 633 deridens
3168 591 3386 632 crucem
3431 584 3485 631 et
3537 585 3759 630 mortem

552 664 558 671 ’
603 671 752 727 i(LII.
785 673 1097 746 Episcopus,
1135 684 1228 729 aut
1248 677 1546 747 presbyter,
1572 684 1659 730 aut
1689 675 1944 730 diaconus
1969 673 2097 729 alea:
2196 669 2439 734 Domini,
2474 684 2576 724 nec
2605 684 2763 725 veros
2801 668 3112 725 sacerdotes
3136 681 3169 722 a
3212 664 3363 723 falsis
3398 664 3765 722 sacerdotibus

527 770 619 816 aut
641 754 1243 831 ebrietati-deserviens,
1280 774 1374 820 aut
1399 767 1629 833 desinat,
1659 774 1751 820 aut
1777 776 1924 823 certe
1948 767 2113 831 dam:
2189 757 2313 829 iure
2339 761 2667 814 discernens.

528 862 706 906 DCIIII'.

597 940 777 995 XLIII.
808 940 1197 1010 Subdiaconus,
1223 951 1315 998 aut
1343 944 1532 1011 lector,
1569 955 1660 999 aut
1689 954 1876 1002 cantor
1902 944 2097 1000 similia

530 1030 756 1100 faciens,
808 1046 904 1089 aut
952 1036 1182 1102 desinat,
1246 1044 1337 1092 aut
1380 1038 1757 1094 communione
1810 1037 2096 1108 privetur:

530 1124 781 1180 similiter
815 1125 980 1180 etiam
994 1194 1002 1204 θ
1016 1125 1204 1181 laicus.

601 1213 784 1270 XLIV.
808 1215 1125 1286 Episcopus,
1148 1225 1242 1272 aut
1258 1216 1557 1289 presbyter,
1587 1228 1679 1272 aut
1698 1217 1954 1273 diaconus
1974 1232 2101 1273 usu-

530 1315 623 1390 ras
658 1317 690 1357 a
729 1302 1059 1360 debitoribus
1105 1305 1347 1378 exigens,
1396 1314 1489 1361 aut
1536 1307 1767 1373 desinat,
1819 1314 1913 1361 aut
1956 1314 2102 1363 certe

536 1394 843 1450 damnetur.

604 1482 767 1540 XLV.
795 1484 1110 1556 Episcopus,
1140 1486 1422 1562 presbyter
1440 1495 1532 1543 aut
1556 1485 1836 1553 diaconus,
1862 1487 1954 1560 qui
1979 1504 2103 1545 cum

531 1570 802 1631 haereticis
833 1575 1084 1636 oraverit.
1119 1577 1485 1635 tantummodo
1522 1578 1898 1634 communione
1918 1577 2103 1649 prive-

2269 847 2491 905 XLVIII.
2525 848 2582 905 Si
2610 848 2734 918 quis
2761 847 2931 902 laicus
2963 861 3187 902 uxorem
3222 845 3493 917 propriam
3530 843 3766 914 pellens,

2198 942 2442 1007 alteram,
2473 943 2561 999 vel
2591 942 2659 998 ab
2687 943 2794 999 alio
2819 942 3094 998 dimissam
3122 941 3357 1006 duxerit,
3391 938 3769 995 communione

2198 1032 2463 1102 privetur.

2270 1120 2458 1176 XLIX.
2487 1119 2543 1176 Si
2570 1120 2693 1192 quis
2714 1134 3003 1194 episcopus
3021 1130 3114 1176 aut
3139 1120 3442 1193 presbyter,
3462 1116 3619 1188 juxta
3642 1130 3770 1187 prm-

2200 1221 2416 1281 ceptum
2446 1210 2659 1268 Domini
2698 1228 2805 1268 non
2847 1212 3204 1283 haptizaverit
3242 1213 3295 1267 in
3343 1211 3565 1266 nomine
3600 1209 3774 1265 Patris

2201 1313 2257 1360 et
2279 1303 2397 1359 Filli
2426 1312 2482 1358 et
2511 1302 2747 1374 Spiritus
2791 1304 3001 1369 sancti,
3030 1302 3127 1359 sed
3170 1302 3223 1357 in
3269 1300 3444 1356 tribus
3469 1299 3587 1355 sine
3624 1299 3775 1354 initio

2202 1395 2510 1466 principiis,
2535 1404 2630 1450 aut
2657 1394 2713 1451 in
2759 1395 2934 1452 tribus
2973 1393 3162 1461 Filiis,
3188 1401 3283 1448 aut
3310 1392 3366 1448 in
3413 1390 3589 1448 tribus
3613 1388 3775 1446 Para-

2202 1484 2360 1543 cletis
2374 1525 2391 1550 ,
2423 1485 2729 1555 abjiciatur.

2273 1577 2336 1634 L.
2368 1578 2427 1634 Si
2453 1579 2575 1650 quis
2628 1579 2915 1657 episcopus
2940 1584 3033 1632 aut
3061 1576 3371 1649 presbyter,
3407 1590 3517 1633 non
3537 1590 3604 1648 in
3639 1572 3777 1628 trina

535 1670 644 1716 tur.
685 1660 743 1718 Si
786 1676 914 1720 vero
950 1674 1201 1736 tanquam
1247 1665 1471 1723 clericos
1519 1667 1766 1724 hortatus
1806 1682 1901 1724 eos
1942 1667 2107 1724 fuerit
2132 1681 2178 1742 Β
2206 1669 2474 1727 mersione
2500 1670 2661 1724 unius
2692 1668 2937 1742 mysterii
2963 1667 3233 1739 baptisma
3273 1665 3544 1730 celebret,
3575 1661 3672 1719 sed
3696 1677 3778 1717 se-

536 1766 696 1823 agere
721 1754 803 1810 vel
827 1770 1003 1820 orare,
1045 1762 1347 1813 damnetur.

604 1843 658 1915 3
694 1844 873 1901 XLVI.
911 1848 1232 1921 Episc0pum
1276 1857 1370 1904 aut
1408 1849 1784 1922 presbyterum
1820 1850 2106 1908 haeretico-

536 1945 656 1987 rum
702 1934 1084 2006 suscipientem
1121 1938 1389 2007 baptisma
1444 1939 1690 1995 damnari
1741 1941 2102 2012 praecipimus.

543 2040 563 2074 ι
594 2024 725 2091 Quae
750 2028 897 2082 enim
941 2030 1227 2084 conventio
1267 2027 1468 2085 Christi
1511 2030 1578 2085 ad
1610 2028 1812 2086 Belial?
1854 2042 1947 2087 aut
1987 2046 2107 2103 qua:

541 2124 666 2180 pars
696 2113 837 2171 ﬁdeli
862 2130 984 2171 cum
1013 2116 1213 2173 infideli
1239 2117 1325 2192 (II
1348 2116 1470 2173 Cor.
1500 2134 1575 2175 vu
1596 2159 1611 2185 ,
1641 2119 1768 2192 l5)?
1799 2138 1820 2173 ι

2206 1759 2312 1814 mei
2357 1768 2567 1831 mergat
2592 1757 2668 1832 ἰιι
2717 1758 3073 1830 baptismate,
3126 1756 3269 1827 quod
3307 1755 3424 1811 dari
3466 1751 3685 1809 videtur
3726 1750 3775 1804 in

2208 1851 2421 1906 Domini
2448 1859 2644 1917 morte,
2673 1852 2991 1923 deponatur.
3016 1848 3133 1905 Non
3155 1848 3298 1905 enim
3322 1847 3459 1904 dixit
3486 1845 3648 1902 nobis
3672 1843 3778 1898 Do-

2208 1941 2387 1997 minus
2429 1959 2443 1996 :
2483 1940 2540 1997 In
2585 1949 2758 1997 morte
2804 1955 2925 1997 mea
2971 1939 3280 2010 baptizate,
3330 1938 3458 2001 sed,
3511 1952 3531 1988 ι
3578 1934 3780 1989 Euntes

2216 2030 2409 2086 docete
2446 2046 2635 2087 omnes
2671 2038 2894 2104 gentes,
2945 2029 3281 2102 baptizantes
3325 2042 3419 2083 eos
3464 2027 3517 2081 in
3565 2024 3782 2079 nomine

2211 2120 2419 2191 Patris,
2449 2131 2505 2182 et
2527 2122 2686 2190 Filii,
2719 2132 2775 2180 et
2797 2121 3034 2195 Spiritus
3064 2121 3235 2179 sancti
3260 2118 3474 2191 (Matth.
3506 2114 3722 2186 xxviii).
3756 2131 3774 2165 ι

545 2257 3767 2287 NW

827 2383 1227 2466 INCIPIT
1282 2385 1782 2468 EPISTOLA
1836 2389 2158 2469 PRIMA
2205 2389 2786 2471 CLEMENTIS
2852 2336 3496 2472 ADxJACOBUM

1808 2564 2190 2626 FRATREM
2231 2564 2539 2629 DOMINI.
3412 2508 3416 2511 Δ

1964 2691 2368 2708 m

612 2774 895 2839 CLEIENS,
922 2770 1122 2829 Jacono
1157 2774 1374 2830 domino
1404 2774 1659 2848 episcopo
1705 2776 2116 2848 episcoporum,

545 2868 755 2938 regenti
774 2865 1119 2927 Hebraeorum
1133 2876 1373 2923 sanctam
1389 2868 1687 2924 Ecclesiam
1712 2869 2120 2944 Hierosolymis,

2214 2779 2362 2836 misit
2382 2795 2469 2836 me
2490 2779 2797 2836 Domino‘et
2826 2776 3081 2849 magistro
3101 2787 3222 2830 meo
3240 2771 3368 2830 Iesu
3390 2771 3614 2830 Christo
3629 2816 3642 2838 ,
3675 2774 3786 2832 dies

2218 2869 2405 2925 mortis
2429 2884 2562 2926 mea:
2588 2870 2787 2934 instat,
2815 2867 3149 2924 Clementem
3183 2866 3327 2920 hunc
3346 2864 3665 2935 episcopum
3694 2881 3786 2921 vo-

545 2960 639 3014 sed
664 2967 721 3014 et
738 2972 926 3013 omnes
957 2957 1255 3023 Ecclesiae,
1285 2972 1406 3028 quze
1439 2958 1634 3029 ubique
1660 2958 1753 3013 Dei
1776 2940 2114 3027 providentia
2141 2940 2185 3002 Ο
2214 2958 2298 3013 bis
2326 2958 2548 3025 ordino,
2577 2958 2664 3013 cui
2694 2957 2792 3012 soli
2841 2971 2975 3011 meae
3017 2952 3417 3026 praedicationis
3446 2962 3501 3009 et
3529 2955 3789 3010 doctrina:

547 3050 780 3108 fundata:
805 3059 966 3114 sunt,
995 3065 1117 3106 cum
1141 3049 1389 3104 Patribus
1408 3090 1423 3113 ,
1451 3059 1506 3104 et
1528 3048 1842 3105 diaconibus
1868 3059 1923 3105 et
1945 3059 2103 3106 caete-

545 3144 624 3200 ris
650 3143 899 3199 omnibus
923 3141 1206 3205 Patribus,
1239 3155 1343 3211 pax
1373 3140 1467 3196 tibi
1493 3140 1565 3194 sit
1593 3154 1825 3210 semper.

616 3232 812 3288 Notum
850 3234 947 3289 tibi
973 3231 1135 3298 facio,
1186 3230 1429 3294 domine,
1485 3229 1609 3299 quia
1656 3229 1840 3285 Simon
1887 3228 2115 3295 Petrus,

534 3310 642 3395 'qni
673 3339 814 3380 vcrze
846 3323 969 3378 ﬁdei
1012 3321 1206 3377 merito
1228 3328 1283 3375 et
1314 3321 1536 3392 integrae
1579 3318 1975 3389 przedicationis
2016 3318 2116 3375 ob.

549 3422 699 3470 teutu
725 3412 1129 3469 fundamentum
1159 3425 1279 3467 esse
1302 3409 1556 3466 Ecclesiae
1584 3408 1838 3465 deﬁnitus
1868 3415 1983 3474 est,
2011 3422 2118 3479 qua

548 3508 616 3565 de
641 3522 800 3564 causa
828 3507 992 3563 etiam
1015 3505 1221 3560 Domini
1243 3519 1338 3560 ore
1360 3502 1771 3575 cognominatus
1796 3509 1879 3557 est
1900 3500 2115 3566 Petrus,

549 3598 641 3667 qui
672 3596 771 3653 fuit
793 3596 1043 3668 primitiae
1072 3594 1351 3651 electionis
1382 3593 1591 3646 Domini
1627 3590 1987 3660 apostolorum
2011 3589 2121 3658 pri-

550 3704 705 3755 mus,
756 3689 842 3743 cui
889 3698 945 3743 et
995 3687 1172 3758 primo
1225 3685 1366 3740 Deus
1419 3683 1582 3740 Pater
1622 3682 1814 3750 Filium
1867 3672 2123 3737 revelavit

550 3777 764 3851 (Matth.
793 3794 884 3836 xvr
905 3819 920 3843 ,
950 3778 1039 3846 l7)
1061 3816 1077 3842 ,
1106 3777 1191 3834 cui
1223 3784 1279 3832 et
1303 3775 1553 3831 Christus
1592 3782 1959 3845 competenter
1996 3772 2122 3828 bea—

554 3868 837 3923 titudinem
864 3866 1112 3931 contulit,
1159 3867 1284 3937 quia
1330 3875 1385 3921 et
1413 3876 1634 3920 vocatus
1673 3875 1788 3929 εει,
1814 3874 1869 3919 et
1893 3865 2119 3930 electus,

550 3966 607 4013 et
626 3957 870 4027 conviva,
897 3957 1140 4022 Domini,
1171 3966 1225 4012 et
1254 3972 1436 4013 comes
1463 3955 1715 4018 eﬁ‘ectus,
1743 3965 1995 4026 tanquam
2021 3954 2119 4011 bo-

552 4063 657 4104 nns
698 4056 755 4104 et
799 4048 1210 4119 probatissimus
1238 4047 1570 4118 discipulus,
1614 4047 1706 4119 qui
1752 4046 2121 4104 obscuriorem

553 4138 736 4196 mundi
761 4142 972 4211 plagam
995 4138 1292 4195 occidentis
1314 4139 1462 4196 velut
1487 4139 1730 4196 omnium
1755 4137 2034 4209 potentior
2061 4137 2124 4192 il-

2214 3050 2526 3105 catbedram
2560 3052 2747 3116 trado,
2770 3049 2861 3120 qui
2892 3048 3019 3104 mihi
3051 3048 3118 3103 ab
3149 3047 3303 3103 initio
3332 3064 3503 3117 usque
3528 3049 3600 3104 ad
3626 3049 3785 3104 linem

2214 3155 2396 3198 comes
2427 3141 2502 3196 in-
2523 3141 2773 3197 omnibus
2799 3140 2932 3205 fuit,
2960 3148 3015 3195 et
3053 3153 3151 3210 per
3179 3138 3283 3194 hoc
3313 3138 3599 3194 veritatem
3633 3141 3789 3195 totius

2215 3244 2349 3285 meae
2376 3229 2771 3300 praedicationis
2795 3228 3033 3301 agnovit.
3063 3226 3163 3295 Qui
3188 3226 3241 3282 in
3271 3226 3523 3282 omnibus
3550 3229 3692 3285 meis
3712 3244 3788 3284 so-

2216 3320 2334 3377 cins
2363 3320 2570 3376 exstitit
2599 3320 2832 3376 ﬁdeliter
2860 3332 3236 3391 perseverans.
3266 3316 3439 3386 Quem
3485 3334 3599 3388 prae
3629 3331 3787 3376 uete-

2218 3413 2297 3468 ris
2324 3421 2581 3483 expertus
2605 3428 2725 3469 sum
2756 3412 3041 3468 Dominum
3072 3408 3338 3481 colentem
3358 3449 3372 3475 ,
3403 3410 3655 3468 homines
3676 3413 3792 3468 dili-

2216 3513 2457 3576 gentem,
2490 3513 2725 3571 castum,
2749 3502 2990 3559 discendi
3020 3500 3213 3557 studiis
3239 3501 3499 3569 deditum,
3528 3503 3789 3567 sobrium,

2216 3597 2525 3668 benignum.
2542 3598 2767 3668 justum,
2784 3597 3097 3667 patientem,
3112 3593 3370 3649 scientem
3394 3592 3537 3650 ferre
3562 3595 3784 3651 nonnul-

2219 3689 2393 3747 lorum
2416 3730 2431 3755 ,
2459 3690 2623 3745 etiam
2650 3700 2715 3745 ex
2746 3689 2832 3745 bis
2859 3688 2951 3759 qui
2981 3687 3035 3743 in
3067 3686 3232 3743 verbo
3260 3685 3476 3743 Domini
3496 3687 3791 3742 instituun-

2220 3790 2329 3847 tur,
2360 3780 2603 3852 injurias.
2635 3781 2860 3851 Pr0pter
2885 3777 3025 3849 quod
3049 3776 3149 3848 ipsi
3175 3777 3329 3833 trado
3348 3792 3378 3832 a
3408 3778 3637 3833 Domino
3659 3776 3787 3832 mihi

2220 3874 2474 3930 traditam
2522 3881 2840 3946 potestatem
2871 3871 3071 3943 ligandi
3102 3878 3156 3925 et
3182 3868 3420 3924 solvendi
3445 3909 3460 3935 ,
3485 3878 3545 3924 ut
3587 3871 3656 3927 de
3681 3884 3793 3924 om-

2219 3968 2376 4025 nibus
2401 3969 2829 4040 quibuscumque
2853 3966 3154 4024 decreverit
3178 3967 3240 4038 in.
3259 3965 3421 4021 terris
3465 3965 3570 4021 hoc
3604 3964 3789 4021 decre-

2221 4067 2333 4115 tum
2380 4059 2452 4115 sit
2496 4067 2551 4115 et
2599 4058 2653 4115 in
2699 4058 2870 4114 ctelis.
2902 4055 3281 4129 Ligabitenim
3324 4054 3467 4127 quod
3497 4063 3713 4125 oportet
3735 4055 3792 4108 li-

2220 4153 2369 4223 gari,
2395 4163 2449 4208 et
2476 4152 2646 4208 solvet
2678 4152 2822 4222 quod
2862 4152 3081 4223 expedit
3119 4149 3287 4217 solvi,
3318 4160 3577 4222 tanquam
3602 4150 3697 4221 qui
3727 4149 3792 4205 ad

553 4226 817 4287 luminare
863 4238 1160 4302 praeceptus
1184 4238 1298 4295 est,
1344 4230 1544 4301 quique
1584 4237 1640 4287 et
1686 4229 1895 4305 integre
1948 4228 2115 4299 potuit

2225 4245 2483 4315 liquidum
2509 4243 2762 4299 Ecclesiae
2796 4242 3035 4314 regulam
3063 4243 3292 4298 noverit.
3328 4242 3507 4312 Ipsum
3536 4255 3671 4313 ergo
3702 4255 3793 4296 au-

554 4320 778 4391 implere
805 4330 1149 4393 praeceptum.
1202 4321 1309 4378 Sed
1338 4338 1619 4393 quousque
1656 4336 1961 4379 sermonem
1997 4335 2115 4391 pro-

2224 4306 2366 4399 dite,
2397 4334 2632 4390 scientes
2650 4373 2666 4399 ,
2694 4332 2822 4404 quia
2844 4306 3153 4402 quicunque
3179 4306 3585 4387 contristaverit
3602 4306 3793 4387 docto-

554 4412 764 4467 traham
797 4412 1069 4485 refugiens
1097 4414 1337 4471 indicare
1362 4415 1505 4485 quod
1532 4415 1685 4470 triste
1705 4420 1814 4480 est,
1835 4412 1978 4483 quod
2002 4411 2122 4483 qni-

544 4500 675 4572 _dem
702 4516 923 4558 necesse
945 4511 1060 4569 est,
1088 4502 1214 4559 licet
1241 4504 1421 4569 tarde,
1471 4503 1734 4574 proferre.
1768 4502 1868 4559 llic
1892 4501 2124 4573 denique

554 4592 670 4664 ipse
700 4591 889 4649 Petrus
916 4594 1006 4663 qui
1035 4608 1134 4665 pro
1170 4594 1431 4650 immensa
1473 4594 1773 4656 charitate,
1803 4608 1964 4664 quam
1995 4607 2122 4664 erga

480 4740 481 4743 η
554 4701 748 4743 omnes
770 4687 1016 4743 homines
1027 4686 1268 4759 gerebat,
1282 4687 1479 4757 palam,
1499 4702 1620 4742 cum
1635 4686 1780 4741 omni
1799 4684 2013 4748 ﬁducia,
2030 4683 2124 4739 ad-

554 4789 803 4835 versante
816 4780 976 4835 etiam
995 4780 1413 4852 tyranno,totius
1425 4779 1606 4833 mundi
1624 4779 1821 4832 bonum
1834 4776 2123 4848 praedicare

555 4885 664 4925 non
689 4870 925 4939 destitit,
957 4881 1010 4926 ct
1038 4854 1501 4942 regem'omninm
1547 4867 1865 4925 saeculorum
1908 4882 2005 4937 per
2036 4881 2126 4923 or-

555 4959 679 5015 bem
708 4970 866 5015 teme
895 4976 1064 5032 usque
1091 4960 1157 5015 ad
1184 4960 1350 5031 ipsius
1382 4959 1635 5014 Romana:
1660 4958 1810 5014 urbis
1845 4957 2004 5028 hujus
2026 4971 2123 5011 no-

559 5048 937 5125 titiam,etiam
961 5060 1019 5105 ut
1045 5051 1162 5121 ipsa
1184 5049 1482 5105 salvaretur
1503 5048 1727 5104 invexit.
1755 5046 1881 5115 Ilic,
1907 5047 2125 5117 inquam

556 5156 657 5218 pro
681 5143 879 5213 pietate
905 5143 1017 5214 pati
1044 5142 1258 5209 volens,
1288 5150 1605 5212 praesentem
1653 5141 1817 5196 vitam
1850 5139 2040 5195 ﬁnivit.
2067 5138 2125 5193 In

1354 5234 1415 5254 DE
1435 5249 1507 5254 -_.-
1539 5233 1634 5254 ,τις
1685 5233 1966 5254 2...-..ξυΑ-ιι
1991 5244 2100 5254 ﬁ...“

2222 4440 2338 4480 rem
2362 4423 2607 4480 veritatis
2632 4431 2820 4493 peccat
2840 4423 2894 4478 in
2919 4421 3191 4479 Christum
3208 4460 3224 4487 ,
3246 4431 3302 4476 et
3322 4429 3529 4492 patrem
3553 4421 3793 4477 omnium

2221 4514 2566 4572 exacerbabit
2595 4515 2762 4569 Deum
2784 4554 2801 4580 ,
2826 4521 3046 4583 propter
3064 4511 3209 4582 quod
3236 4521 3293 4567 et
3320 4511 3429 4566 vita
3460 4510 3693 4566 carebit.
3722 4509 3797 4579 lp-

2220 4624 2341 4667 sum
2371 4617 2550 4665 autem
2578 4608 2668 4679 qui
2708 4614 2904 4678 przeest
2924 4604 3138 4661 ueteris
3161 4610 3374 4674 oportet
3397 4602 3591 4658 medici
3619 4602 3791 4655 vicem

2221 4713 2382 4769 agere
2402 4739 2416 4759 .
2444 4705 2497 4753 et
2521 4712 2627 4751 non
2654 4693 2781 4750 fera:
2804 4693 2989 4748 bestiae
3019 4693 3204 4748 furore
3226 4690 3577 4747 commoveri.
3620 4709 3639 4743 ι
3673 4689 3796 4745 limo

2222 4804 2289 4844 eo
2323 4789 2562 4849 dicente,
2589 4800 2689 4857 ego
2725 4784 3009 4855 procidens
3044 4784 3110 4838 ad
3152 4784 3317 4855 pedes
3355 4780 3506 4851 ejus,
3535 4781 3793 4852 rogabam

2222 4892 2490 4934 excusans
2514 4892 2598 4930 me
2617 4886 2672 4932 et
2695 4874 2972 4930 declinans
2999 4874 3258 4930 honorem
3289 4869 3562 4927 cathedra:
3593 4869 3677 4922 vel
3704 4883 3800 4938 po-

2226 4975 2495 5023 testatem.
2529 4966 2600 5021 At
2632 4966 2721 5023 ille
2762 4965 3093 5035 respondens
3121 4981 3135 5017 :
3169 4978 3268 5036 pro
3311 4962 3448 5027 hoc,
3494 4959 3699 5030 inquit,
3731 4974 3796 5013 ne

2226 5074 2313 5115 me
2339 5057 2614 5128 rogaveris
2631 5097 2646 5124 ,
2677 5058 2781 5113 hoc
2807 5056 2950 5112 enim
2989 5054 3107 5112 ﬁeri
3149 5064 3408 5111 statutum
3433 5063 3517 5110 est
3542 5054 3674 5109 mihi
3698 5095 3715 5120 ,
3743 5063 3797 5108 et

2225 5163 2292 5205 eo
2320 5148 2489 5219 magis
2513 5163 2620 5217 quo
2649 5156 2701 5202 te
2734 5160 2961 5203 excusas
2981 5185 2996 5212 ,
3025 5145 3153 5216 quia
3193 5146 3308 5201 haec
3347 5145 3605 5202 cathedra
3632 5160 3758 5199 eum
3776 5183 3793 5209 ,
