4012 6454
201 359 261 412 2|
1323 356 1812 417 DECRETALIUM
1849 363 2251 428 COLLECTIO.
3379 385 3451 441 22

202 491 296 530 nes
324 491 353 529 a
382 489 470 530 me
499 482 606 529 tam
637 473 797 544 plane
825 472 1122 538 didicisset,
1154 472 1360 528 habens
1377 474 1539 528 alium
1572 474 1734 528 talem
1753 515 1769 541 ,
1797 477 1852 537 Α
1875 481 1976 553 est)
2023 483 2337 554 dispensare
2382 488 2650 556 sufficias,
2704 499 2760 546 et
2806 493 3052 548 veritatis
3085 493 3252 550 verbo
3282 497 3452 552 abun-

200 582 306 622 non
340 576 394 620 te
430 580 624 636 cogere
646 581 782 634 opus
807 565 1005 620 bonum
1039 564 1314 634 suscipere
1351 565 1641 622 nolentem.
1673 565 1777 620 Su-

200 657 464 728 perfluum
493 666 577 712 est
597 672 726 728 ergo
757 656 918 710 alium
942 670 1216 726 quaerere,
1241 670 1361 710 cum
1394 656 1659 724 primitias
1693 671 1778 712 eo-

199 765 320 804 rum
349 750 442 817 qui
471 763 539 803 ex
576 747 868 818 gentilibus
909 761 1007 816 per
1045 760 1132 800 me
1164 745 1462 808 salvantur,
1492 753 1546 800 et
1590 746 1780 816 praeci-

197 853 304 910 pue
334 838 498 907 hujus
537 839 687 893 urbis
729 848 783 892 te
822 838 1056 907 primum
1101 835 1388 891 obtulerim
1420 836 1548 891 Deo.
1583 836 1688 892 Sed
1728 843 1784 891 et

198 933 332 987 illud
377 935 621 994 intuere,
664 931 824 999 quia,
873 932 917 985 si
965 930 1262 1000 periculum
1294 930 1499 999 peccati
1549 931 1779 994 timens,

169 1026 480 1094 tsuscipere
509 1022 713 1094 refugis
745 1023 1002 1078 Ecclesiae
1032 1022 1393 1093 gubernacula
1413 1063 1428 1088 ,
1456 1031 1636 1077 certus
1663 1030 1782 1078 esto

200 1116 330 1182 quia
363 1114 600 1184 amplius
628 1129 853 1183 peccas,
887 1114 977 1182 qui
1009 1113 1055 1168 si
1104 1113 1360 1183 populum
1405 1113 1497 1168 Dei
1541 1113 1689 1168 velut
1727 1114 1781 1168 in

200 1207 460 1264 fluctibus
475 1207 709 1278 positum
733 1215 788 1260 et
807 1206 1202 1276 periclitantem
1222 1207 1363 1274 (cum
1383 1203 1574 1272 juvare
1586 1203 1781 1274 possis)

200 1296 550 1367 subterfugis,
567 1296 643 1349 tui
665 1296 1036 1350 tantummodo
1053 1295 1256 1350 habens
1273 1294 1781 1360 considerationem,

201 1398 386 1443 etnon
412 1388 557 1457 quod
578 1388 632 1441 in
657 1401 944 1442 commune
965 1385 1215 1440 omnibus
1233 1385 1450 1454 expedit
1472 1385 1780 1455 providens.

202 1480 314 1536 Sed
340 1489 526 1536 certus
550 1487 669 1534 esto
690 1477 834 1548 quod
861 1491 1080 1562 necesse
1134 1485 1218 1531 est
1247 1485 1298 1530 te
1326 1476 1601 1544 suscipere
1625 1489 1782 1529 omne

201 1570 543 1642 periculum,
574 1570 698 1639 quia
729 1584 827 1624 nec
872 1584 970 1640 ego
1014 1582 1110 1636 pro
1138 1566 1311 1622 salute
1349 1567 1586 1621 omnium
1629 1567 1785 1621 obse-

201 1646 412 1718 crando
435 1661 682 1716 cessabo.
711 1660 923 1727 Quanto
945 1673 1074 1728 ergo
1093 1658 1222 1711 mihi
1239 1658 1400 1712 citius
1426 1657 1783 1727 acquieveris,

201 1759 361 1806 tanto
424 1763 512 1805 me
574 1749 734 1804 citius
801 1748 1002 1803 laboris
1055 1755 1110 1802 et
1171 1747 1402 1802 tristitize
1455 1761 1588 1801 mea:
1645 1759 1783 1800 mte-

1881 573 2096 630 dantius
2120 585 2172 630 et
2197 578 2492 634 studiosius
2513 581 2806 636 deservire.
2838 582 2894 636 Si
2918 583 3060 637 enim
3087 585 3453 642 mundialibus

1879 664 2028 719 curis
2061 663 2233 720 fueris
2259 678 2583 738 occupatus,
2617 677 2672 724 et
2702 670 2933 740 teipsum
2966 671 3232 742 decipies,
3261 683 3316 728 et
3356 689 3452 730 eos

1879 753 1969 822 qui
2004 763 2054 808 te
2084 757 2336 822 audiunt,
2368 774 2473 813 non
2505 759 2648 813 enim
2691 760 2895 830 poteris
2939 776 3061 832 quae
3107 765 3175 816 ad
3223 763 3450 818 salutem

1879 846 2152 914 pertinent
2183 847 2393 918 plenius
2421 849 2646 920 singulis
2673 851 2976 922 quibusque
3007 851 3370 922 distinguere,
3400 863 3455 908 et

1880 951 1946 991 ex
1979 953 2044 994 eo
2073 939 2164 992 fiet
2191 949 2248 993 ut
2275 948 2328 994 et
2353 949 2408 994 tu
2441 949 2696 1009 tanquam
2726 942 2815 1011 qui
2845 945 2948 996 non
2973 943 3223 998 docueris
3245 960 3364 1013 qua:
3386 945 3454 998 ad

1881 1029 2105 1084 salutem
2135 1031 2416 1086 hominum
2447 1033 2718 1102 pertinent
2765 1033 3054 1104 deponaris
3074 1075 3089 1098 ,
3120 1044 3173 1090 et
3211 1034 3454 1105 discipuli

1881 1136 1978 1190 per
2006 1121 2363 1193 ignorantiam
2394 1133 2646 1193 pereant;
2685 1125 2888 1181 idcirco
2915 1135 2970 1180 tu
2999 1127 3214 1196 quidem
3257 1127 3325 1181 ad
3353 1127 3455 1182 hoc

1882 1215 2052 1270 solum
2081 1225 2299 1281 vacato,
2349 1227 2408 1271 ut
2455 1227 2754 1288 opportune
2793 1230 2848 1274 et
2890 1220 3007 1274 sine
3055 1220 3455 1276 intermissione

1882 1305 2077 1361 doceas
2097 1308 2316 1361 verbum
2346 1308 2472 1373 Dei,
2503 1324 2601 1378 per
2621 1310 2763 1378 quod
2798 1310 3026 1364 salutem
3050 1311 3304 1381 consequi
3332 1326 3457 1382 pos.-

1883 1398 2025 1464 sint,
2067 1398 2140 1453 illi
2164 1414 2295 1454 vero
2322 1415 2446 1455 cum
2485 1409 2631 1455 tanta
2665 1401 2973 1455 reverentia
3006 1409 3097 1456 tua
3121 1403 3285 1456 verba
3332 1415 3455 1457 susp

1882 1487 2116 1556 cipiant,
2179 1495 2433 1556 tanquam
2472 1489 2561 1558 qui
2595 1489 2774 1544 sciant
2815 1489 3050 1560 legatum
3084 1497 3134 1544 te
3163 1499 3218 1544 et
3252 1505 3456 1559 praecov

1884 1593 2005 1632 nem
2031 1591 2150 1632 esse
2179 1578 2456 1645 veritatis,
2502 1589 2556 1635 et
2597 1581 2956 1650 quodcunque
2998 1580 3254 1651 ligaveris
3296 1596 3459 1650 super

1884 1675 2116 1731 terram,
2142 1681 2261 1723 esse
2296 1667 2517 1738 ligatum
2559 1677 2614 1724 et
2658 1671 2710 1725 in
2759 1670 2934 1736 caelo,
2990 1678 3044 1726 et
3086 1671 3462 1741 quodcumque

1888 1755 2148 1823 solveris,
2173 1758 2340 1813 etiam
2393 1759 2466 1814 ibi
2514 1774 2636 1816 esse
2675 1760 3011 1816 solvendum.
3053 1760 3316 1828 Quoniam
3342 1761 3462 1830 qui-

203 1857 335 1898 rore
384 1839 672 1898 relevabis.
720 1837 852 1893 Novi
883 1839 1046 1893 etiam
1079 1839 1212 1902 hoc,
1241 1852 1276 1892 o
1333 1836 1612 1902 Clemens,
1642 1835 1783 1904 quod

1896 1846 2006 1900 dem
2042 1857 2097 1902 et
2126 1818 2178 1902 tu
2207 1846 2289 1919 (ut
2317 1848 2449 1919 dixi)
2475 1864 2595 1919 qua:
2627 1859 2838 1922 oportet
2881 1818 3103 1922 ligabis:
3138 1859 3193 1906 et
3220 1866 3341 1921 qua:
3360 1818 3462 1906 ex-

203 1933 305 1990 tibi
336 1932 498 1988 taedia
525 1940 583 1987 et
616 1929 928 1992 molestias,
959 1927 1197 1998 pericula
1223 1929 1385 1983 etiam
1412 1936 1466 1982 et
1499 1925 1786 1996 opprobria

203 2023 464 2081 ineruditi
524 2022 666 2092 vulgi
715 2019 1069 2088 indocilisque
1119 2019 1420 2084 conciliem,
1446 2033 1651 2087 quare,
1698 2025 1786 2079 tu,

205 2127 424 2180 tamen,
457 2115 569 2170 scio
597 2129 757 2184 quam
802 2122 1120 2168 constanter
1163 2119 1218 2166 et
1245 2110 1463 2166 fortiter
1489 2109 1663 2171 feras,
1697 2123 1786 2163 re-

207 2206 446 2278 spiciens
468 2205 534 2258 ad
561 2203 720 2258 aliam
751 2218 923 2273 spem,
947 2218 1067 2272 quze
1095 2203 1188 2256 tibi
1215 2202 1354 2272 apud
1379 2201 1547 2256 Deum
1582 2199 1788 2271 patien-

209 2297 296 2350 tia:
329 2303 898 2365 praaparatcoronam.
933 2289 1038 2346 Sed
1066 2299 1120 2344 et
1139 2290 1266 2344 illud
1290 2291 1448 2359 cupio
1482 2300 1534 2344 te
1575 2303 1785 2343 mecum

203 2391 360 2460 juxta
398 2387 661 2442 rationem
708 2385 1050 2455 perspicere,
1079 2385 1292 2455 quando
1341 2383 1577 2437 maxima
1624 2395 1788 2452 opera

213 2492 306 2537 tua
341 2480 547 2549 indiget
590 2479 838 2534 Christus
868 2492 1042 2543 nunc,
1077 2493 1198 2532 cum
1248 2477 1496 2531 inimicus
1532 2476 1790 2530 adversus

212 2585 466 2641 sponsam
498 2568 614 2636 ejus
634 2577 941 2622 commovet
975 2568 1174 2622 bellum
1199 2608 1214 2632 ,
1253 2582 1316 2621 an
1349 2568 1401 2621 in
1430 2567 1610 2620 futuro
1655 2576 1789 2620 tem-

209 2677 341 2732 pore
367 2660 584 2730 quando
609 2658 722 2726 jam
751 2658 999 2714 Christus
1026 2667 1149 2729 post
1177 2658 1459 2713 victoriam
1491 2657 1790 2727 triumpha-

211 2753 319 2817 bit,
348 2767 452 2806 nec
474 2751 615 2804 ultra
644 2749 807 2804 ullius
827 2763 990 2820 opera
1023 2749 1316 2820 indigebit?
1345 2749 1475 2817 Quis
1501 2764 1602 2802 non
1627 2749 1788 2803 etiam

212 2842 358 2914 parvi
390 2855 584 2895 sensus
610 2840 873 2910 intelligat
903 2839 1046 2910 quod
1080 2841 1221 2894 istud
1249 2847 1332 2894 est
1360 2848 1573 2909 tempus
1598 2839 1650 2892 in
1683 2852 1790 2908 quo

213 2946 433 3002 operam
474 2939 622 2984 tuam
663 2928 912 2985 Christus
938 2930 1200 3000 requirit?
1231 2930 1365 2986 Tota
1395 2930 1561 3001 igitur
1607 2937 1791 2984 mente

215 3026 264 3080 in
309 3023 568 3093 praesenti
612 3022 942 3076 necessitate
994 3023 1178 3091 praebe
1239 3036 1457 3092 operam
1509 3029 1687 3085 tuam,
1737 3028 1791 3074 et

214 3114 473 3168 auxilium
520 3115 574 3166 in
613 3112 817 3182 prmliis
845 3112 1040 3167 exhibe
1084 3112 1212 3183 Regi
1240 3113 1445 3181 optimo
1479 3124 1791 3165 remunera-

1886 1937 2037 2006 pedit
2065 1938 2270 2004 solves,
2299 1946 2354 1994 et
2383 1938 2449 1994 ad
2477 1949 2529 1994 te
2553 1941 2643 2010 qui
2667 1956 2839 2012 praees
2862 1941 2963 1997 ista
2991 1943 3101 1997 sint
3135 1941 3340 1997 monita
3361 1980 3377 2007 ,
3407 1950 3463 1997 et

1887 2027 1974 2082 his
2002 2028 2218 2083 similia.

1957 2119 2038 2172 Ad
2081 2120 2425 2190 presbyteros
2471 2135 2601 2176 vero
2642 2121 2753 2176 sint
2819 2121 2944 2178 ista.
2998 2123 3140 2179 Ante
3182 2121 3361 2182 omnia
3404 2131 3466 2176 ut

1887 2208 2155 2278 pudicitiae
2171 2210 2447 2266 studentes
2461 2211 2834 2267 adolescentes
2859 2211 3060 2281 nuptiis
3074 2205 3337 2281 iungant,
3352 2197 3460 2278 quo

1888 2300 2118 2356 calorem
2159 2301 2418 2358 ferventis
2450 2303 2625 2358 aetatis
2659 2302 2925 2373 conjugali
2960 2302 3074 2374 lege
3103 2305 3464 2372 prteveniant,

1889 2392 1982 2446 sed
2022 2406 2090 2446 ne
2120 2393 2173 2446 in
2219 2392 2647 2464 provectioribus
2671 2394 2887 2464 quidem
2918 2409 3103 2450 curam
3133 2393 3332 2450 habere
3363 2394 3464 2449 hu-

1882 2481 2117 2550 jusmodi
2161 2483 2466 2555 negligant,
2500 2486 2626 2555 quia
2665 2487 2719 2539 in
2767 2485 2978 2549 multis,
3013 2487 3175 2541 etiam
3217 2503 3338 2543 cum
3382 2503 3469 2543 se-

1889 2571 2069 2627 nuerit
2111 2587 2307 2642 corpus
2352 2575 2785 2643 concupiscentia
2821 2576 2998 2647 viget,
3047 2592 3116 2632 ne
3157 2576 3298 2632 forte
3337 2592 3468 2649 ergo

1889 2662 2260 2718 fornicationis
2323 2662 2468 2718 labes
2530 2663 2834 2735 (occasione
2897 2666 3138 2735 accepta)
3198 2675 3455 2737 tanquam

1889 2766 2156 2807 venenum
2185 2752 2475 2823 pessimum
2507 2763 2689 2824 serpat
2717 2755 2769 2809 in
2797 2756 2952 2810 nobis
2971 2797 2986 2822 ,
3011 2772 3204 2812 cavere
3235 2766 3289 2812 et
3317 2767 3470 2811 ante-

1888 2845 2073 2900 venire
2116 2847 2478 2900 necessarium
2503 2855 2617 2910 est,
2656 2863 2724 2902 ne
2751 2847 2894 2916 quod
2927 2848 2980 2901 in
3031 2848 3185 2903 nobis
3212 2848 3464 2903 adulterii

1889 2935 2157 2990 occultum
2197 2936 2430 2991 calescat
2477 2937 2806 2991 incendium.
2851 2937 2918 2991 Et
2947 2938 3073 3006 quid
3120 2938 3172 2992 in
3216 2939 3467 2994 omnibus

1889 3025 2130 3095 peccatis
2180 3025 2444 3080 adulterio
2488 3025 2742 3096 gravius?
2777 3025 3082 3081 Secundum
3134 3040 3366 3098 namque
3415 3027 3469 3079 in

1892 3113 2068 3184 poenis
2096 3114 2302 3169 obtinet
2328 3110 2516 3170 locum
2537 3154 2552 3180 ,
2583 3115 2838 3183 quoniam
2883 3114 3099 3184 quidem
3128 3115 3360 3184 primum
3393 3111 3468 3166 illi

216 3215 389 3261 tiones
408 3204 728 3274 magnificas
752 3213 874 3274 post
897 3182 1186 3258 victoriam
1213 3204 1509 3259 reddituro.
1537 3202 1795 3256 Libenter
1823 3182 1868 3244 (ἶ
1895 3182 2102 3261 habent
2122 3206 2210 3275 qui
2243 3206 2498 3261 aberrant
2518 3221 2546 3260 a
2571 3182 2681 3260 Deo
2699 3245 2713 3270 ,
2738 3182 2916 3259 etiam:
2933 3205 2976 3260 si
3005 3182 3184 3261 sobrie
3213 3203 3467 3260 vixerint.

213 3312 340 3368 ergo
371 3296 593 3365 suscipe
629 3294 973 3366 episcopatus
1017 3293 1251 3350 officium
1273 3336 1288 3360 ,
1321 3311 1386 3350 eo
1429 3295 1660 3349 maxime
1687 3310 1796 3364 quo

215 3388 619 3446 ecclesiasticas
641 3387 1021 3456 dispositiones
1061 3402 1090 3440 a
1135 3401 1221 3441 me
1265 3386 1619 3457 probabiliter
1661 3386 1796 3440 didi-

216 3479 334 3534 cisti
354 3518 371 3542 ,
395 3485 455 3531 ut
479 3476 625 3532 salus
645 3491 832 3530 eorum
859 3475 950 3546 qui
979 3490 1076 3546 per
1102 3491 1200 3530 nos
1225 3474 1581 3544 confugerunt
1601 3475 1667 3529 ad
1696 3473 1799 3528 Do-

221 3571 428 3625 minum
455 3584 797 3640 nequaquam
823 3568 1067 3633 vacillet,
1089 3575 1462 3623 verumtamen
1489 3575 1544 3622 et
1562 3566 1798 3622 breviter

222 3670 272 3716 te
316 3661 386 3716 de
427 3661 600 3732 ipsius
648 3659 1070 3729 dispensationis
1100 3659 1292 3714 ordine
1320 3673 1503 3714 coram
1546 3657 1797 3712 omnibus

220 3766 566 3808 commonere
620 3749 987 3806 necessarium
1030 3749 1180 3803 duxi.
1237 3749 1315 3805 Te
1365 3749 1580 3820 quidem
1633 3763 1794 3819 opor-

222 3853 295 3898 tet
322 3841 880 3912 irreprehensibiliter
901 3840 1085 3896 vivere
1103 3882 1119 3906 ,
1150 3849 1205 3894 et
1233 3855 1444 3896 summo
1470 3839 1648 3896 studio
1675 3840 1796 3906 niti,

223 3943 280 3988 ut
303 3947 502 3988 omnes
532 3932 657 3987 vitae
687 3931 844 4002 hujus
869 3930 1252 3999 occupationes
1281 3928 1534 3998 abjicias,
1569 3945 1635 3984 ne
1670 3928 1801 3984 fide-

218 4025 399 4095 jussor
431 4023 671 4088 existas,
699 4036 767 4078 ne
793 4022 1086 4076 advocatus
1111 4021 1286 4075 litium
1326 4020 1456 4087 fias,
1496 4035 1565 4074 ne
1610 4021 1663 4075 in
1691 4020 1800 4075 ulla

223 4116 399 4186 aliqua
453 4115 810 4184 occupatione
883 4128 1106 4185 prorsus
1163 4113 1458 4169 inveniaris
1514 4112 1802 4168 mundialis

225 4205 423 4276 negotii
468 4204 755 4260 occasione
784 4203 1091 4274 perplexus.
1130 4202 1315 4272 Neque
1353 4203 1496 4258 enim
1522 4202 1801 4274 judicem',

225 4304 316 4349 aut
357 4293 694 4364 cognitorem
746 4291 1086 4348 saecularium
1138 4292 1473 4362 negotiorum
1497 4332 1512 4358 ,
1550 4292 1708 4347 hodie
1751 4300 1804 4346 te

224 4385 480 4439 ordinare
507 4384 620 4437 vult
649 4382 929 4448 Christus,
981 4397 1050 4438 ne
1097 4383 1420 4452 praafocatus
1448 4385 1804 4455 praesentibus

228 4480 508 4535 hominum
540 4479 724 4544 curis,
757 4494 863 4534 non
911 4478 1090 4548 possis
1119 4477 1286 4534 verbo
1331 4477 1425 4531 Dei
1469 4491 1698 4541 vacare,
1747 4482 1802 4529 et

1897 3297 2122 3365 Propter
2167 3299 2310 3366 quod
2354 3311 2451 3351 vos
2493 3296 2790 3366 presbyteri
2829 3296 3124 3351 Ecclesiain
3164 3294 3394 3350 excolite
3416 3302 3472 3347 et

1898 3388 2155 3442 adornate
2182 3402 2434 3457 sponsam
2478 3386 2682 3443 Christi
2731 3387 2798 3442 ad
2842 3387 3186 3458 pudicitiam,
3218 3400 3473 3456 sponsam

1899 3487 2075 3530 autem
2103 3477 2224 3530 dico
2246 3515 2260 3541 ,
2289 3491 2502 3531 omnem
2539 3475 2794 3531 Ecclesia:
2821 3478 3294 3547 congregationem
3315 3517 3328 3540 ,
3352 3490 3472 3544 quze

1897 3565 1940 3620 si
1973 3565 2157 3620 nudica
2187 3565 2352 3621 fuerit
2382 3566 2594 3620 inventa
2626 3581 2656 3621 a
2682 3581 2880 3635 sponso
2914 3582 3013 3621 suo
3033 3607 3046 3631 ,
3074 3567 3377 3636 ingentibus
3402 3565 3472 3620 ab

1896 3669 1962 3712 eo
1988 3655 2142 3711 donis
2171 3664 2227 3709 et
2266 3656 2579 3710 muneribus
2607 3655 2981 3718 honorabitur,
3007 3664 3060 3711 et
3083 3671 3178 3710 vos
3201 3655 3346 3710 velut
3372 3653 3474 3710 mi-

1896 3744 2053 3799 nistri
2081 3759 2291 3813 sponsae
2309 3783 2324 3810 ,
2355 3752 2412 3799 et
2437 3745 2597 3800 amici
2623 3746 2804 3815 sponsi
2833 3744 3036 3816 ingenti
3072 3745 3266 3817 gaudio
3293 3752 3349 3800 et
3377 3743 3471 3799 lae-

1896 3835 2014 3890 titia
2039 3834 2408 3906 perfruemini.
2433 3833 2490 3891 Si
2523 3851 2651 3891 vero
2683 3851 2879 3906 sponsa
2908 3837 3024 3892 haec
3050 3844 3260 3906 reperta
3305 3833 3470 3889 fuerit

1897 3928 2286 3984 commaculata
2309 3929 2542 3999 peccatis
2558 3970 2572 3995 ,
2601 3929 2714 3999 ipsa
2737 3929 2953 3999 quidem
2977 3938 3230 3999 tanquam
3254 3929 3472 4000 indigna

1898 4033 2004 4073 non
2029 4017 2272 4073 tradetur
2299 4019 2567 4090 regalibus
2591 4019 2765 4074 thuris
2783 4059 2799 4085 ,
2826 4034 2922 4074 vos
2951 4028 3129 4073 autem
3160 4032 3348 4089 poenas
3371 4018 3473 4072 da-

1897 4109 2048 4175 bitis,
2072 4110 2116 4164 si
2141 4109 2280 4164 forte
2300 4125 2396 4179 per
2421 4118 2654 4165 vestram
2678 4109 3060 4182 negligentiam
3085 4109 3167 4165 vel
3191 4109 3476 4176 desidiam,

1902 4202 2213 4272 obrepserit
2263 4201 2515 4272 contagio
2543 4217 2682 4258 saeva
2715 4205 2944 4272 peccati.
2975 4202 3177 4256 Idcirco
3203 4210 3328 4258 ante
3355 4216 3475 4256 om-

1901 4294 2447 4350 niasobrietatis-et
2491 4295 2763 4365 pudicitia:
2815 4295 3230 4352 sollicitudinem
3281 4294 3473 4365 gerite.

1903 4384 2073 4440 Valde
2127 4386 2268 4440 enim
2297 4385 2437 4454 apud
2476 4386 2643 4441 Deum
2699 4402 2862 4458 grave
2889 4388 3093 4442 crimen
3128 4387 3340 4442 ducitur
3365 4385 3475 4440 for-

1905 4475 2134 4541 nicatio,
2167 4476 2318 4545 cujus
2345 4478 2553 4546 species
2581 4486 2707 4532 sunt
2731 4478 2946 4546 quidem
2978 4477 3188 4547 plures,
3219 4479 3357 4533 sicut
3378 4492 3477 4531 vo-

227 4569 524 4624 secundum
550 4569 798 4624 veritatis
824 4561 1062 4639 regulam
1101 4583 1389 4624 secernere
1428 4567 1598 4621 bonos
1629 4582 1657 4619 a
1688 4581 1801 4620 ma-
1831 4535 1881 4596 D
1907 4567 1993 4622 bis
2018 4577 2072 4622 et
2097 4567 2210 4637 ipse
2233 4568 2481 4623 Clemens
2499 4568 2782 4640 diligenter
2805 4578 3037 4639 exponet
3062 4586 3075 4622 :
3106 4576 3474 4625 verumtamen

229 4660 310 4717 lis.
357 4662 468 4718 Ista
502 4676 735 4730 namque
779 4675 945 4732 Opera
965 4702 980 4726 ,
1010 4677 1131 4731 quae
1161 4659 1258 4716 tibi
1298 4660 1478 4714 minus
1505 4673 1803 4729 congruere

232 4754 478 4824 superius
499 4753 878 4822 exposuimus,
901 4752 1190 4808 exhibeant
1209 4750 1310 4806 sibi
1341 4749 1569 4805 invicem
1595 4749 1804 4804 discen-

234 4853 342 4910 tes,
367 4845 423 4898 id
450 4852 534 4899 est
573 4843 728 4909 laici,
777 4853 832 4899 et
875 4852 925 4898 te
965 4859 1124 4898 nemo
1149 4851 1373 4914 occupet
1410 4842 1477 4896 ab
1503 4841 1589 4897 his
1613 4841 1804 4896 studiis

233 4951 326 5004 per
351 4951 476 5007 qua:
503 4936 651 4991 salus
689 4935 937 4990 omnibus
973 4936 1150 4999 datur,
1197 4935 1338 4989 sicut
1381 4934 1527 4988 enim
1578 4933 1674 4987 tibi
1705 4933 1806 4987 im-

231 5028 447 5097 pietatis
474 5025 682 5082 crimen
708 5032 820 5091 est,
851 5025 1108 5096 neglectis
1139 5025 1286 5080 verbi
1319 5024 1412 5079 Dei
1441 5023 1634 5079 studiis
1655 5065 1669 5088 ,
1700 5023 1806 5078 sol-

232 5117 544 5172 licitudines
597 5117 871 5184 suscipere
925 5114 1240 5178 saeculares,
1292 5115 1363 5169 ita
1415 5122 1472 5171 et
1516 5115 1808 5184 unicuique

231 5205 497 5262 laicorum
540 5215 820 5276 peccatum
845 5214 960 5271 est,
989 5206 1092 5259 nisr
1126 5206 1359 5260 invicem
1389 5205 1528 5272 sibi,
1559 5207 1722 5260 etiam
1754 5205 1806 5260 in

232 5299 317 5353 his
347 5313 472 5369 quae
503 5299 570 5352 ad
591 5298 897 5352 communis
915 5298 1040 5353 vitae
1063 5314 1218 5353 usum
1256 5301 1557 5368 pertinent,
1583 5315 1805 5368 operam

233 5390 467 5445 titleliter
495 5389 766 5444 dederint.
801 5389 880 5444 Te
920 5404 1050 5444 vero
1077 5402 1326 5444 securum
1366 5388 1578 5455 facere,
1623 5399 1677 5444 et
1721 5391 1808 5446 his

232 5481 432 5549 quibus
454 5481 938 5548 debeslvacantem,
954 5496 1144 5535 omnes
1164 5482 1522 5536 communiter
1542 5481 1805 5536 laborent.

233 5573 389 5640 Quod
428 5573 474 5627 si
509 5571 647 5628 forte
670 5589 698 5628 a
729 5574 1034 5644 semetipsis
1061 5574 1162 5629 hoc
1185 5574 1304 5629 laici
1335 5590 1439 5629 non
1471 5575 1806 5646 intelligunt,

232 5679 333 5733 per
361 5664 622 5720 diaconos
643 5665 903 5721 edocendi
950 5674 1105 5731 sunt,
1154 5673 1211 5720 ut
1241 5667 1336 5720 tibi
1362 5666 1527 5721 solius
1565 5667 1810 5722 ecclesiae

236 5753 632 5814 sollicitudines
673 5757 1079 5827 derelinquant,
1111 5758 1251 5828 quod
1281 5758 1450 5831 ipsam
1478 5760 1561 5831 (ut
1590 5756 1808 5829 dignum

1909 4657 2080 4730 prima
2103 4658 2311 4727 species
2336 4657 2583 4712 adulterii
2613 4666 2698 4712 est
2727 4657 2900 4712 virum
2928 4657 3144 4729 propria
3190 4672 3358 4712 uxore
3385 4672 3478 4711 so-

1910 4753 2182 4808 lummodo
2203 4768 2308 4808 non
2336 4767 2455 4808 esse
2479 4761 2788 4808 contentum
2806 4794 2820 4817 ,
2847 4762 2900 4806 et
2924 4753 3201 4807 mulierem
3227 4767 3331 4804 non
3355 4763 3482 4823 pro-

1909 4843 2028 4913 prio
2059 4851 2263 4896 tantum
2310 4856 2528 4896 servare
2571 4855 2630 4897 se
2670 4843 2807 4897 viro.
2841 4841 2897 4896 Si
2927 4856 3056 4911 ergo
3093 4849 3273 4896 castus
3317 4838 3481 4894 fuerit

1912 4934 2054 5004 quis,
2079 4943 2254 5004 potest
2280 4941 2334 4987 et
2363 4933 2627 4987 humanus
2655 4941 2710 4988 et
2741 4933 3050 4988 misericors
3073 4930 3316 4998 fieri,per
3339 4927 3483 4997 quod

1907 5037 1963 5082 et
2000 5028 2113 5098 ipse
2155 5035 2410 5081 :eternam
2451 5041 2480 5080 a
2505 5026 2615 5081 Deo
2645 5025 3069 5081 misericordiam
3099 5031 3481 5092 consequatur,

1909 5133 2038 5173 sane
2065 5117 2206 5172 sicut
2232 5116 2480 5171 adulterii
2513 5131 2776 5172 venenum
2803 5113 3012 5170 cunctis
3041 5113 3195 5167 malis
3217 5111 3482 5182 pernicio-

1908 5207 2022 5262 sius
2047 5215 2160 5272 est,
2193 5207 2265 5260 ita
2306 5221 2458 5260 amor
2484 5205 2753 5260 fraternus
2797 5212 2850 5259 et
2893 5202 3130 5257 charitas
3169 5203 3330 5256 totius
3357 5200 3461 5254 bon

1913 5300 2180 5371 fastigium
2214 5307 2377 5355 tenet.
2407 5300 2473 5354 Et
2507 5300 2626 5354 ideo
2668 5297 2873 5368 diligite
2916 5311 3105 5352 omnes
3153 5294 3349 5348 fratres
3395 5308 3486 5345 ve~

1913 5401 2055 5446 stros
2077 5433 2092 5457 ,
2128 5401 2183 5446 et
2216 5407 2337 5446 cum
2372 5391 2629 5461 religione
2658 5405 2722 5444 ac
2753 5387 3122 5442 misericordia
3148 5383 3398 5455 respicite
3419 5380 3486 5434 ad

1913 5498 2131 5548 omnes,
2181 5483 2439 5552 orphanis
2487 5481 2735 5536 exhibete
2797 5478 3151 5547 vosmetipsos
3197 5481 3483 5545 parentes,

1914 5576 2088 5630 viduis
2113 5575 2350 5628 virorum
2399 5587 2583 5627 curam
2637 5569 2959 5640 impendite,
2989 5581 3110 5622 cum
3139 5562 3284 5619 omni
3326 5560 3486 5616 casti.

1916 5675 2026 5721 tate
2058 5681 2178 5734 quae
2208 5663 2512 5718 necessaria
2548 5669 2672 5715 sunt
2695 5661 3028 5731 praebentes,
3044 5658 3286 5729 juniores
3310 5663 3486 5705 tamen

1920 5758 2107 5812 viduas
2136 5755 2337 5825 nuptiis
2363 5752 2628 5824 copulate.
2679 5751 2773 5807 His
2813 5751 2903 5822 qui
2947 5750 3195 5819 ignorant
3225 5741 3448 5800 artificia
3470 5781 3482 5804 ,
