4012 6468
555 398 626 454 25
1385 403 1674 460 ᾹΡΡΕΝΙ).
1715 403 1807 459 AD
1834 403 2006 459 SA‘ZC.
2043 403 2129 462 IX.

2276 405 2523 462 lSlDORl
2563 407 3005 463 MERCATORIS
3719 411 3793 466 ει

553 513 820 582 exquirite
857 513 1111 571 hoz-zestas
1137 514 1343 585 aliquas
1375 515 1688 572 occasiones
1713 516 1907 586 quibus
1924 515 2121 571 victum
2154 522 2194 579 Α
2229 520 2554 573 commoneri
2583 520 2648 574 ab
2675 535 2739 574 eo
2779 522 2949 589 possit
2980 519 3061 574 his
3100 517 3192 588 qui
3235 517 3288 572 in
3331 517 3685 587 praecipitium
3716 520 3796 574 la-

555 604 918 658 necessarium
950 613 1211 675 quaarant.
1239 605 1545 660 Artiﬁcibus
1593 621 1719 660 vero
1760 621 1976 674 operam
2007 623 2126 676 pro-

560 696 766 760 videte,
799 697 1062 752 debilibus
1094 698 1518 752 misericordiam
1550 698 1729 752 facite.
1779 697 1906 753 Scio
1946 708 2124 752 autem

557 785 673 839 bare
698 786 876 840 omnia
907 786 1142 841 facturos
1170 803 1290 852 vos,
1319 789 1362 842 si
1397 789 1713 843 charitatem
1741 805 1849 857 prae
1877 790 2087 845 caeteris
2108 831 2123 856 ,

553 883 614 926 et
636 883 760 929 ante
784 876 965 930 omnia
997 877 1047 929 iu
1081 888 1256 932 vestro
1283 877 1447 933 corde
1475 878 1670 948 ligatis.
1705 878 1867 949 Cujus
1892 881 2128 934 cbarita-

561 964 628 1018 tis
655 974 711 1017 et
742 964 1057 1034 recipienda:
1082 974 1139 1020 et
1166 966 1422 1021 habenda:
1449 967 1741 1021 maximum
1784 969 1887 1022 erit
1923 968 2130 1024 fomen-

561 1061 673 1106 tum
693 1094 709 1117 ,
738 1053 782 1108 si
806 1053 1115 1124 frequenter
1142 1056 1281 1111 inter
1306 1057 1655 1126 vosmetipsos
1681 1074 2016 1113 communem
2053 1059 2129 1114 ci-

560 1142 686 1197 bum
735 1157 1006 1211 vestrum,
1062 1162 1408 1217 mensamque
1452 1147 1692 1214 faciatis,
1754 1160 1808 1204 et
1868 1159 2128 1219 quantum

559 1235 925 1304 unusquisque
954 1237 1206 1306 prwvalct
1227 1277 1242 1301 ,
1275 1238 1520 1292 crebrius
1542 1255 1707 1308 panes
1735 1256 1798 1293 ac
1835 1239 1975 1294 sales
2001 1255 2129 1295 suos

559 1335 681 1374 cum
723 1321 977 1378 fratribus
1023 1324 1136 1380 suis
1177 1335 1374 1391 sumat,
1406 1342 1501 1396 per
1550 1329 1664 1384 btee
1688 1329 1830 1382 enim
1863 1327 2130 1398 praecipue

557 1410 794 1467 Charitas
824 1424 1185 1483 comparatur,
1221 1424 1276 1470 et
1303 1432 1467 1472 causa
1514 1419 1679 1472 totius
1707 1420 1829 1473 boni
1861 1421 1912 1473 in
1946 1418 2130 1488 hujus-

560 1503 704 1556 modi
757 1508 1138 1562 communione
1183 1509 1464 1575 consistit;
1520 1511 1612 1566 ubi
1661 1523 1841 1566 autem
1891 1528 2027 1582 pax,
2075 1523 2130 1567 et

559 1592 615 1664 4
643 1595 874 1660 bonitas,
913 1597 985 1651 ibi
1033 1608 1118 1653 est
1166 1600 1352 1665 satus;
1384 1610 1602 1672 propter
1645 1604 1788 1672 quod
1819 1619 2130 1660 communes

561 1684 722 1740 facite
753 1686 902 1743 cibos
941 1699 1147 1746 vestros
1176 1707 1298 1746 cum
1342 1691 1425 1747 his
1460 1693 1550 1763 qui
1603 1694 1896 1749 secundum
1946 1694 2134 1749 Dolui-

561 1793 688 1832 num
735 1777 930 1835 fratres
967 1793 1109 1848 sunt,
1141 1786 1265 1854 quia
1307 1801 1404 1856 per
1431 1785 1546 1841 lucc
1578 1786 1891 1856 temporalia
1927 1786 2126 1852 ofﬁcia,

2225 624 2421 676 psurus
2441 619 2544 677 est,
2569 611 2643 664 uti
2669 620 2948 665 revocetur
2968 619 3023 666 et
3044 626 3148 665 non
3175 617 3391 664 corruat
3415 609 3467 663 in
3493 618 3792 678 peccatum.

2229 698 2649 771 Ni-gligentiores
2672 717 2882 771 quoque
2894 709 2946 756 et
2961 716 3054 755 eos
3081 701 3172 770 qui
3202 701 3376 755 rarius
3392 699 3455 754 ad
3473 699 3797 755 audiendum

2227 791 2451 846 verbum
2503 792 2592 845 Dei
2623 792 2906 856 accedunt,
2939 807 3037 846 nec
3065 791 3293 845 sollicite
3319 791 3385 845 ad
3418 791 3651 860 episcopi
3690 798 3801 843 tra-

2228 888 2433 934 ctatqu
2481 883 2808 936 conveniunt
2854 883 2953 952 ipsi
2988 893 3366 938 eommoneant
3394 892 3450 937 et
3493 883 3798 937 hortentur.

2229 972 2285 1027 Si
2336 973 2478 1027 enim
2527 974 2728 1029 assidui
2785 983 2910 1030 sunt
2960 975 3027 1030 ad
3065 975 3410 1039 audiendum,
3467 991 3574 1028 non
3625 973 3800 1028 solum

2228 1064 2351 1117 vita:
2373 1073 2588 1119 aeternae
2615 1080 2680 1119 ex
2713 1064 2912 1119 salubri
2935 1065 3352 1120 commonitione
3377 1065 3595 1134 capiunt
3625 1062 3799 1125 lucra,

2228 1168 2415 1207 verum
2457 1161 2512 1208 ct
2541 1168 2870 1223 quarcuuque
2903 1154 3008 1208 illa:
3056 1153 3459 1218 sunttristitiaz,
3485 1151 3566 1206 vel
3604 1165 3804 1206 mro-

2230 1259 2317 1297 res
2337 1258 2458 1311 quze
2486 1258 2552 1298 ex
2576 1245 2857 1313 praesentis
2884 1245 3006 1299 vita:
3031 1243 3467 1306 necessitatibus,
3483 1251 3539 1296 et
3561 1240 3804 1296 cladibus

2229 1342 2527 1402 temporum
2554 1334 2797 1398 veniunt,
2847 1349 3181 1403 quaecunque
3222 1333 3563 1388 sermonibus
3596 1331 3710 1385 suis
3749 1329 3803 1384 in

2227 1421 2410 1483 corde,
2437 1421 2582 1475 velut
2616 1420 2792 1489 jacula
2823 1423 2998 1478 deﬁxa
3032 1422 3454 1486 circumferunt,
3481 1421 3808 1491 abjiciuntur

2227 1514 2406 1568 omnia
2457 1513 2836 1584 pnedicatione
2884 1501 3164 1577 verftatis,
3189 1524 3244 1570 et
3283 1524 3423 1570 vitaz-
3458 1524 3674 1568 aeterna:
3711 1511 3806 1566 do-

2229 1604 2404 1658 ctrina
2435 1613 2489 1659 et
2513 1604 2816 1660 eruditione
2841 1615 3084 1676 purgata.
3112 1606 3383 1675 Alioquin,
3401 1606 3445 1660 si
3477 1605 3642 1659 multo
3671 1613 3807 1658 tem-

2227 1706 2358 1764 pore
2379 1691 2632 1748 auditum
2648 1693 2966 1751 subtrahant
2997 1711 3028 1750 a
3073 1695 3239 1750 verbo
3270 1694 3386 1758 Dei,
3409 1703 3463 1750 et
3489 1699 3810 1753 remaneant

2231 1785 2282 1838 iu
2312 1781 2454 1839 cultu
2478 1784 2756 1850 vitiorum,
2781 1785 2898 1840 sine
2923 1785 3086 1840 dubio
3105 1785 3273 1856 spinis
3299 1792 3457 1840 erunt
3473 1799 3538 1839 ae
3564 1781 3809 1838 sentibus

558 1867 706 1934 pacis
733 1877 788 1923 et
816 1870 1095 1927 cbaritatis
1121 1872 1384 1930 fructibus
1417 1877 1609 1946 gaudia
1657 1887 1859 1931 .eterua
1893 1877 2125 1931 merebi-
2159 1873 2200 1930 Β
2227 1876 2495 1946 occupati.
2551 1876 2620 1932 Et
2666 1877 2792 1946 quid
2841 1877 2984 1931 aliud
3013 1877 3117 1931 nisi
3156 1880 3222 1932 ad
3281 1875 3482 1946 ignem,
3539 1873 3661 1929 talis
3693 1873 3809 1938 ham

561 1959 710 2014 mmi.
743 1961 907 2018 Multo
948 1975 1132 2020 autem
1155 1966 1438 2022 sollicitius
1472 1968 1775 2023 esurientes
1806 1967 2044 2032 reﬁcite,
2074 1976 2130 2023 et

559 2048 866 2105 sitientibus
907 2061 1090 2122 potum
1138 2055 1284 2122 date,
1319 2057 1479 2111 nudis
1505 2057 1912 2122 vestimentum,
1959 2072 2130 2127 aegros

560 2142 799 2210 visitate,
829 2154 881 2200 et
903 2161 996 2201 eos
1035 2148 1123 2216 qui
1172 2149 1224 2203 in
1261 2165 1485 2204 carcere
1514 2158 1667 2214 sunt,
1694 2159 1852 2222 prout
1881 2148 2132 2220 possibile

560 2243 666 2298 est,
706 2235 908 2304 juva-te,
942 2241 1254 2311 peregrinos
1307 2242 1438 2296 satis
1480 2251 1725 2312 prompte
1771 2243 1822 2295 in
1877 2240 2130 2296 domibus

561 2327 758 2380 vestris
780 2331 1050 2398 suscipite,
1074 2341 1126 2386 et
1149 2349 1215 2388 ue
1241 2334 1422 2388 omnia
1444 2349 1585 2389 nunc
1604 2334 1909 2405 singulatim
1933 2334 2128 2400 dicam,

561 2430 721 2470 omne
757 2419 956 2474 bonum
989 2421 1099 2491 ipsa
1135 2438 1230 2492 per
1257 2438 1336 2487 se,
1364 2425 1408 2479 si
1434 2425 1486 2479 in
1514 2425 1664 2479 vobis
1691 2425 1852 2479 fuerit
1873 2425 2130 2490 charitas,

562 2503 742 2561 facere
771 2525 864 2564 vos
893 2510 1346 2577 docebit,sicutet
1379 2533 1404 2570 ,ε
1433 2515 1836 2581 contrario,eos
1862 2515 1951 2586 qui
1983 2532 2010 2569 a
2047 2531 2134 2569 sa-

563 2595 674 2652 lute
710 2600 868 2656 alieni
904 2613 1029 2658 sunt
1060 2620 1218 2660 oume
1268 2606 1466 2661 malum
1498 2605 1678 2662 facere
1725 2608 1906 2663 odium
1954 2608 2128 2663 docet.

540 2688 623 2742 Si
652 2691 739 2758 qui
771 2707 835 2746 ex
858 2692 1112 2751 fratribus
1134 2698 1346 2768 negotia
1374 2698 1572 2752 habent
1602 2699 1741 2753 inter
1766 2713 1846 2762 se,
1877 2699 2013 2768 apud
2044 2713 2133 2753 (ιο-ρ

565 2782 803 2850 gnitores
830 2788 1006 2842 saeculi
1038 2805 1141 2844 non
1169 2787 1522 2858 judicentur:
1554 2791 1645 2846 sed
1692 2791 1832 2860 apud
1860 2790 2133 2860 presbyte-

567 2885 657 2926 ros
687 2874 937 2952 Ecclesize
967 2878 1225 2949 quidquid
1253 2880 1379 2934 illud
1405 2889 1506 2944 est,
1550 2880 1866 2945 dirimatur,
1897 2887 1952 2935 et
1988 2877 2134 2935 omni

567 2967 726 3022 modo
754 2967 1006 3024 obediant
1048 2974 1262 3028 statutis
1295 2971 1502 3028 eorum.

641 3060 816 3131 Super
853 3063 1028 3116 omnia
1071 3074 1251 3119 autem
1297 3065 1578 3120 avaritiam
1632 3063 1834 3135 fugite,
1886 3078 2008 3134 quae
2040 3062 2136 3117 ho.-

569 3148 742 3204 mines
778 3151 1058 3206 occasione
1087 3153 1365 3223 praesentis
1400 3153 1534 3208 lucri
1571 3152 1639 3207 ab
1663 3153 1880 3208 aeternis
1915 3157 2133 3222 separat

569 3239 745 3294 bonis.
774 3240 1037 3306 Pondera,
1067 3258 1368 3310 mensuras,
1396 3252 1626 3299 stateras
1640 3258 1737 3312 pro
1754 3242 1885 3298 locis
1911 3242 2134 3312 quibus-
2161 3226 2208 3286 ο

571 3350 677 3404 que
703 3336 1006 3406 aequissima
1024 3337 1319 3404 custodite;
1339 3338 1577 3408 deposita
1609 3336 1835 3391 ﬁdeliter
1850 3335 2133 3392 restituite.

571 3423 701 3492 Quae
729 3428 930 3492 omnia,
964 3437 1018 3484 et
1055 3429 1098 3484 si
1129 3445 1236 3500 qua
1281 3439 1406 3484 sunt
1436 3429 1633 3488 similia
1684 3430 1786 3497 bis,
1815 3431 1888 3485 ita
1921 3430 2136 3484 demum

570 3517 798 3573 sollicite
821 3529 874 3574 et
899 3521 1180 3592 diligenter.
1206 3522 1518 3593 implebitis,
1551 3524 1594 3579 si
1620 3522 1858 3578 futurum
1875 3521 2137 3593 judicium

570 3608 662 3664 Dei
691 3611 806 3666 sine
838 3612 1236 3670 intermissione
1257 3615 1310 3669 iu
1335 3625 1514 3670 vestro
1541 3615 1704 3669 corde
1734 3612 1979 3667 volvatis.
2009 3611 2140 3677 Quis

571 3698 715 3752 enim
765 3715 986 3768 peccare
1027 3704 1241 3771 peterit,
1273 3704 1317 3758 si
1351 3718 1566 3773 semper
1609 3710 1735 3756 ante
1781 3700 1964 3755 oculos
2014 3713 2141 3754 suos

572 3787 666 3842 Dei
713 3787 974 3857 judicium
1021 3793 1218 3859 ponat?
1264 3791 1390 3860 quid
1443 3793 1496 3845 in
1557 3790 1661 3845 ﬁne
1706 3789 1890 3843 mundi
1931 3797 2138 3842 certum

569 3889 654 3933 est
674 3880 1019 3950 agitandum,
1072 3893 1130 3938 ut
1182 3885 1397 3938 tandem
1450 3884 1541 3954 qui
1588 3884 1724 3938 bene
1780 3883 1834 3936 in
1885 3881 1988 3936 hac
2031 3881 2140 3935 vita

570 3980 798 4040 egerunt
816 3984 1216 4044 consequantur
1241 3975 1378 4030 bona
1409 3977 1665 4046 reposita,
1705 3987 2016 4044 peceatores
2043 3991 2140 4028 au-

575 4068 703 4123 tem,
737 4070 796 4115 ut
845 4075 1245 4134 consequantur.
1268 4077 1594 4136 prteparatas
1625 4079 1832 4136 ptenas,
1863 4065 1928 4120 de
1948 4065 2143 4134 quibus

572 4148 648 4203 ita
703 4149 948 4211 futurum.
996 4155 1240 4212 dubitare
1291 4159 1510 4216 omnino
1564 4173 1668 4212 non
1724 4156 2047 4227 possumus?
2083 4156 2141 4210 Si

573 4238 789 4309 quidem
835 4243 949 4298 haec
992 4246 1171 4302 omnia
1222 4247 1295 4301 ita
1341 4261 1460 4303 esse
1507 4257 1730 4305 ventura
1781 4263 1939 4303 verus
1988 4248 2144 4303 nobis

573 4333 832 4404 propheta
863 4338 1128 4406 praedixit.
1173 4339 1327 4400 Unde
1354 4348 1413 4398 et,
1439 4355 1561 4405 vos,
1595 4341 1685 4410 qui
1711 4341 1843 4398 estis
1869 4342 1979 4394 veri
2021 4354 2146 4410 Ρτο·

571 4423 747 4492 pheta:
769 4425 1032 4496 discipuli,
1055 4429 1270 4498 abjicite
1286 4448 1316 4490 a
1331 4431 1581 4486 cordibus
1605 4431 1796 4488 vestris
1818 4442 1942 4488 ante
1962 4429 2142 4485 omnia

572 4512 868 4570 discordias
919 4527 973 4571 et
1011 4518 1312 4574 animorum
1375 4521 1774 4586 dissensiones,
1824 4535 1887 4576 ex
1948 4519 2142 4590 quibus

569 4615 730 4657 omne
770 4603 966 4658 malum
996 4622 1129 4675 opus
1171 4609 1440 4678 procedit,
1488 4609 1872 4680 benignitatem
1911 4615 1966 4661 et
2013 4608 2143 4666 sim-.-

571 4694 861 4766 plicitatem
897 4707 1007 4752 tota
1043 4711 1218 4756 mente
1243 4713 1472 4758 servate.
1521 4702 1672 4769 Quod
1713 4703 1756 4758 si
1802 4702 1942 4757 forte
1983 4703 2144 4758 alicui-

565 4787 657 4857 jus
688 4789 775 4844 vel
810 4806 936 4857 cor,
965 4791 1049 4847 vel
1079 4792 1234 4858 livor,
1275 4795 1371 4850 vel.
1411 4795 1698 4850 infidelitas
1722 4835 1738 4860 ,
1789 4795 1873 4850 vel
1928 4795 2142 4864 aliquod

572 4879 768 4934 malum
799 4897 868 4936 ex
894 4882 979 4937 his
1009 4898 1127 4952 qua:
1173 4886 1422 4956 superius
1453 4886 1864 4940 memoravimus
1914 4885 2142 4940 latenter

571 4968 866 5038 irrepserit,
893 4987 997 5026 non
1019 4974 1304 5030 erubescat
1326 4975 1415 5044 qui
1442 4975 1634 5029 anima:
1656 4990 1766 5030 sua:
1792 4990 1975 5029 curam
2002 4975 2141 5044 gerit

570 5059 815 5116 conﬁteri
838 5063 953 5118 haec
975 5065 1101 5120 huic
1131 5067 1221 5136 qui
1247 5075 1421 5137 potest
1451 5075 1509 5120 ut
1539 5067 1606 5121 ab
1639 5066 1755 5136 ipso
1794 5082 1890 5137 per
1919 5069 2138 5123 verbum

573 5147 781 5204 Domini
829 5163 882 5206 et
931 5153 1223 5212 concilium
1267 5154 1482 5210 salubre
1525 5164 1780 5218 curetur,
1831 5169 1937 5223 quo
1971 5155 2142 5223 possit

572 5239 780 5309 integra
825 5241 947 5307 ﬁde,
981 5253 1034 5298 et
1063 5243 1322 5314 operibus.
1359 5243 1511 5302 bouis
1549 5259 1740 5314 pinnas
1777 5245 1966 5299 :eterni
2001 5243 2140 5316 ignis

569 5329 824 5402 eﬂ'ugere,
853 5343 909 5390 et
931 5335 997 5390 ad
1025 5346 1293 5406 perpetua:
1315 5337 1435 5392 vitae
1461 5338 1677 5407 praemia
1701 5338 1997 5408 pervenire.

646 5421 862 5478 Diaconi
881 5440 1009 5480 vero
1036 5425 1285 5482 Ecclesia:
1307 5437 1560 5496 tanquam
1582 5428 1721 5482 oculi
1747 5429 1855 5483 sint
1874 5425 2137 5498 episcopi,

579 5514 894 5572 oberrantcs
960 5527 1037 5572 et.
1081 5518 1582 5574 circumlustrautes
1650 5533 1772 5573 cum
1823 5518 2142 5574 verecundia

576 5611 730 5659 actus
755 5606 917 5660 totius
944 5603 1214 5673 Ecclesiae,
1240 5615 1294 5662 et
1321 5615 1725 5677 perscrutantes
1763 5605 2071 5676 diligentius
2095 5603 2139 5660 si

575 5708 729 5764 quem
758 5697 969 5752 videant
999 5698 1229 5753 vicinum
1261 5699 1374 5753 ﬁeri
1403 5699 1719 5768 prmeipitio,
1743 5705 1798 5752 et
1841 5697 2142 5767 proximum

573 5802 692 5842 esse
744 5799 996 5858 peccato,
1046 5799 1105 5846 ut
1153 5789 1385 5848 referant
1441 5790 1552 5846 htec
1599 5790 1665 5846 ad
1716 5791 2048 5860 episcopum,
2090 5797 2145 5845 et

2230 1976 2372 2023 terra
2403 1978 2736 2038 praeparatur
2756 1969 2779 2022 ἲ
2803 1970 2878 2023 De
2913 1970 2996 2024 his
3022 1984 3173 2039 ergo,
3196 1976 3254 2023 ut
3275 1968 3531 2031 diximus,
3562 1963 3810 2022 diaconi:

2228 2073 2355 2116 cnra
2381 2059 2468 2114 sit.
2509 2058 2612 2114 Sed
2653 2074 2769 2124 eos,
2797 2059 2886 2129 qui
2923 2059 3215 2114 secundum
3245 2072 3463 2112 carnem
3515 2061 3808 2134 aegrotant,

2229 2149 2456 2205 sollicite
2501 2151 2837 2221 perquirant,
2865 2158 2919 2205 et
2965 2149 3128 2219 plebi,
3151 2149 3196 2204 si
3219 2147 3356 2203 forte
3387 2147 3535 2217 plebs
3570 2145 3808 2215 ignorat,

2231 2239 2468 2294 iudicent
2493 2240 2559 2294 de
2585 2241 2673 2296 his
2693 2249 2750 2294 ut
2777 2249 2832 2294 et
2864 2241 2961 2309 ipsi
2991 2239 3213 2294 visitent
3238 2253 3354 2301 eos,
3379 2246 3434 2292 et
3471 2251 3590 2305 qua:
3619 2249 3807 2288 neces-

2231 2327 2369 2382 saria
2387 2337 2515 2382 sunt
2538 2329 2812 2398 praebeant
2834 2329 2912 2382 eis
2935 2343 3054 2382 cum
3075 2327 3400 2383 conscientia
3423 2323 3644 2396 ejusoqui
3667 2338 3814 2393 prac-

2229 2429 2330 2474 est.
2373 2419 2529 2486 Quod
2569 2429 2744 2476 tamen
2782 2419 2831 2473 si
2856 2419 3019 2472 etiam
3042 2419 3180 2474 clam
3207 2417 3451 2483 fecerint,
3476 2431 3578 2470 non
3609 2428 3807 2486 pecca-

2231 2512 2387 2568 bunL

2261 2626 2264 2630 ·
2303 2602 2412 2658 Sed
2435 2611 2490 2658 et
2520 2603 2586 2659 de
2611 2603 2911 2674 peregrinis
2940 2602 3192 2658 similiter
3221 2602 3472 2671 episcopo
3520 2605 3812 2671 suggerant

2235 2693 2560 2758 refovendis,
2611 2704 2666 2748 et
2713 2705 2905 2750 caetera
2943 2692 3031 2748 his
3083 2692 3281 2749 similia
3315 2708 3437 2762 quae
3481 2691 3550 2746 ad
3601 2691 3812 2746 cultum

2235 2785 2488 2842 Ecclesiae
2537 2793 2594 2841 et
2617 2785 2950 2856 disciplinam
2975 2785 3092 2856 ejus
3113 2784 3380 2854 pertinent
3407 2780 3648 2836 diaeonis
3667 2794 3810 2836 cura:

2235 2879 2362 2933 sint.
2393 2877 2503 2944 Qui
2535 2877 2930 2942 cathechizant,
2966 2878 3018 2931 id
3045 2884 3150 2940 est,
3198 2875 3290 2945 qui
3318 2873 3482 2928 verbo
3531 2872 3808 2934 instruunt

2236 2970 2574 3042 incipientes,
2617 2971 2792 3040 primo
2826 2977 3040 3041 oportet
3076 2968 3224 3038 quod
3269 2968 3367 3039 ipsi
3401 2963 3646 3020 instructi
3684 2963 3810 3028 sint,

2236 3063 2304 3116 de
2345 3063 2526 3117 anima
2569 3061 2714 3116 enim
2745 3062 2922 3132 agitur
2963 3063 3270 3125 hominum,
3303 3068 3358 3116 et
3403 3066 3621 3128 oportet
3688 3069 3810 3110 eum

2237 3155 2329 3224 qui
2382 3155 2542 3210 docet
2589 3165 2643 3211 et
2691 3155 2911 3233 instruit
2945 3157 3154 3214 animas
3193 3155 3352 3212 mdes
3392 3168 3510 3210 esse
3543 3148 3706 3208 talem
3759 3157 3815 3206 ut

2238 3262 2336 3320 pro
2379 3247 2593 3320 ingenio
2631 3247 2976 3316 discentium,
3006 3250 3350 3319 semetipsum
3378 3245 3552 3317 possit
3579 3253 3772 3314 aptare
3796 3282 3812 3308 .

2237 3350 2292 3395 et
2324 3342 2474 3396 verbi
2513 3340 2757 3398 ordinem
2788 3357 2887 3412 pro
2933 3340 3201 3396 audientis
3229 3338 3529 3408 capacitate
3558 3335 3812 3406 dirigere.

2238 3429 2408 3486 Debet
2439 3445 2569 3502 ergo
2613 3431 2727 3500 ipse
2759 3431 3026 3500 przecipue
3074 3428 3319 3498 apprime
3364 3443 3484 3484 esse
3525 3425 3814 3489 eruditus,

2237 3530 2293 3576 et
2331 3520 2553 3585 doctus,
2588 3519 3103 3590 irreprebensibilis,
3151 3528 3397 3573 maturus
3421 3557 3438 3583 ,
3493 3514 3814 3586 impavidus,

2237 3613 2378 3667 sicut
2405 3612 2503 3681 Ipsi
2546 3611 2846 3681 probabitis
2877 3609 2993 3666 fore
3019 3609 3347 3666 Clementem
3379 3610 3520 3664 hunc
3550 3613 3680 3677 post
3711 3619 3814 3660 me.

2309 3701 2531 3756 Multum
2576 3711 2662 3757 est
2701 3711 2880 3758 autem
2916 3704 2960 3758 si
3005 3718 3104 3773 ego
3127 3717 3270 3757 nunc
3303 3703 3369 3757 de
3399 3699 3620 3770 singulis
3645 3738 3662 3763 ,
3699 3712 3817 3767 qua

2239 3793 2603 3863 unusquisque
2634 3793 2835 3849 habere
2857 3795 3067 3858 debeat,
3091 3808 3410 3864 persequar,
3439 3799 3815 3846 verumtamen

2241 3881 2368 3937 illud
2393 3890 2495 3948 est,
2523 3885 2666 3952 quod
2701 3900 2812 3954 pra:
2831 3886 3043 3941 caeteris
3077 3885 3144 3940 ab
3187 3884 3440 3939 omnibus
3475 3881 3630 3936 vobis
3657 3880 3816 3950 cupio

2240 3973 2294 4027 in
2320 3987 2604 4028 commune
2646 3976 2876 4041 servari,
2916 3983 2974 4029 ut
3008 3975 3353 4030 concordiam
3395 3972 3624 4029 teneatis
3664 3989 3682 4027 :
3724 3985 3818 4041 per

2240 4063 2380 4130 quod
2423 4064 2596 4118 solum
2629 4065 2853 4134 potestis
2894 4074 3105 4136 portum
3136 4065 3332 4135 quietis
3384 4065 3606 4127 intrare,
3635 4073 3695 4118 et
3736 4065 3815 4118 ci-

2240 4153 2461 4206 vitalem
2489 4155 2684 4208 summi
2717 4156 2894 4226 Regis,
2923 4172 3041 4226 quae
3058 4170 3158 4225 pax
3191 4155 3519 4220 nominatur,
3545 4153 3815 4208 habitare.

2313 4241 2517 4298 Similis
2546 4259 2776 4315 namque
2800 4255 2883 4300 est
2910 4245 3087 4300 omnis
3116 4254 3288 4300 status
3315 4244 3566 4299 Ecclesiae
3608 4260 3818 4314 magna

2243 4335 2366 4392 navi
2417 4352 2538 4405 qua:
2593 4354 2690 4408 per
2753 4338 3016 4393 undosum
3063 4338 3285 4408 pelagus
3324 4335 3555 4392 diversis
3602 4350 3634 4390 e
3686 4335 3820 4391 locis

2242 4436 2296 4483 et
2331 4427 2638 4497 regionibus
2677 4427 2820 4483 viros
2854 4437 3029 4497 portat
3075 4428 3143 4482 ad
3173 4442 3334 4482 unam
3380 4425 3620 4480 Potentis
3650 4426 3818 4496 'regni

2246 4516 2431 4572 urbem
2485 4533 2777 4588 properare
2834 4518 3133 4588 cupientes.
3187 4515 3274 4571 Sit
3309 4530 3437 4585 ergo
3467 4515 3620 4569 navis
3660 4513 3820 4582 hujus

2245 4609 2502 4668 Dominus
2550 4611 2663 4679 ipse
2721 4610 3061 4678 omnipotens
3113 4610 3274 4671 Deus,
3306 4609 3638 4676 gubernator
3692 4622 3820 4662 vero

2241 4701 2313 4754 sit
2374 4701 2640 4756 Christus.
2701 4700 2836 4753 Tum
2887 4700 3079 4754 deinde
3130 4707 3370 4769 prorem
3417 4697 3650 4752 eﬁicium
3708 4695 3820 4766 epi-

2239 4806 2434 4861 scopus
2500 4791 2762 4861 implem;
2836 4790 3138 4861 presbyteri
3203 4799 3486 4844 nautarum
3522 4829 3546 4852 ,.
3604 4787 3818 4842 diaconi

2239 4883 2665 4950 dispensatorum
2728 4881 2898 4936 locum
2963 4889 3215 4943 teneant;
3277 4881 3329 4934 bi
3430 4881 3527 4950 qui
3581 4879 3817 4935 catecbi-

2238 4981 2363 5028 zuut
2393 4970 2693 5042 nautulogis
2732 4971 3118 5036 conferantur;
3149 4971 3381 5040 epibatis
3424 4980 3606 5024 autem
3658 4971 3820 5025 totius

2247 5057 2604 5114 fraternitatis
2649 5060 2932 5115 multitudo
2981 5059 3189 5115 similis.
3228 5059 3333 5124 sit;
3387 5059 3560 5129 ipsum
3603 5071 3820 5127 quoque

2247 5165 2400 5206 mare
2453 5151 2543 5206 hic
2587 5151 2822 5206 mundus
2873 5151 3176 5216 habeatur;
3227 5161 3506 5207 ventorum
3561 5163 3690 5205 vero
3728 5163 3818 5204 va-

2247 5241 2413 5296 rietas
2491 5249 2546 5296 et
2604 5243 2876 5296 turbtnum
2961 5243 3196 5297 diversis
3241 5240 3641 5296 tentationibus.
3688 5255 3820 5294 cono

2246 5328 2484 5396 feratur;
2537 5332 2975 5400 persecutiones,
3031 5331 3408 5386 tribulationes
3471 5338 3528 5385 et
3580 5327 3815 5400 pericula

2244 5421 2494 5477 fluctibus
2541 5432 2923 5491 exsequemur.
2975 5421 3199 5478 Terreni
3246 5437 3373 5477 vero
3427 5423 3672 5492 spiritus,
3722 5419 3814 5492 qui

2249 5515 2331 5569 vel
2370 5515 2446 5569 de.
2471 5513 2818 5580 torrentibus,
2875 5513 2957 5566 vel
3001 5514 3067 5568 de
3106 5512 3336 5569 vallibus
3378 5514 3609 5584 spirant,
3655 5525 3817 5582 pseua

2247 5607 2700 5676 doprOpbetarum
2753 5614 2808 5662 et
2853 5606 3198 5662 seductorum
3220 5646 3236 5670 ,
3274 5622 3368 5662 seu
3404 5622 3584 5676 pravae
3615 5606 3817 5664 doctri-

2247 5717 2331 5756 na:
2388 5702 2551 5758 verba
2605 5703 2927 5767 ducantur;
2962 5702 3328 5772 promontoria
3380 5717 3542 5765 vero,
3597 5710 3653 5756 et
3697 5697 3814 5756 lore
3877 5743 3894 5761 ς

2249 5791 2590 5864 confragosa,
2623 5793 2674 5848 hi
2733 5793 2822 5862 qui
2859 5793 2911 5847 iu
2948 5792 3304 5862 potestatibus
3352 5793 3531 5850 seculi
3580 5799 3702 5847 sunt
3734 5789 3814 5852 iu-
