4012 6460
225 366 297 421 23

225 476 402 541 dices,
452 485 506 532 et
537 477 776 553 pericula
832 480 1108 537 minantur
1153 493 1209 539 et
1249 492 1467 544 mortes.
1503 491 1796 547 Bithalassa

223 585 357 626 vero
409 571 547 636 loca,
599 588 720 643 qua:
772 573 1073 645 duplicibus
1126 579 1282 633 undae
1325 579 1536 638 fallacis
1585 585 1804 638 testibus

218 664 608 729 verberantur,
652 665 832 720 dubiis
869 678 1053 723 meme
1104 678 1161 724 et
1209 671 1279 726 de
1323 674 1800 742 repromissionum

216 755 456 809 veritate
527 757 841 813 nutantibus
893 759 1292 827 conferantur,
1356 774 1519 834 atque
1573 767 1658 821 bis
1707 767 1798 836 qui

215 843 579 898 irrationabili
611 846 787 901 fidem
843 857 1084 904 nostram
1155 853 1363 908 ratione
1409 855 1791 912 discutiuntur.

214 932 526 1004 Hypocrita:
553 951 700 1000 vero,
732 945 786 991 et
814 937 982 993 dolosi
1017 940 1206 1008 piratis
1247 943 1450 999 similes
1475 946 1795 1002 habeantur.

214 1022 334 1077 lam
361 1039 488 1079 vero
510 1026 724 1094 rapidus
741 1037 1012 1092 vertex,et
1034 1039 1266 1085 tartarea
1284 1030 1563 1102 Carybdis,
1581 1044 1634 1089 et
1654 1039 1798 1092 saxis

215 1115 358 1169 illisa
407 1116 721 1190 naufragia,
771 1135 835 1174 ac
885 1122 1176 1178 mortiferae
1223 1125 1626 1190 subversiones,
1669 1131 1794 1199 quid

215 1205 363 1259 aliud
410 1208 724 1262 aestimanda
753 1219 911 1275 sunt,
947 1227 1108 1280 quam
1133 1217 1388 1283 peccata?
1420 1216 1608 1274 Restat
1634 1221 1797 1292 igitur

214 1309 274 1353 ut
307 1301 426 1354 hzec
453 1302 607 1356 navis
634 1317 796 1357 cursu
827 1319 1086 1374 prospero
1114 1313 1222 1359 tuta
1266 1309 1435 1376 possit
1463 1319 1674 1378 portum
1702 1313 1794 1367 de-

213 1389 465 1445 siderata
493 1392 642 1446 urbis
677 1393 898 1456 intrare,
932 1393 1004 1448 ita
1029 1394 1140 1450 Deo
1165 1411 1379 1466 precem
1409 1397 1635 1456 fundere
1661 1419 1792 1458 con-

210 1480 384 1544 venit,
420 1489 482 1535 ttt
515 1483 827 1553 navigantes
848 1494 1158 1540 mereantur
1179 1489 1576 1547 audiri.Audiri
1612 1505 1789 1550 autem

209 1585 239 1622 a
278 1570 392 1624 Deo
417 1570 492 1624 ita
527 1571 740 1626 demum
773 1574 1064 1629 merebitur
1091 1577 1233 1646 quis,
1270 1580 1313 1633 si
1341 1583 1612 1638 orationes
1643 1585 1786 1655 ipsae,

207 1657 368 1714 bonis
398 1658 638 1714 moribus
663 1671 719 1714 et
748 1661 902 1716 bonis
928 1665 1183 1732 operibus
1208 1665 1548 1736 adjuventur.

275 1748 387 1804 Sed
429 1761 556 1805 ante
593 1752 772 1806 omnia
793 1793 808 1818 ,
836 1768 957 1808 cum
998 1755 1179 1824 quiete
1200 1765 1254 1812 et
1277 1758 1491 1814 silentio
1522 1762 1783 1832 epibatze,

1375 379 1864 440 DECRETAUUM
1902 385 2281 448 COLLECTIG

3410 405 3480 461 26

1829 502 1873 559 Α
1903 513 2090 554 navem
2133 504 2219 558 ubi
2250 509 2526 566 mercedes
2562 520 2616 565 et
2639 513 2864 582 ‘pmmia
2893 528 2994 584 pro
3022 515 3258 572 omnium
3305 519 3478 577 salute

1906 590 2186 658 suscipies.
2211 595 2257 648 si
2289 597 2374 650 hic
2404 613 2502 666 pro
2527 602 2767 654 omnium
2823 603 3188 660 incolumitate
3223 605 3451 679 vig‘ilave

1904 676 2000 732 ris.
2053 679 2235 750 itaque
2280 686 2323 738 si
2361 694 2414 741 te
2444 688 2936 746 multie'fratribus
2989 704 3207 764 propter
3241 676 3474 767 rigorem

1894 766 2118 838 iustitia:
2138 773 2260 828 odio
2293 777 2600 842 habuerint,
2635 795 2700 834 ex
2728 781 2827 836 hoc
2857 783 3074 852 quidem
3107 802 3209 840 non
3230 766 3466 853 turiferis,

1899 861 1993 914 sed
2037 877 2100 915 ex
2130 865 2433 934 hujusmodi
2462 869 2600 924 odiis
2638 886 2790 925 amor
2823 873 2916 926 tibi
2939 875 3322 931 conciliabitur
3343 879 3462 934 Dei.

1899 951 1966 1006 Et
2012 953 2132 1009 ideo
2175 967 2358 1030 satage
2387 961 2560 1031 magis
2607 973 2662 1016 et
2700 963 2882 1035 refuga
2909 981 2975 1020 ne
3007 965 3239 1021 lauderis
3267 969 3336 1022 ab
3366 971 3468 1023 ini-

1895 1043 2040 1112 quis.
2066 1057 2120 1100 et
2149 1064 2216 1102 ne
2236 1065 2264 1102 a
2282 1052 2518 1119 pessime
2546 1055 2827 1122 agentibus
2852 1057 3112 1126 diligaris,
3145 1059 3242 1113 sed
3263 1061 3462 1129 potius.

1895 1144 2114 1203 propter
2138 1136 2361 1206 justitia:
2389 1142 2846 1211 dispensationem
2877 1158 2930 1200 et
2973 1149 3335 1218 aequissimam
3384 1167 3468 1205 te

1895 1221 2070 1289 gulam
2122 1226 2446 1297 disciplina,
2487 1247 2518 1286 a
2569 1231 2786 1288 Christo
2839 1236 3128 1292 collaudari
3183 1243 3464 1295 merearis.

1894 1308 2018 1367 Haec
2048 1329 2167 1368 cum
2214 1317 2513 1375 dixissetet
2551 1322 2633 1376 his
2681 1324 2872 1379 similia
2903 1329 3319 1398 quamplurima,
3350 1349 3465 1388 rur-

1891 1421 2010 1460 sum
2036 1410 2326 1479 respiciens
2350 1413 2416 1468 ad
2438 1415 2708 1484 populum,
2727 1417 2897 1472 dixit:

1965 1497 2074 1554 Sed
2091 1511 2145 1554 et
2160 1517 2278 1567 vos,
2297 1504 2599 1560 charissimi
2614 1506 2832 1572 fratres,
2848 1518 2903 1563 et
2920 1525 3166 1566 conservi
3199 1515 3324 1578 mei,
3339 1515 3463 1571 huic

1889 1591 1978 1659 qui
2001 1593 2420 1660 praesidetvorbis
2446 1599 2806 1655 adveritatem
2828 1603 3121 1658 docendam
3146 1606 3197 1661 in
3213 1609 3462 1664 omnibus

1888 1680 2120 1734 obedite.
2151 1682 2398 1740 Scientes
2436 1689 2578 1756 quod
2609 1689 2653 1743 si
2697 1692 2818 1760 quis
2851 1693 2991 1747 hunc
3027 1697 3454 1760 contristaverit.

1889 1766 2280 1840 Christum,qui
2294 1774 2342 1828 ei
2365 1775 2587 1832 docendi
2606 1781 2830 1834 credidit
2845 1784 3178 1850 cathedram,
3197 1801 3303 1840 non
3323 1789 3461 1844 reei-

204 1838 256 1892 id
287 1848 395 1903 est,
431 1839 553 1894 laici
597 1840 649 1894 in
677 1842 790 1896 suis
829 1846 1197 1916 unusquisque
1228 1849 1502 1906 resideant
1525 1852 1682 1920 locis,
1713 1870 1780 1910 ne
1804 1843 1858 1904 θ
1882 1859 1977 1928 pit,
2005 1869 2059 1914 et
2089 1838 2467 1931 quiCbristum
2486 1883 2588 1921 non
2611 1873 3046 1940 susceperit,-nec
3069 1838 3234 1930 Deum
3251 1887 3457 1947 patrem

200 1929 350 1984 forte
409 1946 509 2000 per
549 1932 992 2002 inquietudinem,
1025 1946 1076 1992 et
1129 1940 1432 1998 inconditos
1461 1944 1782 2015 inutilesque
1881 1929 2938 2034 suscepissejtulicabitur(Lucus,isi.
2978 1965 3042 2018 Et
3066 1929 3186 2022 ideo

196 2022 510 2086 discursus,
541 2024 584 2078 si
616 2025 815 2093 passim
845 2029 1028 2097 vagari
1060 2031 1347 2100 coeperint,
1379 2035 1463 2090 vel
1513 2037 1580 2091 ab
1607 2036 1782 2094 ollicio
1879 2043 2203 2114 suscipietur
2243 2047 2294 2100 in
2339 2063 2505 2119 regno
2551 2051 2833 2108 caelorum.
2889 2055 3113 2126 Propter
3149 2061 3288 2128 quod
3325 2061 3459 2116 satis

193 2127 298 2166 suo
337 2125 532 2168 nautas
560 2113 865 2185 impediant,
898 2118 980 2172 vel
1010 2120 1064 2174 in
1096 2121 1324 2178 alterum
1356 2124 1518 2192 latus,
1565 2143 1663 2198 per
1702 2129 1782 2183 in-
1878 2113 2041 2204 agite,
2069 2137 2136 2189 ad
2171 2153 2384 2192 omnem
2429 2139 2708 2195 collectam
2741 2113 3208 2215 congregationem
3244 2164 3457 2220 semper

191 2207 572 2275 qnietudinem
599 2222 810 2274 eorum,
842 2213 995 2267 navis
1022 2229 1207 2284 pressa
1250 2218 1610 2292 demergatur.
1640 2220 1796 2276 Nau--
1877 2226 2178 2288 convenite.
2221 2238 2278 2282 ut
2320 2244 2435 2283 non
2492 2231 2638 2286 velut
2691 2235 3022 2306 negligentes
3076 2247 3131 2292 et
3190 2207 3456 2295 desidesa

190 2297 362 2366 tologi
430 2299 496 2353 de
547 2302 883 2358 mercedibus
938 2319 1417 2367 commoueant‘et
1481 2313 1614 2368 nihil
1662 2310 1780 2370 οω-
1869 2313 2055 2384 judice
2122 2317 2339 2372 Christo
2381 2321 2838 2378 condemuemini.
2883 2325 3286 2384 Convenientes
3326 2345 3454 2384 vero

187 2388 326 2440 nino
355 2389 502 2456 quod
529 2388 593 2442 ad
625 2390 977 2462 diligentiam,
1011 2397 1093 2451 vel
1124 2399 1191 2453 ad
1243 2401 1581 2471 disciplinam
1616 2406 1779 2475 perti-

186 2486 285 2531 net
315 2477 531 2533 diaconi
567 2482 857 2552 negligant,
881 2489 1178 2559 presbyteri
1207 2489 1352 2546 velut
1392 2502 1568 2549 nauta:
1595 2505 1777 2566 aptent

187 2567 405 2636 singula
457 2570 527 2624 ad
571 2571 980 2630 instructionem
1031 2579 1186 2634 navis
1252 2581 1539 2654 diligenter
1589 2595 1645 2640 et
1696 2587 1777 2640 in-

186 2666 408 2712 struant
445 2674 567 2729 quae
598 2663 650 2715 in
680 2678 779 2718 suo
819 2673 1059 2738 tempore
1113 2671 1434 2742 requirenda
1470 2686 1615 2731 sunt.
1645 2677 1772 2746 Epi-

183 2768 407 2823 sc0pus,
427 2763 683 2825 tanquam
715 2770 950 2828 proreta,
967 2763 1252 2834 vigilanter
1269 2775 1321 2822 et
1336 2769 1562 2825 sollicite
1581 2772 1774 2840 guber-

184 2845 397 2898 natoris
422 2847 586 2901 verba
631 2850 898 2906 cnstodiat
937 2852 1160 2908 Christi.
1212 2855 1464 2913 Salvator
1491 2860 1770 2930 Dominus,

184 2933 525 3001 gubernator
568 2935 823 2993 Ecclesia:
870 2955 1004 3006 sum,
1032 2943 1286 3014 diligatur
1311 2948 1378 3002 ab
1406 2951 1681 3018 omnibus,
1715 2962 1772 3007 et

185 3021 354 3090 ipsius
401 3023 573 3077 solius
607 3027 891 3096 praeceptis
937 3043 999 3084 ac
1022 3028 1187 3099 jussis
1231 3035 1418 3089 credat
1457 3046 1510 3092 et
1553 3040 1772 3094 obcdiat

181 3114 360 3168 omnis
399 3113 661 3170 Ecclesia.
695 3117 806 3172 Deo
845 3134 1058 3190 quoque
1097 3122 1466 3180 indesinenter
1504 3128 1770 3198 supplice-

1875 2426 2016 2481 szepe
2036 2411 2101 2465 ad
2119 2411 2468 2480 Cietnentem,
2485 2417 2607 2472 date
2635 2433 2821 2474 oumes
2835 2436 3052 2490 cperam
3074 2439 3176 2494 pro
3199 2425 3312 2493 ipso
3329 2439 3455 2478 sen-

1876 2503 1997 2568 tire,
2026 2515 2082 2559 et
2128 2520 2339 2560 summo
2368 2509 2550 2562 studio
2595 2508 2834 2565 favorem
2863 2528 3046 2567 verum
3096 2529 3222 2585 erga
3276 2515 3450 2584 ipsum

1873 2591 2201 2660 dependere,
2233 2594 2469 2650 scientes
2517 2596 2641 2666 quia
2671 2609 2890 2668 prepter
2918 2601 3154 2671 singulos
3205 2618 3300 2657 vos
3344 2604 3444 2672 ipsi

1873 2685 2044 2753 magis
2069 2685 2166 2739 soli
2205 2685 2422 2741 infestat
2452 2688 2701 2744 inimicus
2726 2699 2779 2744 et
2801 2692 2852 2744 in
2875 2692 2999 2762 ipso
3035 2691 3237 2761 majora
3274 2695 3450 2749 susci.

1874 2780 1953 2826 tat
1977 2773 2130 2829 bella.
2160 2774 2386 2844 Oportet
2438 2792 2570 2845 ergo
2607 2795 2699 2834 vos
2747 2797 2957 2836 summo
2999 2784 3179 2838 studio
3225 2785 3356 2849 niti,
3385 2795 3448 2840 ut

1871 2865 2017 2918 omni
2043 2879 2170 2934 erga
2203 2865 2352 2920 illum
2384 2867 2594 2924 vinculo
2644 2873 2846 2927 amoris
2876 2873 3081 2938 innexi,
3130 2875 3443 2944 plenissimo

1871 2969 1998 3025 erga
2041 2970 2164 3010 eum
2213 2957 2523 3014 inhmreatis
2565 2959 2776 3016 affectu.
2829 2963 2934 3018 Sed
2991 2973 3046 3018 ct
3093 2981 3188 3020 vos
3236 2981 3449 3036 quoque

1872 3043 1971 3112 ipsi
1997 3046 2276 3100 unanimes
2307 3047 2368 3101 in
2401 3050 2544 3102 omni
2587 3052 2872 3105 concordia
2902 3054 3190 3121 perdurate
3230 3071 3336 3124 quo
3362 3056 3440 3109 fa.

1871 3134 2026 3189 cilius
2057 3137 2218 3190 etiam
2249 3138 2323 3191 illi
2371 3139 2591 3194 obedire
2627 3155 2816 3195 omnes
2843 3141 3050 3210 pariter
3094 3158 3358 3198 consensu
3388 3155 3443 3199 et

183 3216 313 3260 tura
333 3210 555 3262 cunctis
583 3208 650 3264 de
674 3213 1031 3282 prosperitate
1052 3224 1355 3282 ventorum,
1372 3230 1431 3272 ut
1454 3197 1767 3292 navigantes
1795 3197 1838 3258 ο
1871 3226 2223 3280 unanimitate
2252 3228 2485 3296 possitis.
2530 3228 2757 3300 Propter
2797 3197 2939 3300 quod
2980 3241 3035 3286 et
3066 3249 3159 3289 vos
3212 3235 3442 3290 salutem

181 3313 402 3354 omnem
436 3301 838 3358 tribulationem
869 3313 924 3359 et
966 3321 1124 3362 omne
1151 3307 1449 3377 periculum
1485 3320 1763 3380 superent,

183 3401 448 3461 tanquam
499 3392 550 3446 in
601 3408 749 3450 mare
781 3394 1103 3465 profundum
1145 3399 1328 3453 mundi
1358 3399 1514 3454 istius
1552 3409 1606 3455 et
1641 3402 1767 3456 vita:

181 3481 436 3537 humanm
476 3483 700 3556 pelagus
727 3486 1060 3557 navigantes,
1093 3488 1145 3542 in
1176 3503 1284 3559 quo
1301 3490 1647 3545 esurientium
1671 3493 1762 3557 sit,

179 3583 234 3628 et
261 3575 562 3630 sitiendum
584 3617 598 3640 ,
624 3577 922 3632 nuditatem
967 3595 1178 3650 quoque
1208 3581 1505 3649 ferendam,
1549 3585 1766 3640 morbos

179 3664 343 3718 etiam
383 3667 654 3735 corporis,
703 3677 759 3723 et
801 3670 1146 3741 aegritudines
1187 3673 1512 3730 tolerandas.
1540 3675 1763 3747 Insuper

180 3769 234 3812 et
267 3760 553 3814 hominum
594 3760 835 3826 insidiis,
891 3779 956 3819 ac
1007 3765 1128 3820 dolo
1177 3783 1318 3838 saepe
1369 3769 1760 3838 laborandum,

179 3852 381 3922 quippe
407 3851 505 3921 qui
551 3852 936 3924 dispergendoz
967 3870 1029 3912 se
1073 3872 1459 3929 nonnunquam
1494 3862 1759 3926 noverint,

179 3945 272 3997 sed
307 3943 605 4013 aliquando
642 3945 804 3998 etiam
834 3948 1254 4018 congregandos,
1287 3950 1522 4005 vomitus
1545 3967 1762 4021 quoque

179 4041 235 4084 et
256 4032 637 4102 sugillationes
653 4033 1056 4100 ferendas,cum
1085 4053 1153 4092 ex
1172 4038 1491 4096 confusione
1517 4051 1764 4111 peccato-

180 4138 321 4188 rum,
344 4132 404 4176 et
429 4122 723 4190 reiectione
747 4125 1052 4192 criminum,
1082 4127 1225 4183 velut
1255 4129 1394 4184 male
1421 4135 1760 4204 congregatis

181 4213 233 4266 in
275 4213 584 4268 visceribus
613 4213 789 4279 feilis,
825 4216 1038 4286 jactura
1082 4218 1331 4275 facienda
1375 4231 1475 4287 est,
1530 4233 1584 4278 et
1627 4224 1761 4293 abji-

178 4305 374 4361 cienda
405 4321 631 4375 prorsus
659 4323 690 4361 e
720 4309 880 4363 corde
911 4309 1086 4364 omnis
1129 4311 1454 4368 intrinsecus
1485 4330 1606 4384 quae
1631 4315 1762 4371 latet

182 4397 490 4453 amaritudo
528 4399 756 4468 peccati,
783 4400 829 4454 si
872 4415 976 4470 qua
1029 4401 1168 4457 forte
1210 4417 1278 4459 ex
1327 4404 1608 4461 desideriis
1655 4409 1760 4462 ini-

180 4493 300 4562 quis
328 4493 482 4548 velut
503 4507 570 4546 ex
601 4493 736 4547 cibis
760 4495 933 4548 noxiis
960 4503 1282 4565 congregata
1309 4505 1413 4550 est.
1456 4496 1626 4564 Quam
1656 4499 1760 4552 uti-

180 4598 282 4652 que
307 4597 438 4638 cum
461 4583 761 4638 evomuerit
781 4583 901 4653 quis
915 4592 970 4638 et
992 4583 1269 4652 abjecerit,
1293 4584 1525 4655 ingentis
1546 4589 1763 4658 aegritu-

181 4671 324 4726 dinis
352 4671 670 4726 liberabitur
697 4672 903 4737 morbo,
920 4673 964 4727 si
989 4681 1166 4728 tamen
1183 4684 1306 4744 post
1334 4676 1618 4742 vomitum,
1644 4693 1764 4748 qua:

181 4765 246 4818 ad
271 4766 566 4820 sanitatem
606 4765 894 4835 pertinent,
925 4775 1122 4821 sumat.

256 4856 639 4911 Verumtamen
688 4859 880 4912 scitote
933 4859 1113 4913 cuncti
1166 4861 1307 4929 quod
1361 4876 1521 4930 supra
1571 4875 1760 4917 omnes

181 4958 278 4999 vos
331 4944 545 5000 laboret
596 4947 878 5017 episcopus
930 4949 1057 5018 quia
1104 4951 1470 5020 unusquisque
1519 4958 1755 5004 vestrum

179 5053 338 5090 suum
371 5037 611 5092 laborem
641 5037 766 5103 fert,
795 5039 882 5093 ille
905 5054 1029 5094 vero
1057 5049 1112 5094 et
1138 5050 1385 5105 suum,et
1404 5041 1754 5110 singulorum.

180 5127 412 5199 Propter
463 5130 627 5199 quod,
655 5144 689 5184 ο
721 5129 1008 5195 Clemens,
1065 5141 1320 5201 tanquam
1367 5133 1454 5200 qui
1511 5132 1757 5186 omnibus

177 5221 442 5292 prodesse
471 5230 524 5276 te
551 5222 761 5277 noveris
791 5222 1218 5294 singulos,prout
1243 5223 1500 5291 potueris,
1524 5221 1672 5291 juva,
1701 5230 1757 5275 et

178 5310 424 5382 singulos
471 5309 668 5374 releva,
712 5311 885 5380 quiet
925 5311 1251 5382 singulorum
1281 5326 1434 5370 onus,
1465 5319 1519 5364 et
1561 5309 1758 5364 sollici-

181 5403 425 5456 tudinem
453 5410 658 5471 portas.
693 5401 846 5458 Unde
874 5411 928 5456 et
971 5417 1073 5472 ego
1101 5416 1244 5455 nunc
1282 5403 1420 5456 hanc
1451 5400 1546 5454 tibi
1577 5399 1754 5468 injun-

180 5505 314 5559 gens
356 5491 831 5560 dispensationem,
854 5498 909 5544 et
952 5491 1064 5544 scio
1108 5490 1231 5560 quia
1271 5490 1476 5558 accipio
1503 5491 1756 5557 gratiam,

181 5580 356 5650 magis
386 5597 547 5652 quam
578 5589 789 5650 priesto.
820 5580 925 5635 Sed
965 5591 1083 5636 esto
1128 5581 1420 5645 confidens,
1450 5592 1505 5635 et
1548 5580 1761 5636 fortiter

184 5671 408 5736 ferens,
461 5681 645 5728 certus
683 5673 810 5740 quia
848 5671 1047 5727 laboris
1089 5673 1160 5727 tui
1210 5674 1460 5726 meritum
1508 5674 1755 5745 recipies,

184 5778 313 5820 cum
338 5765 402 5819 ad
429 5775 641 5834 portum
671 5765 885 5834 quit-tis,
918 5765 1236 5821 incolumem
1270 5767 1409 5823 hanc
1443 5769 1756 5838 provexeris

1866 3318 2158 3388 consequi,
2195 3329 2249 3374 et
2283 3320 2371 3374 ille
2422 3323 2591 3390 possit
2619 3322 3122 3394 obtemperantibus
3164 3326 3267 3382 sibi
3292 3328 3446 3382 vobis

1865 3408 2165 3477 promptius
2193 3409 2424 3478 impositi
2453 3411 2634 3465 oneris
2671 3413 2878 3480 pondus
2899 3415 3151 3470 evehere.
3185 3416 3440 3484 Qumdam

1864 3509 1930 3548 ex
1959 3496 2107 3549 vobis
2141 3497 2302 3548 etiam
2347 3498 2473 3566 ipsis
2497 3499 2794 3570 intelligere
2831 3501 3055 3566 debetis,
3084 3505 3127 3558 si
3173 3520 3275 3574 qua
3311 3506 3442 3573 sint,

1864 3601 1983 3655 qua:
2026 3587 2142 3655 ipse
2169 3595 2392 3656 prepter
2445 3588 2673 3643 insidias
2723 3589 3000 3645 hominum
3037 3594 3299 3648 malorum
3336 3612 3442 3650 non

1862 3685 2037 3746 potest
2066 3677 2367 3732 evidentius
2395 3686 2448 3732 et
2472 3678 2806 3735 manifestius
2827 3681 3075 3751 proloqui
3098 3699 3112 3748 ;
3139 3685 3286 3738 verbi
3314 3701 3440 3756 gra-

1864 3769 1960 3833 tia,
1994 3769 2039 3823 si
2063 3769 2314 3823 inimicus
2339 3777 2421 3824 est
2445 3769 2602 3824 alicui
2632 3771 2916 3835 malorum,
2950 3788 3048 3842 pro
3089 3775 3299 3829 actibus
3327 3778 3443 3830 suis

1861 3878 1958 3918 vos
2002 3864 2166 3920 nolite
2200 3876 2514 3935 exspectare
2546 3875 2603 3920 ut
2635 3867 2748 3937 ipse
2785 3869 2938 3923 vobis
2968 3869 3112 3923 dicat
3159 3885 3278 3924 cum
3309 3869 3436 3923 illo:

1861 3952 2034 4009 Nolite
2061 3956 2218 4010 amici
2266 3972 2405 4011 esse.
2427 3955 2537 4012 Sed
2579 3959 2872 4027 prudenter
2910 3960 3198 4015 observare
3233 3961 3440 4015 debetis

1861 4055 1916 4100 et
1942 4046 2202 4100 voluntati
2233 4047 2348 4116 ejus
2383 4049 2588 4117 absque
2627 4049 3119 4105 communicatione
3149 4051 3440 4106 observare

1859 4143 2183 4188 etavertere
2212 4151 2306 4189 vos
2331 4136 2398 4188 ab
2425 4150 2490 4189 eo
2524 4135 2609 4189 cui
2643 4137 2816 4204 ipsum
2862 4138 3082 4192 sentitis
3125 4141 3432 4193 adversum.

1860 4222 1966 4277 Sed
1993 4240 2091 4278 nec
2119 4224 2257 4294 loqui
2292 4225 2372 4277 Itis
2393 4225 2587 4292 quibus
2615 4227 2729 4295 ipse
2764 4241 2868 4280 non
2907 4227 3160 4296 loquitur,
3189 4238 3247 4282 ut
3275 4245 3438 4283 unus-

1860 4317 2088 4387 quisque
2140 4318 2229 4386 qui
2265 4317 2315 4370 in
2345 4317 2500 4385 culpa
2552 4327 2634 4370 est
2659 4357 2672 4381 ,
2705 4317 2832 4371 dum
2885 4320 3032 4388 cupit
3069 4321 3308 4374 onmium
3341 4335 3435 4374 ve-

1859 4417 2029 4463 strum
2057 4407 2324 4462 amicitias
2367 4407 2531 4472 ferre,
2578 4407 2799 4463 festinet
2827 4409 2985 4464 citius
3018 4410 3354 4465 reconciliari
3385 4412 3434 4465 ei

1864 4496 1952 4565 qui
1981 4495 2230 4549 onmibus
2260 4505 2470 4565 prmest,
2499 4506 2548 4550 et
2574 4511 2670 4567 per
2694 4498 2795 4552 hoc
2826 4497 3007 4552 redeat
3033 4499 3098 4552 ad
3124 4500 3348 4553 salutem
3382 4510 3439 4553 et

1866 4589 2150 4643 sanitatem
2179 4603 2300 4642 cum
2327 4589 2546 4643 obedire
2569 4591 2796 4660 cmperit
2826 4592 3044 4646 monitis
3069 4594 3432 4661 praesidentis.

1867 4680 1922 4735 Si
1955 4697 2081 4735 vero
2109 4681 2230 4751 quis
2262 4682 2467 4738 amicus
2495 4682 2658 4738 fuerit
2707 4685 2792 4740 bis
2821 4686 3016 4755 quibus
3065 4689 3180 4759 ipse
3230 4689 3438 4744 amicus

1865 4787 1968 4824 non
2004 4781 2106 4837 est,
2142 4782 2196 4826 et
2234 4773 2442 4828 locutus
2469 4775 2629 4830 fuerit
2656 4791 2778 4831 cum
2828 4778 2913 4832 his
2951 4781 3146 4847 quibus
3173 4781 3283 4850 ipse
3329 4795 3435 4834 non

1862 4861 2116 4931 loquitur,
2149 4879 2286 4917 unus
2315 4873 2399 4920 est
2447 4875 2498 4918 et
2549 4867 2661 4935 ipse
2697 4882 2762 4921 ex
2805 4868 2909 4923 illis
2933 4870 3022 4938 qui
3073 4870 3439 4924 exterminare

1860 4955 2028 5008 voluit
2082 4955 2374 5010 Ecclesium
2435 4956 2548 5021 Dei,
2602 4969 2652 5013 et
2703 4973 2825 5014 cum
2884 4974 3111 5028 corpore
3160 4960 3434 5014 vobiscum

1861 5058 1980 5098 esse
2008 5046 2272 5108 videatur,
2323 5057 2504 5102 mente
2546 5058 2602 5102 et
2647 5049 2826 5102 animo
2865 5060 3054 5103 contra
3099 5065 3196 5104 νοε
3218 5058 3320 5103 081.
3371 5050 3440 5107 Eb

1862 5134 2029 5189 multo
2051 5145 2134 5190 est
2167 5137 2394 5206 nequior
2419 5137 2589 5192 hostis
2615 5139 2701 5192 hic
2723 5154 2886 5208 quam
2911 5139 2984 5192 illi
3011 5140 3098 5208 qui
3131 5137 3264 5193 foris
3287 5149 3434 5200 sunt.

1859 5233 1916 5277 et
1955 5225 2234 5278 evidenter
2259 5226 2459 5279 inimici
2491 5235 2634 5291 sunt,
2668 5228 2756 5282 hic
2776 5229 2920 5282 enim
2950 5244 3046 5298 per
3073 5229 3438 5284 amicitiarum

1860 5313 2090 5382 speciem
2119 5329 2238 5382 qua:
2263 5314 2482 5370 inimica
2503 5326 2627 5370 sunt
2648 5317 2806 5386 gerit,
2827 5327 2882 5372 et
2907 5317 3203 5381 Ecclesium
3229 5319 3436 5388 disper-g

1860 5403 1937 5471 git
1964 5418 2026 5456 ac
2053 5411 2246 5458 vastat.

1928 5491 1996 5546 Et
2037 5508 2159 5546 cum
2210 5495 2311 5549 hoc
2347 5494 2572 5549 dixisset
2616 5496 2668 5550 in
2725 5499 2904 5556 medio
2945 5515 3130 5558 coram
3183 5500 3438 5561 omnibus

1859 5599 2050 5639 manus
2098 5585 2225 5638 Inibi
2270 5587 2558 5654 imposuit,
2599 5597 2656 5642 et
2696 5589 2748 5641 in
2780 5591 3036 5646 cathedra
3085 5607 3180 5646 sua
3228 5593 3430 5662 ingenti

1859 5677 2180 5752 verecundia
2219 5675 2496 5746 fatigatum
2544 5678 2732 5736 sedere
2772 5695 2856 5735 me
2885 5682 3158 5752 cotnpulit.
3190 5680 3438 5749 Cumque

1862 5743 2141 5831 sedissem,
2177 5767 2290 5820 lucc
2329 5767 2392 5822 ad
2428 5783 2513 5826 me
2543 5785 2752 5827 rursum
2777 5771 2988 5830 locutus
3017 5783 3135 5832 est:
3167 5773 3433 5851 Deprecor
