4012 6440
550 443 618 497 27
1387 439 1679 495 APPEND.
1715 441 1805 494 AD
1855 438 2028 494 SIEC.
2071 439 2160 494 IX.
2193 469 2260 478 —
2296 437 2543 493 [SIDORI
2574 438 3009 496 MERCATOR-IS
3724 446 3794 503 28

554 567 625 622 te,
656 570 689 609 ο
719 553 990 618 Clemens,
1025 566 1208 608 coram
1243 551 1494 607 omnibus
1526 553 1616 622 qui
1651 560 1941 620 praesentes
1973 560 2116 613 sunt,
2151 564 2194 622 Α
2225 551 2595 606 remissionem
2659 561 2970 620 peeatorum
3026 567 3182 608 sacro
3224 553 3544 623 baptismate
3599 562 3799 614 renatis

553 657 612 702 ω
666 654 1013 716 posteaquam
1047 685 1064 711 ,
1115 645 1254 699 sicut
1300 643 1546 698 naturale
1575 644 1815 697 debitum
1863 653 1968 706 est,
2005 643 2126 696 vita:
2225 642 2548 707 contulerit,
2599 654 2654 698 et
2705 645 3153 701 resurrectionem
3219 647 3437 700 humani
3483 649 3694 718 generis
3744 652 3798 704 in

551 739 833 812 praesentis
868 738 1028 793 linem
1073 737 1282 801 fecero,
1319 734 1522 790 Jacobo
1569 735 1728 790 fratri
1785 735 1997 789 Domini
2035 734 2129 788 de-

554 830 760 885 scribas
798 827 1036 889 breviter
1063 826 1147 881 vel
1175 841 1296 896 quae
1340 826 1407 880 ad
1449 826 1660 880 initium
1693 825 1814 878 fidei
1869 833 1970 878 tua:
2009 837 2130 893 spe-

555 926 722 979 ctant,
755 917 837 973 vel
877 919 1039 971 etiam
1090 932 1224 986 quos
1271 925 1398 970 ante
1428 915 1587 970 tidem
1636 914 1847 968 animos
1877 913 2126 983 gesseris,

556 1009 738 1063 sed-et
766 1008 1001 1077 qualiter
1023 1008 1154 1063 mihi
1187 1008 1255 1062 ab
1286 1007 1441 1061 initio
1473 1020 1642 1074 usque
1666 1005 1732 1059 ad
1764 1003 1920 1059 finem
1949 1019 2132 1060 comes

559 1101 768 1156 itineris
811 1109 866 1156 et
905 1111 1123 1156 actuum
1159 1101 1347 1165 fueris,
1395 1114 1620 1170 quaeque
1651 1114 1746 1169 per
1783 1098 2022 1170 singulas
2056 1097 2133 1152 ci-

558 1191 753 1247 vitates
795 1208 882 1248 me
922 1193 1252 1263 disputante,
1282 1191 1546 1246 sollicitus
1586 1192 1800 1246 auditor
1829 1189 2131 1260 exceperis,

557 1285 758 1354 quique
801 1285 855 1339 in
889 1283 1360 1354 praedicationibus
1391 1284 1526 1338 meis
1560 1282 1644 1338 vel
1685 1282 1973 1336 verborum
2021 1279 2134 1335 fue-

559 1375 628 1430 rit
656 1376 788 1430 ordo
815 1374 901 1429 vel
949 1383 1168 1430 actuum
1199 1414 1216 1439 ,
1266 1374 1362 1429 sed
1395 1383 1452 1429 et
1504 1375 1594 1444 qui
1648 1389 1735 1428 me
1773 1372 1894 1428 ﬁnis
1941 1373 1993 1426 in
2033 1373 2135 1427 hac

558 1465 692 1518 urbe
719 1466 983 1535 repererit
1020 1464 1343 1537 (sicutdixi)
1370 1467 1553 1520 omnia
1582 1465 1673 1534 qui
1707 1473 1864 1537 potes
1901 1463 2136 1518 breviter

560 1555 947 1624 comprehensa
994 1535 1061 1610 ad
1112 1556 1287 1624 ipsum
1337 1565 1390 1610 te
1447 1555 1723 1610 destinare
1778 1535 1885 1609 non
1937 1554 2133 1624 pigeat.

560 1645 670 1700 Nec
713 1647 951 1701 verearis
996 1662 1061 1700 ne
1090 1645 1230 1700 forte
1280 1646 1506 1700 multum
1560 1647 1626 1700 de
1653 1660 1776 1700 meo
1807 1645 1955 1699 exitu
2007 1659 2138 1698 cou-

561 1735 856 1792 tristandus
890 1737 1100 1791 sitcum
1133 1736 1185 1790 id
1227 1751 1313 1790 me
1346 1751 1444 1804 pro
1475 1736 1674 1806 pietate
1711 1736 1980 1790 sustinuere
2028 1749 2135 1788 non

559 1825 816 1896 ambigat.
849 1825 962 1879 Erit
997 1835 1176 1880 autem
1203 1826 1253 1880 ei
1293 1827 1496 1896 grande
1521 1826 1796 1889 solatium,
1838 1826 1880 1880 si
1913 1824 1964 1895 5
1997 1825 2138 1878 didi-

2225 731 2412 789 eadem
2439 747 2600 787 carne
2648 734 2701 788 in
2749 735 2912 788 vitam
2955 745 3211 790 aeternam
3242 734 3474 790 futuram
3506 737 3585 792 sic
3606 738 3795 793 docue-

2229 831 2372 876 runt.
2419 820 2730 892 Symbolum
2758 823 2902 878 enim
2937 823 3144 890 Graece,
3180 823 3370 878 Latine
3407 824 3653 881 collectio
3673 828 3779 882 dici

2230 924 2337 969 tur.
2383 914 2450 969 Et
2487 916 2588 970 hoc
2631 915 2871 984 praedicti
2921 917 3091 970 sancti
3139 917 3381 986 Apostoli
3436 916 3580 972 inter
3617 932 3676 972 se
3705 932 3800 988 per

2231 1004 2488 1076 Spiritum
2519 1015 2763 1060 sanctum
2808 1007 3117 1072 salubriter,
3144 1017 3203 1060 ut
3238 995 3444 1061 dictum
3485 1018 3590 1072 est,
3619 1009 3806 1063 condi-

2229 1097 2442 1152 derunt.
2475 1097 2681 1152 Dicitur
2709 1107 2765 1152 et
2801 1097 3079 1167 indicium,
3119 1100 3262 1170 quod
3287 1115 3384 1170 per
3407 1099 3509 1156 hoc
3535 1100 3627 1170 qui
3657 1110 3806 1156 recte

2231 1189 2520 1244 crediderit
2558 1189 2844 1244 indicatur.

2302 1278 2444 1350 Ergo
2466 1279 2671 1335 cunctis
2695 1280 3040 1336 credentious
3065 1296 3185 1352 quae
3212 1288 3558 1336 continentur
3583 1281 3636 1336 in
3662 1296 3801 1351 prae-

2235 1368 2344 1424 fato
2391 1369 2662 1440 symbolo,
2715 1369 2860 1424 salus
2898 1370 3224 1434 animarum,
3283 1379 3340 1424 et
3380 1371 3490 1426 vita
3549 1382 3805 1442 perpetua

2233 1461 2390 1516 bonis
2431 1462 2639 1516 actibus
2682 1469 3037 1531 praeparatur.
3068 1461 3210 1531 Ergo
3243 1460 3384 1530 quod
3431 1462 3483 1514 in
3514 1462 3810 1531 primordio

2233 1550 2470 1620 ejusdem
2513 1551 2738 1621 symboli
2788 1551 3156 1620 praponitur:
3199 1549 3366 1605 Credo
3409 1552 3461 1606 in
3510 1551 3672 1606 Deum
3702 1548 3812 1605 Pa-

2235 1652 2367 1694 trem
2408 1641 2824 1711 omnipotentem,
2859 1640 3176 1710 praclarum
3205 1641 3325 1695 fidei
3347 1643 3733 1708 testimonium,
3758 1651 3813 1697 et

2235 1729 2643 1784 fundamentum
2693 1730 2747 1784 in
2796 1729 2973 1799 prima
3031 1728 3209 1785 fronte
3261 1739 3631 1796 monstratur,
3683 1733 3813 1802 quia

2239 1818 2419 1874 salvus
2459 1833 2578 1874 esse
2607 1819 2804 1888 poterit
2843 1819 2935 1888 qui
2983 1828 3128 1874 recte
3175 1820 3484 1874 crediderit.
3526 1839 3547 1872 ς
3579 1821 3817 1876 Credere

555 1915 695 1968 cerit
723 1914 864 1982 quod
895 1923 1016 1984 post
1046 1931 1130 1970 me
1177 1929 1282 1969 non
1331 1915 1616 1985 imperitus
1663 1914 1878 1983 aliquis,
1913 1924 2007 1967 aut
2054 1913 2137 1966 in-
2169 1935 2210 1994 Β
2240 1911 2385 1965 enim
2431 1920 2645 1981 oportet
2689 1911 3031 1967 accedentem
3063 1913 3128 1967 ad
3163 1912 3329 1967 Deum
3361 1911 3545 1984 (Hebr.
3571 1929 3646 1979 xi,
3676 1915 3753 1985 6),
3789 1935 3819 1967 ι

559 2003 770 2068 doctus,
799 2013 893 2057 aut
930 2004 1186 2074 ignorans
1210 2004 1374 2057 divini
1406 2003 1557 2058 verbi
1587 2003 1928 2074 mysterium,
1960 2001 2138 2057 eccle-

560 2096 765 2151 siastici
810 2097 1020 2152 ordinis
1069 2095 1430 2165 disciplinam,
1461 2095 1547 2150 vel
1587 2095 1848 2150 doctrinae
1896 2094 2135 2165 regulam

556 2186 826 2251 nesciens,
868 2186 1168 2257 susceperit
1218 2187 1534 2241 cathedram
1575 2199 1769 2240 meam.
1830 2184 1946 2240 Scit
1990 2185 2135 2240 enim

559 2278 708 2348 quia,
749 2279 796 2333 si
846 2278 1092 2334 indoctus
1135 2278 1291 2333 istius
1341 2277 1576 2334 ofﬁcium
1614 2278 1852 2333 doctoris
1885 2277 2135 2346 accipiat,

557 2367 680 2420 sine
707 2366 868 2422 dubio
892 2365 1144 2435 discipuli
1165 2375 1221 2420 et
1251 2367 1529 2421 auditores
1553 2366 1871 2436 ignorantia:
1903 2365 2139 2421 tenebris

561 2455 782 2509 involuti
813 2455 867 2510 in
897 2455 1173 2510 interitum
1196 2457 1593 2527 demergeutur.

637 2544 790 2600 Unde
813 2553 868 2598 et
913 2559 1034 2615 ego,
1065 2546 1136 2598 nti
1166 2546 1380 2600 domine
1422 2545 1646 2611 Jacobe,
1691 2561 1811 2600 cum
1845 2547 1956 2602 haec
1981 2548 2048 2602 ab
2075 2562 2140 2603 eo

559 2643 826 2705 przeCCpta
861 2635 1211 2704 susceperim,
1266 2651 1484 2691 necesse
1534 2637 1691 2691 habui
1740 2638 1962 2707 implere
1999 2640 2141 2708 quod

560 2725 794 2792 jusserat
838 2725 1080 2780 indicans
1124 2727 1257 2790 tibi,
1301 2735 1356 2780 et
1402 2727 1468 2781 de
1498 2727 1626 2796 ipsis
1656 2727 1814 2781 simul
1844 2739 1898 2784 et
1933 2729 2000 2783 de
2037 2729 2142 2782 illis

561 2815 799 2870 breviter
820 2818 1299 2886 comprehenderis,
1331 2834 1452 2888 quin
1483 2834 1579 2888 per
1631 2820 1871 2891 singulas
1899 2835 2142 2890 quasque

570 2907 732 2960 urbes
784 2908 1133 2978 digrediens,
1189 2919 1282 2962 aut
1333 2909 1386 2962 in
1444 2910 1840 2978 praedicationis
1893 2927 2144 2967 sermone

563 2996 892 3065 protulerit,
958 3008 1054 3051 aut
1125 2997 1177 3051 in
1237 3007 1509 3068 gestorum
1565 2999 1762 3052 virtute
1833 3000 2141 3069 perfecerit,

567 3088 814 3156 quamvis
843 3087 934 3142 tibi
967 3089 1032 3143 de
1061 3088 1148 3142 bis
1175 3088 1400 3158 plurima
1413 3087 1529 3156 jam
1564 3098 1616 3141 et
1641 3089 1850 3158 plenius
1893 3098 2016 3142 ante
2054 3090 2146 3143 de-

567 3179 768 3248 scripta
808 3180 921 3247 ipso
943 3179 1165 3250 jubente
1201 3179 1594 3234 transmiserim
1626 3181 1725 3233 sub
1754 3194 1817 3234 eo
1851 3180 1966 3248 ipso
1994 3179 2144 3234 titulo

2239 2007 2495 2075 quoniam
2526 2025 2544 2058 ‹
2575 2007 2739 2062 corde
2763 2006 3004 2061 creditur
3025 2006 3093 2060 ad
3112 2006 3400 2076 justitiam,
3421 2021 3517 2061 ore
3545 2007 3818 2062 confessio

2239 2097 2300 2153 fit
2328 2101 2394 2154 ad
2437 2097 2668 2154 salutem
2711 2097 2882 2170 (Rom.
2906 2114 2961 2162 ι,
3002 2097 3113 2158 10).
3149 2116 3168 2149 ι
3223 2097 3376 2154 Unde
3407 2098 3484 2152 ait
3511 2099 3813 2168 propheta:

2243 2205 2264 2240 ι
2297 2188 2512 2244 Credidi
2573 2199 2793 2260 propter
2842 2189 2986 2259 quod
3032 2189 3245 2244 locutus
3295 2205 3413 2243 sum
3469 2189 3639 2258 (Prol.
3689 2205 3816 2254 cxv,

2239 2279 2352 2350 10).
2391 2296 2408 2329 i
2457 2279 2523 2333 Et
2545 2278 2707 2332 illud:
2759 2297 2779 2329 ι
2813 2277 2998 2334 Justus
3024 2295 3092 2334 ex
3114 2280 3216 2334 fide
3243 2280 3374 2333 vivit
3400 2278 3570 2350 (Rom.
3599 2295 3636 2345 ι,
3665 2279 3812 2350 17).»

2239 2371 2334 2424 Et:
2358 2368 2498 2425 «Nisi
2516 2370 2868 2435 credideritis,
2886 2387 2990 2426 non
3008 2371 3316 2442 intelligetis
3331 2371 3480 2442 (Luc.
3500 2389 3645 2438 xxrv,
3661 2373 3776 2442 25).
3794 2393 3813 2425 ι

2240 2461 2380 2530 Ergo
2415 2462 2468 2516 in
2500 2461 2659 2516 rebus
2706 2461 2985 2526 humanis,
3016 2462 3222 2517 nullum
3253 2477 3388 2532 opus
3426 2462 3680 2531 incipitur
3712 2464 3816 2518 nisi

2238 2549 2390 2604 labor
2416 2551 2592 2605 omnis
2615 2552 2681 2606 ad
2719 2549 2966 2606 effectum
2995 2553 3178 2607 venire
3215 2553 3468 2607 credatur
3486 2592 3500 2615 ,
3526 2551 3666 2606 unde
3691 2567 3819 2605 cre-

2242 2641 2474 2695 dendum
2505 2649 2586 2695 est
2629 2641 2680 2694 in
2715 2640 2878 2696 Deum
2908 2657 2936 2695 a
2973 2657 3078 2711 quo
3119 2651 3225 2696 tam
3253 2657 3492 2711 prtesens
3518 2640 3625 2695 vita
3651 2657 3818 2711 quam

2243 2730 2420 2785 futura
2451 2731 2735 2784 tribuatur.

2315 2823 2453 2877 Deus
2475 2832 2651 2876 autem
2682 2822 2966 2892 appellatio
2993 2831 3076 2877 est
3100 2823 3412 2877 substantia:
3450 2823 3817 2894 sempiternae,

2243 2915 2354 2968 sive
2387 2915 2594 2968 timoris
2640 2915 2825 2978 divini,
2872 2915 3033 2986 igitur
3067 2915 3202 2969 Deus
3247 2916 3361 2969 sine
3389 2916 3671 2985 principio,
3700 2917 3819 2971 sine

2246 3005 2373 3070 fine,
2424 3006 2688 3073 simplex,
2750 3006 3096 3075 incorporeus
3134 3015 3188 3060 et
3229 3005 3817 3074 incomprehensibilis;

2246 3093 2457 3150 Patrem
2508 3107 2684 3150 autem
2732 3111 2853 3150 cum
2915 3097 3104 3162 audis,
3153 3112 3383 3167 agnosce
3432 3097 3577 3166 quod
3623 3099 3823 3151 haheat

2247 3185 2438 3240 Filium
2491 3189 2753 3242 veraciter
2801 3190 3059 3257 genitum,
3113 3189 3253 3243 sicut
3298 3204 3576 3258 possessor
3622 3189 3824 3243 dicitur

568 3284 727 3338 quem
761 3269 874 3339 ipse
901 3271 1154 3340 praecepit
1177 3269 1342 3340 anisi.
1389 3271 1436 3324 id
1472 3279 1575 3336 est.
1602 3269 1893 3325 Clementis
1923 3271 2144 3325 itinera-
2171 3288 2214 3349 ς
2245 3280 2333 3350 qui
2360 3280 2558 3348 aliquid
2587 3280 2914 3348 possidet,el.
2936 3281 3190 3336 Dominus
3211 3283 3302 3350 qui
3333 3280 3491 3336 habet
3531 3281 3616 3336 cui
3641 3281 3820 3336 domi-

570 3362 733 3426 rium,
762 3378 865 3417 non
888 3363 1280 3431 praedicationis
1312 3363 1478 3417 Petri.
1501 3362 1607 3418 Sed
1636 3374 1688 3417 et
1710 3378 1846 3417 nunc
1874 3378 2143 3432 exponere

566 3451 678 3520 jam
698 3453 974 3522 prtecepit.
1000 3453 1224 3507 Domino
1249 3468 1406 3523 apem
1426 3451 1634 3508 ferente
1661 3453 1933 3522 incipiam.
1962 3453 2144 3507 Paeni-

568 3543 756 3597 temini
807 3543 1020 3614 (inquit)
1061 3554 1116 3598 et
1137 3557 1313 3598 veram
1343 3545 1484 3615 agite
1528 3544 1918 3613 paenitentiam.
1949 3545 2146 3599 Omnes

569 3648 702 3703 ergo
744 3635 1008 3698 homines,
1053 3635 1142 3703 qui
1191 3633 1499 3688 Christiano
1536 3644 1824 3688 censentur
1863 3633 2145 3698 vocabulo,

569 3724 823 3789 Patrem,
863 3736 917 3779 et
966 3725 1194 3791 Filium,
1240 3735 1297 3781 et
1347 3726 1933 3794 Spiritumsanctum,
1981 3741 2144 3778 unum

569 3814 740 3870 Deum
769 3825 825 3870 et
870 3816 1154 3872 Dominum
1203 3817 1470 3870 veraciter
1515 3816 1734 3871 credere
1771 3825 1825 3870 et
1875 3814 2143 3881 confiteri,

571 3923 803 3979 eumque
859 3919 968 3966 tota
1015 3919 1194 3966 mente
1219 3918 1275 3964 et
1323 3919 1435 3964 toto
1463 3911 1642 3973 corde,
1688 3919 1743 3966 et
1797 3918 1906 3964 tota
1947 3910 2146 3966 virtute

573 3999 828 4069 diligere,
857 4009 911 4056 et
934 4001 1212 4071 proximos
1238 4014 1364 4056 suos
1393 4010 1646 4071 tanquam
1677 4001 2019 4070 semetipsos,
2051 4001 2147 4055 ἀοι

571 4094 760 4150 cibiles
803 4110 921 4166 qua:
945 4110 1115 4165 usque
1159 4094 1228 4149 ad
1276 4095 1567 4165 perfectam
1593 4095 1894 4170 doctrinam
1921 4095 1986 4148 ad
2030 4093 2146 4150 iure

572 4185 906 4257 proficientia
940 4200 1154 4240 sumere
1187 4195 1416 4256 Oportet.

646 4277 806 4332 Fides
829 4278 972 4332 enim
1009 4286 1066 4332 et
1093 4278 1306 4332 dilectio
1337 4277 1499 4331 totius
1527 4276 1782 4332 bonitatis
1831 4283 1914 4332 est
1950 4274 2144 4330 funda-

575 4377 838 4426 mentum.
867 4387 884 4419 ι
917 4367 1049 4423 Sine
1080 4368 1183 4424 ﬁde
1217 4378 1398 4423 autem
1430 4368 1643 4440 placere
1676 4368 1786 4424 Deo
1806 4382 1963 4423 nemo
1995 4375 2146 4437 pote-

577 4460 650 4514 rit
675 4457 860 4529 (Hebr.
893 4475 968 4523 ιι,
995 4458 1071 4530 6).
1103 4475 1124 4510 ι

645 4549 858 4605 Christo
881 4551 1062 4620 itaque
1091 4558 1401 4618 resurgente
1425 4559 1480 4604 et
1503 4548 1826 4603 ascendente
1852 4547 1903 4602 in
1925 4546 2142 4611 caelum,

2247 3383 2420 3427 netur.
2448 3373 2588 3428 Deus
2612 3389 2742 3443 ergo
2767 3373 2926 3428 Pater
2940 3384 3132 3428 secreti
3151 3375 3474 3430 sacramenti
3501 3375 3821 3430 vocabulum

2244 3474 2328 3520 est
2357 3463 2510 3532 cujus
2553 3480 2677 3520 vere
2714 3465 2881 3520 Filius
2909 3475 2994 3520 est
3037 3467 3288 3532 Verbum,
3337 3477 3393 3522 et
3429 3468 3734 3537 speculum,
3766 3480 3826 3524 et

2245 3557 2531 3611 character
2577 3565 2632 3610 et
2665 3556 2838 3625 imago
2864 3557 3048 3612 vivens
3085 3558 3258 3612 Patris
3286 3559 3536 3620 viventis.
3569 3560 3620 3612 in
3645 3561 3825 3614 omni-

2244 3648 2344 3702 bus
2374 3647 2518 3701 Patri
2545 3649 2757 3712 similis,
2798 3647 3036 3717 ejusdcm
3066 3660 3292 3715 naturze,
3323 3650 3377 3704 in
3407 3651 3688 3706 divinitate
3723 3667 3825 3722 ge-

2244 3741 2411 3805 nitus,
2451 3741 2680 3808 genitori
2711 3756 2806 3810 per
2843 3742 3023 3796 omnia
3055 3742 3362 3812 eotequalis.
3398 3743 3509 3798 Nec
3547 3753 3827 3813 quaeratur

2245 3831 2512 3900 quomodo
2549 3831 2731 3901 genuit
2774 3831 2998 3895 Filium,
3047 3834 3187 3902 quod
3218 3843 3273 3886 et
3325 3834 3498 3904 angeli
3547 3835 3821 3902 nesciunt,

2244 3922 2521 3992 prophetis
2565 3923 2896 3993 incognitum
2945 3932 3046 3978 est.
3082 3923 3234 3979 Unde
3279 3923 3408 3977 illud
3454 3925 3652 3978 dictum
3693 3937 3823 3980 est:

2250 4031 2270 4067 σ
2306 4014 2716 4070 Generationem
2762 4015 2879 4085 ejus
2907 4015 3030 4085 quis
3076 4015 3320 4069 narrabit
3349 4015 3483 4085 (Ira.
3519 4031 3638 4079 un,
3673 4017 3768 4084 8)?
3797 4036 3818 4069 ι

2243 4103 2414 4174 Quam
2462 4115 2727 4160 secretam
2766 4106 3031 4175 originem
3071 4120 3194 4160 cum
3235 4107 3450 4176 proprio
3499 4105 3636 4160 Filio
3667 4110 3824 4161 novit

2244 4193 2357 4264 ipse
2383 4194 2528 4249 solus
2547 4195 2636 4264 qui
2667 4195 2870 4264 genuit,
2905 4209 3004 4248 nec
3035 4193 3174 4248 Deus
3199 4210 3229 4248 a
3259 4197 3414 4249 nobis
3443 4196 3822 4251 discutiendus

2243 4293 2347 4348 est,
2391 4285 2487 4340 sed
2529 4284 2857 4346 credendus.
2889 4285 2980 4354 qui
3036 4285 3088 4338 in
3139 4285 3293 4340 nobis
3343 4285 3476 4354 ipsis
3523 4291 3823 4353 nescimus,

2243 4373 2386 4442 quod
2433 4373 2704 4442 sapimus,
2732 4374 2999 4442 quomodo
3041 4375 3304 4444 sapientia
3329 4413 3345 4440 ,
3393 4375 3687 4446 ingenium,
3729 4386 3830 4431 aut

2247 4462 2580 4529 intellectus,
2627 4473 2720 4517 aut
2773 4463 3058 4518 consilium
3109 4454 3204 4519 aut
3251 4479 3403 4520 mens
3444 4475 3622 4519 nostra
3660 4480 3829 4535 gene-

2246 4562 2331 4606 rat
2356 4553 2599 4607 verbum.
2631 4552 2736 4608 Sed
2764 4552 2956 4607 sulIicit
2983 4567 3141 4608 nosse
3167 4555 3293 4623 quia
3317 4553 3404 4608 lux
3427 4557 3610 4623 genuit
3643 4554 3829 4624 splen-

574 4643 740 4698 misso
777 4653 964 4696 sancto
991 4639 1218 4710 Spiritu.
1247 4640 1450 4701 collata.
1491 4639 1746 4709 apostolis
1798 4639 2024 4694 scientia
2046 4639 2143 4692 lin-
2171 4633 2222 4695 Β
2247 4643 2454 4708 dorem,
2481 4645 2622 4699 sicut
2651 4645 2724 4698 ait
2754 4645 3019 4713 Propheta
3048 4662 3100 4697 ει
3125 4645 3570 4714 Inspiendoribus
3599 4656 3825 4701 sancio-

573 4750 821 4805 gnarum,
848 4734 1023 4789 adhuc
1054 4734 1106 4787 in
1138 4749 1243 4788 uno
1269 4735 1425 4803 positi
1460 4733 1758 4804 symbolum
1791 4736 1930 4802 quod
1970 4731 2141 4787 ﬁdelis

576 4843 720 4881 nunc
761 4835 907 4881 tenet
951 4826 1192 4882 Ecclesia
1227 4826 1590 4896 unusquisque
1635 4825 1779 4896 quod
1825 4825 2009 4888 sensit,
2059 4823 2141 4878 di-

573 4918 742 4973 cendo
770 4917 1146 4984 condiderunt,
1172 4925 1232 4970 ut
1261 4917 1600 4972 discedentes
1624 4917 1692 4970 ab
1725 4915 1952 4970 invicem
2000 4914 2140 4969 hanc

571 5008 809 5078 regulam
847 5023 942 5078 per
981 5024 1171 5064 omnes
1217 5016 1405 5078 gentes
1442 5007 1817 5076 pmdicarent.
1863 5004 2138 5060 Summam

569 5113 700 5168 ergo
729 5101 892 5154 totius
934 5098 1059 5155 fidei
1099 5099 1377 5155 catholicae
1427 5106 1807 5161 recensentes,
1859 5097 2043 5166 inqua
2087 5103 2145 5150 et

571 5192 856 5262 integritas
885 5193 1220 5249 credulitatis
1243 5193 1520 5256 conditur,
1554 5201 1609 5246 et
1647 5191 1805 5246 unius
1844 5191 1934 5245 Dei
1965 5191 2143 5244 omni-

569 5287 826 5355 potentis,
875 5287 926 5342 id
954 5295 1038 5342 εει
1083 5296 1284 5342 sancta:
1328 5283 1606 5338 Trinitatis
1649 5282 1928 5352 aequalitas
1967 5281 2142 5335 declaa

572 5386 743 5444 ratur,
774 5387 826 5434 et
857 5378 1173 5449 mysterium
1218 5377 1602 5433 incarnationis
1633 5374 1751 5429 Filii
1786 5374 1899 5439 Dei,
1923 5373 2012 5443 qui
2044 5387 2141 5442 pro

571 5469 746 5526 salute
784 5469 1004 5524 humani
1028 5468 1275 5539 generis,
1305 5483 1334 5521 a
1362 5475 1600 5538 tempore
1648 5466 1714 5520 de
1746 5465 1886 5519 ctelo
1923 5464 2143 5517 descen-

571 5561 704 5616 dens
731 5561 796 5615 de
835 5558 1048 5632 Virgine
1079 5559 1226 5614 nasci
1263 5558 1510 5628 dignatus
1557 5564 1657 5620 est,
1694 5570 1801 5625 quo
1845 5555 2036 5610 ordine
2061 5554 2144 5608 vel

571 5651 786 5720 quando
831 5650 1134 5720 protulerit,
1167 5650 1433 5720 quomodo
1460 5648 1698 5720 sepultus
1734 5647 2047 5711 surrexerit,
2090 5654 2146 5700 et

572 5746 625 5797 in
675 5757 836 5798 carne
886 5744 1000 5814 ipsa
1050 5742 1222 5798 caelos
1270 5741 1594 5805 ascenderit,
1650 5739 1717 5795 ad
1762 5739 2145 5808 dexteramque

571 5833 749 5891 Patris
791 5835 1115 5904 consederit,
1158 5835 1322 5910 judex
1374 5843 1632 5890 venturus
1673 5833 1765 5898 sit,
1802 5840 1896 5887 aut
1916 5830 2146 5904 qualiter

2247 4751 2366 4790 rum
2406 4751 2472 4790 ex
2501 4748 2654 4791 utero
2680 4744 2807 4790 ante
2850 4735 3132 4791 luciferum
3155 4738 3314 4806 genui
3341 4746 3392 4791 te
3423 4737 3593 4810 (Psal.
3625 4752 3821 4801 cum,

2244 4827 2324 4898 3).
2363 4847 2382 4881 ι
2413 4827 2482 4882 Et
2506 4827 2634 4882 illud
2661 4844 2676 4880 :
2714 4846 2734 4878 ι
2765 4826 2863 4882 Hie
2893 4827 3034 4882 Deus
3059 4837 3243 4883 noster
3265 4835 3320 4881 et
3350 4844 3456 4882 non
3484 4826 3828 4897 reputabitur
3861 4895 3868 4908 ι

2243 4919 2382 4974 alter
2404 4918 2471 4972 ad
2489 4909 2637 4984 eum,
2668 4936 2688 4969 ι
2721 4928 2776 4971 et
2797 4926 2936 4987 post,
2971 4935 2990 4968 ι
3022 4918 3076 4971 in
3103 4927 3246 4972 terra
3273 4918 3420 4972 visus
3447 4927 3550 4981 est,
3579 4927 3636 4973 et
3679 4919 3828 4974 inter

2246 5011 2492 5066 homines
2521 5021 2869 5065 conversatus
2895 5020 2979 5064 est
3017 5010 3166 5079 (Bar.
3209 5025 3282 5074 Iv,
3321 5009 3408 5073 36,
3447 5009 3559 5078 '58).
3598 5028 3617 5061 ι

2315 5101 2546 5171 Diligere
2567 5116 2694 5170 ergo
2716 5100 2904 5166 Deum,
2933 5115 3368 5169 unumquemque
3387 5115 3452 5154 ex
3483 5108 3591 5154 toto
3629 5100 3822 5162 corde.

2241 5203 2297 5248 et
2321 5209 2387 5248 ex
2419 5202 2526 5249 tota
2575 5194 2774 5256 anima,
2820 5202 2878 5246 ut
2907 5195 3182 5261 prasinum
3211 5201 3310 5253 est,
3341 5201 3396 5245 et
3423 5206 3491 5246 ex
3524 5199 3633 5244 tota
3666 5189 3825 5244 forti-

2243 5286 2425 5341 tudine
2449 5295 2700 5355 oportet,
2729 5292 2784 5338 et
2811 5283 3111 5353 proximum
3149 5291 3402 5351 tauquam
3444 5280 3823 5348 semetipsum,

2242 5377 2599 5445 respondente
2623 5374 2850 5428 Domino
2873 5375 3083 5428 cuidam
3115 5371 3450 5435 Scribarum,
3482 5385 3545 5424 ac
3566 5370 3816 5423 dicente:

2243 5463 2480 5519 Primum
2530 5465 2769 5518 omnium
2835 5465 3144 5517 mandatum
3197 5471 3318 5518 est:
3357 5479 3376 5512 r
3415 5461 3578 5525 Audi,
3627 5459 3818 5522 Israel.

2247 5553 2503 5608 Dominus
2547 5552 2688 5607 Deus
2735 5561 2878 5617 tuus,
2919 5554 3059 5607 Deus
3085 5568 3223 5606 unus
3249 5559 3350 5615 est,
3393 5561 3448 5605 et
3491 5549 3680 5620 diliges
3704 5547 3821 5602 Do-

2247 5643 2452 5697 minum
2497 5645 2663 5697 Deum
2709 5654 2888 5707 tuum,
2916 5657 2982 5696 ex
3031 5651 3141 5698 toto
3186 5641 3346 5697 corde
3387 5650 3498 5704 tuo,
3525 5649 3579 5694 et
3607 5653 3674 5693 ex
3703 5647 3822 5693 tota

2249 5737 2427 5790 anima
2470 5743 2558 5788 tua
2583 5776 2596 5800 ,
2628 5744 2682 5789 et
2707 5751 2769 5790 ex
2801 5745 2910 5790 tota
2938 5744 3115 5790 mente
3145 5745 3231 5789 tua
3252 5775 3266 5799 ,
3303 5745 3358 5788 et
3381 5749 3448 5788 ex
3480 5742 3589 5788 tota
3617 5733 3821 5787 virtute

2215 5901 2222 5907 _
2251 5836 2363 5892 tua,
2409 5827 2510 5882 hoc
2540 5835 2621 5881 est
2648 5826 2879 5898 primum
2925 5827 3252 5881 mandatum.
3301 5825 3604 5881 Secundum
3636 5836 3820 5880 autem
