4012 6446
205 515 274 570 29
1445 511 1932 568 DECRETALIUM
1968 510 2344 568 COLLECTIO
3383 516 3454 572 30

205 631 384 686 simile
425 637 509 684 est
557 628 670 683 illi:
725 627 922 696 Diliges
969 626 1272 697 proximum
1325 635 1476 682 tuum
1522 636 1778 696 tanquam
1808 632 1854 689 Α
1883 635 2081 687 vestra,
2107 633 2160 678 et
2184 623 2480 694 glorificent
2504 621 2713 676 Patrem
2747 623 3094 692 vestrumqui
3119 621 3170 677 in
3199 624 3352 680 caelis
3371 637 3455 681 cst

203 721 460 790 teipsum.
520 717 688 788 Majas
746 720 937 772 horum
989 717 1132 772 aliud
1190 719 1497 771 mandatum
1548 735 1652 772 non
1703 727 1786 772 est

202 811 405 882 (Marc.
446 824 544 872 xu,
579 809 668 871 29,
701 807 770 862 50
799 816 853 862 et
878 807 989 878 51).
1037 825 1057 859 ι

269 899 432 968 Quod
480 898 652 968 magis
693 906 779 952 est
839 898 1090 951 omnibus
1140 895 1690 951 holocaustomatibus
1733 905 1788 950 et

201 989 528 1054 sacriﬁciis,
580 989 720 1043 unde
757 997 814 1042 et
857 988 909 1040 in
939 986 1121 1041 Veteri
1153 986 1500 1042 Testamento
1525 989 1785 1055 scriptum

202 1081 478 1136 habetur:
520 1097 539 1130 r
572 1079 722 1145 Quod
765 1077 858 1131 tibi
893 1075 1009 1130 ﬁeri
1041 1091 1145 1129 non
1179 1078 1281 1142 vis,
1305 1076 1456 1131 alteri
1497 1091 1564 1132 ne
1593 1077 1787 1132 feceris

204 1170 361 1241 (Tob.
395 1185 450 1224 tv
472 1211 488 1235 ,
520 1169 629 1239 16),
669 1186 686 1218 ι
737 1175 792 1222 et
823 1166 1079 1221 Dominus
1105 1165 1179 1220 ait
1206 1179 1220 1219 :
1264 1184 1281 1216 ι
1308 1166 1496 1221 Omnia
1536 1182 1788 1238 quaecun-

203 1277 310 1329 que
352 1260 520 1314 vultis
560 1268 616 1313 ut
660 1257 864 1312 faciant
891 1257 1043 1312 vobis
1080 1257 1344 1321 homines,
1385 1266 1440 1311 et
1485 1273 1577 1312 vos
1628 1257 1789 1312 facite

204 1350 460 1405 similiter
515 1349 620 1403 illis
667 1344 880 1419 (Matth.
928 1347 1178 1418 vu,12).
1210 1365 1229 1399 ι
1288 1346 1493 1412 Quibus
1545 1349 1788 1418 utrisque

205 1442 504 1506 mandatis,
552 1456 649 1511 per
691 1457 858 1496 unum
913 1440 1117 1494 malitia
1165 1441 1545 1512 compescitur,
1590 1451 1646 1496 et
1692 1457 1789 1510 per

207 1536 358 1589 aliud
392 1533 702 1604 benignitas
745 1540 1092 1603 propagatur,
1123 1539 1182 1585 ut
1215 1547 1282 1586 ne
1327 1532 1527 1586 malum
1554 1533 1675 1603 quis
1706 1533 1788 1586 in-

202 1625 370 1690 ferat,
419 1624 517 1680 sed
565 1623 766 1678 bonum
823 1621 1113 1692 impendat.
1157 1623 1438 1690 Primum,
1489 1635 1547 1678 ut
1602 1634 1789 1679 caveat

204 1715 427 1769 laedere.
444 1712 768 1770 Secundum.
789 1724 1065 1784 praestare,
1085 1731 1104 1765 ε
1134 1713 1190 1769 Si
1213 1715 1355 1769 enim
1385 1714 1606 1769 fratrem
1628 1729 1785 1784 quem

203 1807 380 1871 vides,
434 1821 539 1860 non
570 1805 784 1876 diligis;
827 1805 990 1860 Deum
1019 1821 1177 1875 quem
1208 1821 1311 1861 non
1345 1807 1492 1861 vides
1520 1807 1788 1877 quomodo

201 1907 362 1965 potes
393 1896 653 1967 diligere?
680 1915 699 1948 ι
733 1896 784 1967 (l
813 1895 974 1950 Joan.
1015 1911 1088 1961 tv,
1127 1897 1245 1962 20.)
1285 1895 1374 1951 Sic
1401 1911 1529 1968 ergo
1561 1912 1660 1950 nos
1691 1897 1789 1951 do-

1887 712 2100 784 (Matth.
2128 728 2178 775 v,
2211 713 2277 766 l5
2300 722 2352 764 et
2382 711 2488 780 14).
2519 730 2536 763 ι

1955 806 2247 875 Episcopos
2290 814 2468 857 autem
2518 819 2612 872 per
2661 803 2900 874 singmas
2955 812 3205 859 Civitates
3261 806 3458 876 quibus

1886 894 1974 948 ille
2004 911 2106 948 non
2152 894 2391 955 miserat,
2423 908 2520 962 per
2549 895 2734 947 doctos
2772 903 2826 947 et
2865 895 3158 964 prudentes
3186 895 3324 950 sicut
3347 911 3460 951 ser-

1886 994 2091 1056 pentes,
2131 983 2404 1052 simplices
2435 984 2569 1038 sicut
2600 982 2860 1037 columbae
2891 982 3060 1054 (juxta
3087 983 3294 1039 Domini
3325 1001 3462 1055 prae-

1885 1077 2207 1146 ceptionem)
2255 1075 2412 1131 nobis
2458 1076 2672 1128 mittere
2703 1077 2974 1146 praecepit.
3013 1076 3165 1143 Quod
3191 1078 3355 1132 etiam
3387 1078 3465 1133 fa-

1884 1179 2008 1220 cere
2057 1165 2430 1220 inchoavimus
2475 1173 2530 1218 et
2577 1165 2802 1220 Domino
2832 1181 2988 1235 opem
3032 1165 3238 1221 ferente
3269 1167 3463 1222 facturi

1888 1270 2096 1319 sumus,
2146 1269 2243 1310 vos
2280 1266 2459 1310 autem
2492 1272 2588 1326 per
2618 1264 2826 1311 vestras
2880 1256 3140 1312 dimcescs
3183 1258 3466 1327 episcopos

1885 1343 2047 1400 facite
2095 1355 2151 1400 et
2197 1347 2415 1411 mittite,
2466 1347 2592 1416 quia
2646 1362 2747 1402 nos
2792 1348 2861 1403 ad
2895 1347 3031 1403 alias
3071 1359 3253 1420 partes
3298 1351 3462 1421 (quod

1887 1436 2055 1490 isdem
2112 1434 2273 1504 jussit
2324 1439 2505 1507 agere)
2559 1437 2888 1492 curabimus.
2945 1425 3170 1506 Al'iquos
3219 1453 3347 1493 vero
3395 1440 3463 1493 ad

1885 1525 2117 1592 Gallias,
2173 1526 2568 1596 Hispaniasque
2618 1529 2915 1592 mittemus,
2971 1537 3026 1583 et
3077 1531 3336 1598 quosdam
3396 1525 3462 1584 ad

1884 1616 2231 1672 Germaniam
2279 1616 2620 1682 etltaliatn,
2670 1627 2852 1688 atque,
2880 1622 2948 1675 ad
2994 1621 3230 1690 reliquas
3277 1630 3466 1688 gentes

1887 1709 2122 1780 dirigere
2149 1709 2428 1778 cupimus,
2471 1710 2558 1764 ubi
2590 1719 2769 1766 autem
2801 1711 3095 1766 ferociores
3122 1723 3176 1766 et
3211 1712 3460 1769 rebellio-

1888 1815 1975 1854 res
2002 1808 2190 1871 gentes
2220 1799 2336 1854 fore
2369 1802 2802 1871 cognoverimus,
2831 1803 2956 1856 illuc
2988 1803 3221 1874 dirigere
3249 1805 3460 1874 sapien-

1890 1892 2055 1947 tiores
2077 1901 2130 1946 et
2167 1892 2494 1948 ausmriores
2526 1907 2748 1948 necesse
2783 1894 3064 1949 habemus.
3093 1894 3192 1962 Qui
3225 1897 3466 1965 quotidie

203 1996 291 2041 eet
338 2000 596 2041 exercere
638 2001 822 2040 curam
869 1997 1128 2051 nostram,
1182 1997 1242 2041 ut
1296 2002 1400 2042 non
1452 1987 1785 2043 dimittamus
1817 2011 1858 2068 Β
1887 2000 1992 2038 non
2049 1994 2264 2038 cessant
2313 1984 2494 2040 divina
2557 1986 2825 2040 seminare
2874 1987 3112 2051 semina,
3161 1996 3216 2040 et
3267 1987 3466 2042 multos

202 2093 396 2131 curam
425 2086 681 2141 vestram,
723 2086 778 2131 et
815 2077 895 2132 sic
942 2078 1166 2145 diligere
1211 2094 1332 2142 nos,
1375 2095 1442 2132 ne
1485 2078 1784 2149 negligatur

202 2167 428 2221 dilectio
465 2166 716 2235 proximi.
754 2166 890 2232 Quia
933 2167 1024 2221 Dei
1050 2167 1268 2222 dilectio
1301 2168 1461 2222 morti
1503 2184 1786 2224 compara-

205 2269 320 2322 tur,
349 2259 564 2312 dicente
589 2258 864 2328 Sapientia
889 2276 903 2313 :
940 2278 959 2310 ι
991 2259 1174 2314 Valida
1197 2269 1281 2315 est
1307 2261 1523 2316 dilectio
1545 2269 1604 2314 ut
1641 2276 1786 2316 mors

206 2351 390 2421 (Cant.
432 2351 576 2422 vin),
619 2370 638 2402 ι
696 2351 928 2414 idcirco,
971 2351 1097 2421 quia
1150 2353 1290 2407 sicut
1333 2367 1479 2408 mors
1525 2352 1786 2408 violenter

204 2451 429 2510 scparat
464 2441 699 2494 animam
725 2456 756 2494 a
805 2457 1031 2511 corpore
1054 2483 1068 2507 ,
1100 2441 1174 2496 ita
1197 2442 1414 2498 dilectio
1441 2443 1532 2498 Dei
1571 2452 1787 2513 separat

206 2534 449 2586 animam
499 2545 530 2584 a
575 2532 844 2586 mundano
872 2542 927 2586 et
953 2535 1155 2588 carnali
1187 2548 1392 2588 amore.
1449 2551 1468 2585 ι
1511 2533 1611 2600 Qui
1640 2535 1785 2590 enim

208 2626 495 2696 (Dominus
533 2625 727 2696 inquit)
755 2625 927 2696 diligit
971 2640 1076 2690 me,
1105 2627 1359 2680 mandata
1397 2641 1516 2682 mea
1542 2627 1788 2682 servabit

204 2719 391 2783 (Ioan.
429 2733 540 2780 xlv,
567 2718 681 2786 25).
717 2736 736 2770 ι
775 2716 906 2771 Nam
941 2718 1031 2787 qui
1061 2717 1152 2772 Dei
1179 2729 1443 2789 praecepta
1469 2721 1784 2784 contemnit,

201 2811 376 2865 Deum
410 2824 517 2862 non
547 2807 740 2878 diligit,
765 2807 906 2862 unde
936 2809 1194 2878 scriptum
1216 2816 1319 2862 est.
1351 2829 1368 2860 ι
1397 2807 1574 2864 Nolite
1595 2819 1788 2879 putare

197 2910 262 2953 ut
306 2897 578 2953 maneatis
623 2897 676 2951 in
710 2897 993 2953 dilectione
1030 2913 1166 2958 mea.
1213 2899 1256 2952 si
1288 2914 1392 2952 non
1441 2901 1788 2956 servaveritis

201 2999 482 3062 pnecepta
509 3005 627 3044 mea
649 2988 1061 3060 (Joan.;xv,10).
1083 3007 1102 3040 ι
1128 2987 1312 3059 Neque
1337 2992 1479 3045 enim
1503 3007 1682 3062 regem
1708 2992 1789 3047 di-

202 3081 451 3152 ligimus,
473 3079 522 3132 si
551 3078 674 3133 odio
706 3077 854 3148 leges
898 3075 1014 3144 ejus
1045 3076 1324 3132 habemus.
1349 3078 1533 3150 Neque
1551 3080 1693 3133 enim
1723 3095 1789 3135 ex

201 3183 320 3228 toto
348 3171 520 3226 corde
551 3169 748 3238 poterit
785 3168 872 3223 ille
912 3168 1196 3224 Dominum
1236 3169 1458 3240 diligere
1485 3171 1576 3239 qui
1611 3172 1791 3225 nosci-

198 3277 292 3320 tur
334 3265 391 3318 in
446 3262 681 3333 proximi
720 3275 972 3316 corruere
1017 3261 1393 3328 dilectionem;
1424 3263 1551 3332 quia
1581 3278 1677 3332 per
1703 3264 1790 3317 di-

1885 2076 2102 2132 Christo
2146 2077 2366 2141 lucrari,
2410 2087 2465 2130 et
2510 2077 2577 2130 ad
2611 2087 2813 2132 rectam
2858 2078 3038 2138 ﬁdem.
3077 2090 3130 2133 et
3155 2080 3296 2133 viam
3324 2081 3466 2134 veri-

1885 2168 2012 2220 tatis
2053 2165 2368 2236 perducere,
2415 2174 2474 2219 ut
2514 2165 2690 2235 plures
2733 2167 3036 2236 manipulos
3094 2169 3318 2222 Domino
3371 2184 3465 2223 va-

1884 2259 2030 2314 leant
2058 2267 2405 2328 praesentare.
2433 2256 2486 2311 In
2523 2258 2630 2312 illis
2658 2273 2787 2312 vero
2817 2259 3146 2325 civitatibus,
3189 2261 3240 2314 in
3271 2259 3467 2330 quibus

1884 2350 2009 2404 olim
2071 2349 2212 2420 apud
2281 2349 2530 2403 ethnicos
2591 2348 2987 2406 arehiilamines
3037 2364 3224 2404 eorum
3305 2359 3466 2421 atque

1883 2443 2047 2513 primi
2104 2444 2236 2511 legis
2287 2443 2536 2497 doctores
2579 2450 2758 2506 erant,
2790 2444 3163 2512 episcoporum
3207 2444 3465 2512 primates

1884 2534 2048 2604 poni,
2079 2534 2161 2588 vel
2213 2531 2548 2602 patriarchas
2573 2532 2664 2601 qui
2706 2531 3032 2602 reliquorum
3090 2533 3462 2602 episcoporum

1879 2633 2081 2704 judicia
2121 2641 2175 2686 et
2220 2630 2422 2700 majora
2468 2631 2718 2700 (quoties
2753 2643 2972 2684 necesse
3018 2629 3188 2700 foret)
3228 2633 3462 2702 negotia,

1887 2725 1940 2779 in
1973 2723 2076 2778 (ide
2104 2723 2388 2793 agitarent,
2420 2732 2474 2776 et
2502 2722 2794 2776 secumlnm
2826 2722 2916 2776 Dei
2945 2721 3296 2788 voluntatem,
3327 2725 3466 2778 sicut

1887 2817 2264 2872 constituerint
2297 2816 2466 2871 sancti
2505 2816 2750 2886 apostoli,
2796 2818 2952 2870 itaut
3001 2831 3066 2870 ne
3103 2818 3224 2886 quis
3271 2817 3468 2888 injuste

1887 2910 2318 2980 periclitaretur,
2351 2907 2639 2963 delinirent
2661 2949 2674 2973 ,
2707 2909 2758 2962 in
2794 2908 2899 2962 illis
2929 2916 3109 2962 autem
3139 2909 3464 2975 civitatibus,

1890 3002 2164 3072 inquibus
2193 2995 2393 3056 dudum
2434 3001 2573 3070 apud
2618 3001 2903 3070 praadictos
2949 3007 3106 3054 erant
3144 2998 3468 3056 archillami-

1888 3109 1985 3148 nes
2015 3093 2171 3165 (quos
2216 3103 2394 3147 tamen
2440 3093 2676 3147 minores
2708 3092 2980 3159 tenebant)
3009 3107 3168 3160 quam
3201 3107 3466 3147 memora-

1893 3196 1974 3242 tos
2004 3187 2276 3256 primates,
2329 3183 2767 3254 archiepiSCOpos
2807 3183 3012 3238 institui
3051 3184 3344 3253 prmcepit,
3374 3182 3466 3252 qui

1892 3294 1998 3332 non
2023 3286 2232 3331 tantum
2259 3277 2548 3347 primatum
2573 3317 2588 3340 ,
2633 3277 2726 3330 sed
2753 3275 3276 3344 archiepiscoporum
3323 3274 3468 3329 frue-

196 3356 500 3412 lectionem
528 3354 740 3409 Domini
771 3353 1086 3425 (pervenitur
1123 3353 1190 3408 ad
1219 3353 1537 3408 charitatem
1564 3353 1785 3428 Christi.
1815 3362 1859 3423 ο
1893 3379 2077 3423 rem“,
2099 3367 2333 3422 nomine.
2351 3367 2737 3438 Episcopornm
2756 3383 2969 3437 quoque
2979 3366 3204 3436 judicia,
3227 3379 3287 3421 ut
3315 3381 3468 3444 supr:

278 3447 577 3514 Quoniam,
601 3444 1014 3515 utprzelibatum
1042 3453 1148 3510 est,
1172 3445 1254 3499 his
1276 3445 1484 3499 duobus
1509 3444 1790 3515 praeceptis

198 3549 316 3594 tota
371 3538 456 3592 lex
510 3536 739 3606 pendet,
769 3545 824 3591 et
875 3536 1148 3606 propheta:
1173 3576 1188 3600 ,
1233 3535 1491 3591 docibiles
1531 3550 1660 3606 ergo
1699 3533 1790 3604 qni

200 3630 450 3703 perfecte
480 3627 625 3683 docti
670 3643 790 3688 non;
829 3635 954 3681 sunt
983 3626 1050 3679 ad
1088 3628 1200 3681 haec
1237 3626 1538 3696 peragenda
1581 3633 1794 3695 oportet

199 3740 402 3779 omnes
424 3737 573 3786 esse,
594 3731 653 3776 et
685 3729 741 3774 ut
774 3720 870 3789 ipsi
901 3718 1040 3773 docti
1069 3719 1194 3781 sint,
1233 3726 1289 3772 et
1324 3717 1460 3773 alios
1501 3718 1794 3787 prudenter

203 3818 519 3875 instruere,
550 3822 607 3866 et
643 3809 877 3880 perfecte
915 3809 1121 3878 possint
1169 3809 1382 3872 docere,
1417 3806 1568 3876 juxta
1596 3807 1792 3861 Danie-

202 3905 314 3959 lem
353 3903 709 3973 prophetam,
739 3899 844 3969 {qui
889 3898 966 3952 ait
999 3916 1012 3950 :
1045 3917 1067 3948 4
1105 3896 1339 3968 Populus
1391 3906 1568 3950 autem
1618 3897 1795 3952 sciens

206 3998 382 4053 Deum
412 4010 574 4050 suum
619 3991 884 4048 obtinebit
913 3999 967 4045 et
993 3989 1196 4054 faciet,
1229 3999 1285 4044 et
1326 3989 1468 4044 docti
1501 3991 1553 4044 in
1599 3989 1795 4060 populo

205 4086 490 4144 docebunt
517 4081 966 4155 plunimos.(Dan.
998 4096 1076 4144 χι,
1106 4079 1217 4152 39.).
1252 4099 1271 4132 ι
1305 4079 1504 4136 Omnes
1518 4081 1792 4146 docibiles,

207 4189 272 4232 ut
293 4178 408 4246 jam
439 4175 646 4230 dictum
674 4183 774 4236 est,
800 4172 890 4241 qui
917 4171 1058 4226 docti
1091 4186 1195 4225 non
1225 4181 1388 4236 sunt,
1413 4187 1535 4226 esse
1563 4179 1793 4241 oportet,

208 4268 305 4322 sed
355 4265 670 4321 sacerdotes
720 4261 988 4317 doctiores
1055 4261 1266 4316 caeteris
1306 4261 1527 4331 populis
1576 4276 1798 4318 necesse

207 4359 330 4415 fore
364 4354 598 4412 docebat
619 4353 899 4418 Christus,
929 4352 1112 4407 dicens
1137 4370 1193 4406 ειι
1216 4351 1341 4421 quia
1374 4351 1420 4406 si
1448 4367 1624 4408 caecus
1653 4366 1798 4408 caeco

210 4453 476 4506 ducatum
493 4447 720 4518 pnebet,
751 4445 910 4499 ambo
930 4445 983 4498 in
1005 4443 1212 4499 foveam
1239 4445 1435 4500 cadunt
1465 4445 1678 4517 (Matth.
1703 4461 1796 4512 xv,

209 4544 324 4612 ll).
375 4560 394 4592 ι
423 4537 748 4594 Sacerdotes
785 4551 918 4592 vero
944 4535 1023 4590 sal
1060 4544 1234 4601 terrae,
1283 4544 1344 4591 et
1389 4537 1570 4592 mundi
1615 4537 1797 4594 lumen

210 4634 469 4688 doctores
483 4627 735 4700 praecepit
749 4627 802 4681 in
819 4625 1103 4696 splendore
1115 4641 1215 4698 ope
1223 4642 1338 4681 rum
1362 4625 1578 4682 Patrem
1589 4627 1728 4698 glori
1736 4627 1798 4682 li-

1890 3456 2004 3511 rius
2033 3465 2384 3510 memoratum
2412 3465 2514 3519 est,
2538 3465 2592 3509 et
2617 3456 2818 3525 majora
2843 3455 3205 3510 Ecclesiarum
3231 3455 3463 3525 negotia,

1891 3547 1936 3602 si
1961 3547 2062 3616 ipsi
2089 3545 2518 3610 reclamaverint,
2545 3555 2638 3600 aut
2661 3547 2893 3616 aliquem
2919 3546 3188 3612 timorem,
3221 3557 3312 3601 aut
3337 3549 3469 3601 istos

1891 3637 1976 3692 vel
2004 3637 2138 3691 alios
2175 3645 2450 3706 suspectos
2489 3636 2806 3702 habuerint,
2830 3637 2898 3690 ad
2923 3633 3036 3704 jam
3067 3637 3240 3691 dictos
3269 3637 3469 3706 prima-

1893 3737 1993 3792 tes,
2046 3726 2130 3780 vel
2178 3727 2536 3797 patriarchas,
2585 3742 2652 3782 ne
2693 3726 2891 3796 aliquis
2944 3737 3202 3785 nocenter
3246 3728 3465 3798 periret.

1895 3817 2176 3873 transferri
2223 3817 2528 3887 perdocuit,
2575 3816 2629 3871 in
2662 3817 2886 3887 singulis
2923 3831 3049 3872 vero
3094 3832 3307 3888 quoque
3335 3817 3471 3872 civi-

1895 3909 2117 3973 tatibus,
2146 3907 2382 3978 singulos
2407 3915 2462 3961 et
2489 3921 2594 3962 non
2635 3907 2788 3961 binos
2816 3949 2829 3971 ,
2859 3907 2941 3962 vel
2978 3916 3191 3970 ternos,
3231 3917 3322 3962 aut
3351 3908 3470 3978 pluo

1895 4015 1983 4056 res
2006 3998 2307 4069 episcopos,
2331 3998 2584 4053 constitui
2603 3999 2884 4066 praecepit,
2913 3998 3003 4067 qui
3031 4013 3133 4052 non
3154 3997 3469 4068 primatum,

1895 4099 1988 4144 aut
2009 4090 2556 4161 archiepiscoporum,
2579 4098 2672 4142 aut
2698 4089 3228 4157 metropolitanorum
3255 4088 3473 4142 nomine

1897 4181 2042 4254 (quia
2079 4184 2319 4237 minores
2361 4182 2636 4236 civitatum
2679 4196 2783 4234 non
2819 4179 3022 4250 tenent)
3067 4179 3162 4233 sed
3189 4179 3472 4249 episcopo-

1898 4290 2016 4328 rum
2034 4281 2252 4328 -tantum
2284 4271 2541 4327 vocabulo
2565 4270 2870 4340 potirentur
2891 4307 2904 4333 ,
2927 4268 3180 4336 quoniam
3205 4280 3306 4320 nec
3335 4266 3476 4320 inter

1899 4363 2044 4434 ipsos
2069 4361 2339 4432 apostolos
2365 4376 2460 4431 par
2507 4359 2772 4414 institutio
2792 4358 3030 4422 fuit,sed
3057 4371 3196 4412 unus
3219 4356 3470 4410 omnibus

1897 4453 2128 4527 praefuit.
2178 4451 2291 4507 lloc
2319 4461 2526 4506 tantum
2570 4449 2959 4522 providendum
3005 4448 3256 4513 instituit,
3307 4462 3375 4503 ne
3419 4448 3472 4502 in

1898 4545 2058 4610 villis,
2083 4552 2176 4599 aut
2199 4541 2452 4608 castellis,
2487 4540 2572 4595 vel
2606 4540 2832 4595 modicis
2859 4539 3188 4602 civitatibus,
3222 4538 3473 4591 institue-

1897 4647 2088 4691 rentur
2129 4633 2398 4706 episcopi,
2445 4647 2512 4686 ne
2537 4631 2641 4685 vile
2687 4646 2871 4685 eorum
2918 4644 3110 4684 nomen
3145 4628 3315 4682 ﬁeret.
3344 4626 3473 4696 Epic

209 4738 346 4778 care
395 4697 601 4785 οθίιηιν
651 4717 717 4772 de
745 4716 938 4788 (ιυὶὺιιε
981 4697 1241 4773 Domitius
1276 4717 1388 4771 δῖιε
1425 4735 1446 4769 ⁴
1482 4697 1631 4772 Βθθίί
1665 4719 1796 4774 eSliS
1823 4697 1874 4758 D
1899 4742 2089 4796 scopos
2138 4697 2272 4796 e-rgo
2313 4697 2489 4778 vicem
2535 4721 2895 4791 apostolorum
2941 4734 3130 4790 gerere
3177 4717 3466 4773 Dominum

210 4831 341 4871 cum
369 4810 751 4868 maledixerint
780 4809 954 4875 vobis,
985 4817 1040 4864 et
1064 4808 1330 4879 persecuti
1360 4823 1455 4864 vos
1480 4808 1709 4875 fuerint,
1743 4821 1797 4866 et

212 4905 460 4962 dixerint
489 4901 642 4956 vobis
659 4913 823 4955 omne
852 4898 1054 4953 malum
1084 4897 1367 4954 adversum
1391 4913 1510 4962 vos,
1539 4900 1800 4954 mentien-

213 5007 300 5050 tes
329 5000 552 5064 propter
577 5005 664 5046 me
693 5008 708 5045 :
732 4988 977 5045 Gaudete
997 4997 1059 5044 et
1089 4987 1348 5052 exultate,
1375 4989 1627 5056 quoniam
1657 5004 1802 5043 mer-

213 5101 310 5143 ces
337 5093 522 5138 vestra
561 5082 775 5152 copiosa
803 5089 885 5136 est
926 5081 982 5135 in
1027 5079 1200 5136 caelis.
1241 5077 1333 5133 Sic
1361 5078 1503 5133 enim
1530 5081 1797 5147 persecuti

211 5185 350 5234 sunt
377 5174 689 5246 prophetas,
713 5172 804 5242 qui
830 5169 1049 5227 fuerunt
1069 5179 1196 5226 ante
1223 5185 1319 5227 vos
1348 5168 1499 5240 (Luc.
1533 5185 1606 5235 vr.
1634 5171 1747 5243 25).
1776 5191 1798 5225 ι

218 5291 241 5322 ι
280 5270 388 5326 Vos
407 5267 544 5323 estis
570 5265 648 5320 sal
679 5275 852 5320 terrae.
886 5263 1036 5331 Quod
1080 5265 1128 5320 si
1175 5265 1253 5322 sal
1280 5268 1578 5332 evanuerit,
1619 5267 1672 5322 in
1698 5282 1806 5338 quo

213 5361 482 5422 salietur,
532 5357 599 5410 ad
651 5355 880 5410 nihilum
911 5354 1055 5410 valet
1100 5355 1262 5422 ultra,
1291 5357 1396 5413 nisi
1428 5368 1494 5412 ut
1516 5356 1660 5413 foras
1688 5360 1808 5412 mit-

212 5463 390 5517 tatur,
439 5459 496 5505 et
535 5446 885 5503 conculcetur
957 5445 1026 5500 ab
1082 5447 1409 5503 hominibus.
1458 5446 1574 5502 Non
1631 5456 1810 5518 potest

214 5542 419 5600 civitas
453 5537 709 5594 abscondi
740 5552 903 5607 supra
942 5545 1176 5593 montem
1197 5538 1392 5607 posita,
1416 5553 1590 5610 neque
1613 5555 1804 5596 accen-

219 5634 365 5688 dunt
388 5632 689 5692 lucernam,
715 5635 770 5680 et
794 5635 1002 5696 ponunt
1024 5640 1143 5681 eam
1168 5628 1269 5682 sub
1293 5628 1495 5693 modio,
1525 5629 1616 5684 sed
1642 5645 1804 5699 super

217 5721 635 5783 candelabrum,
661 5727 720 5772 ut
761 5717 943 5773 luceat
981 5717 1230 5774 omnibus
1269 5719 1359 5788 qui
1386 5719 1440 5773 in
1470 5719 1628 5774 domo
1655 5730 1799 5784 sunt,

216 5822 288 5869 et
341 5812 435 5882 qui
492 5810 868 5882 ingrediuntur
911 5808 1090 5864 lumen
1117 5849 1132 5875 ,
1182 5810 1400 5864 videant
1439 5824 1454 5863 :
1490 5811 1569 5866 sic
1630 5811 1803 5875 luceat

223 5904 325 5957 lux
355 5913 528 5956 vestra
559 5915 740 5967 coram
769 5899 1076 5954 hominibus
1097 5939 1112 5963 ,
1144 5908 1207 5952 ut
1232 5899 1446 5953 videant
1477 5899 1610 5955 bona
1641 5917 1802 5963 opera

1895 4815 2142 4872 docuisse
2165 4814 2395 4879 dicebat,
2427 4819 2483 4867 et
2511 4811 2838 4879 reliquorum
2864 4808 3246 4878 discipulorum
3286 4805 3463 4860 vicem

1899 4916 2083 4961 tenere
2126 4904 2472 4975 presbyteros
2522 4901 2718 4956 debere
2759 4899 3086 4954 insinuahat.
3135 4897 3202 4952 Et
3260 4897 3306 4951 si
3351 4897 3474 4966 quis

1898 4997 2132 5068 aliquem
2159 5013 2225 5052 ex
2257 4997 2341 5051 his
2376 4993 2786 5058 scandalizaret,
2826 4991 3197 5064 gravissimam
3224 4991 3328 5045 sibi
3357 5003 3474 5058 pm-

1898 5103 2020 5142 nam
2051 5087 2235 5142 inferri
2261 5087 2458 5141 debere
2495 5084 2842 5154 praedicabat.
2874 5083 3110 5139 Cunctos
3155 5095 3215 5137 se
3247 5083 3474 5136 invicem

1900 5175 2141 5246 diligere,
2172 5184 2226 5228 et
2253 5175 2504 5245 adjuvare
2534 5175 2749 5237 debere,
2785 5181 2844 5227 et
2877 5171 3144 5226 neminem
3173 5169 3241 5225 ab
3267 5171 3476 5242 adjuto-

1901 5267 1984 5322 rio
2013 5265 2200 5322 fratris
2222 5281 2281 5322 se
2315 5266 2636 5321 subtrahere
2666 5265 2989 5320 instruebat.

1973 5357 2280 5414 Homicidas
2309 5373 2488 5421 veros,
2516 5365 2568 5412 et
2596 5356 2870 5411 adulteros
2893 5370 2956 5410 ac
2975 5363 3196 5410 cunctos
3223 5354 3478 5410 crimina-

1903 5447 2044 5502 libns
2091 5447 2317 5502 nexibus
2361 5445 2628 5517 alligatos,
2675 5454 2730 5499 et
2759 5446 2848 5514 qui
2898 5447 2978 5500 eis
3013 5445 3319 5515 cozequales
3371 5461 3476 5499 non

1907 5549 2083 5605 erant,
2127 5541 2196 5595 ab
2221 5555 2410 5594 eorum
2439 5539 2743 5602 vexatione,
2784 5547 2839 5592 et
2874 5539 3216 5593 accusatione
3245 5537 3479 5608 (dicente

1908 5629 2158 5699 Domino)
2201 5629 2554 5699 prohibebat,
2602 5639 2657 5685 et
2703 5645 2809 5685 non
2866 5630 2968 5685 nisi
3015 5644 3046 5684 a
3095 5628 3477 5697 coaequalibus,

1909 5721 2108 5791 aliquid
2135 5722 2235 5777 sibi
2282 5721 2481 5776 inferre
2519 5721 2736 5787 debere,
2781 5723 3025 5778 docebat.
3083 5740 3102 5774 ι
3135 5720 3268 5788 Quia
3319 5720 3480 5776 disci-

1910 5814 2090 5883 pulum
2140 5829 2301 5883 supra
2341 5815 2654 5886 magistrum
2687 5831 2808 5869 esse
2853 5813 3065 5885 (Matth.
3098 5829 3152 5880 x,
3179 5813 3296 5884 24),
3338 5833 3356 5866 ι
3385 5823 3481 5868 aut

1913 5903 2072 5959 ullam
2102 5905 2149 5959 ci
2179 5905 2428 5975 iujuriam
2453 5905 2673 5976 inferre,
2701 5905 3001 5960 nullatenus
3024 5903 3221 5961 debere
3245 5911 3475 5974 oportet.
