4012 6432
538 400 600 456 51
1415 393 1705 452 APPEND.
1756 396 1846 451 AD
1873 393 2046 451 SIEC.
2088 388 2178 450 IX.
2208 424 2275 436 —
2304 391 2558 450 lSlDOlll
2598 385 3040 452 MERCATONS
3735 391 3804 448 ΞΩ

541 514 773 570 lnl'ames
819 526 1058 583 namque
1104 525 1313 574 omnes.
1387 518 1441 565 et
1501 525 1637 579 quos
1685 509 1944 579 primates
1994 507 2126 577 legis
2157 514 2200 569 Α
2232 505 2546 576 aquilonis,
2595 504 2886 558 ascendam
2943 517 3106 572 super
3154 494 3491 557 altitudinem
3543 501 3801 565 nubium,

541 603 747 668 saeculi,
767 618 880 658 non
905 602 1170 672 recipiunt
1189 641 1207 665 ,
1250 599 1344 655 sed
1376 608 1430 653 et
1455 599 1624 653 laicos
1651 597 1721 652 ab
1753 611 1941 652 eorum
1967 610 2125 650 accu-

543 693 780 759 satione,
808 700 863 747 et
891 692 1176 746 vexatione
1211 702 1422 759 semper
1448 687 1712 758 repellere
1745 685 1943 740 debere
1965 698 2124 755 roga-

542 782 725 848 bat,et
743 789 969 837 cunctos
999 780 1102 835 sibi
1128 779 1372 834 subditos
1397 793 1538 841 esse,
1590 775 1959 845 prazcipiebat.
1985 772 2128 828 Cun-

542 874 1111 931 ctorum-sacerdotum
1133 872 1298 925 vitam
1312 870 1668 939 superiorem,
1693 866 2128 933 sanctioremque

544 979 609 1021 ac
636 965 924 1020 discretam
952 978 983 1016 a
1012 960 1358 1017 saecularibus
1383 968 1439 1014 et
1468 959 1620 1014 laicis
1649 957 1957 1012 hominibus
1983 969 2124 1015 esse.

541 1070 598 1117 et
615 1059 947 1132 spirituales,
995 1066 1160 1126 atque
1209 1055 1520 1110 sacerdotes
1567 1065 1730 1121 super
1772 1047 2022 1104 carnales
2063 1062 2126 1102 ac

543 1153 708 1208 laicos
752 1165 966 1220 semper
989 1147 1328 1203 constituere
1352 1183 1368 1208 ,
1398 1155 1455 1198 et
1495 1143 1610 1197 fore
1636 1140 1836 1195 debere
1878 1138 2122 1193 docebat.

548 1262 568 1295 ε
598 1243 860 1311 Quoniam
890 1257 989 1312 pro
1021 1240 1262 1303 minime,
1288 1236 1448 1292 nobis
1473 1247 1595 1290 esse
1629 1233 1822 1295 debet,
1853 1239 1914 1285 ut
1954 1245 1985 1283 a
2008 1227 2129 1283 tali-

541 1335 644 1391 bus
667 1348 978 1403 arguamur,
1010 1340 1066 1386 et
1085 1328 1410 1399 judicemur,
1448 1326 1534 1381 vel
1563 1324 1631 1379 ab
1656 1323 1762 1378 alio
1785 1323 2021 1378 humane
2043 1321 2129 1375 die

541 1422 595 1490 (Ι
624 1421 749 1476 Cor.
791 1437 844 1475 tv
865 1461 880 1485 ,
906 1420 986 1491 5).
1018 1438 1037 1471 ι
1071 1418 1304 1488 Majores
1328 1432 1459 1472 vero
1495 1432 1525 1469 a
1555 1413 1873 1477 minoribus,
1905 1426 2007 1466 nec
2034 1425 2126 1464 ac-

543 1513 746 1579 cusari,
792 1528 896 1568 nec
927 1510 1164 1581 judicari
1185 1550 1201 1575 ,
1231 1509 1505 1564 ullatenus
1531 1521 1691 1579 posse
1720 1505 1952 1561 dicebat.
1987 1502 2129 1570 Quo-

545 1607 690 1660 niam
723 1619 826 1658 non
851 1603 1030 1659 solum
1061 1604 1166 1658 hoc
1193 1601 1425 1666 divinas,
1465 1601 1559 1655 sed
1591 1600 1739 1670 leges
1780 1595 1959 1652 saeculi
1989 1594 2130 1649 inhi-

542 1697 673 1752 bere
702 1695 938 1751 dicebat.
969 1694 1170 1752 Omnes
1203 1708 1334 1762 ergo
1363 1692 1539 1763 legum
1569 1691 1872 1745 divinarum
1901 1688 2130 1743 libenter

543 1786 871 1852 violatores,
919 1793 977 1840 et
1038 1799 1316 1839 sacrarum
1371 1781 1770 1837 institutionum
1829 1778 2128 1834 voluntarie

2229 597 2423 652 similis
2449 611 2544 650 ero
2559 594 2861 649 Altissimo.
2907 592 3290 648 Verumtamen
3317 592 3384 648 ad
3408 591 3678 646 infernum
3713 593 3806 647 de-

2230 685 2488 750 traheris,
2517 685 2570 738 in
2602 683 2932 753 profundum
2978 682 3102 737 laci.
3131 681 3232 748 Qui
3267 690 3320 737 te
3368 682 3626 746 viderint,
3660 682 3728 736 ad
3753 691 3806 736 te

2233 777 2659 841 inclinabttntur,
2705 786 2862 843 teque
2888 776 3220 847 prospicient
3259 792 3273 828 :
3307 773 3558 844 Nunquid
3592 775 3695 829 iste
3723 781 3810 830 est

2229 869 2332 932 vir,
2378 868 2470 937 qui
2512 865 2861 922 conturbavit
2901 875 3124 930 terram,
3171 864 3264 934 qui
3303 865 3580 919 concussit
3617 878 3806 934 regna,

2229 956 2320 1026 qui
2350 957 2528 1028 posuit
2553 956 2740 1010 orbem
2767 957 3064 1018 desertum,
3099 964 3155 1010 et
3181 955 3346 1010 urbes
3375 953 3494 1024 ejus
3519 953 3806 1019 destruxit,

2227 1047 2426 1102 vinctis
2447 1047 2564 1117 ejus
2590 1063 2696 1101 non
2722 1047 2936 1116 aperuit
2961 1045 3284 1102 carcerem?

2297 1138 2630 1194 Ebrietatem
2655 1139 2852 1208 oppido
2875 1139 3214 1207 prohibebat,
3239 1147 3296 1192 et
3316 1138 3561 1194 ebriosos
3581 1153 3811 1208 corpore

2228 1237 2282 1282 et
2309 1228 2491 1282 animo
2521 1236 2767 1282 mortuos
2794 1243 2915 1283 esse
2954 1229 3305 1298 prtedicahat,
3335 1229 3403 1285 de
3434 1230 3629 1298 quibus
3652 1240 3712 1284 et
3753 1231 3811 1284 iu

2227 1319 2532 1390 exemplum
2573 1320 2748 1374 aiebat
2789 1337 2801 1373 :
2848 1319 2941 1375 Vae
2996 1321 3085 1390 qui
3143 1322 3473 1392 consurgitis
3519 1335 3676 1376 mane
3743 1322 3812 1374 ad

2229 1410 2546 1466 ebrietatem
2586 1412 2924 1478 sectandam,
2965 1421 3020 1466 et
3067 1413 3362 1482 potandum
3400 1427 3571 1483 usque
3615 1413 3684 1466 ad
3721 1427 3815 1466 ve—

2229 1512 2467 1568 speram,
2489 1508 2550 1554 ut
2569 1501 2696 1555 vino
2711 1501 2968 1556 :estuetis.
3004 1519 3023 1551 ι
3045 1499 3266 1555 Cithara
3294 1510 3348 1556 et
3369 1500 3508 1572 lyra,
3531 1510 3586 1555 et
3602 1509 3814 1571 tympa-

2229 1604 2379 1653 num,
2409 1599 2464 1645 et
2491 1590 2648 1655 tibia,
2679 1601 2734 1646 et
2760 1592 2944 1646 vinum
2972 1591 3025 1645 in
3055 1591 3318 1648 conviviis
3348 1591 3565 1658 vestris,
3595 1600 3650 1646 et
3674 1607 3814 1662 Opus

2230 1679 2441 1735 Domini
2473 1697 2578 1736 non
2609 1683 2902 1753 respicitis,
2936 1698 3035 1738 nec
3058 1698 3222 1753 opera
3254 1699 3508 1739 manuum
3539 1680 3658 1752 ejus
3681 1698 3814 1738 cons

2231 1770 2481 1826 sideratis
2516 1770 2653 1843 (Isa.
2686 1788 2738 1837 v,
2768 1774 2826 1828 ll
2863 1784 2910 1828 et
2936 1773 3092 1845 seq.).
3129 1793 3150 1827 ι
3183 1773 3251 1828 Et
3277 1774 3512 1840 iterum;
3549 1792 3567 1825 ι
3606 1771 3695 1828 Va:
3717 1775 3814 1843 qui

543 1878 972 1948 perturbatores,
999 1874 1367 1931 ecclesiastica
1401 1873 1649 1944 indignos
1671 1870 1852 1943 regula
1876 1911 1891 1936 ,
1921 1878 1976 1926 ει
2006 1886 2130 1924 san-
2163 1862 2207 1922 Β
2234 1868 2484 1928 potentes
2510 1863 2641 1917 estis
2680 1864 2747 1918 ad
2780 1863 3072 1919 bibendum
3099 1865 3305 1928 vinum,
3331 1874 3386 1920 et
3414 1866 3512 1920 Vil‘i
3544 1864 3716 1948 fortes
3741 1867 3812 1919 ad

546 1978 635 2024 cta
668 1967 1048 2023 communione
1071 1966 1370 2034 judicabat.
1403 1963 1733 2032 Operatores
1752 1976 1881 2015 vero
1910 1975 2127 2014 earum-

544 2061 687 2125 dem,
733 2060 920 2128 eisque
954 2057 1269 2112 obedieutes
1316 2066 1669 2124 utrarumque
1712 2068 1777 2108 ac
1805 2061 2124 2108 exterarum

543 2151 808 2205 bonarum
852 2149 1043 2220 dignos
1072 2163 1195 2203 esse
1224 2146 1458 2211 dicebat,
1484 2145 1626 2199 unde
1655 2155 1710 2199 et
1748 2144 2039 2213 prophetas
2073 2142 2124 2195 in

545 2241 911 2297 testimonium
941 2238 1206 2294 sumebat.
1238 2237 1460 2297 Audite,
1491 2235 1635 2299 caali,
1666 2243 1723 2289 et
1748 2233 1970 2288 auribus
2001 2246 2124 2301 per-

544 2334 684 2403 cipe,
718 2341 884 2396 terra,
910 2331 1168 2402 quoniam
1198 2329 1461 2383 Dominus
1502 2327 1716 2382 locutus
1746 2333 1865 2380 est:
1905 2344 1922 2375 ‹
1960 2323 2126 2379 Filios

543 2421 797 2485 cuutrivi,
848 2429 904 2474 et
959 2418 1215 2482 exaltavi,
1275 2417 1374 2487 ipsi
1421 2425 1604 2471 autem
1649 2422 1971 2485 spreverunt
2016 2427 2124 2476 me,

543 2516 797 2588 cognovit
838 2515 936 2568 bos
960 2525 1330 2583 possessorem
1377 2525 1557 2574 suum,
1580 2517 1633 2563 et
1662 2508 1865 2562 asinus
1887 2520 2127 2576 prmsepe

546 2609 748 2667 dou'tini
775 2607 880 2671 sui,
912 2605 1077 2660 lsrael
1127 2619 1234 2658 non
1277 2602 1531 2674 cognovit
1575 2617 1696 2666 me,
1726 2599 1953 2672 pupulus
1976 2612 2127 2653 meus

545 2716 652 2755 non
701 2697 987 2754 intellexit.
1037 2695 1130 2750 Va:
1172 2695 1317 2765 genti
1368 2693 1676 2764 peccatrici,
1726 2692 1922 2762 populo
1978 2690 2125 2762 gravi

545 2789 864 2860 iniquitate,
893 2786 1086 2842 semini
1126 2800 1380 2856 nequam.
1426 2783 1549 2839 ﬁliis
1596 2781 1894 2839 sceleratis.
1927 2781 2128 2837 Dereli-

545 2889 782 2952 querunt
826 2880 883 2951 6
934 2879 1254 2941 Dominum,
1318 2876 1830 2947 blasphemaverunt
1879 2882 2125 2928 sanctum

544 2969 734 3036 lsrael,
787 2967 1075 3023 abalienati
1117 2974 1584 3021 suntretrorsum.
1633 2963 1810 3034 Super
1846 2979 1954 3032 quo
2005 2977 2128 3032 per-

545 3062 746 3116 cutiam
779 3075 872 3114 vos
899 3059 1038 3113 ultra
1085 3057 1346 3113 addentes
1385 3056 1903 3128 prmvaricationem.
1957 3054 2127 3110 Omne

545 3161 711 3222 caput
762 3150 1091 3222 languidum,
1157 3160 1211 3204 et
1254 3164 1414 3204 omne
1443 3163 1536 3203 cor
1568 3162 1824 3211 maerens,
1869 3162 1900 3200 a
1943 3146 2124 3216 planta

545 3243 698 3318 pedis
718 3257 897 3312 usque
934 3241 1002 3295 ad
1027 3241 1309 3304 verticem,
1337 3254 1443 3293 non
1481 3246 1565 3293 est
1586 3238 1638 3291 in
1668 3252 1734 3293 eo
1759 3237 1980 3302 sanitas,
2012 3236 2130 3290 vul-
2155 3216 2198 3278 C

546 3349 670 3399 nus,
702 3341 758 3387 et
783 3332 943 3397 livor,
972 3341 1028 3386 et
1047 3331 1200 3402 plaga
1238 3341 1472 3396 tumens,
1501 3344 1605 3384 non
1629 3338 1714 3385 est
1735 3329 2128 3400 circumligata,

549 3439 653 3480 nec
701 3433 886 3481 curata
937 3422 1294 3479 medicamine
1339 3437 1512 3492 neque
1533 3420 1642 3476 fota
1667 3421 1806 3478 oleo.
1847 3421 2016 3476 Terra
2043 3435 2131 3475 ve-

547 3525 661 3571 atra
682 3515 894 3572 deserta
913 3555 930 3579 ,
961 3515 1208 3570 civitates
1235 3523 1428 3568 vestra:
1458 3513 1581 3585 igne
1610 3529 1911 3578 succensze,
1949 3512 2128 3583 regio-

547 3621 673 3664 nem
700 3615 934 3662 vestram
965 3619 1150 3661 coram
1187 3605 1342 3660 vobis
1380 3603 1538 3660 alieni
1573 3604 1854 3668 devorant,
1891 3611 1946 3658 et
1975 3603 2130 3658 deso.
2179 3619 2196 3630 θ

548 3695 770 3762 labitur,
821 3695 961 3751 sicut
995 3695 1050 3748 in
1083 3694 1336 3748 vastitate
1381 3693 1583 3760 hostili,
1625 3701 1681 3748 et
1724 3692 2131 3761 derelinquetur

548 3785 688 3858 (Isa.
732 3802 776 3853 ι,
805 3785 842 3840 2
881 3794 928 3839 et
973 3784 1127 3856 αφ).
1163 3783 1253 3838 Va:
1287 3783 1505 3855 (inquit)
1559 3783 1651 3854 qui
1701 3782 1880 3838 dicitis
1930 3784 2129 3838 bonum

548 3877 773 3942 malum,
803 3885 858 3932 et
881 3875 1079 3930 malum
1108 3876 1330 3940 bonum,
1360 3883 1623 3946 ponentes
1646 3876 1896 3931 tenebras
1933 3874 2127 3940 lucem,

548 3975 606 4025 et
656 3966 831 4023 lucem
878 3965 1150 4032 tenebras,
1194 3974 1452 4036 ponentes
1490 3980 1736 4019 amarum
1779 3965 1834 4019 in
1873 3964 2049 4030 dulce,
2074 3975 2130 4020 et

550 4059 709 4117 dulce
755 4059 809 4116 in
856 4074 1099 4114 amarum
1123 4057 1259 4130 (Isa.
1283 4075 1362 4125 vr,
1389 4057 1500 4129 2i).
1535 4057 1858 4127 Propterea,
1885 4058 2131 4128 captivus

552 4152 746 4206 ductus
767 4159 852 4205 est
878 4150 1107 4221 populus
1137 4164 1311 4214 meus,
1337 4149 1462 4219 quia
1489 4164 1592 4203 non
1614 4148 1801 4202 habuit
1822 4148 2128 4213 scientiam,

551 4249 609 4296 et
653 4241 860 4296 nobiles
905 4241 1022 4309 ejus
1043 4239 1366 4296 interierunt
1407 4239 1568 4302 fame,
1602 4247 1659 4292 et
1702 4227 1987 4293 multitudo
2013 4239 2129 4310 ejus

551 4332 644 4387 siti
692 4331 930 4386 exaruit.
977 4330 1268 4400 Propterea
1313 4329 1560 4386 dilatavit
1603 4329 1845 4384 infernus
1892 4329 2126 4384 animam

551 4438 728 4488 suam,
761 4433 816 4477 et
840 4423 1051 4494 aperuit
1078 4438 1140 4478 os
1183 4439 1361 4489 suum,
1408 4424 1612 4493 absque
1646 4424 1754 4479 uilo
1782 4424 2033 4490 termino,
2075 4433 2130 4478 et

551 4513 884 4567 descendunt
927 4511 1098 4569 fortes
1123 4512 1261 4581 ejus,
1289 4523 1345 4569 et
1372 4514 1600 4584 populus
1622 4511 1761 4582 ejus,
1789 4522 1843 4568 et
1871 4514 2128 4570 sublimes

553 4603 880 4675 gloriosique
905 4603 1024 4673 ejus
1045 4606 1112 4659 ad
1139 4620 1284 4660 eum.
1327 4604 1394 4658 Et
1435 4604 1807 4662 iueurvabitur
1832 4605 1992 4660 homo
2017 4644 2033 4668 ,
2071 4615 2125 4659 et

555 4695 927 4749 humiliabitur
975 4695 1080 4760 vir,
1130 4703 1184 4750 et
1209 4696 1349 4751 oculi
1378 4695 1686 4752 sublimium
1734 4696 2124 4766 deprimentur.

554 4783 964 4841 Etexaltabitur
993 4785 1252 4844 Dominus
1290 4787 1343 4840 in
1366 4785 1571 4856 judicio
1596 4827 1611 4851 ,
1645 4794 1698 4841 et
1738 4785 1881 4842 Deus
1909 4796 2128 4842 sanctus

553 4877 980 4933 sanctiﬁcabitur
1010 4879 1062 4932 in
1087 4877 1299 4948 justitia
1323 4878 1457 4950 (lsa.
1495 4897 1548 4946 v,
1578 4881 1643 4935 15
1668 4890 1717 4935 et
1741 4881 1893 4952 ηιμ).
1931 4901 1950 4934 ι

622 4964 878 5023 Carnales
899 4969 1274 5038 spiritualibus
1297 4971 1549 5028 resistere
1586 4973 1932 5041 prohibebat,
1963 4983 2020 5028 et
2058 4975 2124 5028 de

559 5055 643 5111 his
671 5057 761 5126 qui
811 5059 1051 5116 cervices
1103 5076 1230 5115 suas
1263 5070 1449 5117 contra
1485 5064 1772 5131 magistros
1798 5072 1854 5119 et
1887 5065 2128 5120 seniores

551 5159 682 5200 suos
717 5146 996 5217 erigebant
1045 5150 1099 5204 in
1129 5149 1330 5206 diaboli
1378 5151 1682 5221 exemplum
1735 5153 1946 5208 dicebat
1979 5171 1992 5206 :
2027 5155 2126 5208 De-

555 5245 724 5291 tracta
757 5244 838 5293 est
865 5240 931 5294 ad
966 5241 1166 5296 inferos
1195 5244 1450 5312 superbia
1505 5252 1614 5308 tua,
1656 5245 1851 5300 cecidit
1899 5247 2130 5302 cadaver

555 5339 730 5395 tuum,
777 5332 962 5387 subter
1012 5344 1064 5388 te
1115 5341 1386 5388 sternetur
1425 5335 1587 5398 tinea,
1639 5343 1695 5388 et
1737 5335 2125 5406 operimentum

555 5429 704 5480 tuum
723 5429 878 5475 erunt
903 5437 1127 5478 vermes.
1155 5423 1433 5490 Quomodo
1447 5424 1686 5479 cecidisti
1711 5423 1777 5480 de
1797 5425 1956 5490 caelo,
1973 5423 2129 5480 Luci-

555 5511 655 5577 l'ur,
699 5512 791 5582 qui
845 5528 1004 5574 mane
1044 5514 1327 5578 oriebaris,
1374 5515 1627 5570 corruisti
1670 5516 1722 5569 in
1764 5524 1994 5579 terram,
2033 5517 2124 5584 qui

557 5604 874 5667 vulnerabas
901 5607 1128 5676 gentes?
1157 5607 1258 5674 Qui
1284 5608 1503 5684 dicebas
1528 5608 1580 5662 in
1607 5608 1770 5662 corde
1801 5616 1915 5671 tuo,
1938 5607 1994 5661 ln
2017 5620 2124 5661 c03-

555 5695 662 5752 lum
706 5699 1026 5763 ascendam,
1073 5715 1235 5768 supra
1285 5710 1430 5756 astra
1489 5701 1583 5755 Dei
1628 5698 1880 5754 exaltabo
1929 5697 2123 5752 solium

553 5803 754 5856 meum,
794 5790 990 5854 sedebo
1032 5792 1084 5853 in
1134 5803 1315 5853 metite
1358 5791 1711 5857 Testamenti,
1767 5793 1819 5850 in
1862 5792 2125 5846 lateribus

2157 4571 2204 4629 D

2228 1953 2566 2010 miscendum
2608 1956 2950 2011 ebrietatem.
2977 1956 3080 2024 Qui
3104 1957 3419 2028 justilicatis
3456 1943 3678 2027 impiut'n
3710 1970 3815 2026 pro

2226 2048 2564 2114 muneribus,
2591 2057 2644 2102 et
2662 2048 2934 2119 justitiam
2960 2049 3094 2120 justi
3125 2050 3352 2105 aufertis
3375 2050 3445 2104 ab
3472 2064 3556 2104 eo.
3583 2049 3816 2118 Propter

2226 2139 2331 2194 hoc
2373 2140 2516 2194 sicut
2559 2141 2784 2196 devorat
2829 2142 3082 2212 stipulam
3125 2143 3308 2212 lingua
3358 2143 3518 2214 ignis,
3565 2151 3624 2197 et
3663 2141 3815 2197 calor

2227 2230 2460 2287 ﬂammae
2481 2233 2682 2297 exurit,
2708 2234 2787 2289 sic
2813 2235 2966 2287 radix
2992 2247 3180 2288 eorum
3206 2236 3362 2304 quasi
3389 2234 3566 2288 favilla
3596 2234 3730 2300 erit,
3754 2243 3814 2288 et

2228 2338 2446 2393 germen
2495 2339 2683 2379 eorum
2713 2334 2770 2379 ut
2799 2325 2977 2395 pulvis
3007 2326 3281 2380 ascendet.
3311 2324 3636 2394 Abjecerunt
3661 2325 3812 2381 enim

2229 2403 2398 2486 legent
2429 2416 2638 2471 Domini
2667 2418 3028 2482 exercituum,
3056 2426 3112 2472 et
3137 2417 3409 2487 eloquium
3443 2417 3614 2472 sancti
3643 2415 3813 2471 lsrael

2227 2505 2756 2576 blaspltemaverunt.
2813 2508 2939 2562 Ideo
2977 2508 3148 2564 iratus
3183 2518 3267 2563 est
3314 2508 3466 2562 furor
3504 2508 3718 2563 Domini
3752 2509 3811 2562 in

2227 2598 2426 2669 populo
2453 2612 2574 2663 suo,
2603 2607 2659 2652 et
2687 2600 2931 2654 extendit
2953 2615 3172 2654 manum
3203 2615 3357 2654 suam
3385 2616 3547 2671 super
3573 2615 3722 2663 eum,
3748 2611 3813 2655 et

2227 2689 2495 2758 percussit
2522 2703 2670 2754 eum,
2714 2698 2766 2744 et
2805 2692 3109 2746 conturbati
3148 2700 3274 2746 sunt
3306 2702 3537 2757 montes,
3566 2702 3622 2746 et
3666 2691 3812 2746 facta

2230 2791 2356 2835 sunt
2385 2781 2670 2836 morticina
2703 2797 2915 2848 eorum,
2959 2785 3118 2854 quasi
3145 2794 3355 2840 stercus
3395 2785 3446 2838 in
3484 2785 3662 2839 medio
3699 2783 3816 2853 pla.-

2230 2881 2457 2928 tearum.
2491 2891 2509 2924 ι
2535 2875 2588 2928 In
2612 2875 2862 2929 omnibus
2882 2875 2984 2939 itis,
3009 2891 3116 2930 non
3141 2884 3224 2930 est
3253 2891 3474 2931 aversus
3498 2873 3648 2929 furor
3669 2872 3811 2941 ejus,

2230 2966 2322 3020 sed
2345 2966 2522 3020 adhuc
2554 2982 2744 3021 manus
2782 2967 2901 3038 ejus
2945 2977 3164 3022 extenta
3183 2966 3368 3039 (Ibid.,
3400 2967 3470 3021 22
3503 2977 3550 3020 et
3591 2967 3744 3038 αφ).
3787 2969 3818 3019 ι(

2300 3056 2516 3112 Nullum
2566 3058 2711 3112 enim
2762 3059 3154 3130 presbyterum,
3203 3060 3256 3114 in
3304 3058 3528 3128 alicujus
3571 3059 3815 3128 episcopi

2230 3147 2509 3218 parochia,
2526 3147 2729 3218 aliquid
2756 3163 2917 3219 agere
2933 3150 3150 3216 debere,
3182 3150 3386 3221 absque
3407 3149 3523 3219 ejus
3545 3151 3815 3220 permissu

2233 3238 2481 3304 docebat,
2513 3247 2738 3306 cunctos
2767 3238 3133 3310 presbyteros,
3161 3241 3403 3311 propriis
3441 3241 3708 3310 episcopis
3753 3241 3812 3294 in

2228 3330 2501 3398 omnibus,
2530 3332 2736 3403 absque
2776 3347 2928 3387 mora
2970 3333 3306 3399 obedientes,
3358 3333 3670 3388 instituente
3699 3332 3816 3387 Do»

2229 3425 2538 3488 mino.esse
2561 3426 3041 3484 debere.docebat.
3065 3426 3281 3482 Nullum
3308 3429 3451 3484 enim
3477 3429 3652 3484 aliena
3679 3444 3812 3484 eon-

2230 3518 2526 3589 cupiscere,
2553 3527 2648 3572 aut
2668 3533 2996 3589 praesumere
3019 3533 3230 3586 eorum,
3255 3523 3349 3576 sed
3375 3535 3818 3592 unumquemque

2229 3607 2368 3674 suis,
2435 3609 2647 3678 sibique
2680 3610 3006 3674 commissis,
3065 3620 3348 3667 contentos
3398 3628 3516 3667 esse
3559 3613 3811 3668 docebat.

2237 3718 2257 3751 ι
2279 3699 2559 3755 Neminem
2589 3704 2748 3756 etiam
2771 3701 2929 3756 alicui
2953 3702 3154 3773 aliquid
3187 3705 3386 3770 facere,
3418 3705 3520 3759 nisi
3542 3707 3684 3775 quod
3707 3708 3816 3761 sibi

2229 3789 2390 3846 vellet
2442 3791 2558 3846 lieri
2619 3791 2769 3863 (Tob.
2814 3809 2892 3858 IV,
2950 3791 3064 3861 l6),
3104 3813 3124 3846 ι
3177 3794 3500 3852 instruebat.
3552 3796 3816 3851 Sanctam

2231 3896 2360 3952 ergo
2381 3881 2676 3936 Ecclesiam
2699 3881 3099 3937 immaculatam
3127 3899 3316 3940 omnes
3343 3901 3559 3940 servare
3589 3885 3815 3951 debere,

2228 3975 2654 4047 evangelizabat,
2694 3974 2849 4044 cujus
2891 3975 3067 4030 claves
3095 3977 3379 4048 episcopos
3412 3992 3533 4033 esse
3573 3979 3812 4035 dicebat.

2229 4067 2335 4139 Ipsi
2385 4069 2527 4123 enim
2604 4067 2803 4122 habent
2849 4077 3166 4137 potestatem
3215 4070 3467 4126 claudere
3511 4071 3709 4128 coelum
3758 4083 3820 4128 et

2229 4159 2442 4229 aperire
2465 4166 2650 4229 portas
2679 4157 2822 4228 ejus,
2853 4160 2978 4228 quia
3007 4160 3187 4216 claves
3215 4161 3338 4216 coeli
3370 4161 3496 4217 facti
3529 4172 3676 4217 sunt.

2297 4248 2563 4303 Amovere
2576 4259 2753 4303 autem
2787 4264 2881 4304 eos
2915 4251 3182 4306 nemiuem
3201 4252 3399 4308 debere
3426 4255 3814 4324 docebat,quia

2227 4338 2368 4392 oculi
2400 4339 2606 4391 Domini
2637 4346 2782 4404 sunt,
2814 4347 2869 4393 et
2895 4341 2984 4409 qui
3012 4355 3108 4396 eos
3134 4341 3323 4413 tangit,
3363 4348 3534 4415 tangit
3555 4346 3816 4415 pupillam

2227 4429 2369 4483 oculi
2397 4429 2511 4496 ejus
2551 4426 2736 4498 (Zarh.
2781 4444 2842 4494 ιι,
2901 4431 2977 4501 8).
3036 4431 3104 4484 Et
3142 4443 3358 4502 quanta:
3397 4449 3569 4504 ptena:
3615 4436 3819 4507 dignus

2231 4517 2321 4580 sit,
2360 4517 2452 4588 qui
2495 4532 2590 4573 eos
2638 4520 2990 4586 scandalizat,
3026 4521 3199 4592 ipsum
3244 4521 3528 4578 Dominum
3562 4526 3825 4583 docuisse

2233 4608 2468 4672 dicebat,
2500 4609 2590 4662 ubi
2619 4609 2696 4662 ait
2725 4627 2738 4662 :
2771 4629 2788 4661 ε
2819 4609 2918 4675 Qui
2948 4611 3400 4668 scandalizaverit
3422 4631 3585 4668 unum
3614 4616 3681 4670 de
3706 4633 3816 4687 pn-

2234 4696 2368 4751 sillis
2399 4698 2532 4752 estis
2557 4699 2648 4767 qui
2683 4699 2735 4752 in
2766 4714 2851 4753 me
2889 4700 3138 4763 credunt,
3165 4703 3382 4771 expedit
3414 4704 3460 4758 ei
3491 4713 3548 4758 ut
3577 4719 3813 4775 suspen-

2234 4790 2392 4843 datur
2420 4789 2558 4843 mola
2586 4790 2821 4844 asinaria
2853 4791 2904 4844 in
2935 4791 3073 4847 collo
3102 4791 3239 4861 ejus,
3269 4805 3323 4848 et
3363 4797 3708 4868 demergatur
3757 4802 3814 4855 in

2234 4881 2560 4951 profundum
2591 4883 2778 4938 maris.
2812 4883 2901 4938 Vae
2941 4887 3142 4942 mundo
3183 4902 3214 4941 a
3257 4889 3545 4955 scandalis,
3587 4905 3821 4948 necesse

2234 4982 2317 5029 est
2357 4975 2500 5028 enim
2548 4975 2768 5030 veniant
2817 4977 3115 5042 scandala;
3153 4989 3544 5044 verumtamen,
3588 4996 3669 5036 vae
3713 4983 3817 5037 ho-

2233 5065 2364 5118 mini
2398 5065 2469 5118 illi
2506 5080 2602 5134 per
2635 5081 2799 5136 quem
2830 5069 3144 5123 scandalum
3173 5071 3341 5126 venit.
3385 5071 3441 5126 Si
3477 5082 3658 5128 autem
3688 5091 3817 5128 ma-

2235 5171 2335 5210 nus
2375 5165 2465 5208 tua
2493 5157 2823 5212 scandalizat
2853 5169 2922 5223 te,
2954 5161 3207 5214 abscinde
3232 5177 3374 5227 eam,
3404 5172 3459 5216 et
3487 5164 3689 5234 projice
3711 5168 3820 5220 abs

2234 5259 2305 5302 te.
2341 5249 2542 5302 Bonum
2577 5259 2661 5303 est
2691 5250 2784 5304 tibi
2817 5251 2884 5305 ad
2912 5252 3076 5305 vitam
3112 5252 3317 5323 ingredi
3351 5253 3604 5320 debilem,
3643 5270 3815 5324 quam

2232 5341 2365 5395 duas
2388 5355 2578 5395 manus
2606 5341 2915 5407 habentem,
2947 5345 3086 5398 mitti
3121 5345 3172 5398 in
3197 5347 3500 5415 gehennam
3536 5347 3697 5418 ignis.
3743 5348 3814 5402 Et

2231 5429 2274 5483 si
2301 5444 2394 5498 pes
2433 5437 2556 5482 tuus
2583 5429 2915 5486 scandalizat
2941 5443 3015 5495 te,
3056 5435 3312 5489 abscinde
3335 5449 3481 5500 eum,
3519 5447 3574 5491 et
3601 5435 3816 5506 projice

2229 5520 2326 5574 abs
2353 5528 2421 5572 te.
2459 5518 2664 5574 Bonum
2707 5530 2790 5575 est
2821 5523 2915 5577 tibi
2959 5524 3181 5578 introire
3225 5525 3290 5578 ad
3329 5526 3496 5580 vitam
3529 5527 3809 5598 claudum,

2228 5625 2390 5681 quam
2422 5611 2557 5666 duos
2600 5614 2764 5682 pedes
2812 5614 3117 5679 habentem,
3157 5617 3296 5671 mitti
3337 5619 3388 5673 in
3425 5619 3602 5690 ignem
3647 5631 3810 5676 mter-

2230 5719 2378 5757 num.
2424 5703 2489 5757 Et
2527 5705 2571 5758 si
2614 5706 2803 5762 oculus
2844 5717 2968 5763 tuus
3005 5711 3336 5765 scandalizat
3385 5722 3453 5776 te,
3495 5729 3626 5769 erue
3656 5731 3809 5780 enin,

2229 5803 2278 5847 et
2313 5795 2517 5868 projice
2555 5797 2649 5848 alis
2688 5807 2758 5850 te.
2790 5798 2992 5855 Bonum
3031 5812 3115 5854 est
3151 5802 3248 5857 tibi
3279 5818 3442 5857 unum
3469 5804 3687 5858 oculum
3713 5805 3814 5860 lu-
