3998 5416
158 198 231 256 35
1395 188 1886 249 DECRETALIUM
1917 186 2320 249 COLLECTIO.
2497 178 2505 189 '
3398 198 3470 256 st

167 314 395 372 bentem
427 310 487 367 in
516 308 691 365 vitam
716 306 967 373 intrmre.
999 318 1163 376 quam
1190 304 1327 361 duos
1353 303 1542 361 oculos
1570 303 1777 360 haben-
1802 308 1854 371 Α
1881 308 2063 358 autem
2088 314 2210 358 mea
2237 300 2291 356 iu
2318 300 2710 372 sempiternum
2731 302 2857 370 erit,
2889 310 2945 357 et
2971 300 3183 372 justitia
3206 322 3326 365 mea
3357 326 3468 369 non

175 412 287 461 tem
314 400 460 458 mitti
492 400 549 456 in
575 400 879 472 gehennam
902 396 1062 468 ignis.
1095 394 1284 451 Videte
1309 409 1378 451 ne
1407 393 1774 450 contemnatis

170 510 346 552 unum
371 508 440 550 ex
462 493 552 549 his
575 491 786 565 pusillis
804 489 1021 564 (Matth.
1051 505 1205 556 xvut,
1231 488 1265 543 ti
1293 498 1341 544 et
1362 486 1516 559 σεεμ).
1546 507 1565 542 ι
1599 487 1775 543 Amen

171 590 303 648 dico
335 587 516 651 vobis,
566 599 906 658 quacunque
944 583 1301 655 alligaveritis
1344 598 1510 654 super
1569 591 1774 638 terram

170 692 342 744 erunt
367 682 684 755 alligata-et
728 680 780 735 in
825 678 988 747 ctelo,
1032 688 1088 734 et
1118 691 1458 749 quacunque
1500 674 1774 732 solveritis

170 790 342 848 super
368 782 573 830 terram
597 780 761 828 erunt
784 770 962 827 soluta
989 779 1046 826 et
1084 770 1139 825 in
1167 769 1327 825 ctelo.
1371 788 1389 821 ι
1423 767 1624 824 lterum
1650 767 1775 825 dico

168 867 353 933 vobis,
376 866 504 938 quia
538 864 587 921 si
618 864 726 920 duo
764 878 832 919 ex
869 862 1029 917 vobis
1056 860 1437 916 consenserint
1464 874 1628 931 super
1657 868 1769 915 ter-

168 976 316 1025 ram,
350 960 419 1015 de
452 957 604 1020 omni
643 971 702 1013 re
744 968 1068 1026 quacunque
1112 953 1397 1025 petierint,
1447 952 1541 1008 fiet
1595 950 1702 1008 illis
1740 966 1773 1007 a

168 1050 338 1109 Patre
380 1064 529 1116 meo,
571 1048 669 1120 qui
708 1047 763 1103 in
808 1046 962 1103 ctelis
995 1053 1101 1102 est.
1146 1045 1248 1101 L‘bi
1291 1045 1434 1101 enim
1494 1051 1620 1099 sunt
1665 1043 1773 1100 duo

164 1146 253 1203 vel
284 1154 399 1201 tres
426 1142 744 1216 congregati
770 1141 825 1198 in
851 1140 1071 1195 nomine
1110 1153 1254 1205 meo,
1292 1138 1365 1193 ibi
1403 1152 1523 1193 sum
1562 1138 1617 1192 in
1650 1151 1769 1193 me-

166 1239 258 1295 dio
279 1252 476 1294 eorum
507 1234 729 1309 (Matth.
766 1248 924 1300 xvm,
956 1232 1023 1288 l8
1051 1242 1100 1287 et
1122 1230 1256 1302 seq.)
1296 1250 1314 1283 ι
1360 1229 1428 1284 Ει
1455 1229 1651 1285 iterum
1675 1243 1774 1301 per

165 1330 494 1402 prophetam
524 1327 790 1399 loquitur,
813 1325 1034 1381 dicens:
1064 1323 1293 1395 Expavit
1319 1321 1540 1394 (inquit)
1572 1322 1770 1378 omium

165 1435 335 1493 super
358 1420 483 1484 hoc,
510 1426 570 1474 et
595 1417 811 1475 horruit
837 1416 1069 1487 amplius
1095 1416 1472 1481 vehementer,
1508 1414 1638 1469 dicit
1666 1413 1773 1468 Do-

168 1516 349 1569 minus
393 1530 409 1568 :
451 1510 498 1568 0
539 1508 942 1566 intolerabilem
991 1506 1408 1579 malignitatem,
1452 1521 1487 1561 o
1528 1505 1769 1577 linguam

173 1605 513 1677 iniquitatem
541 1602 859 1674 loquentem
889 1609 1080 1656 contra
1104 1598 1419 1665 Dominum,
1445 1606 1501 1653 et
1531 1607 1771 1653 mentem

1877 396 2094 453 deﬁciet
2122 396 2258 470 (lca.
2291 413 2363 461 ω,
2394 396 2429 453 5
2453 406 2503 452 et
2532 397 2609 471 6).
2656 417 2673 450 ι

1885 508 1893 516 ι
1952 506 1973 540 ι
2002 487 2200 543 Audite
2218 502 2326 554 me,
2348 489 2440 558 qui
2470 489 2621 544 scitis
2640 487 2870 559 justum,
2897 491 3127 562 populus
3156 493 3240 549 lex
3265 511 3386 552 mea
3407 498 3464 554 in

1874 582 2039 639 corde
2064 588 2275 639 eurum.
2317 580 2493 638 Nolite
2527 584 2720 639 timere
2746 586 3043 655 cpprobria
3073 588 3373 655 hominum,
3408 602 3467 649 et

1873 671 2243 744 blasphemias
2276 686 2468 729 eorum
2505 690 2575 729 ne
2610 677 2884 732 metuatis.
2927 677 3082 734 Sicut
3117 681 3264 736 enim
3294 683 3465 739 vesti-

1874 773 2141 830 mentum,
2172 763 2253 819 sic
2274 765 2523 821 comedet
2546 781 2639 822 eos
2675 768 2896 835 vermis,
2920 779 2978 825 et
3003 771 3146 828 sicut
3176 772 3355 830 lanam
3386 776 3467 833 sic

1875 857 2158 914 devorabit
2184 873 2280 913 eos
2304 858 2469 913 tinea.
2511 858 2673 915 Salus
2715 869 2899 916 autem
2928 877 3049 918 mea
3093 864 3147 919 in
3177 866 3467 937 sempiter-

1874 966 2004 1005 num
2028 950 2157 1017 erit,
2184 961 2238 1007 et
2261 949 2475 1021 justitia
2501 968 2625 1008 mea
2672 953 2725 1008 in
2768 957 3121 1027 generatione
3155 960 3467 1029 generatio-

1874 1062 2005 1101 num
2035 1044 2197 1117 (Ibid.
2228 1045 2260 1101 7
2302 1056 2353 1101 et
2380 1046 2458 1119 8).
2489 1066 2509 1100 ι
2557 1047 2626 1103 Et
2664 1048 2861 1104 iterum
2892 1064 2907 1104 :
2969 1069 2986 1102 ι
3019 1051 3356 1109 Abscondita
3379 1065 3467 1111 est

1873 1137 1983 1193 vita
2006 1152 2128 1192 mea
2154 1153 2186 1192 a
2204 1137 2454 1205 Domino,
2478 1146 2531 1195 et
2552 1154 2582 1192 a
2604 1138 2835 1196 Domino
2860 1155 2983 1196 meo
2995 1140 3258 1211 judicium
3282 1161 3464 1202 meum

1876 1227 2149 1284 transibit.
2192 1228 2447 1300 Nunquid
2489 1231 2668 1287 nescis
2716 1242 2811 1288 aut
2869 1250 2977 1290 non
3030 1237 3270 1293 audisti?
3322 1239 3467 1296 Deus

1875 1322 2260 1392 sempiternus,
2296 1321 2581 1391 Dominus,
2623 1324 2717 1396 qui
2740 1327 2947 1383 creavit
2973 1330 3242 1387 terminos
3281 1341 3464 1400 terrae,

1872 1428 1983 1469 non
2029 1414 2244 1471 deficiet
2281 1429 2459 1486 neque
2501 1416 2805 1482 laborabit,
2854 1435 2956 1476 nec
2994 1430 3079 1477 est
3116 1423 3468 1497 investigatio

1874 1505 2155 1577 sapientia:
2183 1506 2322 1577 ejus.
2370 1506 2473 1575 Qui
2509 1508 2601 1563 dat
2634 1508 2781 1565 lasso
2818 1510 3110 1579 virtutem,
3148 1524 3205 1571 et
3254 1516 3341 1572 his
3371 1518 3468 1587 qui
3516 1512 3527 1525 ’

1873 1610 1983 1651 non
2009 1594 2551 1665 suntfortitudinem,
2574 1608 2629 1656 et
2652 1600 2818 1656 robur
2833 1602 3178 1675 multiplicat.
3198 1605 3465 1663 Deﬁcient

166 1698 220 1754 in
260 1696 611 1752 altitudinem
635 1709 806 1751 cornu
835 1693 1207 1749 extollentem.
1233 1691 1299 1747 Et
1333 1692 1530 1748 iterum
1563 1706 1578 1746 :
1608 1710 1627 1743 ι
1665 1689 1771 1746 lm-
1798 1691 1848 1755 Β
1874 1689 2054 1760 pueri,
2100 1700 2157 1746 et
2186 1689 2529 1756 laborabunt,
2566 1704 2621 1750 et
2644 1692 2876 1763 juvenes
2916 1697 2972 1753 in
3014 1698 3335 1759 infirmitate
3375 1719 3469 1761 ca-

161 1806 330 1864 pone,
350 1792 538 1856 homo,
569 1789 884 1860 tutelinguae
901 1787 1100 1844 ostium
1122 1795 1179 1841 et
1197 1800 1395 1853 seram,
1412 1799 1568 1840 cessa
1592 1799 1765 1840 cornu

161 1884 215 1941 in
237 1882 584 1938 altitudinem
616 1879 907 1946 extollens,
937 1888 991 1935 et
1024 1878 1255 1949 loquens
1281 1877 1546 1949 adversus
1578 1874 1765 1929 Domi-

160 1990 319 2042 num,
343 1984 401 2031 et
424 1974 737 2046 proximum
765 1982 938 2038 tuum,
962 1948 1245 2041 quousque
1273 1948 1503 2024 insdltas
1529 1966 1764 2038 patienti

161 2067 389 2126 Christo
420 2075 474 2122 et
496 2065 795 2122 fratribus?
834 2083 854 2118 ι
887 2061 1057 2135 (Eccl.
1090 2076 1287 2127 xxvtu,
1314 2059 1383 2116 28
1420 2071 1466 2115 et
1503 2057 1635 2131 seq.)
1671 2057 1764 2115 Sic

160 2170 347 2216 autem
377 2169 668 2230 peccantes
691 2158 745 2212 in
774 2156 1054 2220 fratribus,
1089 2165 1145 2210 et
1174 2154 1543 2226 percutientes
1571 2166 1763 2208 eorum

160 2253 441 2309 inﬁrmam
492 2250 887 2307 conscientiam
937 2249 992 2303 in
1034 2247 1312 2303 Christum
1355 2245 1596 2316 graviter
1638 2258 1765 2316 pec-

159 2345 333 2411 catis,
374 2353 430 2399 et
463 2346 541 2399 rei
572 2342 783 2414 judicio
816 2338 1015 2406 eﬂecti,
1063 2337 1295 2393 infames
1342 2335 1668 2402 efliciemini,
1708 2342 1765 2391 et

154 2436 312 2509 juste
337 2435 691 2508 repellemini.
711 2433 780 2490 Et
801 2434 998 2489 iterum
1025 2446 1123 2502 per
1145 2431 1473 2501 Prophetam
1496 2429 1761 2500 loquitur,

160 2532 384 2587 dicens:
409 2547 428 2581 ‹
453 2529 560 2585 Vos
585 2537 788 2592 autem,
826 2525 1135 2582 sacerdotes
1165 2522 1400 2585 Domini,
1430 2517 1761 2576 vocabimini

160 2624 403 2682 ministri
460 2622 556 2680 Dei
611 2620 823 2688 nostri,
873 2619 1085 2676 dicetur
1137 2617 1326 2681 vobis,
1380 2612 1761 2670 fortitudinem

162 2720 407 2793 gentium
439 2716 764 2781 comedetis,
802 2721 858 2770 et
890 2713 947 2769 in
976 2710 1150 2783 gloria
1182 2723 1372 2766 eorum
1414 2704 1758 2779 superbietis,

163 2830 258 2887 pro
313 2812 642 2870 confusione
688 2815 873 2866 vestra
943 2804 1145 2877 duplici
1208 2804 1408 2859 rubore
1461 2800 1763 2856 laudabunt

165 2916 371 2981 partem
418 2920 638 2971 eorum,
678 2909 903 2974 propter
942 2899 1047 2956 hoc
1090 2897 1144 2953 in
1194 2906 1342 2953 terra
1381 2910 1478 2950 sua
1523 2892 1760 2964 duplicia

170 2999 539 3070 possidebunt,
572 3005 629 3052 et
666 2994 854 3051 laetitia
882 2990 1214 3064 sempiterna
1237 2988 1344 3044 erit
1369 2987 1469 3043 eis.
1497 2986 1632 3053 Quia
1658 2998 1759 3054 ego

1869 1782 2019 1838 dent.
2044 1781 2147 1850 Qui
2187 1793 2370 1839 autem
2400 1795 2625 1856 sperant
2654 1787 2708 1842 in
2740 1790 2972 1847 Domino
2996 1792 3288 1849 mutabunt
3310 1794 3471 1852 forti-

1870 1875 2131 1941 tudinem,
2185 1886 2467 1932 assument
2512 1893 2722 1949 pennas
2770 1879 2911 1936 sicut
2954 1883 3182 1952 aquilae,
3243 1897 3471 1944 current

1866 1977 2055 2026 etnon
2104 1968 2466 2036 laborabunt,
2511 1970 2911 2040 ambulabunt,
2954 1982 3010 2029 et
3055 1990 3163 2031 non
3190 1976 3471 2035 deficient.

1867 2060 2173 2117 Transeant
2194 2062 2261 2116 ad
2297 2078 2384 2119 me
2422 2063 2632 2131 insulae,
2663 2074 2718 2120 et
2749 2075 2939 2136 gentes
2971 2077 3181 2126 mutent
3201 2069 3470 2129 fortitudi-

1865 2169 2015 2219 nem,
2038 2156 2303 2211 accedant
2324 2165 2381 2212 et
2407 2165 2536 2214 tunc
2560 2157 2874 2228 loquentur,
2902 2162 3065 2216 simul
3086 2163 3155 2219 ad
3198 2163 3468 2233 judicium
3492 2146 3499 2151 ’

1864 2249 2292 2321 propinquemus
2338 2249 2477 2323 (Ira.
2510 2269 2615 2320 xc,
2663 2253 2735 2309 27
2785 2265 2835 2311 et
2880 2256 3036 2329 θείῃ).
3077 2276 3095 2309 ι
3128 2258 3241 2316 Hos
3284 2271 3473 2320 autem

1865 2340 1958 2411 qui
2000 2354 2096 2396 eos
2119 2348 2336 2407 vetant,
2369 2352 2462 2396 aut
2486 2357 2741 2400 amovere
2775 2344 2861 2401 vel
2904 2346 3167 2404 damnare
3195 2351 3469 2422 nituntur,

1866 2433 2044 2505 ipsum
2070 2433 2358 2490 Dominum
2388 2451 2486 2507 per
2516 2437 2833 2517 prophetam
2878 2440 3173 2510 damnare,
3203 2453 3260 2499 et
3294 2461 3471 2517 usque

1867 2529 1935 2583 ad
1962 2527 2396 2585 satisfactionem
2425 2545 2621 2587 eorum
2650 2540 2705 2587 et
2734 2531 2991 2589 Ecclesiae
3020 2535 3307 2593 damnatos
3348 2555 3470 2596 esse

1866 2620 2128 2689 docebat,
2159 2622 2251 2679 ubi
2279 2621 2356 2678 ait
2390 2639 2403 2676 :
2439 2641 2457 2675 ‹
2494 2614 2645 2678 Talia
2695 2623 2978 2697 elegerunt
3013 2625 3067 2682 in
3106 2628 3209 2685 viis
3236 2630 3384 2697 suis,
3414 2638 3472 2687 et

1865 2713 1923 2769 in
1964 2714 2465 2772 abominationibus
2489 2716 2604 2771 suis
2631 2717 2813 2772 anima
2838 2732 3028 2774 eorum
3055 2720 3321 2778 delectata
3361 2733 3468 2790 est,

1865 2808 2009 2865 unde
2031 2817 2085 2863 et
2106 2823 2206 2880 ego
2231 2808 2427 2881 eligam
2451 2808 2729 2866 illusioues
2750 2825 2963 2878 eorum,
2981 2821 3036 2868 et
3058 2814 3469 2871 damnationem

1864 2900 2132 2958 adducam
2160 2902 2260 2967 eis,
2288 2903 2412 2973 quia
2440 2902 2654 2959 locutus
2676 2918 2794 2959 sum
2815 2906 2919 2972 eis,
2947 2917 3130 2963 etnon
3157 2908 3467 2976 audierunt,

1863 2996 2219 3068 feceruntque
2264 2996 2465 3052 malum
2514 2998 2569 3052 in
2619 2997 2793 3054 oculis
2838 2999 3009 3067 meis,
3060 3010 3116 3057 et
3170 3018 3290 3073 quas
3321 3002 3471 3060 nolui

177 3069 428 3148 Dominus
453 3089 687 3162 ἀὶιῑεθηε
709 3085 996 3157 Ῑιιάίοίυωι
1034 3095 1091 3141 (τι
1122 3083 1248 3140 Odit)
1272 3080 1479 3137 habens
1510 3078 1757 3149 rapinam
1785 3069 1833 3134 ο
1862 3088 2160 3160 elegerunt.
2176 3088 2373 3143 Audite
2389 3089 2613 3143 verbum
2632 3087 2977 3161 Domini,qui
3009 3069 3242 3149 tremitis
3258 3093 3325 3149 ad
3342 3109 3469 3149 ver-

169 3187 216 3243 in
236 3187 647 3259 holocaustum,
672 3190 730 3239 et
764 3181 903 3238 dabo
935 3196 1072 3252 opus
1096 3192 1288 3234 eorum
1315 3175 1371 3230 in
1420 3173 1669 3237 veritate,
1705 3179 1761 3226 et

168 3280 345 3337 fmdus
370 3285 702 3351 perpetuum
734 3273 927 3330 feriam
952 3263 1050 3328 eis.
1092 3269 1160 3326 Et
1189 3270 1396 3326 scietur
1420 3266 1475 3322 in
1508 3264 1762 3337 gentibus

163 3389 350 3431 semen
373 3386 567 3429 eorum
596 3378 653 3425 et
672 3382 895 3439 germen
920 3379 1110 3421 eorum
1137 3363 1193 3418 in
1213 3360 1394 3418 medio
1416 3357 1758 3431 populorum.

164 3464 369 3523 Omnes
407 3462 503 3534 qui
530 3461 773 3517 viderint
812 3473 907 3515 eos
950 3464 1283 3529 cognoscent
1330 3468 1449 3520 eos,
1497 3451 1628 3523 quia
1670 3448 1763 3504 isti

164 3567 291 3614 sunt
320 3570 511 3612 semen
543 3553 630 3610 cui
660 3550 945 3609 benedixit
983 3549 1293 3605 Dominus:
1331 3544 1589 3604 Gaudeas
1626 3560 1763 3617 gau-

164 3649 400 3715 debo,et
422 3644 718 3702 exsultabit
741 3643 923 3699 anima
953 3657 1074 3697 mea
1105 3640 1161 3696 in
1188 3639 1302 3696 Deo
1336 3653 1478 3704 meo,
1522 3636 1650 3708 quia
1682 3636 1764 3691 in-

164 3744 281 3799 duit
323 3756 414 3797 me
456 3739 789 3796 vestimento
829 3736 1052 3805 salutis,
1089 3742 1145 3790 et
1181 3733 1499 3789 indumento
1539 3730 1764 3800 justitiae

163 3832 534 3891 circumdedit
569 3847 678 3897 me,
707 3829 866 3902 quasi
904 3842 1162 3899 sponsum
1193 3826 1507 3882 decoratum
1536 3836 1763 3889 corona,

164 3937 218 3984 et
264 3926 425 3997 quasi
477 3938 737 3994 sponsam
785 3928 1032 3978 ornatam
1079 3916 1373 3973 monilibus
1421 3915 1555 3969 suis.
1607 3912 1767 3968 Sicut

165 4020 311 4075 enim
361 4026 510 4072 terra
550 4015 759 4088 profert
804 4028 1027 4085 germen
1070 4025 1251 4076 suum,
1300 4017 1357 4065 et
1397 4008 1541 4064 sicut
1572 4005 1766 4062 hortus

165 4126 353 4168 semen
377 4125 536 4165 suum
561 4106 853 4179 germinat.
876 4104 955 4160 sic
980 4102 1242 4159 Dominus
1271 4100 1412 4156 Deus
1439 4096 1768 4171 germinabit

160 4206 477 4279 justitiam,
545 4211 604 4259 et
669 4200 883 4257 laudem
944 4214 1131 4256 coram
1187 4196 1458 4252 universis
1514 4192 1765 4264 gentibus

168 4297 309 4372 (Im.
343 4313 457 4364 LXI,
478 4296 512 4351 6
536 4306 585 4351 et
612 4292 769 4366 δρψ),
800 4311 818 4346 ι

235 4390 349 4446 Eos
378 4398 560 4444 autem
592 4402 624 4442 a
667 4385 788 4441 solo
824 4383 1055 4440 Domino
1085 4380 1412 4454 judicandos
1445 4380 1541 4435 aut
1578 4394 1764 4436 remo-

165 4482 393 4548 vendos,
423 4489 478 4536 et
519 4495 628 4535 non
658 4478 729 4533 ab
757 4476 880 4533 aliis
905 4492 1028 4532 esse
1057 4476 1298 4541 dicebat,
1343 4474 1472 4544 quia
1518 4473 1601 4528 sui
1640 4480 1769 4528 sunt

166 4582 224 4629 et
264 4588 370 4628 non
411 4571 662 4627 alterius.
714 4568 785 4624 Et
826 4568 948 4639 quis
1013 4576 1099 4624 est
1148 4566 1242 4639 qui
1290 4566 1519 4622 alterius
1559 4563 1768 4634 judicet

168 4665 429 4721 servum?
459 4663 597 4720 Nam
625 4672 682 4718 et
714 4662 761 4717 si
787 4661 892 4716 ista
925 4677 1031 4717 non
1060 4660 1344 4733 patiuntur
1365 4659 1635 4723 homines,
1665 4673 1768 4714 nec

167 4756 311 4814 Deus
331 4757 553 4814 deorum
585 4756 645 4812 e't
674 4752 939 4810 Dominus
986 4753 1379 4810 dominantium
1414 4754 1529 4808 haec
1578 4750 1770 4807 ullate-

169 4868 273 4909 nus
297 4854 516 4923 patitur,
542 4851 692 4906 unde
718 4858 777 4905 et
813 4850 1103 4920 prephetas
1125 4848 1229 4905 sibi
1263 4858 1431 4905 testes
1454 4863 1576 4905 esse
1606 4847 1764 4903 dice-

168 4943 284 5009 bat,
324 4958 420 5015 per
452 4958 595 5014 quos
633 4938 904 4996 Dominus
959 4939 1219 5012 loquitur,
1261 4940 1449 4997 dicens
1492 4957 1506 4995 :
1561 4960 1579 4993 ι
1621 4938 1764 4994 Ecce

173 5038 355 5093 excoxi
378 5047 451 5104 te,
479 5036 578 5093 sed
608 5048 719 5089 non
748 5032 904 5101 quasi
933 5044 1215 5105 argentum
1230 5032 1367 5105 elegi
1391 5043 1442 5089 te
1470 5034 1523 5088 in
1546 5030 1765 5089 camino

172 5130 521 5202 paupertatis,
549 5134 786 5201 propter
812 5138 899 5179 me
922 5125 1138 5195 faciam,
1168 5135 1230 5182 ut
1254 5142 1360 5182 non
1391 5127 1761 5199 hlasphemer,

174 5233 225 5280 et
261 5225 482 5299 gloriam
524 5234 710 5278 meam
738 5216 898 5271 alteri
929 5234 1033 5276 non
1064 5221 1224 5277 dabo.
1265 5220 1407 5277 Audi
1437 5238 1546 5289 me,
1566 5218 1761 5285 Jacob,

173 5317 403 5376 etlsrael
433 5330 602 5388 quem
640 5325 749 5382 ego
786 5323 940 5365 voco.
971 5312 1079 5387 Ego
1121 5315 1260 5386 ipse,
1295 5329 1395 5387 ego
1434 5316 1665 5386 primus,
1711 5319 1767 5368 et

1861 3181 1990 3237 bum
2007 3180 2144 3252 ejus.
2162 3180 2425 3235 Dixerunt
2452 3180 2651 3236 fratres
2672 3182 2837 3237 vestri
2857 3182 3103 3239 odientes
3131 3198 3260 3253 vos,
3292 3192 3348 3241 et
3374 3200 3471 3241 vos

1864 3271 2182 3344 abjicientes
2222 3281 2446 3342 propter
2486 3287 2682 3329 nomen
2720 3289 2900 3329 meum
2934 3292 2948 3328 :
2983 3275 3331 3334 Glorilicetur
3356 3278 3467 3335 Do-

1865 3364 2071 3430 minus,
2094 3373 2150 3420 et
2172 3364 2475 3420 videbimus
2498 3365 2552 3419 in
2576 3364 2763 3420 laetitia
2787 3373 2993 3432 nostra,
3013 3367 3115 3436 ipsi
3135 3377 3315 3423 autem
3339 3385 3471 3426 con-

1863 3455 2163 3513 fundentur
2216 3455 2352 3530 (Isa.
2405 3472 2564 3524 vat,
2615 3456 2751 3529 5-5),
2782 3477 2802 3511 ι
2850 3459 3107 3515 nonenim
3143 3459 3470 3521 laborabunt

1864 3547 2068 3603 frustra
2100 3548 2154 3603 in
2190 3547 2604 3604 conturbatione
2631 3548 2889 3620 praesules
2926 3552 3071 3619 mei,
3111 3552 3240 3623 quia
3278 3567 3467 3612 semen

1863 3639 2302 3697 benedictionum
2349 3639 2564 3696 Domini
2607 3648 2720 3709 est,
2749 3648 3040 3713 antequam
3084 3642 3322 3701 clament
3361 3658 3465 3718 ego

1866 3734 2191 3799 exaudiam,
2234 3742 2290 3789 et
2338 3734 2519 3792 adhuc
2563 3733 2674 3792 illis
2723 3735 3100 3807 loquentibus,
3152 3753 3255 3811 ego
3297 3755 3469 3796 exau-

1869 3827 2012 3883 diam
2045 3825 2199 3899 (lsai.
2226 3840 2352 3892 va,
2379 3826 2469 3893 23,
2500 3825 2619 3898 24).
2656 3846 2676 3881 ι
2708 3828 2792 3884 Ad
2820 3828 3234 3900 glorificandum
3279 3846 3368 3898 se,
3412 3841 3470 3889 et

1868 3919 2049 3974 divina
2094 3917 2350 3974 mandata
2394 3919 2748 3985 seminanda,
2794 3927 2851 3974 et
2896 3921 3336 3993 evangelizanda,
3372 3940 3468 3981 eos

1870 4011 2131 4066 Dominus
2142 4011 2324 4084 elegit,
2339 4021 2394 4068 et
2409 4029 2515 4069 non
2534 4020 2591 4067 ut
2605 4012 3018 4083 prohibeantur,
3034 4022 3128 4069 aut
3144 4017 3468 4086 perturben-

1870 4113 1977 4170 tur,
2011 4104 2217 4170 aiebat,
2264 4104 2521 4175 quoniam
2560 4105 2653 4177 qui
2699 4120 2794 4161 eos
2830 4105 2994 4172 laedit,
3026 4123 3152 4163 eum
3182 4107 3330 4164 laedit
3368 4126 3469 4165 cu-

1861 4194 1953 4266 jus
1979 4196 2247 4269 legatione
2294 4195 2591 4270 funguntur
2630 4196 2735 4269 (II
2769 4196 2892 4253 Cor.
2923 4214 2976 4266 v,
3007 4198 3131 4273 20).
3164 4199 3469 4257 Praedicare

1870 4304 1964 4346 cos
1998 4291 2212 4346 assidue
2257 4298 2313 4344 et
2357 4290 2611 4345 mandata
2643 4288 2859 4346 Domini
2896 4292 3014 4347 sine
3061 4292 3468 4352 intermiSsiune

1872 4383 2194 4439 annuntiare
2224 4383 2471 4455 rogabat.
2515 4382 2694 4453 Opera
2744 4394 2934 4440 eorum
2980 4385 3121 4441 bona
3154 4401 3338 4442 coram
3369 4388 3468 4444 ho-

1872 4475 2109 4530 minibus
2134 4484 2440 4530 monstrare
2461 4514 2476 4541 ,
2512 4482 2569 4529 et
2598 4474 2988 4531 conscientiam
3033 4476 3229 4532 bonam
3279 4492 3467 4533 coram

1872 4567 1984 4623 Deo
2016 4567 2232 4623 habere
2280 4566 2620 4633 insinuabat,
2671 4581 2863 4623 omnes
2895 4568 3171 4639 principes
3219 4576 3380 4624 terrae
3410 4580 3471 4627 et

1871 4668 2096 4716 cunctos
2130 4657 2380 4713 homines
2411 4657 2492 4713 cis
2520 4657 2779 4723 obedire,
2810 4667 2865 4713 et
2895 4657 3072 4729 capita
3105 4672 3202 4713 sua
3237 4659 3471 4716 subruit-

1871 4761 2020 4819 tere,
2050 4763 2348 4820 eorumque
2393 4748 2671 4818 adjutores
2702 4748 2940 4805 existere
2977 4748 3359 4819 praecipiebat,
3411 4759 3473 4806 ut

1871 4860 2061 4900 omnes
2088 4843 2296 4914 pariter
2342 4841 2529 4898 ﬁdeles
2564 4849 2621 4898 et
2663 4851 3047 4911 cooperatores
3087 4840 3222 4912 legis
3254 4840 3475 4898 Domini

1877 4943 2333 5003 monstrarentur,
2364 4951 2435 4992 ne
2473 4938 2539 4993 dc
2583 4936 2663 4991 eis
2709 4936 2948 4992 dicatur.
2985 4955 3004 4988 ι
3037 4934 3474 5001 Conl'undautur,

1871 5039 1928 5088 et
1952 5030 2279 5087 erubescant
2320 5042 2510 5084 omnes
2550 5028 2642 5098 qui
2695 5038 2943 5097 pugnant
2974 5026 3261 5083 adversum
3295 5033 3381 5091 te,
3422 5039 3479 5083 et

1872 5121 2198 5193 eruntquasi
2223 5136 2327 5176 non
2354 5121 2487 5188 sint,
2512 5117 2834 5191 etperibunt
2856 5123 2943 5179 vir
2959 5121 3070 5194 iqui
3093 5118 3480 5177 contradicunt

1874 5215 1993 5272 tibi.
2019 5215 2238 5282 Quteres
2269 5227 2362 5266 eos
2388 5220 2443 5264 et
2468 5228 2576 5268 non
2604 5210 2847 5267 invenies
2877 5215 3028 5271 viros
3058 5210 3285 5267 rebelles
3328 5219 3475 5267 tuos.

1871 5306 2047 5362 Erunt
2075 5304 2228 5375 quasi
2262 5318 2365 5356 non
2390 5304 2518 5369 sint,
2550 5310 2606 5359 et
2631 5300 2797 5357 veluti
2843 5305 3190 5373 consumptio
3233 5300 3477 5356 hominis

1872 5404 1885 5416 ι
1944 5401 1975 5416 II
2059 5400 2115 5416 .'-
2159 5414 2171 5416 _
2206 5397 2433 5416 I_-__----__-
2467 5404 2515 5416 ΔΑ
2548 5395 2660 5416 ΙῘ-..
2710 5411 2801 5416 _-__
2872 5400 2926 5416 ll
3002 5409 3012 5416 .
3062 5395 3141 5416 ,οἱ
3215 5412 3226 5416 -
3281 5395 3443 5416 Π...-.ε

3127 5396 3141 5416 \
3215 5412 3226 5416 -
3281 5392 3476 5416 n...__:_
