  <div class='ocr_page' id='page_1' title='image "/cluster/home/n/w/nwhite01/storage/ocr_20150623/130/hvd.32044015471717/047.png"; bbox 0 0 4012 6444; ppageno 0'>
   <div class='ocr_carea' id='block_1_1' title="bbox 484 353 3772 439">
    <p class='ocr_par' dir='ltr' id='par_1_1' title="bbox 484 353 3772 439">
     <span class='ocr_line' id='line_1_1' title="bbox 484 353 3772 439; baseline -0.008 0"><span class='ocrx_word' id='word_1_1' title='bbox 484 378 555 439; x_wconf 66' lang='grc'><strong>85</strong></span> <span class='ocrx_word' id='word_1_2' title='bbox 1445 363 1736 437; x_wconf 70' lang='lat' dir='ltr'><strong>APPEND.</strong></span> <span class='ocrx_word' id='word_1_3' title='bbox 1778 363 1874 422; x_wconf 75' lang='lat' dir='ltr'><strong>AD</strong></span> <span class='ocrx_word' id='word_1_4' title='bbox 1909 361 2084 421; x_wconf 61' lang='lat' dir='ltr'><strong>SEC.</strong></span> <span class='ocrx_word' id='word_1_5' title='bbox 2123 358 2219 417; x_wconf 68' lang='grc' dir='ltr'><strong><em>ιι.</em></strong></span> <span class='ocrx_word' id='word_1_6' title='bbox 2254 389 2327 404; x_wconf 92' lang='lat'><em>-</em></span> <span class='ocrx_word' id='word_1_7' title='bbox 2359 358 2615 419; x_wconf 70' lang='lat' dir='ltr'><strong>[SIDORI</strong></span> <span class='ocrx_word' id='word_1_8' title='bbox 2659 356 3106 417; x_wconf 74' lang='lat' dir='ltr'><strong>MERCATORIS</strong></span> <span class='ocrx_word' id='word_1_9' title='bbox 3697 353 3772 413; x_wconf 69' lang='lat'><strong>36</strong></span> 
     </span>
    </p>
   </div>
   <div class='ocr_carea' id='block_1_2' title="bbox 559 468 3775 563">
    <p class='ocr_par' dir='ltr' id='par_1_2' title="bbox 559 468 3775 563">
     <span class='ocr_line' id='line_1_2' title="bbox 559 468 3775 563; baseline -0.007 -14"><span class='ocrx_word' id='word_1_10' title='bbox 559 487 993 562; x_wconf 77' lang='lat' dir='ltr'><strong>Homicidiorum</strong></span> <span class='ocrx_word' id='word_1_11' title='bbox 1036 500 1169 563; x_wconf 80' lang='lat' dir='ltr'><strong>vero</strong></span> <span class='ocrx_word' id='word_1_12' title='bbox 1192 492 1300 543; x_wconf 78' lang='lat' dir='ltr'><strong>tria</strong></span> <span class='ocrx_word' id='word_1_13' title='bbox 1335 497 1533 557; x_wconf 86' lang='lat' dir='ltr'><strong>genera</strong></span> <span class='ocrx_word' id='word_1_14' title='bbox 1558 495 1682 539; x_wconf 88' lang='lat' dir='ltr'><strong>esse</strong></span> <span class='ocrx_word' id='word_1_15' title='bbox 1724 477 1973 544; x_wconf 86' lang='lat' dir='ltr'><strong>dicebat,</strong></span> <span class='ocrx_word' id='word_1_16' title='bbox 2018 483 2076 533; x_wconf 91' lang='lat' dir='ltr'><strong>et</strong></span> <span class='ocrx_word' id='word_1_17' title='bbox 2103 477 2156 538; x_wconf 80' lang='grc' dir='ltr'><strong>Δ</strong></span> <span class='ocrx_word' id='word_1_18' title='bbox 2181 487 2289 533; x_wconf 88' lang='lat' dir='ltr'><strong>non</strong></span> <span class='ocrx_word' id='word_1_19' title='bbox 2331 473 2557 529; x_wconf 80' lang='lat' dir='ltr'><strong>reddere</strong></span> <span class='ocrx_word' id='word_1_20' title='bbox 2582 513 2597 539; x_wconf 93' lang='lat'><strong>,</strong></span> <span class='ocrx_word' id='word_1_21' title='bbox 2629 486 2731 528; x_wconf 90' lang='lat' dir='ltr'><strong>nec</strong></span> <span class='ocrx_word' id='word_1_22' title='bbox 2775 470 3025 543; x_wconf 86' lang='lat' dir='ltr'><strong>injuriam</strong></span> <span class='ocrx_word' id='word_1_23' title='bbox 3056 469 3255 538; x_wconf 86' lang='lat' dir='ltr'><strong>facere,</strong></span> <span class='ocrx_word' id='word_1_24' title='bbox 3303 468 3398 527; x_wconf 86' lang='lat' dir='ltr'><strong>sed</strong></span> <span class='ocrx_word' id='word_1_25' title='bbox 3428 468 3640 543; x_wconf 9' lang='lat' dir='ltr'><strong>(factam</strong></span> <span class='ocrx_word' id='word_1_26' title='bbox 3678 485 3775 544; x_wconf 89' lang='lat' dir='ltr'><strong>pa-</strong></span> 
     </span>
    </p>
   </div>
   <div class='ocr_carea' id='block_1_3' title="bbox 487 569 2079 661">
    <p class='ocr_par' dir='ltr' id='par_1_3' title="bbox 487 569 2079 661">
     <span class='ocr_line' id='line_1_3' title="bbox 487 569 2079 661; baseline -0.012 -17"><span class='ocrx_word' id='word_1_27' title='bbox 487 601 707 661; x_wconf 76' lang='lat' dir='ltr'><strong>ptenam</strong></span> <span class='ocrx_word' id='word_1_28' title='bbox 748 598 937 641; x_wconf 88' lang='lat' dir='ltr'><strong>eorum</strong></span> <span class='ocrx_word' id='word_1_29' title='bbox 966 586 1243 652; x_wconf 89' lang='lat' dir='ltr'><strong>patentem</strong></span> <span class='ocrx_word' id='word_1_30' title='bbox 1293 575 1410 637; x_wconf 80' lang='lat' dir='ltr'><strong>fore</strong></span> <span class='ocrx_word' id='word_1_31' title='bbox 1451 573 1700 630; x_wconf 88' lang='lat' dir='ltr'><strong>docebat.</strong></span> <span class='ocrx_word' id='word_1_32' title='bbox 1735 569 1890 626; x_wconf 90' lang='lat' dir='ltr'><strong>Sicut</strong></span> <span class='ocrx_word' id='word_1_33' title='bbox 1932 569 2079 626; x_wconf 90' lang='lat' dir='ltr'><strong>enim</strong></span> 
     </span>
    </p>
   </div>
   <div class='ocr_carea' id='block_1_4' title="bbox 489 663 2082 743">
    <p class='ocr_par' dir='ltr' id='par_1_4' title="bbox 489 663 2082 743">
     <span class='ocr_line' id='line_1_4' title="bbox 489 663 2082 743; baseline -0.013 -4"><span class='ocrx_word' id='word_1_34' title='bbox 489 679 824 743; x_wconf 74' lang='lat' dir='ltr'><strong>homicidas,</strong></span> <span class='ocrx_word' id='word_1_35' title='bbox 855 672 1238 731; x_wconf 85' lang='lat' dir='ltr'><strong>interfectores</strong></span> <span class='ocrx_word' id='word_1_36' title='bbox 1262 668 1495 725; x_wconf 89' lang='lat' dir='ltr'><strong>fratrum</strong></span> <span class='ocrx_word' id='word_1_37' title='bbox 1519 704 1536 733; x_wconf 91' lang='lat'><strong>,</strong></span> <span class='ocrx_word' id='word_1_38' title='bbox 1558 665 1634 720; x_wconf 89' lang='lat' dir='ltr'><strong>ita</strong></span> <span class='ocrx_word' id='word_1_39' title='bbox 1663 672 1719 722; x_wconf 90' lang='lat' dir='ltr'><strong>et</strong></span> <span class='ocrx_word' id='word_1_40' title='bbox 1745 663 2082 720; x_wconf 89' lang='lat' dir='ltr'><strong>detractores</strong></span> 
     </span>
    </p>
   </div>
   <div class='ocr_carea' id='block_1_5' title="bbox 492 754 2087 840">
    <p class='ocr_par' dir='ltr' id='par_1_5' title="bbox 492 754 2087 840">
     <span class='ocr_line' id='line_1_5' title="bbox 492 754 2087 840; baseline -0.013 -9"><span class='ocrx_word' id='word_1_41' title='bbox 492 788 683 831; x_wconf 88' lang='lat' dir='ltr'><strong>eorum</strong></span> <span class='ocrx_word' id='word_1_42' title='bbox 725 781 932 840; x_wconf 88' lang='lat' dir='ltr'><strong>eosque</strong></span> <span class='ocrx_word' id='word_1_43' title='bbox 974 766 1223 823; x_wconf 88' lang='lat' dir='ltr'><strong>odientes</strong></span> <span class='ocrx_word' id='word_1_44' title='bbox 1278 759 1580 818; x_wconf 82' lang='lat' dir='ltr'><strong>homicidas</strong></span> <span class='ocrx_word' id='word_1_45' title='bbox 1623 771 1747 813; x_wconf 86' lang='lat' dir='ltr'><strong>esse</strong></span> <span class='ocrx_word' id='word_1_46' title='bbox 1776 754 2087 817; x_wconf 46' lang='lat' dir='ltr'><strong>manifesta:</strong></span> 
     </span>
    </p>
   </div>
   <div class='ocr_carea' id='block_1_6' title="bbox 491 847 2083 934">
    <p class='ocr_par' dir='ltr' id='par_1_6' title="bbox 491 847 2083 934">
     <span class='ocr_line' id='line_1_6' title="bbox 491 847 2083 934; baseline -0.016 -10"><span class='ocrx_word' id='word_1_47' title='bbox 491 868 621 931; x_wconf 83' lang='lat' dir='ltr'><strong>bat,</strong></span> <span class='ocrx_word' id='word_1_48' title='bbox 649 862 777 934; x_wconf 87' lang='lat' dir='ltr'><strong>quia</strong></span> <span class='ocrx_word' id='word_1_49' title='bbox 806 868 862 916; x_wconf 93' lang='lat' dir='ltr'><strong>et</strong></span> <span class='ocrx_word' id='word_1_50' title='bbox 907 857 999 929; x_wconf 89' lang='lat' dir='ltr'><strong>qui</strong></span> <span class='ocrx_word' id='word_1_51' title='bbox 1042 853 1245 912; x_wconf 91' lang='lat' dir='ltr'><strong>occidit</strong></span> <span class='ocrx_word' id='word_1_52' title='bbox 1273 851 1501 908; x_wconf 75' lang='lat' dir='ltr'><strong>fratrem</strong></span> <span class='ocrx_word' id='word_1_53' title='bbox 1532 863 1693 905; x_wconf 88' lang='lat' dir='ltr'><strong>suum</strong></span> <span class='ocrx_word' id='word_1_54' title='bbox 1728 856 1783 905; x_wconf 91' lang='lat' dir='ltr'><strong>et</strong></span> <span class='ocrx_word' id='word_1_55' title='bbox 1806 847 1897 919; x_wconf 90' lang='lat' dir='ltr'><strong>qui</strong></span> <span class='ocrx_word' id='word_1_56' title='bbox 1924 847 2039 902; x_wconf 88' lang='lat' dir='ltr'><strong>odit</strong></span> <span class='ocrx_word' id='word_1_57' title='bbox 2064 887 2083 915; x_wconf 94' lang='lat'><strong>,</strong></span> 
     </span>
    </p>
   </div>
   <div class='ocr_carea' id='block_1_7' title="bbox 494 942 2083 1027">
    <p class='ocr_par' dir='ltr' id='par_1_7' title="bbox 494 942 2083 1027">
     <span class='ocr_line' id='line_1_7' title="bbox 494 942 2083 1027; baseline -0.014 -13"><span class='ocrx_word' id='word_1_58' title='bbox 494 967 550 1016; x_wconf 90' lang='lat' dir='ltr'><strong>et</strong></span> <span class='ocrx_word' id='word_1_59' title='bbox 581 957 672 1027; x_wconf 90' lang='lat' dir='ltr'><strong>qui</strong></span> <span class='ocrx_word' id='word_1_60' title='bbox 709 950 946 1009; x_wconf 90' lang='lat' dir='ltr'><strong>detrahit</strong></span> <span class='ocrx_word' id='word_1_61' title='bbox 972 947 1206 1020; x_wconf 89' lang='lat' dir='ltr'><strong>pariter,</strong></span> <span class='ocrx_word' id='word_1_62' title='bbox 1231 942 1518 1014; x_wconf 74' lang='lat' dir='ltr'><strong>homicidae</strong></span> <span class='ocrx_word' id='word_1_63' title='bbox 1544 956 1665 997; x_wconf 87' lang='lat' dir='ltr'><strong>esse</strong></span> <span class='ocrx_word' id='word_1_64' title='bbox 1688 946 2083 996; x_wconf 84' lang='lat' dir='ltr'><strong>monstrantur.</strong></span> 
     </span>
    </p>
   </div>
   <div class='ocr_carea' id='block_1_8' title="bbox 565 1031 2090 1109">
    <p class='ocr_par' dir='ltr' id='par_1_8' title="bbox 565 1031 2090 1109">
     <span class='ocr_line' id='line_1_8' title="bbox 565 1031 2090 1109; baseline -0.014 -5"><span class='ocrx_word' id='word_1_65' title='bbox 565 1047 766 1106; x_wconf 85' lang='lat' dir='ltr'><strong>Omnes</strong></span> <span class='ocrx_word' id='word_1_66' title='bbox 789 1043 936 1099; x_wconf 90' lang='lat' dir='ltr'><strong>enim</strong></span> <span class='ocrx_word' id='word_1_67' title='bbox 960 1056 992 1096; x_wconf 92' lang='lat' dir='ltr'><strong>a</strong></span> <span class='ocrx_word' id='word_1_68' title='bbox 1028 1037 1344 1109; x_wconf 79' lang='lat' dir='ltr'><strong>carnalibus</strong></span> <span class='ocrx_word' id='word_1_69' title='bbox 1373 1033 1663 1092; x_wconf 86' lang='lat' dir='ltr'><strong>desideriis</strong></span> <span class='ocrx_word' id='word_1_70' title='bbox 1686 1046 1808 1104; x_wconf 75' lang='lat' dir='ltr'><strong>quae</strong></span> <span class='ocrx_word' id='word_1_71' title='bbox 1846 1031 2090 1097; x_wconf 80' lang='lat' dir='ltr'><strong>militant</strong></span> 
     </span>
    </p>
   </div>
   <div class='ocr_carea' id='block_1_9' title="bbox 494 1120 2087 1204">
    <p class='ocr_par' dir='ltr' id='par_1_9' title="bbox 494 1120 2087 1204">
     <span class='ocr_line' id='line_1_9' title="bbox 494 1120 2087 1204; baseline -0.013 -8"><span class='ocrx_word' id='word_1_72' title='bbox 494 1141 754 1201; x_wconf 80' lang='lat' dir='ltr'><strong>adversus</strong></span> <span class='ocrx_word' id='word_1_73' title='bbox 785 1135 1024 1191; x_wconf 86' lang='lat' dir='ltr'><strong>animam</strong></span> <span class='ocrx_word' id='word_1_74' title='bbox 1049 1128 1136 1204; x_wconf 85' lang='grc'><strong>(11</strong></span> <span class='ocrx_word' id='word_1_75' title='bbox 1168 1128 1311 1184; x_wconf 85' lang='lat' dir='ltr'><strong>Petr.</strong></span> <span class='ocrx_word' id='word_1_76' title='bbox 1349 1141 1423 1193; x_wconf 87' lang='grc' dir='ltr'><strong><em>ιι,</em></strong></span> <span class='ocrx_word' id='word_1_77' title='bbox 1453 1126 1542 1197; x_wconf 86' lang='grc'><strong>11)</strong></span> <span class='ocrx_word' id='word_1_78' title='bbox 1573 1124 1878 1188; x_wconf 89' lang='lat' dir='ltr'><strong>abstinere,</strong></span> <span class='ocrx_word' id='word_1_79' title='bbox 1906 1128 1961 1176; x_wconf 92' lang='lat' dir='ltr'><strong>et</strong></span> <span class='ocrx_word' id='word_1_80' title='bbox 1988 1120 2087 1177; x_wconf 89' lang='lat' dir='ltr'><strong>bo-</strong></span> 
     </span>
    </p>
   </div>
   <div class='ocr_carea' id='block_1_10' title="bbox 495 1212 2087 1287">
    <p class='ocr_par' dir='ltr' id='par_1_10' title="bbox 495 1212 2087 1287">
     <span class='ocr_line' id='line_1_10' title="bbox 495 1212 2087 1287; baseline -0.013 -1"><span class='ocrx_word' id='word_1_81' title='bbox 495 1246 620 1287; x_wconf 89' lang='lat' dir='ltr'><strong>nam</strong></span> <span class='ocrx_word' id='word_1_82' title='bbox 651 1242 839 1284; x_wconf 88' lang='lat' dir='ltr'><strong>eorum</strong></span> <span class='ocrx_word' id='word_1_83' title='bbox 866 1219 1342 1280; x_wconf 84' lang='lat' dir='ltr'><strong>conversationem</strong></span> <span class='ocrx_word' id='word_1_84' title='bbox 1369 1231 1434 1272; x_wconf 88' lang='lat' dir='ltr'><strong>ac</strong></span> <span class='ocrx_word' id='word_1_85' title='bbox 1460 1215 1807 1271; x_wconf 77' lang='lat' dir='ltr'><strong>innocentem</strong></span> <span class='ocrx_word' id='word_1_86' title='bbox 1831 1212 2087 1275; x_wconf 88' lang='lat' dir='ltr'><strong>omnibus</strong></span> 
     </span>
    </p>
   </div>
   <div class='ocr_carea' id='block_1_11' title="bbox 492 1306 2089 1389">
    <p class='ocr_par' dir='ltr' id='par_1_11' title="bbox 492 1306 2089 1389">
     <span class='ocr_line' id='line_1_11' title="bbox 492 1306 2089 1389; baseline -0.014 -8"><span class='ocrx_word' id='word_1_87' title='bbox 492 1331 801 1383; x_wconf 87' lang='lat' dir='ltr'><strong>monstrare</strong></span> <span class='ocrx_word' id='word_1_88' title='bbox 832 1317 1079 1389; x_wconf 76' lang='lat' dir='ltr'><strong>rogabat.</strong></span> <span class='ocrx_word' id='word_1_89' title='bbox 1128 1313 1204 1368; x_wconf 81' lang='lat' dir='ltr'><strong>Ex</strong></span> <span class='ocrx_word' id='word_1_90' title='bbox 1256 1309 1422 1385; x_wconf 88' lang='lat' dir='ltr'><strong>corde</strong></span> <span class='ocrx_word' id='word_1_91' title='bbox 1467 1306 1612 1364; x_wconf 88' lang='lat' dir='ltr'><strong>enim</strong></span> <span class='ocrx_word' id='word_1_92' title='bbox 1639 1313 1866 1383; x_wconf 89' lang='lat' dir='ltr'><strong>cunctos</strong></span> <span class='ocrx_word' id='word_1_93' title='bbox 1909 1310 2089 1359; x_wconf 55' lang='lat' dir='ltr'><strong>attene</strong></span> 
     </span>
    </p>
   </div>
   <div class='ocr_carea' id='block_1_12' title="bbox 494 1382 2088 1478">
    <p class='ocr_par' dir='ltr' id='par_1_12' title="bbox 494 1382 2088 1478">
     <span class='ocr_line' id='line_1_12' title="bbox 494 1382 2088 1478; baseline -0.016 -6"><span class='ocrx_word' id='word_1_94' title='bbox 494 1416 608 1472; x_wconf 88' lang='lat' dir='ltr'><strong>tius</strong></span> <span class='ocrx_word' id='word_1_95' title='bbox 651 1412 884 1468; x_wconf 81' lang='lat' dir='ltr'><strong>invicem</strong></span> <span class='ocrx_word' id='word_1_96' title='bbox 929 1407 1155 1478; x_wconf 76' lang='lat' dir='ltr'><strong>diligere</strong></span> <span class='ocrx_word' id='word_1_97' title='bbox 1185 1382 1528 1466; x_wconf 88' lang='lat' dir='ltr'><strong>insinuabat,</strong></span> <span class='ocrx_word' id='word_1_98' title='bbox 1560 1405 1616 1452; x_wconf 92' lang='lat' dir='ltr'><strong>et</strong></span> <span class='ocrx_word' id='word_1_99' title='bbox 1666 1382 1853 1452; x_wconf 85' lang='lat' dir='ltr'><strong>veram</strong></span> <span class='ocrx_word' id='word_1_100' title='bbox 1893 1392 2088 1448; x_wconf 87' lang='lat' dir='ltr'><strong>frater-</strong></span> 
     </span>
    </p>
   </div>
   <div class='ocr_carea' id='block_1_13' title="bbox 499 1484 2092 1567">
    <p class='ocr_par' dir='ltr' id='par_1_13' title="bbox 499 1484 2092 1567">
     <span class='ocr_line' id='line_1_13' title="bbox 499 1484 2092 1567; baseline -0.018 -1"><span class='ocrx_word' id='word_1_101' title='bbox 499 1510 730 1567; x_wconf 85' lang='lat' dir='ltr'><strong>nitatem</strong></span> <span class='ocrx_word' id='word_1_102' title='bbox 760 1505 901 1560; x_wconf 89' lang='lat' dir='ltr'><strong>iuter</strong></span> <span class='ocrx_word' id='word_1_103' title='bbox 950 1515 1008 1557; x_wconf 88' lang='lat' dir='ltr'><strong>se</strong></span> <span class='ocrx_word' id='word_1_104' title='bbox 1052 1497 1253 1555; x_wconf 88' lang='lat' dir='ltr'><strong>habere</strong></span> <span class='ocrx_word' id='word_1_105' title='bbox 1283 1493 1532 1550; x_wconf 83' lang='lat' dir='ltr'><strong>docebat.</strong></span> <span class='ocrx_word' id='word_1_106' title='bbox 1572 1488 1897 1557; x_wconf 86' lang='lat' dir='ltr'><strong>Quotidiana</strong></span> <span class='ocrx_word' id='word_1_107' title='bbox 1944 1484 2092 1545; x_wconf 87' lang='lat' dir='ltr'><strong>enim</strong></span> 
     </span>
    </p>
   </div>
   <div class='ocr_carea' id='block_1_14' title="bbox 496 1577 2091 1668">
    <p class='ocr_par' dir='ltr' id='par_1_14' title="bbox 496 1577 2091 1668">
     <span class='ocr_line' id='line_1_14' title="bbox 496 1577 2091 1668; baseline -0.018 -13"><span class='ocrx_word' id='word_1_108' title='bbox 496 1599 642 1656; x_wconf 88' lang='lat' dir='ltr'><strong>illius</strong></span> <span class='ocrx_word' id='word_1_109' title='bbox 685 1591 1037 1668; x_wconf 67' lang='lat' dir='ltr'><strong>praedicatio,</strong></span> <span class='ocrx_word' id='word_1_110' title='bbox 1086 1588 1231 1668; x_wconf 86' lang='lat' dir='ltr'><strong>inter</strong></span> <span class='ocrx_word' id='word_1_111' title='bbox 1274 1592 1474 1640; x_wconf 64' lang='lat' dir='ltr'><strong>caetera</strong></span> <span class='ocrx_word' id='word_1_112' title='bbox 1524 1580 1742 1643; x_wconf 89' lang='lat' dir='ltr'><strong>divina,</strong></span> <span class='ocrx_word' id='word_1_113' title='bbox 1791 1577 1905 1632; x_wconf 77' lang='lat' dir='ltr'><strong>hzec</strong></span> <span class='ocrx_word' id='word_1_114' title='bbox 1937 1583 2091 1640; x_wconf 88' lang='lat' dir='ltr'><strong>erat,</strong></span> 
     </span>
    </p>
   </div>
   <div class='ocr_carea' id='block_1_15' title="bbox 444 1666 2094 1755">
    <p class='ocr_par' dir='ltr' id='par_1_15' title="bbox 444 1666 2094 1755">
     <span class='ocr_line' id='line_1_15' title="bbox 444 1666 2094 1755; baseline -0.017 -7"><span class='ocrx_word' id='word_1_115' title='bbox 444 1716 457 1729; x_wconf 82' lang='grc' dir='ltr'><strong><em>ο</em></strong></span> <span class='ocrx_word' id='word_1_116' title='bbox 497 1666 782 1753; x_wconf 84' lang='lat' dir='ltr'><strong>mandata,</strong></span> <span class='ocrx_word' id='word_1_117' title='bbox 806 1699 969 1755; x_wconf 89' lang='lat' dir='ltr'><strong>quam</strong></span> <span class='ocrx_word' id='word_1_118' title='bbox 1000 1682 1054 1736; x_wconf 92' lang='lat' dir='ltr'><strong>in</strong></span> <span class='ocrx_word' id='word_1_119' title='bbox 1082 1666 1201 1751; x_wconf 82' lang='lat' dir='ltr'><strong>ejus</strong></span> <span class='ocrx_word' id='word_1_120' title='bbox 1229 1674 1536 1745; x_wconf 81' lang='lat' dir='ltr'><strong>exemplum</strong></span> <span class='ocrx_word' id='word_1_121' title='bbox 1568 1672 1734 1727; x_wconf 90' lang='lat' dir='ltr'><strong>etiam</strong></span> <span class='ocrx_word' id='word_1_122' title='bbox 1765 1669 1886 1737; x_wconf 84' lang='lat' dir='ltr'><strong>tibi,</strong></span> <span class='ocrx_word' id='word_1_123' title='bbox 1923 1667 2094 1722; x_wconf 85' lang='lat' dir='ltr'><strong>frater</strong></span> 
     </span>
    </p>
   </div>
   <div class='ocr_carea' id='block_1_16' title="bbox 499 1757 2091 1846">
    <p class='ocr_par' dir='ltr' id='par_1_16' title="bbox 499 1757 2091 1846">
     <span class='ocr_line' id='line_1_16' title="bbox 499 1757 2091 1846; baseline -0.016 -8"><span class='ocrx_word' id='word_1_124' title='bbox 499 1762 844 1845; x_wconf 88' lang='lat' dir='ltr'><strong>charissime,</strong></span> <span class='ocrx_word' id='word_1_125' title='bbox 877 1773 1189 1846; x_wconf 81' lang='lat' dir='ltr'><strong>significare</strong></span> <span class='ocrx_word' id='word_1_126' title='bbox 1242 1767 1452 1825; x_wconf 85' lang='lat' dir='ltr'><strong>curavi.</strong></span> <span class='ocrx_word' id='word_1_127' title='bbox 1507 1765 1783 1820; x_wconf 85' lang='lat' dir='ltr'><strong>Bonorum</strong></span> <span class='ocrx_word' id='word_1_128' title='bbox 1836 1757 2091 1836; x_wconf 86' lang='lat' dir='ltr'><strong>(inquit)</strong></span> 
     </span>
    </p>
   </div>
   <div class='ocr_carea' id='block_1_17' title="bbox 2184 561 3779 637">
    <p class='ocr_par' dir='ltr' id='par_1_17' title="bbox 2184 561 3779 637">
     <span class='ocr_line' id='line_1_17' title="bbox 2184 561 3779 637; baseline 0.001 -16"><span class='ocrx_word' id='word_1_129' title='bbox 2184 566 2382 622; x_wconf 89' lang='lat' dir='ltr'><strong>tienter</strong></span> <span class='ocrx_word' id='word_1_130' title='bbox 2410 565 2655 629; x_wconf 80' lang='lat' dir='ltr'><strong>sufferre,</strong></span> <span class='ocrx_word' id='word_1_131' title='bbox 2711 565 2960 621; x_wconf 91' lang='lat' dir='ltr'><strong>inimicos</strong></span> <span class='ocrx_word' id='word_1_132' title='bbox 3002 564 3244 636; x_wconf 76' lang='lat' dir='ltr'><strong>diligere,</strong></span> <span class='ocrx_word' id='word_1_133' title='bbox 3291 561 3676 637; x_wconf 83' lang='lat' dir='ltr'><strong>maledicentes</strong></span> <span class='ocrx_word' id='word_1_134' title='bbox 3716 577 3779 621; x_wconf 81' lang='lat' dir='ltr'><strong>se</strong></span> 
     </span>
    </p>
   </div>
   <div class='ocr_carea' id='block_1_18' title="bbox 2184 653 3780 728">
    <p class='ocr_par' dir='ltr' id='par_1_18' title="bbox 2184 653 3780 728">
     <span class='ocr_line' id='line_1_18' title="bbox 2184 653 3780 728; baseline -0.003 -12"><span class='ocrx_word' id='word_1_135' title='bbox 2184 674 2291 716; x_wconf 83' lang='lat' dir='ltr'><strong>non</strong></span> <span class='ocrx_word' id='word_1_136' title='bbox 2326 657 2726 723; x_wconf 87' lang='lat' dir='ltr'><strong>remaledicere,</strong></span> <span class='ocrx_word' id='word_1_137' title='bbox 2757 656 2852 712; x_wconf 90' lang='lat' dir='ltr'><strong>sed</strong></span> <span class='ocrx_word' id='word_1_138' title='bbox 2877 656 3051 728; x_wconf 84' lang='lat' dir='ltr'><strong>magis</strong></span> <span class='ocrx_word' id='word_1_139' title='bbox 3076 653 3423 720; x_wconf 85' lang='lat' dir='ltr'><strong>benedicere,</strong></span> <span class='ocrx_word' id='word_1_140' title='bbox 3441 661 3496 709; x_wconf 89' lang='lat' dir='ltr'><strong>et</strong></span> <span class='ocrx_word' id='word_1_141' title='bbox 3520 668 3780 724; x_wconf 89' lang='lat' dir='ltr'><strong>persecu-</strong></span> 
     </span>
    </p>
   </div>
   <div class='ocr_carea' id='block_1_19' title="bbox 2186 738 3785 818">
    <p class='ocr_par' dir='ltr' id='par_1_19' title="bbox 2186 738 3785 818">
     <span class='ocr_line' id='line_1_19' title="bbox 2186 738 3785 818; baseline 0 -14"><span class='ocrx_word' id='word_1_142' title='bbox 2186 749 2386 805; x_wconf 90' lang='lat' dir='ltr'><strong>tionem</strong></span> <span class='ocrx_word' id='word_1_143' title='bbox 2421 763 2521 818; x_wconf 91' lang='lat' dir='ltr'><strong>pro</strong></span> <span class='ocrx_word' id='word_1_144' title='bbox 2543 746 2754 817; x_wconf 87' lang='lat' dir='ltr'><strong>justitia</strong></span> <span class='ocrx_word' id='word_1_145' title='bbox 2795 747 3083 803; x_wconf 87' lang='lat' dir='ltr'><strong>sustinere.</strong></span> <span class='ocrx_word' id='word_1_146' title='bbox 3117 738 3453 802; x_wconf 82' lang='lat' dir='ltr'><strong>Charitatem</strong></span> <span class='ocrx_word' id='word_1_147' title='bbox 3497 760 3703 818; x_wconf 83' lang='lat' dir='ltr'><strong>amare,</strong></span> <span class='ocrx_word' id='word_1_148' title='bbox 3729 756 3785 805; x_wconf 90' lang='lat' dir='ltr'><strong>et</strong></span> 
     </span>
    </p>
   </div>
   <div class='ocr_carea' id='block_1_20' title="bbox 2185 816 3782 911">
    <p class='ocr_par' dir='ltr' id='par_1_20' title="bbox 2185 816 3782 911">
     <span class='ocr_line' id='line_1_20' title="bbox 2185 816 3782 911; baseline -0.002 -17"><span class='ocrx_word' id='word_1_149' title='bbox 2185 840 2393 911; x_wconf 83' lang='lat' dir='ltr'><strong>nullum</strong></span> <span class='ocrx_word' id='word_1_150' title='bbox 2424 816 2551 895; x_wconf 92' lang='lat' dir='ltr'><strong>odio</strong></span> <span class='ocrx_word' id='word_1_151' title='bbox 2580 839 2802 905; x_wconf 88' lang='lat' dir='ltr'><strong>habere,</strong></span> <span class='ocrx_word' id='word_1_152' title='bbox 2834 838 2958 909; x_wconf 88' lang='lat' dir='ltr'><strong>quia</strong></span> <span class='ocrx_word' id='word_1_153' title='bbox 3003 855 3022 888; x_wconf 72' lang='grc' dir='ltr'><strong>ε</strong></span> <span class='ocrx_word' id='word_1_154' title='bbox 3050 836 3142 907; x_wconf 89' lang='lat' dir='ltr'><strong>qui</strong></span> <span class='ocrx_word' id='word_1_155' title='bbox 3180 836 3298 892; x_wconf 88' lang='lat' dir='ltr'><strong>odit</strong></span> <span class='ocrx_word' id='word_1_156' title='bbox 3323 834 3546 891; x_wconf 81' lang='lat' dir='ltr'><strong>fratrem</strong></span> <span class='ocrx_word' id='word_1_157' title='bbox 3587 816 3782 903; x_wconf 83' lang='lat' dir='ltr'><strong>suum,</strong></span> 
     </span>
    </p>
   </div>
   <div class='ocr_carea' id='block_1_21' title="bbox 2185 914 3783 1003">
    <p class='ocr_par' dir='ltr' id='par_1_21' title="bbox 2185 914 3783 1003">
     <span class='ocr_line' id='line_1_21' title="bbox 2185 914 3783 1003; baseline -0.004 -15"><span class='ocrx_word' id='word_1_158' title='bbox 2185 930 2459 988; x_wconf 87' lang='lat' dir='ltr'><strong>homicida</strong></span> <span class='ocrx_word' id='word_1_159' title='bbox 2501 939 2585 986; x_wconf 91' lang='lat' dir='ltr'><strong>est</strong></span> <span class='ocrx_word' id='word_1_160' title='bbox 2628 929 2683 1003; x_wconf 86' lang='grc' dir='ltr'><strong>(Ι</strong></span> <span class='ocrx_word' id='word_1_161' title='bbox 2706 928 2873 985; x_wconf 83' lang='lat' dir='ltr'><strong>Joan.</strong></span> <span class='ocrx_word' id='word_1_162' title='bbox 2915 944 2973 984; x_wconf 94' lang='grc' dir='ltr'><strong>ιιι</strong></span> <span class='ocrx_word' id='word_1_163' title='bbox 3003 968 3018 995; x_wconf 91' lang='grc'><strong><em>,</em></strong></span> <span class='ocrx_word' id='word_1_164' title='bbox 3050 928 3160 999; x_wconf 82' lang='grc'><strong>15).</strong></span> <span class='ocrx_word' id='word_1_165' title='bbox 3197 947 3216 980; x_wconf 75' lang='grc' dir='ltr'><strong>ι</strong></span> <span class='ocrx_word' id='word_1_166' title='bbox 3252 926 3552 983; x_wconf 86' lang='lat' dir='ltr'><strong>Elationem</strong></span> <span class='ocrx_word' id='word_1_167' title='bbox 3573 914 3783 1000; x_wconf 76' lang='lat' dir='ltr'><strong>fugere,</strong></span> 
     </span>
    </p>
   </div>
   <div class='ocr_carea' id='block_1_22' title="bbox 2186 1020 3786 1088">
    <p class='ocr_par' dir='ltr' id='par_1_22' title="bbox 2186 1020 3786 1088">
     <span class='ocr_line' id='line_1_22' title="bbox 2186 1020 3786 1088; baseline -0.003 -9"><span class='ocrx_word' id='word_1_168' title='bbox 2186 1024 2361 1081; x_wconf 82' lang='lat' dir='ltr'><strong>zelum</strong></span> <span class='ocrx_word' id='word_1_169' title='bbox 2405 1024 2606 1079; x_wconf 89' lang='lat' dir='ltr'><strong>malum</strong></span> <span class='ocrx_word' id='word_1_170' title='bbox 2652 1039 2760 1079; x_wconf 89' lang='lat' dir='ltr'><strong>non</strong></span> <span class='ocrx_word' id='word_1_171' title='bbox 2790 1021 3013 1078; x_wconf 88' lang='lat' dir='ltr'><strong>habere.</strong></span> <span class='ocrx_word' id='word_1_172' title='bbox 3043 1020 3307 1079; x_wconf 87' lang='lat' dir='ltr'><strong>Invidiam</strong></span> <span class='ocrx_word' id='word_1_173' title='bbox 3356 1036 3466 1078; x_wconf 87' lang='lat' dir='ltr'><strong>non</strong></span> <span class='ocrx_word' id='word_1_174' title='bbox 3503 1022 3786 1088; x_wconf 78' lang='lat' dir='ltr'><strong>exercere,</strong></span> 
     </span>
    </p>
   </div>
   <div class='ocr_carea' id='block_1_23' title="bbox 2188 1100 3791 1172">
    <p class='ocr_par' dir='ltr' id='par_1_23' title="bbox 2188 1100 3791 1172">
     <span class='ocr_line' id='line_1_23' title="bbox 2188 1100 3791 1172; baseline 0 -1"><span class='ocrx_word' id='word_1_175' title='bbox 2188 1132 2291 1172; x_wconf 92' lang='lat' dir='ltr'><strong>nec</strong></span> <span class='ocrx_word' id='word_1_176' title='bbox 2321 1116 2724 1172; x_wconf 90' lang='lat' dir='ltr'><strong>contentionem</strong></span> <span class='ocrx_word' id='word_1_177' title='bbox 2756 1129 2961 1170; x_wconf 91' lang='lat' dir='ltr'><strong>amare.</strong></span> <span class='ocrx_word' id='word_1_178' title='bbox 2991 1113 3128 1169; x_wconf 88' lang='lat' dir='ltr'><strong>Cum</strong></span> <span class='ocrx_word' id='word_1_179' title='bbox 3176 1100 3613 1170; x_wconf 84' lang='lat' dir='ltr'><strong>discordantibus</strong></span> <span class='ocrx_word' id='word_1_180' title='bbox 3661 1123 3791 1172; x_wconf 87' lang='lat' dir='ltr'><strong>ante</strong></span> 
     </span>
    </p>
   </div>
   <div class='ocr_carea' id='block_1_24' title="bbox 2189 1204 3793 1279">
    <p class='ocr_par' dir='ltr' id='par_1_24' title="bbox 2189 1204 3793 1279">
     <span class='ocr_line' id='line_1_24' title="bbox 2189 1204 3793 1279; baseline -0.003 -12"><span class='ocrx_word' id='word_1_181' title='bbox 2189 1208 2319 1267; x_wconf 85' lang='lat' dir='ltr'><strong>solis</strong></span> <span class='ocrx_word' id='word_1_182' title='bbox 2346 1223 2600 1265; x_wconf 87' lang='lat' dir='ltr'><strong>occasum</strong></span> <span class='ocrx_word' id='word_1_183' title='bbox 2640 1207 2695 1263; x_wconf 90' lang='lat' dir='ltr'><strong>in</strong></span> <span class='ocrx_word' id='word_1_184' title='bbox 2743 1221 2932 1279; x_wconf 88' lang='lat' dir='ltr'><strong>pacem</strong></span> <span class='ocrx_word' id='word_1_185' title='bbox 2983 1207 3163 1263; x_wconf 90' lang='lat' dir='ltr'><strong>redire</strong></span> <span class='ocrx_word' id='word_1_186' title='bbox 3186 1247 3202 1273; x_wconf 91' lang='lat'><strong>,</strong></span> <span class='ocrx_word' id='word_1_187' title='bbox 3237 1214 3294 1262; x_wconf 87' lang='lat' dir='ltr'><strong>et</strong></span> <span class='ocrx_word' id='word_1_188' title='bbox 3342 1206 3411 1262; x_wconf 90' lang='lat' dir='ltr'><strong>de</strong></span> <span class='ocrx_word' id='word_1_189' title='bbox 3446 1204 3543 1261; x_wconf 92' lang='lat' dir='ltr'><strong>Dei</strong></span> <span class='ocrx_word' id='word_1_190' title='bbox 3574 1205 3793 1263; x_wconf 82' lang='lat' dir='ltr'><strong>miseri-</strong></span> 
     </span>
    </p>
   </div>
   <div class='ocr_carea' id='block_1_25' title="bbox 2190 1284 3796 1373">
    <p class='ocr_par' dir='ltr' id='par_1_25' title="bbox 2190 1284 3796 1373">
     <span class='ocr_line' id='line_1_25' title="bbox 2190 1284 3796 1373; baseline -0.002 -13"><span class='ocrx_word' id='word_1_191' title='bbox 2190 1302 2376 1368; x_wconf 88' lang='lat' dir='ltr'><strong>cordia</strong></span> <span class='ocrx_word' id='word_1_192' title='bbox 2427 1316 2702 1373; x_wconf 88' lang='lat' dir='ltr'><strong>nunquam</strong></span> <span class='ocrx_word' id='word_1_193' title='bbox 2753 1301 3062 1372; x_wconf 88' lang='lat' dir='ltr'><strong>desperare.</strong></span> <span class='ocrx_word' id='word_1_194' title='bbox 3116 1298 3373 1356; x_wconf 90' lang='lat' dir='ltr'><strong>Seniores</strong></span> <span class='ocrx_word' id='word_1_195' title='bbox 3406 1284 3694 1366; x_wconf 87' lang='lat' dir='ltr'><strong>venerari,</strong></span> <span class='ocrx_word' id='word_1_196' title='bbox 3738 1307 3796 1357; x_wconf 87' lang='lat' dir='ltr'><strong>et</strong></span> 
     </span>
    </p>
   </div>
   <div class='ocr_carea' id='block_1_26' title="bbox 2185 1392 3795 1471">
    <p class='ocr_par' dir='ltr' id='par_1_26' title="bbox 2185 1392 3795 1471">
     <span class='ocr_line' id='line_1_26' title="bbox 2185 1392 3795 1471; baseline 0 -22"><span class='ocrx_word' id='word_1_197' title='bbox 2185 1394 2433 1471; x_wconf 64' lang='lat' dir='ltr'><strong>iuniores</strong></span> <span class='ocrx_word' id='word_1_198' title='bbox 2483 1393 2723 1469; x_wconf 80' lang='lat' dir='ltr'><strong>diligere.</strong></span> <span class='ocrx_word' id='word_1_199' title='bbox 2794 1393 3089 1464; x_wconf 87' lang='lat' dir='ltr'><strong>Episcopos</strong></span> <span class='ocrx_word' id='word_1_200' title='bbox 3114 1432 3132 1461; x_wconf 92' lang='lat'><strong>,</strong></span> <span class='ocrx_word' id='word_1_201' title='bbox 3174 1392 3489 1471; x_wconf 88' lang='lat' dir='ltr'><strong>sacerdotes</strong></span> <span class='ocrx_word' id='word_1_202' title='bbox 3546 1407 3675 1449; x_wconf 88' lang='lat' dir='ltr'><strong>suos</strong></span> <span class='ocrx_word' id='word_1_203' title='bbox 3727 1408 3795 1449; x_wconf 85' lang='lat' dir='ltr'><strong>ac</strong></span> 
     </span>
    </p>
   </div>
   <div class='ocr_carea' id='block_1_27' title="bbox 2194 1470 3796 1564">
    <p class='ocr_par' dir='ltr' id='par_1_27' title="bbox 2194 1470 3796 1564">
     <span class='ocr_line' id='line_1_27' title="bbox 2194 1470 3796 1564; baseline 0 -21"><span class='ocrx_word' id='word_1_204' title='bbox 2194 1495 2421 1544; x_wconf 84' lang='lat' dir='ltr'><strong>cunctos</strong></span> <span class='ocrx_word' id='word_1_205' title='bbox 2467 1484 2991 1564; x_wconf 9' lang='lat' dir='ltr'><strong>reliquos’Ecclesiae</strong></span> <span class='ocrx_word' id='word_1_206' title='bbox 3040 1470 3323 1543; x_wconf 84' lang='lat' dir='ltr'><strong>ministros</strong></span> <span class='ocrx_word' id='word_1_207' title='bbox 3371 1495 3535 1557; x_wconf 90' lang='lat' dir='ltr'><strong>atque</strong></span> <span class='ocrx_word' id='word_1_208' title='bbox 3575 1501 3796 1543; x_wconf 89' lang='lat' dir='ltr'><strong>omnem</strong></span> 
     </span>
    </p>
   </div>
   <div class='ocr_carea' id='block_1_28' title="bbox 2194 1575 3843 1650">
    <p class='ocr_par' dir='ltr' id='par_1_28' title="bbox 2194 1575 3843 1650">
     <span class='ocr_line' id='line_1_28' title="bbox 2194 1575 3843 1650; baseline -0.001 -17"><span class='ocrx_word' id='word_1_209' title='bbox 2194 1576 2404 1650; x_wconf 84' lang='lat' dir='ltr'><strong>plebem</strong></span> <span class='ocrx_word' id='word_1_210' title='bbox 2448 1575 2549 1633; x_wconf 89' lang='lat' dir='ltr'><strong>sibi</strong></span> <span class='ocrx_word' id='word_1_211' title='bbox 2616 1576 2963 1632; x_wconf 88' lang='lat' dir='ltr'><strong>commissam</strong></span> <span class='ocrx_word' id='word_1_212' title='bbox 3011 1576 3177 1632; x_wconf 90' lang='lat' dir='ltr'><strong>verba</strong></span> <span class='ocrx_word' id='word_1_213' title='bbox 3227 1576 3409 1632; x_wconf 88' lang='lat' dir='ltr'><strong>divina</strong></span> <span class='ocrx_word' id='word_1_214' title='bbox 3450 1585 3505 1632; x_wconf 91' lang='lat' dir='ltr'><strong>et</strong></span> <span class='ocrx_word' id='word_1_215' title='bbox 3539 1577 3797 1633; x_wconf 90' lang='lat' dir='ltr'><strong>mandata</strong></span> <span class='ocrx_word' id='word_1_216' title='bbox 3836 1608 3843 1619; x_wconf 73' lang='grc' dir='ltr'><strong>ι</strong></span> 
     </span>
    </p>
   </div>
   <div class='ocr_carea' id='block_1_29' title="bbox 2200 1652 3801 1743">
    <p class='ocr_par' dir='ltr' id='par_1_29' title="bbox 2200 1652 3801 1743">
     <span class='ocr_line' id='line_1_29' title="bbox 2200 1652 3801 1743; baseline -0.001 -16"><span class='ocrx_word' id='word_1_217' title='bbox 2200 1670 2474 1727; x_wconf 89' lang='lat' dir='ltr'><strong>instruere</strong></span> <span class='ocrx_word' id='word_1_218' title='bbox 2514 1677 2571 1725; x_wconf 92' lang='lat' dir='ltr'><strong>et</strong></span> <span class='ocrx_word' id='word_1_219' title='bbox 2599 1683 2804 1735; x_wconf 89' lang='lat' dir='ltr'><strong>amare,</strong></span> <span class='ocrx_word' id='word_1_220' title='bbox 2836 1669 3048 1740; x_wconf 89' lang='lat' dir='ltr'><strong>hosque</strong></span> <span class='ocrx_word' id='word_1_221' title='bbox 3076 1682 3267 1726; x_wconf 88' lang='lat' dir='ltr'><strong>omnes</strong></span> <span class='ocrx_word' id='word_1_222' title='bbox 3295 1652 3484 1727; x_wconf 86' lang='lat' dir='ltr'><strong>eorum</strong></span> <span class='ocrx_word' id='word_1_223' title='bbox 3504 1669 3801 1743; x_wconf 14' lang='lat' dir='ltr'><strong>{episcopos</strong></span> 
     </span>
    </p>
   </div>
   <div class='ocr_carea' id='block_1_30' title="bbox 2198 1760 3802 1832">
    <p class='ocr_par' dir='ltr' id='par_1_30' title="bbox 2198 1760 3802 1832">
     <span class='ocr_line' id='line_1_30' title="bbox 2198 1760 3802 1832; baseline 0 -14"><span class='ocrx_word' id='word_1_224' title='bbox 2198 1768 2314 1818; x_wconf 86' lang='lat' dir='ltr'><strong>tota</strong></span> <span class='ocrx_word' id='word_1_225' title='bbox 2341 1762 2509 1816; x_wconf 89' lang='lat' dir='ltr'><strong>animi</strong></span> <span class='ocrx_word' id='word_1_226' title='bbox 2540 1760 2744 1817; x_wconf 90' lang='lat' dir='ltr'><strong>virtute</strong></span> <span class='ocrx_word' id='word_1_227' title='bbox 2773 1760 2999 1832; x_wconf 80' lang='lat' dir='ltr'><strong>diligere</strong></span> <span class='ocrx_word' id='word_1_228' title='bbox 3023 1768 3083 1815; x_wconf 93' lang='lat' dir='ltr'><strong>ut</strong></span> <span class='ocrx_word' id='word_1_229' title='bbox 3116 1760 3304 1817; x_wconf 86' lang='lat' dir='ltr'><strong>oculos</strong></span> <span class='ocrx_word' id='word_1_230' title='bbox 3327 1775 3474 1827; x_wconf 89' lang='lat' dir='ltr'><strong>suos,</strong></span> <span class='ocrx_word' id='word_1_231' title='bbox 3502 1762 3628 1832; x_wconf 90' lang='lat' dir='ltr'><strong>quia</strong></span> <span class='ocrx_word' id='word_1_232' title='bbox 3656 1760 3802 1818; x_wconf 87' lang='lat' dir='ltr'><strong>oculi</strong></span> 
     </span>
    </p>
   </div>
   <div class='ocr_carea' id='block_1_31' title="bbox 496 1851 3801 1945">
    <p class='ocr_par' dir='ltr' id='par_1_31' title="bbox 496 1851 3801 1945">
     <span class='ocr_line' id='line_1_31' title="bbox 496 1851 3801 1945; baseline -0.005 -17"><span class='ocrx_word' id='word_1_233' title='bbox 496 1887 725 1945; x_wconf 89' lang='lat' dir='ltr'><strong>operum</strong></span> <span class='ocrx_word' id='word_1_234' title='bbox 751 1870 891 1925; x_wconf 89' lang='lat' dir='ltr'><strong>inter</strong></span> <span class='ocrx_word' id='word_1_235' title='bbox 913 1877 1107 1922; x_wconf 74' lang='lat' dir='ltr'><strong>caetera</strong></span> <span class='ocrx_word' id='word_1_236' title='bbox 1130 1862 1338 1918; x_wconf 89' lang='lat' dir='ltr'><strong>semina</strong></span> <span class='ocrx_word' id='word_1_237' title='bbox 1364 1874 1429 1914; x_wconf 91' lang='lat' dir='ltr'><strong>ac</strong></span> <span class='ocrx_word' id='word_1_238' title='bbox 1452 1856 1667 1929; x_wconf 89' lang='lat' dir='ltr'><strong>negotia</strong></span> <span class='ocrx_word' id='word_1_239' title='bbox 1689 1860 2095 1937; x_wconf 80' lang='lat' dir='ltr'><strong>suntquantum</strong></span> <span class='ocrx_word' id='word_1_240' title='bbox 2126 1851 2175 1913; x_wconf 79' lang='grc' dir='ltr'><strong><em>Β</em></strong></span> <span class='ocrx_word' id='word_1_241' title='bbox 2202 1862 2332 1909; x_wconf 90' lang='lat' dir='ltr'><strong>sunt</strong></span> <span class='ocrx_word' id='word_1_242' title='bbox 2358 1852 2593 1908; x_wconf 89' lang='lat' dir='ltr'><strong>illorum.</strong></span> <span class='ocrx_word' id='word_1_243' title='bbox 2620 1853 2821 1909; x_wconf 89' lang='lat' dir='ltr'><strong>Eorum</strong></span> <span class='ocrx_word' id='word_1_244' title='bbox 2856 1852 3142 1923; x_wconf 66' lang='lat' dir='ltr'><strong>praeceptis</strong></span> <span class='ocrx_word' id='word_1_245' title='bbox 3171 1851 3226 1908; x_wconf 91' lang='lat' dir='ltr'><strong>in</strong></span> <span class='ocrx_word' id='word_1_246' title='bbox 3258 1852 3511 1908; x_wconf 88' lang='lat' dir='ltr'><strong>omnibus</strong></span> <span class='ocrx_word' id='word_1_247' title='bbox 3555 1852 3801 1921; x_wconf 80' lang='lat' dir='ltr'><strong>obedire,</strong></span> 
     </span>
    </p>
   </div>
   <div class='ocr_carea' id='block_1_32' title="bbox 497 1943 2098 2038">
    <p class='ocr_par' dir='ltr' id='par_1_32' title="bbox 497 1943 2098 2038">
     <span class='ocr_line' id='line_1_32' title="bbox 497 1943 2098 2038; baseline -0.013 -18"><span class='ocrx_word' id='word_1_248' title='bbox 497 1943 875 2038; x_wconf 76' lang='lat' dir='ltr'><strong>unusquisque</strong></span> <span class='ocrx_word' id='word_1_249' title='bbox 905 1959 1081 2029; x_wconf 90' lang='lat' dir='ltr'><strong>sapit,</strong></span> <span class='ocrx_word' id='word_1_250' title='bbox 1115 1964 1171 2011; x_wconf 92' lang='lat' dir='ltr'><strong>et</strong></span> <span class='ocrx_word' id='word_1_251' title='bbox 1201 1962 1382 2025; x_wconf 87' lang='lat' dir='ltr'><strong>potest</strong></span> <span class='ocrx_word' id='word_1_252' title='bbox 1409 1951 1536 2007; x_wconf 92' lang='lat' dir='ltr'><strong>totis</strong></span> <span class='ocrx_word' id='word_1_253' title='bbox 1581 1948 1758 2003; x_wconf 91' lang='lat' dir='ltr'><strong>intimi</strong></span> <span class='ocrx_word' id='word_1_254' title='bbox 1803 1946 1986 2003; x_wconf 88' lang='lat' dir='ltr'><strong>cordis</strong></span> <span class='ocrx_word' id='word_1_255' title='bbox 2013 1943 2098 2017; x_wconf 91' lang='lat' dir='ltr'><strong>(ut</strong></span> 
     </span>
    </p>
   </div>
   <div class='ocr_carea' id='block_1_33' title="bbox 498 2041 2101 2133">
    <p class='ocr_par' dir='ltr' id='par_1_33' title="bbox 498 2041 2101 2133">
     <span class='ocr_line' id='line_1_33' title="bbox 498 2041 2101 2133; baseline -0.012 -18"><span class='ocrx_word' id='word_1_256' title='bbox 498 2058 843 2133; x_wconf 71' lang='lat' dir='ltr'><strong>praelibatuin</strong></span> <span class='ocrx_word' id='word_1_257' title='bbox 898 2052 1041 2121; x_wconf 88' lang='lat' dir='ltr'><strong>est),</strong></span> <span class='ocrx_word' id='word_1_258' title='bbox 1111 2048 1418 2105; x_wconf 88' lang='lat' dir='ltr'><strong>visceribus</strong></span> <span class='ocrx_word' id='word_1_259' title='bbox 1472 2044 1643 2100; x_wconf 89' lang='lat' dir='ltr'><strong>Deum</strong></span> <span class='ocrx_word' id='word_1_260' title='bbox 1710 2041 1971 2113; x_wconf 88' lang='lat' dir='ltr'><strong>diligere,</strong></span> <span class='ocrx_word' id='word_1_261' title='bbox 2045 2048 2101 2096; x_wconf 91' lang='lat' dir='ltr'><strong>et</strong></span> 
     </span>
    </p>
   </div>
   <div class='ocr_carea' id='block_1_34' title="bbox 499 2134 2104 2223">
    <p class='ocr_par' dir='ltr' id='par_1_34' title="bbox 499 2134 2104 2223">
     <span class='ocr_line' id='line_1_34' title="bbox 499 2134 2104 2223; baseline -0.011 -17"><span class='ocrx_word' id='word_1_262' title='bbox 499 2149 808 2223; x_wconf 81' lang='lat' dir='ltr'><strong>proximum</strong></span> <span class='ocrx_word' id='word_1_263' title='bbox 843 2145 988 2223; x_wconf 76' lang='lat' dir='ltr'><strong>velut</strong></span> <span class='ocrx_word' id='word_1_264' title='bbox 1019 2144 1280 2214; x_wconf 86' lang='lat' dir='ltr'><strong>seipsum.</strong></span> <span class='ocrx_word' id='word_1_265' title='bbox 1313 2140 1605 2211; x_wconf 83' lang='lat' dir='ltr'><strong>Abnegare</strong></span> <span class='ocrx_word' id='word_1_266' title='bbox 1656 2137 1897 2207; x_wconf 87' lang='lat' dir='ltr'><strong>seipsum</strong></span> <span class='ocrx_word' id='word_1_267' title='bbox 1957 2134 2062 2190; x_wconf 91' lang='lat' dir='ltr'><strong>sibi</strong></span> <span class='ocrx_word' id='word_1_268' title='bbox 2084 2174 2104 2205; x_wconf 33' lang='grc' dir='ltr'><strong>,λ</strong></span> 
     </span>
    </p>
   </div>
   <div class='ocr_carea' id='block_1_35' title="bbox 500 2219 2106 2299">
    <p class='ocr_par' dir='ltr' id='par_1_35' title="bbox 500 2219 2106 2299">
     <span class='ocr_line' id='line_1_35' title="bbox 500 2219 2106 2299; baseline -0.013 -1"><span class='ocrx_word' id='word_1_269' title='bbox 500 2219 564 2299; x_wconf 65' lang='grc' dir='ltr'><strong><em>ἧι</em></strong></span> <span class='ocrx_word' id='word_1_270' title='bbox 590 2240 773 2297; x_wconf 86' lang='lat' dir='ltr'><strong>Jesum</strong></span> <span class='ocrx_word' id='word_1_271' title='bbox 805 2219 1086 2293; x_wconf 72' lang='lat' dir='ltr'><strong>Christum</strong></span> <span class='ocrx_word' id='word_1_272' title='bbox 1127 2230 1413 2288; x_wconf 88' lang='lat' dir='ltr'><strong>Dominum</strong></span> <span class='ocrx_word' id='word_1_273' title='bbox 1450 2236 1697 2282; x_wconf 90' lang='lat' dir='ltr'><strong>nostrum</strong></span> <span class='ocrx_word' id='word_1_274' title='bbox 1727 2232 2013 2296; x_wconf 89' lang='lat' dir='ltr'><strong>sequatur,</strong></span> <span class='ocrx_word' id='word_1_275' title='bbox 2050 2232 2106 2279; x_wconf 89' lang='lat' dir='ltr'><strong>et</strong></span> 
     </span>
    </p>
   </div>
   <div class='ocr_carea' id='block_1_36' title="bbox 502 2302 2106 2405">
    <p class='ocr_par' dir='ltr' id='par_1_36' title="bbox 502 2302 2106 2405">
     <span class='ocr_line' id='line_1_36' title="bbox 502 2302 2106 2405; baseline -0.012 -9"><span class='ocrx_word' id='word_1_276' title='bbox 502 2318 644 2396; x_wconf 81' lang='lat' dir='ltr'><strong>nihil</strong></span> <span class='ocrx_word' id='word_1_277' title='bbox 668 2334 792 2405; x_wconf 86' lang='lat' dir='ltr'><strong>ejus</strong></span> <span class='ocrx_word' id='word_1_278' title='bbox 819 2330 998 2389; x_wconf 88' lang='lat' dir='ltr'><strong>amori</strong></span> <span class='ocrx_word' id='word_1_279' title='bbox 1027 2341 1346 2401; x_wconf 60' lang='lat' dir='ltr'><strong>praeponere</strong></span> <span class='ocrx_word' id='word_1_280' title='bbox 1369 2366 1385 2392; x_wconf 95' lang='lat'><strong>,</strong></span> <span class='ocrx_word' id='word_1_281' title='bbox 1412 2324 1701 2380; x_wconf 87' lang='lat' dir='ltr'><strong>veritatem</strong></span> <span class='ocrx_word' id='word_1_282' title='bbox 1733 2302 1899 2379; x_wconf 87' lang='lat' dir='ltr'><strong>corde</strong></span> <span class='ocrx_word' id='word_1_283' title='bbox 1925 2331 1981 2377; x_wconf 85' lang='lat' dir='ltr'><strong>et</strong></span> <span class='ocrx_word' id='word_1_284' title='bbox 2008 2335 2106 2377; x_wconf 88' lang='lat' dir='ltr'><strong>ore</strong></span> 
     </span>
    </p>
   </div>
   <div class='ocr_carea' id='block_1_37' title="bbox 502 2414 2108 2503">
    <p class='ocr_par' dir='ltr' id='par_1_37' title="bbox 502 2414 2108 2503">
     <span class='ocr_line' id='line_1_37' title="bbox 502 2414 2108 2503; baseline -0.012 -18"><span class='ocrx_word' id='word_1_285' title='bbox 502 2427 751 2503; x_wconf 85' lang='lat' dir='ltr'><strong>proferre</strong></span> <span class='ocrx_word' id='word_1_286' title='bbox 796 2425 1025 2489; x_wconf 88' lang='lat' dir='ltr'><strong>debere,</strong></span> <span class='ocrx_word' id='word_1_287' title='bbox 1076 2430 1133 2476; x_wconf 91' lang='lat' dir='ltr'><strong>et</strong></span> <span class='ocrx_word' id='word_1_288' title='bbox 1173 2429 1343 2476; x_wconf 88' lang='lat' dir='ltr'><strong>totam</strong></span> <span class='ocrx_word' id='word_1_289' title='bbox 1407 2432 1561 2474; x_wconf 87' lang='lat' dir='ltr'><strong>suam</strong></span> <span class='ocrx_word' id='word_1_290' title='bbox 1610 2414 1844 2471; x_wconf 91' lang='lat' dir='ltr'><strong>Domino</strong></span> <span class='ocrx_word' id='word_1_291' title='bbox 1889 2426 2108 2482; x_wconf 89' lang='lat' dir='ltr'><strong>semper</strong></span> 
     </span>
    </p>
   </div>
   <div class='ocr_carea' id='block_1_38' title="bbox 504 2505 2107 2595">
    <p class='ocr_par' dir='ltr' id='par_1_38' title="bbox 504 2505 2107 2595">
     <span class='ocr_line' id='line_1_38' title="bbox 504 2505 2107 2595; baseline -0.013 -15"><span class='ocrx_word' id='word_1_292' title='bbox 504 2510 847 2579; x_wconf 82' lang='lat' dir='ltr'><strong>committere</strong></span> <span class='ocrx_word' id='word_1_293' title='bbox 878 2516 1213 2595; x_wconf 76' lang='lat' dir='ltr'><strong>instruebat,</strong></span> <span class='ocrx_word' id='word_1_294' title='bbox 1244 2521 1399 2593; x_wconf 85' lang='lat' dir='ltr'><strong>actus</strong></span> <span class='ocrx_word' id='word_1_295' title='bbox 1447 2524 1559 2566; x_wconf 66' lang='lat' dir='ltr'><strong>suae</strong></span> <span class='ocrx_word' id='word_1_296' title='bbox 1609 2507 1736 2563; x_wconf 70' lang='lat' dir='ltr'><strong>vita:</strong></span> <span class='ocrx_word' id='word_1_297' title='bbox 1784 2505 1935 2561; x_wconf 92' lang='lat' dir='ltr'><strong>omni</strong></span> <span class='ocrx_word' id='word_1_298' title='bbox 1969 2505 2107 2575; x_wconf 81' lang='lat' dir='ltr'><strong>hora</strong></span> 
     </span>
    </p>
   </div>
   <div class='ocr_carea' id='block_1_39' title="bbox 506 2596 2111 2678">
    <p class='ocr_par' dir='ltr' id='par_1_39' title="bbox 506 2596 2111 2678">
     <span class='ocr_line' id='line_1_39' title="bbox 506 2596 2111 2678; baseline -0.015 -5"><span class='ocrx_word' id='word_1_299' title='bbox 506 2604 818 2678; x_wconf 80' lang='lat' dir='ltr'><strong>custodire,</strong></span> <span class='ocrx_word' id='word_1_300' title='bbox 850 2618 909 2667; x_wconf 94' lang='lat' dir='ltr'><strong>et</strong></span> <span class='ocrx_word' id='word_1_301' title='bbox 934 2608 1083 2666; x_wconf 89' lang='lat' dir='ltr'><strong>omni</strong></span> <span class='ocrx_word' id='word_1_302' title='bbox 1115 2606 1236 2662; x_wconf 91' lang='lat' dir='ltr'><strong>loco</strong></span> <span class='ocrx_word' id='word_1_303' title='bbox 1260 2605 1431 2660; x_wconf 91' lang='lat' dir='ltr'><strong>Deum</strong></span> <span class='ocrx_word' id='word_1_304' title='bbox 1462 2617 1522 2659; x_wconf 91' lang='lat' dir='ltr'><strong>se</strong></span> <span class='ocrx_word' id='word_1_305' title='bbox 1551 2600 1826 2672; x_wconf 88' lang='lat' dir='ltr'><strong>respicere</strong></span> <span class='ocrx_word' id='word_1_306' title='bbox 1874 2596 2111 2652; x_wconf 77' lang='lat' dir='ltr'><strong>ﬁrmiter</strong></span> 
     </span>
    </p>
   </div>
   <div class='ocr_carea' id='block_1_40' title="bbox 507 2690 2109 2777">
    <p class='ocr_par' dir='ltr' id='par_1_40' title="bbox 507 2690 2109 2777">
     <span class='ocr_line' id='line_1_40' title="bbox 507 2690 2109 2777; baseline -0.016 -10"><span class='ocrx_word' id='word_1_307' title='bbox 507 2710 668 2768; x_wconf 87' lang='lat' dir='ltr'><strong>scire.</strong></span> <span class='ocrx_word' id='word_1_308' title='bbox 696 2690 1074 2777; x_wconf 82' lang='lat' dir='ltr'><strong>Cogitationes</strong></span> <span class='ocrx_word' id='word_1_309' title='bbox 1110 2700 1283 2755; x_wconf 90' lang='lat' dir='ltr'><strong>malas</strong></span> <span class='ocrx_word' id='word_1_310' title='bbox 1305 2696 1455 2753; x_wconf 90' lang='lat' dir='ltr'><strong>cordi</strong></span> <span class='ocrx_word' id='word_1_311' title='bbox 1480 2710 1581 2751; x_wconf 91' lang='lat' dir='ltr'><strong>suo</strong></span> <span class='ocrx_word' id='word_1_312' title='bbox 1604 2691 1959 2749; x_wconf 88' lang='lat' dir='ltr'><strong>advenientes</strong></span> <span class='ocrx_word' id='word_1_313' title='bbox 1982 2703 2109 2743; x_wconf 82' lang='lat' dir='ltr'><strong>mox</strong></span> 
     </span>
    </p>
   </div>
   <div class='ocr_carea' id='block_1_41' title="bbox 509 2781 2112 2859">
    <p class='ocr_par' dir='ltr' id='par_1_41' title="bbox 509 2781 2112 2859">
     <span class='ocr_line' id='line_1_41' title="bbox 509 2781 2112 2859; baseline -0.016 0"><span class='ocrx_word' id='word_1_314' title='bbox 509 2803 577 2859; x_wconf 89' lang='lat' dir='ltr'><strong>ad</strong></span> <span class='ocrx_word' id='word_1_315' title='bbox 606 2798 883 2857; x_wconf 87' lang='lat' dir='ltr'><strong>Christum</strong></span> <span class='ocrx_word' id='word_1_316' title='bbox 911 2794 1170 2859; x_wconf 89' lang='lat' dir='ltr'><strong>allidere,</strong></span> <span class='ocrx_word' id='word_1_317' title='bbox 1224 2801 1280 2847; x_wconf 92' lang='lat' dir='ltr'><strong>et</strong></span> <span class='ocrx_word' id='word_1_318' title='bbox 1326 2787 1707 2846; x_wconf 85' lang='lat' dir='ltr'><strong>sacerdotibus</strong></span> <span class='ocrx_word' id='word_1_319' title='bbox 1733 2781 1949 2840; x_wconf 89' lang='lat' dir='ltr'><strong>Domini</strong></span> <span class='ocrx_word' id='word_1_320' title='bbox 1996 2793 2112 2855; x_wconf 40' lang='lat' dir='ltr'><strong>ma:</strong></span> 
     </span>
    </p>
   </div>
   <div class='ocr_carea' id='block_1_42' title="bbox 509 2880 1747 2960">
    <p class='ocr_par' dir='ltr' id='par_1_42' title="bbox 509 2880 1747 2960">
     <span class='ocr_line' id='line_1_42' title="bbox 509 2880 1747 2960; baseline -0.012 -11"><span class='ocrx_word' id='word_1_321' title='bbox 509 2880 796 2949; x_wconf 82' lang='lat' dir='ltr'><strong>nifestare.</strong></span> <span class='ocrx_word' id='word_1_322' title='bbox 1742 2954 1747 2960; x_wconf 15' lang='lat' dir='ltr'><em>t</em></span> 
     </span>
    </p>
   </div>
   <div class='ocr_carea' id='block_1_43' title="bbox 516 2952 2112 3053">
    <p class='ocr_par' dir='ltr' id='par_1_43' title="bbox 516 2952 2112 3053">
     <span class='ocr_line' id='line_1_43' title="bbox 516 2952 2112 3053; baseline -0.015 -8"><span class='ocrx_word' id='word_1_323' title='bbox 516 2976 521 2983; x_wconf 70' lang='grc'><em>’</em></span> <span class='ocrx_word' id='word_1_324' title='bbox 582 2988 657 3045; x_wconf 90' lang='lat' dir='ltr'><strong>Os</strong></span> <span class='ocrx_word' id='word_1_325' title='bbox 670 3001 827 3042; x_wconf 89' lang='lat' dir='ltr'><strong>suum</strong></span> <span class='ocrx_word' id='word_1_326' title='bbox 841 3000 871 3040; x_wconf 90' lang='lat' dir='ltr'><strong>a</strong></span> <span class='ocrx_word' id='word_1_327' title='bbox 891 2981 1144 3049; x_wconf 87' lang='lat' dir='ltr'><strong>malo,vel</strong></span> <span class='ocrx_word' id='word_1_328' title='bbox 1158 2994 1327 3053; x_wconf 89' lang='lat' dir='ltr'><strong>pravo</strong></span> <span class='ocrx_word' id='word_1_329' title='bbox 1338 2977 1555 3048; x_wconf 91' lang='lat' dir='ltr'><strong>eloquio</strong></span> <span class='ocrx_word' id='word_1_330' title='bbox 1568 2954 1866 3037; x_wconf 88' lang='lat' dir='ltr'><strong>custodire,</strong></span> <span class='ocrx_word' id='word_1_331' title='bbox 1882 2977 1935 3025; x_wconf 91' lang='lat' dir='ltr'><strong>et</strong></span> <span class='ocrx_word' id='word_1_332' title='bbox 1949 2952 2112 3043; x_wconf 79' lang='lat' dir='ltr'><strong>verba</strong></span> 
     </span>
    </p>
   </div>
   <div class='ocr_carea' id='block_1_44' title="bbox 512 3060 2114 3147">
    <p class='ocr_par' dir='ltr' id='par_1_44' title="bbox 512 3060 2114 3147">
     <span class='ocr_line' id='line_1_44' title="bbox 512 3060 2114 3147; baseline -0.016 -9"><span class='ocrx_word' id='word_1_333' title='bbox 512 3097 652 3138; x_wconf 87' lang='lat' dir='ltr'><strong>vana</strong></span> <span class='ocrx_word' id='word_1_334' title='bbox 676 3089 769 3135; x_wconf 90' lang='lat' dir='ltr'><strong>aut</strong></span> <span class='ocrx_word' id='word_1_335' title='bbox 794 3076 1077 3147; x_wconf 86' lang='lat' dir='ltr'><strong>mendacia</strong></span> <span class='ocrx_word' id='word_1_336' title='bbox 1104 3089 1209 3131; x_wconf 92' lang='lat' dir='ltr'><strong>non</strong></span> <span class='ocrx_word' id='word_1_337' title='bbox 1228 3071 1393 3142; x_wconf 88' lang='lat' dir='ltr'><strong>loqui,</strong></span> <span class='ocrx_word' id='word_1_338' title='bbox 1411 3069 1535 3139; x_wconf 91' lang='lat' dir='ltr'><strong>quia</strong></span> <span class='ocrx_word' id='word_1_339' title='bbox 1565 3085 1584 3118; x_wconf 74' lang='grc' dir='ltr'><strong>ι</strong></span> <span class='ocrx_word' id='word_1_340' title='bbox 1606 3081 1669 3121; x_wconf 90' lang='lat' dir='ltr'><strong>os</strong></span> <span class='ocrx_word' id='word_1_341' title='bbox 1691 3062 1835 3134; x_wconf 92' lang='lat' dir='ltr'><strong>quod</strong></span> <span class='ocrx_word' id='word_1_342' title='bbox 1852 3060 2114 3117; x_wconf 87' lang='lat' dir='ltr'><strong>mentitur</strong></span> 
     </span>
    </p>
   </div>
   <div class='ocr_carea' id='block_1_45' title="bbox 512 3152 2113 3243">
    <p class='ocr_par' dir='ltr' id='par_1_45' title="bbox 512 3152 2113 3243">
     <span class='ocr_line' id='line_1_45' title="bbox 512 3152 2113 3243; baseline -0.017 -11"><span class='ocrx_word' id='word_1_343' title='bbox 512 3160 713 3232; x_wconf 82' lang='lat' dir='ltr'><strong>occidit</strong></span> <span class='ocrx_word' id='word_1_344' title='bbox 727 3172 963 3243; x_wconf 80' lang='lat' dir='ltr'><strong>animam</strong></span> <span class='ocrx_word' id='word_1_345' title='bbox 979 3152 1136 3241; x_wconf 73' lang='lat' dir='ltr'><strong>(Sap.</strong></span> <span class='ocrx_word' id='word_1_346' title='bbox 1156 3183 1195 3233; x_wconf 89' lang='grc' dir='ltr'><strong><em>ι,</em></strong></span> <span class='ocrx_word' id='word_1_347' title='bbox 1212 3165 1334 3236; x_wconf 82' lang='grc'><strong>11);</strong></span> <span class='ocrx_word' id='word_1_348' title='bbox 1360 3161 1549 3218; x_wconf 69' lang='lat' dir='ltr'><strong>iverba</strong></span> <span class='ocrx_word' id='word_1_349' title='bbox 1573 3157 1752 3214; x_wconf 90' lang='lat' dir='ltr'><strong>divina</strong></span> <span class='ocrx_word' id='word_1_350' title='bbox 1768 3156 2001 3209; x_wconf 86' lang='lat' dir='ltr'><strong>libenter</strong></span> <span class='ocrx_word' id='word_1_351' title='bbox 2018 3168 2113 3207; x_wconf 88' lang='lat' dir='ltr'><strong>au-</strong></span> 
     </span>
    </p>
   </div>
   <div class='ocr_carea' id='block_1_46' title="bbox 514 3253 2114 3335">
    <p class='ocr_par' dir='ltr' id='par_1_46' title="bbox 514 3253 2114 3335">
     <span class='ocr_line' id='line_1_46' title="bbox 514 3253 2114 3335; baseline -0.016 -11"><span class='ocrx_word' id='word_1_352' title='bbox 514 3269 654 3335; x_wconf 80' lang='lat' dir='ltr'><strong>dire,</strong></span> <span class='ocrx_word' id='word_1_353' title='bbox 673 3275 726 3322; x_wconf 90' lang='lat' dir='ltr'><strong>et</strong></span> <span class='ocrx_word' id='word_1_354' title='bbox 739 3262 1116 3321; x_wconf 88' lang='lat' dir='ltr'><strong>sacerdotibus</strong></span> <span class='ocrx_word' id='word_1_355' title='bbox 1131 3259 1245 3316; x_wconf 90' lang='lat' dir='ltr'><strong>suis</strong></span> <span class='ocrx_word' id='word_1_356' title='bbox 1260 3257 1494 3311; x_wconf 87' lang='lat' dir='ltr'><strong>libenter</strong></span> <span class='ocrx_word' id='word_1_357' title='bbox 1518 3253 1833 3321; x_wconf 89' lang='lat' dir='ltr'><strong>obtempera</strong></span> <span class='ocrx_word' id='word_1_358' title='bbox 1844 3264 1900 3302; x_wconf 88' lang='lat' dir='ltr'><strong>re</strong></span> <span class='ocrx_word' id='word_1_359' title='bbox 1919 3289 1932 3313; x_wconf 93' lang='lat'><strong>,</strong></span> <span class='ocrx_word' id='word_1_360' title='bbox 1952 3254 2114 3314; x_wconf 86' lang='lat' dir='ltr'><strong>atque</strong></span> 
     </span>
    </p>
   </div>
   <div class='ocr_carea' id='block_1_47' title="bbox 516 3338 2114 3432">
    <p class='ocr_par' dir='ltr' id='par_1_47' title="bbox 516 3338 2114 3432">
     <span class='ocr_line' id='line_1_47' title="bbox 516 3338 2114 3432; baseline -0.018 -16"><span class='ocrx_word' id='word_1_361' title='bbox 516 3360 567 3432; x_wconf 78' lang='lat'><strong>7</strong></span> <span class='ocrx_word' id='word_1_362' title='bbox 597 3356 912 3414; x_wconf 90' lang='lat' dir='ltr'><strong>obedientes</strong></span> <span class='ocrx_word' id='word_1_363' title='bbox 940 3366 1063 3408; x_wconf 91' lang='lat' dir='ltr'><strong>esse</strong></span> <span class='ocrx_word' id='word_1_364' title='bbox 1095 3347 1341 3405; x_wconf 87' lang='lat' dir='ltr'><strong>docebat.</strong></span> <span class='ocrx_word' id='word_1_365' title='bbox 1369 3338 1748 3400; x_wconf 70' lang='lat' dir='ltr'><strong>Prtedicationi</strong></span> <span class='ocrx_word' id='word_1_366' title='bbox 1793 3347 1954 3408; x_wconf 89' lang='lat' dir='ltr'><strong>atque</strong></span> <span class='ocrx_word' id='word_1_367' title='bbox 1986 3346 2114 3389; x_wconf 84' lang='lat' dir='ltr'><strong>ora-</strong></span> 
     </span>
    </p>
   </div>
   <div class='ocr_carea' id='block_1_48' title="bbox 516 3430 2115 3511">
    <p class='ocr_par' dir='ltr' id='par_1_48' title="bbox 516 3430 2115 3511">
     <span class='ocr_line' id='line_1_48' title="bbox 516 3430 2115 3511; baseline -0.016 -5"><span class='ocrx_word' id='word_1_368' title='bbox 516 3430 648 3506; x_wconf 68' lang='lat' dir='ltr'><strong>tioni</strong></span> <span class='ocrx_word' id='word_1_369' title='bbox 688 3434 751 3504; x_wconf 82' lang='lat' dir='ltr'><strong>ac</strong></span> <span class='ocrx_word' id='word_1_370' title='bbox 794 3443 1014 3501; x_wconf 87' lang='lat' dir='ltr'><strong>lectioni</strong></span> <span class='ocrx_word' id='word_1_371' title='bbox 1061 3441 1373 3511; x_wconf 91' lang='lat' dir='ltr'><strong>frequenter</strong></span> <span class='ocrx_word' id='word_1_372' title='bbox 1400 3435 1717 3492; x_wconf 86' lang='lat' dir='ltr'><strong>incumbere</strong></span> <span class='ocrx_word' id='word_1_373' title='bbox 1743 3472 1757 3499; x_wconf 90' lang='lat'><strong>,</strong></span> <span class='ocrx_word' id='word_1_374' title='bbox 1797 3438 1852 3485; x_wconf 91' lang='lat' dir='ltr'><strong>et</strong></span> <span class='ocrx_word' id='word_1_375' title='bbox 1883 3430 2115 3484; x_wconf 88' lang='lat' dir='ltr'><strong>eleemo-</strong></span> 
     </span>
    </p>
   </div>
   <div class='ocr_carea' id='block_1_49' title="bbox 516 3508 2115 3615">
    <p class='ocr_par' dir='ltr' id='par_1_49' title="bbox 516 3508 2115 3615">
     <span class='ocr_line' id='line_1_49' title="bbox 516 3508 2115 3615; baseline -0.017 -17"><span class='ocrx_word' id='word_1_376' title='bbox 516 3557 679 3615; x_wconf 86' lang='lat' dir='ltr'><strong>synas</strong></span> <span class='ocrx_word' id='word_1_377' title='bbox 755 3553 914 3594; x_wconf 90' lang='lat' dir='ltr'><strong>veras</strong></span> <span class='ocrx_word' id='word_1_378' title='bbox 990 3524 1275 3606; x_wconf 82' lang='lat' dir='ltr'><strong>perficere.</strong></span> <span class='ocrx_word' id='word_1_379' title='bbox 1340 3548 1359 3581; x_wconf 75' lang='grc' dir='ltr'><strong>ι</strong></span> <span class='ocrx_word' id='word_1_380' title='bbox 1414 3523 1692 3582; x_wconf 86' lang='lat' dir='ltr'><strong>Desideria</strong></span> <span class='ocrx_word' id='word_1_381' title='bbox 1757 3521 1940 3577; x_wconf 89' lang='lat' dir='ltr'><strong>carnis</strong></span> <span class='ocrx_word' id='word_1_382' title='bbox 2007 3508 2115 3573; x_wconf 86' lang='lat' dir='ltr'><strong>non</strong></span> 
     </span>
    </p>
   </div>
   <div class='ocr_carea' id='block_1_50' title="bbox 513 3612 2117 3709">
    <p class='ocr_par' dir='ltr' id='par_1_50' title="bbox 513 3612 2117 3709">
     <span class='ocr_line' id='line_1_50' title="bbox 513 3612 2117 3709; baseline -0.018 -19"><span class='ocrx_word' id='word_1_383' title='bbox 513 3612 776 3709; x_wconf 79' lang='lat' dir='ltr'><strong>perlicere</strong></span> <span class='ocrx_word' id='word_1_384' title='bbox 804 3628 947 3709; x_wconf 77' lang='lat' dir='ltr'><strong>(Gul.</strong></span> <span class='ocrx_word' id='word_1_385' title='bbox 980 3642 1039 3693; x_wconf 90' lang='lat' dir='ltr'><strong>v,</strong></span> <span class='ocrx_word' id='word_1_386' title='bbox 1084 3624 1178 3695; x_wconf 80' lang='grc'><strong>16)</strong></span> <span class='ocrx_word' id='word_1_387' title='bbox 1200 3665 1214 3689; x_wconf 88' lang='grc'><em>,</em></span> <span class='ocrx_word' id='word_1_388' title='bbox 1252 3642 1271 3676; x_wconf 76' lang='grc' dir='ltr'><strong>ι</strong></span> <span class='ocrx_word' id='word_1_389' title='bbox 1308 3619 1403 3677; x_wconf 90' lang='lat' dir='ltr'><strong>sed</strong></span> <span class='ocrx_word' id='word_1_390' title='bbox 1435 3617 1711 3690; x_wconf 84' lang='lat' dir='ltr'><strong>propriam</strong></span> <span class='ocrx_word' id='word_1_391' title='bbox 1741 3612 1993 3683; x_wconf 75' lang='lat' dir='ltr'><strong>frangere</strong></span> <span class='ocrx_word' id='word_1_392' title='bbox 2023 3624 2117 3662; x_wconf 83' lang='lat' dir='ltr'><strong>vo-</strong></span> 
     </span>
    </p>
   </div>
   <div class='ocr_carea' id='block_1_51' title="bbox 516 3698 2116 3789">
    <p class='ocr_par' dir='ltr' id='par_1_51' title="bbox 516 3698 2116 3789">
     <span class='ocr_line' id='line_1_51' title="bbox 516 3698 2116 3789; baseline -0.019 -7"><span class='ocrx_word' id='word_1_393' title='bbox 516 3698 827 3789; x_wconf 49' lang='lat' dir='ltr'><strong>iuntatetn;</strong></span> <span class='ocrx_word' id='word_1_394' title='bbox 879 3708 1004 3776; x_wconf 87' lang='lat' dir='ltr'><strong>boni</strong></span> <span class='ocrx_word' id='word_1_395' title='bbox 1059 3715 1260 3786; x_wconf 88' lang='lat' dir='ltr'><strong>aliquid</strong></span> <span class='ocrx_word' id='word_1_396' title='bbox 1333 3713 1386 3766; x_wconf 90' lang='lat' dir='ltr'><strong>in</strong></span> <span class='ocrx_word' id='word_1_397' title='bbox 1446 3726 1505 3765; x_wconf 92' lang='lat' dir='ltr'><strong>se</strong></span> <span class='ocrx_word' id='word_1_398' title='bbox 1571 3723 1693 3763; x_wconf 90' lang='lat' dir='ltr'><strong>cum</strong></span> <span class='ocrx_word' id='word_1_399' title='bbox 1752 3702 1950 3757; x_wconf 87' lang='lat' dir='ltr'><strong>viderit</strong></span> <span class='ocrx_word' id='word_1_400' title='bbox 2006 3698 2116 3753; x_wconf 87' lang='lat' dir='ltr'><strong>Deo</strong></span> 
     </span>
    </p>
   </div>
   <div class='ocr_carea' id='block_1_52' title="bbox 517 3796 2116 3890">
    <p class='ocr_par' dir='ltr' id='par_1_52' title="bbox 517 3796 2116 3890">
     <span class='ocr_line' id='line_1_52' title="bbox 517 3796 2116 3890; baseline -0.02 -17"><span class='ocrx_word' id='word_1_401' title='bbox 517 3808 770 3890; x_wconf 76' lang='lat' dir='ltr'><strong>applicet,</strong></span> <span class='ocrx_word' id='word_1_402' title='bbox 804 3830 911 3868; x_wconf 90' lang='lat' dir='ltr'><strong>non</strong></span> <span class='ocrx_word' id='word_1_403' title='bbox 949 3810 1070 3874; x_wconf 87' lang='lat' dir='ltr'><strong>sibi,</strong></span> <span class='ocrx_word' id='word_1_404' title='bbox 1106 3817 1161 3862; x_wconf 93' lang='lat' dir='ltr'><strong>ct</strong></span> <span class='ocrx_word' id='word_1_405' title='bbox 1192 3804 1392 3859; x_wconf 86' lang='lat' dir='ltr'><strong>malum</strong></span> <span class='ocrx_word' id='word_1_406' title='bbox 1419 3818 1448 3854; x_wconf 89' lang='lat' dir='ltr'><strong>a</strong></span> <span class='ocrx_word' id='word_1_407' title='bbox 1482 3814 1540 3854; x_wconf 89' lang='lat' dir='ltr'><strong>se</strong></span> <span class='ocrx_word' id='word_1_408' title='bbox 1569 3797 1769 3851; x_wconf 88' lang='lat' dir='ltr'><strong>factum</strong></span> <span class='ocrx_word' id='word_1_409' title='bbox 1803 3796 2116 3863; x_wconf 84' lang='lat' dir='ltr'><strong>cognoscat,</strong></span> 
     </span>
    </p>
   </div>
   <div class='ocr_carea' id='block_1_53' title="bbox 519 3872 2118 3974">
    <p class='ocr_par' dir='ltr' id='par_1_53' title="bbox 519 3872 2118 3974">
     <span class='ocr_line' id='line_1_53' title="bbox 519 3872 2118 3974; baseline -0.019 -9"><span class='ocrx_word' id='word_1_410' title='bbox 519 3872 733 3965; x_wconf 49' lang='lat' dir='ltr'><strong>elt&#39;sibi</strong></span> <span class='ocrx_word' id='word_1_411' title='bbox 806 3872 1063 3974; x_wconf 67' lang='lat' dir='ltr'><strong>reputet.</strong></span> <span class='ocrx_word' id='word_1_412' title='bbox 1108 3898 1331 3951; x_wconf 83' lang='lat' dir='ltr'><strong>Multum</strong></span> <span class='ocrx_word' id='word_1_413' title='bbox 1385 3890 1531 3961; x_wconf 86' lang='lat' dir='ltr'><strong>loqui</strong></span> <span class='ocrx_word' id='word_1_414' title='bbox 1591 3904 1695 3943; x_wconf 89' lang='lat' dir='ltr'><strong>non</strong></span> <span class='ocrx_word' id='word_1_415' title='bbox 1749 3899 1933 3939; x_wconf 89' lang='lat' dir='ltr'><strong>amare</strong></span> <span class='ocrx_word' id='word_1_416' title='bbox 1963 3922 1977 3947; x_wconf 94' lang='lat'><strong>,</strong></span> <span class='ocrx_word' id='word_1_417' title='bbox 2024 3872 2118 3935; x_wconf 83' lang='lat' dir='ltr'><strong>sed</strong></span> 
     </span>
    </p>
   </div>
   <div class='ocr_carea' id='block_1_54' title="bbox 518 3975 2115 4057">
    <p class='ocr_par' dir='ltr' id='par_1_54' title="bbox 518 3975 2115 4057">
     <span class='ocr_line' id='line_1_54' title="bbox 518 3975 2115 4057; baseline -0.02 0"><span class='ocrx_word' id='word_1_418' title='bbox 518 3980 795 4057; x_wconf 70' lang='lat' dir='ltr'><strong>custodire</strong></span> <span class='ocrx_word' id='word_1_419' title='bbox 835 3990 974 4048; x_wconf 89' lang='lat' dir='ltr'><strong>labia</strong></span> <span class='ocrx_word' id='word_1_420' title='bbox 1006 4006 1100 4046; x_wconf 86' lang='lat' dir='ltr'><strong>sua</strong></span> <span class='ocrx_word' id='word_1_421' title='bbox 1134 4002 1202 4042; x_wconf 88' lang='lat' dir='ltr'><strong>ne</strong></span> <span class='ocrx_word' id='word_1_422' title='bbox 1242 3982 1421 4041; x_wconf 90' lang='lat' dir='ltr'><strong>dolum</strong></span> <span class='ocrx_word' id='word_1_423' title='bbox 1452 3989 1545 4035; x_wconf 90' lang='lat' dir='ltr'><strong>aut</strong></span> <span class='ocrx_word' id='word_1_424' title='bbox 1576 3978 1774 4033; x_wconf 91' lang='lat' dir='ltr'><strong>malum</strong></span> <span class='ocrx_word' id='word_1_425' title='bbox 1806 3975 2115 4044; x_wconf 86' lang='lat' dir='ltr'><strong>loquantur,</strong></span> 
     </span>
    </p>
   </div>
   <div class='ocr_carea' id='block_1_55' title="bbox 522 4065 2119 4159">
    <p class='ocr_par' dir='ltr' id='par_1_55' title="bbox 522 4065 2119 4159">
     <span class='ocr_line' id='line_1_55' title="bbox 522 4065 2119 4159; baseline -0.016 -15"><span class='ocrx_word' id='word_1_426' title='bbox 522 4090 665 4144; x_wconf 89' lang='lat' dir='ltr'><strong>diem</strong></span> <span class='ocrx_word' id='word_1_427' title='bbox 707 4084 894 4159; x_wconf 88' lang='lat' dir='ltr'><strong>judicii</strong></span> <span class='ocrx_word' id='word_1_428' title='bbox 931 4083 1120 4137; x_wconf 90' lang='lat' dir='ltr'><strong>timere</strong></span> <span class='ocrx_word' id='word_1_429' title='bbox 1145 4119 1158 4143; x_wconf 86' lang='lat'><strong>,</strong></span> <span class='ocrx_word' id='word_1_430' title='bbox 1192 4074 1494 4149; x_wconf 83' lang='lat' dir='ltr'><strong>gehennam</strong></span> <span class='ocrx_word' id='word_1_431' title='bbox 1528 4082 1911 4142; x_wconf 63' lang='lat' dir='ltr'><strong>capavescere,</strong></span> <span class='ocrx_word' id='word_1_432' title='bbox 1952 4065 2119 4120; x_wconf 86' lang='lat' dir='ltr'><strong>vitam</strong></span> 
     </span>
    </p>
   </div>
   <div class='ocr_carea' id='block_1_56' title="bbox 522 4157 2120 4242">
    <p class='ocr_par' dir='ltr' id='par_1_56' title="bbox 522 4157 2120 4242">
     <span class='ocr_line' id='line_1_56' title="bbox 522 4157 2120 4242; baseline -0.016 -7"><span class='ocrx_word' id='word_1_433' title='bbox 522 4157 781 4235; x_wconf 65' lang='lat' dir='ltr'><strong>mternam</strong></span> <span class='ocrx_word' id='word_1_434' title='bbox 808 4172 958 4231; x_wconf 88' lang='lat' dir='ltr'><strong>omni</strong></span> <span class='ocrx_word' id='word_1_435' title='bbox 986 4168 1424 4242; x_wconf 75' lang='lat' dir='ltr'><strong>concupiscentia</strong></span> <span class='ocrx_word' id='word_1_436' title='bbox 1448 4160 1760 4219; x_wconf 81' lang='lat' dir='ltr'><strong>desiderare</strong></span> <span class='ocrx_word' id='word_1_437' title='bbox 1780 4203 1793 4227; x_wconf 89' lang='lat'><strong>,</strong></span> <span class='ocrx_word' id='word_1_438' title='bbox 1826 4176 1929 4215; x_wconf 89' lang='lat' dir='ltr'><strong>non</strong></span> <span class='ocrx_word' id='word_1_439' title='bbox 1970 4157 2120 4212; x_wconf 80' lang='lat' dir='ltr'><strong>occi-</strong></span> 
     </span>
    </p>
   </div>
   <div class='ocr_carea' id='block_1_57' title="bbox 522 4254 2119 4335">
    <p class='ocr_par' dir='ltr' id='par_1_57' title="bbox 522 4254 2119 4335">
     <span class='ocr_line' id='line_1_57' title="bbox 522 4254 2119 4335; baseline -0.014 -9"><span class='ocrx_word' id='word_1_440' title='bbox 522 4256 673 4335; x_wconf 80' lang='lat' dir='ltr'><strong>dere,</strong></span> <span class='ocrx_word' id='word_1_441' title='bbox 708 4284 812 4322; x_wconf 90' lang='lat' dir='ltr'><strong>non</strong></span> <span class='ocrx_word' id='word_1_442' title='bbox 845 4261 1162 4327; x_wconf 88' lang='lat' dir='ltr'><strong>adulterari,</strong></span> <span class='ocrx_word' id='word_1_443' title='bbox 1208 4276 1315 4315; x_wconf 87' lang='lat' dir='ltr'><strong>non</strong></span> <span class='ocrx_word' id='word_1_444' title='bbox 1345 4258 1549 4312; x_wconf 89' lang='lat' dir='ltr'><strong>furtum</strong></span> <span class='ocrx_word' id='word_1_445' title='bbox 1582 4254 1763 4309; x_wconf 82' lang='lat' dir='ltr'><strong>facere</strong></span> <span class='ocrx_word' id='word_1_446' title='bbox 1788 4294 1801 4319; x_wconf 91' lang='lat'><strong>,</strong></span> <span class='ocrx_word' id='word_1_447' title='bbox 1856 4267 1961 4305; x_wconf 90' lang='lat' dir='ltr'><strong>non</strong></span> <span class='ocrx_word' id='word_1_448' title='bbox 2007 4264 2119 4304; x_wconf 89' lang='lat' dir='ltr'><strong>rem</strong></span> 
     </span>
    </p>
   </div>
   <div class='ocr_carea' id='block_1_58' title="bbox 522 4344 2120 4438">
    <p class='ocr_par' dir='ltr' id='par_1_58' title="bbox 522 4344 2120 4438">
     <span class='ocr_line' id='line_1_58' title="bbox 522 4344 2120 4438; baseline -0.013 -20"><span class='ocrx_word' id='word_1_449' title='bbox 522 4360 759 4438; x_wconf 83' lang='lat' dir='ltr'><strong>proximi</strong></span> <span class='ocrx_word' id='word_1_450' title='bbox 817 4346 1204 4427; x_wconf 85' lang='lat' dir='ltr'><strong>concupiscere</strong></span> <span class='ocrx_word' id='word_1_451' title='bbox 1238 4393 1252 4419; x_wconf 91' lang='lat'><strong>,</strong></span> <span class='ocrx_word' id='word_1_452' title='bbox 1306 4364 1414 4406; x_wconf 91' lang='lat' dir='ltr'><strong>non</strong></span> <span class='ocrx_word' id='word_1_453' title='bbox 1492 4347 1683 4403; x_wconf 85' lang='lat' dir='ltr'><strong>falsum</strong></span> <span class='ocrx_word' id='word_1_454' title='bbox 1754 4344 2120 4400; x_wconf 85' lang='lat' dir='ltr'><strong>testimonium</strong></span> 
     </span>
    </p>
   </div>
   <div class='ocr_carea' id='block_1_59' title="bbox 526 4436 2122 4524">
    <p class='ocr_par' dir='ltr' id='par_1_59' title="bbox 526 4436 2122 4524">
     <span class='ocr_line' id='line_1_59' title="bbox 526 4436 2122 4524; baseline -0.015 -13"><span class='ocrx_word' id='word_1_455' title='bbox 526 4436 708 4511; x_wconf 86' lang='lat' dir='ltr'><strong>dicere</strong></span> <span class='ocrx_word' id='word_1_456' title='bbox 762 4448 958 4524; x_wconf 73' lang='lat' dir='ltr'><strong>(Exod.</strong></span> <span class='ocrx_word' id='word_1_457' title='bbox 996 4464 1090 4514; x_wconf 71' lang='lat' dir='ltr'><strong>xx,</strong></span> <span class='ocrx_word' id='word_1_458' title='bbox 1134 4444 1201 4500; x_wconf 75' lang='grc'><strong>15</strong></span> <span class='ocrx_word' id='word_1_459' title='bbox 1238 4456 1283 4499; x_wconf 87' lang='lat' dir='ltr'><strong>et</strong></span> <span class='ocrx_word' id='word_1_460' title='bbox 1313 4443 1466 4515; x_wconf 55' lang='grc' dir='ltr'><strong>θείῃ),</strong></span> <span class='ocrx_word' id='word_1_461' title='bbox 1511 4441 1606 4496; x_wconf 87' lang='lat' dir='ltr'><strong>sed</strong></span> <span class='ocrx_word' id='word_1_462' title='bbox 1651 4451 1841 4494; x_wconf 86' lang='lat' dir='ltr'><strong>omnes</strong></span> <span class='ocrx_word' id='word_1_463' title='bbox 1876 4436 2122 4490; x_wconf 89' lang='lat' dir='ltr'><strong>homines</strong></span> 
     </span>
    </p>
   </div>
   <div class='ocr_carea' id='block_1_60' title="bbox 526 4529 2119 4623">
    <p class='ocr_par' dir='ltr' id='par_1_60' title="bbox 526 4529 2119 4623">
     <span class='ocr_line' id='line_1_60' title="bbox 526 4529 2119 4623; baseline -0.016 -18"><span class='ocrx_word' id='word_1_464' title='bbox 526 4546 839 4623; x_wconf 84' lang='lat' dir='ltr'><strong>honorare,</strong></span> <span class='ocrx_word' id='word_1_465' title='bbox 869 4558 1068 4612; x_wconf 88' lang='lat' dir='ltr'><strong>corpus</strong></span> <span class='ocrx_word' id='word_1_466' title='bbox 1099 4537 1395 4601; x_wconf 86' lang='lat' dir='ltr'><strong>custodire,</strong></span> <span class='ocrx_word' id='word_1_467' title='bbox 1424 4549 1593 4589; x_wconf 89' lang='lat' dir='ltr'><strong>vanas</strong></span> <span class='ocrx_word' id='word_1_468' title='bbox 1637 4540 1692 4586; x_wconf 91' lang='lat' dir='ltr'><strong>et</strong></span> <span class='ocrx_word' id='word_1_469' title='bbox 1739 4529 1971 4586; x_wconf 86' lang='lat' dir='ltr'><strong>caducas</strong></span> <span class='ocrx_word' id='word_1_470' title='bbox 2012 4543 2119 4582; x_wconf 90' lang='lat' dir='ltr'><strong>non</strong></span> 
     </span>
    </p>
   </div>
   <div class='ocr_carea' id='block_1_61' title="bbox 529 4627 2118 4713">
    <p class='ocr_par' dir='ltr' id='par_1_61' title="bbox 529 4627 2118 4713">
     <span class='ocr_line' id='line_1_61' title="bbox 529 4627 2118 4713; baseline -0.015 -14"><span class='ocrx_word' id='word_1_471' title='bbox 529 4640 780 4713; x_wconf 88' lang='lat' dir='ltr'><strong>amplecti</strong></span> <span class='ocrx_word' id='word_1_472' title='bbox 809 4636 1051 4698; x_wconf 87' lang='lat' dir='ltr'><strong>delicias,</strong></span> <span class='ocrx_word' id='word_1_473' title='bbox 1074 4631 1338 4703; x_wconf 77' lang='lat' dir='ltr'><strong>jejunium</strong></span> <span class='ocrx_word' id='word_1_474' title='bbox 1361 4641 1414 4685; x_wconf 90' lang='lat' dir='ltr'><strong>et</strong></span> <span class='ocrx_word' id='word_1_475' title='bbox 1435 4627 1648 4699; x_wconf 85' lang='lat' dir='ltr'><strong>vigilias</strong></span> <span class='ocrx_word' id='word_1_476' title='bbox 1671 4634 1887 4681; x_wconf 84' lang='lat' dir='ltr'><strong>sanctas</strong></span> <span class='ocrx_word' id='word_1_477' title='bbox 1915 4638 2118 4687; x_wconf 90' lang='lat' dir='ltr'><strong>amare,</strong></span> 
     </span>
    </p>
   </div>
   <div class='ocr_carea' id='block_1_62' title="bbox 529 4715 2121 4808">
    <p class='ocr_par' dir='ltr' id='par_1_62' title="bbox 529 4715 2121 4808">
     <span class='ocr_line' id='line_1_62' title="bbox 529 4715 2121 4808; baseline -0.015 -17"><span class='ocrx_word' id='word_1_478' title='bbox 529 4748 793 4808; x_wconf 86' lang='lat' dir='ltr'><strong>pauperes</strong></span> <span class='ocrx_word' id='word_1_479' title='bbox 822 4742 1072 4786; x_wconf 85' lang='lat' dir='ltr'><strong>recreare</strong></span> <span class='ocrx_word' id='word_1_480' title='bbox 1096 4766 1111 4793; x_wconf 91' lang='lat'><strong>,</strong></span> <span class='ocrx_word' id='word_1_481' title='bbox 1150 4725 1320 4779; x_wconf 91' lang='lat' dir='ltr'><strong>nudos</strong></span> <span class='ocrx_word' id='word_1_482' title='bbox 1348 4718 1566 4786; x_wconf 84' lang='lat' dir='ltr'><strong>vestire,</strong></span> <span class='ocrx_word' id='word_1_483' title='bbox 1607 4716 1853 4773; x_wconf 78' lang='lat' dir='ltr'><strong>infirmos</strong></span> <span class='ocrx_word' id='word_1_484' title='bbox 1876 4715 2121 4780; x_wconf 79' lang='lat' dir='ltr'><strong>visitare,</strong></span> 
     </span>
    </p>
   </div>
   <div class='ocr_carea' id='block_1_63' title="bbox 534 4806 2125 4893">
    <p class='ocr_par' dir='ltr' id='par_1_63' title="bbox 534 4806 2125 4893">
     <span class='ocr_line' id='line_1_63' title="bbox 534 4806 2125 4893; baseline -0.014 -10"><span class='ocrx_word' id='word_1_485' title='bbox 534 4806 782 4884; x_wconf 82' lang='lat' dir='ltr'><strong>sitientes</strong></span> <span class='ocrx_word' id='word_1_486' title='bbox 837 4828 1027 4893; x_wconf 87' lang='lat' dir='ltr'><strong>potare</strong></span> <span class='ocrx_word' id='word_1_487' title='bbox 1058 4858 1073 4883; x_wconf 91' lang='lat'><strong>,</strong></span> <span class='ocrx_word' id='word_1_488' title='bbox 1125 4806 1368 4871; x_wconf 86' lang='lat' dir='ltr'><strong>mortuos</strong></span> <span class='ocrx_word' id='word_1_489' title='bbox 1419 4811 1647 4882; x_wconf 87' lang='lat' dir='ltr'><strong>sepelire</strong></span> <span class='ocrx_word' id='word_1_490' title='bbox 1680 4852 1694 4875; x_wconf 91' lang='lat'><strong>,</strong></span> <span class='ocrx_word' id='word_1_491' title='bbox 1742 4817 1796 4864; x_wconf 90' lang='lat' dir='ltr'><strong>et</strong></span> <span class='ocrx_word' id='word_1_492' title='bbox 1841 4808 2125 4878; x_wconf 57' lang='lat' dir='ltr'><strong>diligenter</strong></span> 
     </span>
    </p>
   </div>
   <div class='ocr_carea' id='block_1_64' title="bbox 530 4892 2127 4982">
    <p class='ocr_par' dir='ltr' id='par_1_64' title="bbox 530 4892 2127 4982">
     <span class='ocr_line' id='line_1_64' title="bbox 530 4892 2127 4982; baseline -0.014 -7"><span class='ocrx_word' id='word_1_493' title='bbox 530 4902 719 4975; x_wconf 83' lang='lat' dir='ltr'><strong>eorum</strong></span> <span class='ocrx_word' id='word_1_494' title='bbox 778 4912 1064 4982; x_wconf 80' lang='lat' dir='ltr'><strong>exsequias</strong></span> <span class='ocrx_word' id='word_1_495' title='bbox 1114 4922 1403 4979; x_wconf 84' lang='lat' dir='ltr'><strong>peragere,</strong></span> <span class='ocrx_word' id='word_1_496' title='bbox 1452 4919 1548 4975; x_wconf 92' lang='lat' dir='ltr'><strong>pro</strong></span> <span class='ocrx_word' id='word_1_497' title='bbox 1598 4903 1785 4972; x_wconf 87' lang='lat' dir='ltr'><strong>eisque</strong></span> <span class='ocrx_word' id='word_1_498' title='bbox 1834 4915 2013 4973; x_wconf 81' lang='lat' dir='ltr'><strong>orare,</strong></span> <span class='ocrx_word' id='word_1_499' title='bbox 2073 4892 2127 4954; x_wconf 82' lang='lat' dir='ltr'><strong>et</strong></span> 
     </span>
    </p>
   </div>
   <div class='ocr_carea' id='block_1_65' title="bbox 533 4992 2128 5078">
    <p class='ocr_par' dir='ltr' id='par_1_65' title="bbox 533 4992 2128 5078">
     <span class='ocr_line' id='line_1_65' title="bbox 533 4992 2128 5078; baseline -0.011 -12"><span class='ocrx_word' id='word_1_500' title='bbox 533 5011 906 5078; x_wconf 88' lang='lat' dir='ltr'><strong>eleemosynas</strong></span> <span class='ocrx_word' id='word_1_501' title='bbox 935 5004 1084 5057; x_wconf 86' lang='lat' dir='ltr'><strong>dare.</strong></span> <span class='ocrx_word' id='word_1_502' title='bbox 1134 4999 1385 5055; x_wconf 90' lang='lat' dir='ltr'><strong>Dolentes</strong></span> <span class='ocrx_word' id='word_1_503' title='bbox 1431 4994 1719 5061; x_wconf 89' lang='lat' dir='ltr'><strong>consolari,</strong></span> <span class='ocrx_word' id='word_1_504' title='bbox 1750 5001 1805 5049; x_wconf 90' lang='lat' dir='ltr'><strong>et</strong></span> <span class='ocrx_word' id='word_1_505' title='bbox 1831 4992 1941 5048; x_wconf 88' lang='lat' dir='ltr'><strong>suis</strong></span> <span class='ocrx_word' id='word_1_506' title='bbox 1972 4992 2128 5048; x_wconf 90' lang='lat' dir='ltr'><strong>bonis</strong></span> 
     </span>
    </p>
   </div>
   <div class='ocr_carea' id='block_1_66' title="bbox 535 5086 2128 5159">
    <p class='ocr_par' dir='ltr' id='par_1_66' title="bbox 535 5086 2128 5159">
     <span class='ocr_line' id='line_1_66' title="bbox 535 5086 2128 5159; baseline -0.012 0"><span class='ocrx_word' id='word_1_507' title='bbox 535 5094 784 5159; x_wconf 82' lang='lat' dir='ltr'><strong>refovere</strong></span> <span class='ocrx_word' id='word_1_508' title='bbox 830 5107 883 5151; x_wconf 91' lang='lat' dir='ltr'><strong>et</strong></span> <span class='ocrx_word' id='word_1_509' title='bbox 922 5110 951 5149; x_wconf 92' lang='lat' dir='ltr'><strong>a</strong></span> <span class='ocrx_word' id='word_1_510' title='bbox 988 5092 1146 5149; x_wconf 89' lang='lat' dir='ltr'><strong>malis</strong></span> <span class='ocrx_word' id='word_1_511' title='bbox 1173 5092 1385 5148; x_wconf 89' lang='lat' dir='ltr'><strong>actibus</strong></span> <span class='ocrx_word' id='word_1_512' title='bbox 1407 5106 1465 5145; x_wconf 89' lang='lat' dir='ltr'><strong>se</strong></span> <span class='ocrx_word' id='word_1_513' title='bbox 1492 5086 1727 5145; x_wconf 84' lang='lat' dir='ltr'><strong>alienum</strong></span> <span class='ocrx_word' id='word_1_514' title='bbox 1773 5087 1991 5151; x_wconf 82' lang='lat' dir='ltr'><strong>facere;</strong></span> <span class='ocrx_word' id='word_1_515' title='bbox 2024 5102 2128 5141; x_wconf 91' lang='lat' dir='ltr'><strong>non</strong></span> 
     </span>
    </p>
   </div>
   <div class='ocr_carea' id='block_1_67' title="bbox 538 5180 2131 5262">
    <p class='ocr_par' dir='ltr' id='par_1_67' title="bbox 538 5180 2131 5262">
     <span class='ocr_line' id='line_1_67' title="bbox 538 5180 2131 5262; baseline -0.009 -13"><span class='ocrx_word' id='word_1_516' title='bbox 538 5212 657 5253; x_wconf 75' lang='lat' dir='ltr'><strong>esse</strong></span> <span class='ocrx_word' id='word_1_517' title='bbox 698 5189 1010 5262; x_wconf 90' lang='lat' dir='ltr'><strong>superbum,</strong></span> <span class='ocrx_word' id='word_1_518' title='bbox 1048 5205 1065 5238; x_wconf 81' lang='grc' dir='ltr'><strong>ι</strong></span> <span class='ocrx_word' id='word_1_519' title='bbox 1106 5201 1211 5241; x_wconf 91' lang='lat' dir='ltr'><strong>non</strong></span> <span class='ocrx_word' id='word_1_520' title='bbox 1249 5183 1580 5239; x_wconf 88' lang='lat' dir='ltr'><strong>vinolentum</strong></span> <span class='ocrx_word' id='word_1_521' title='bbox 1608 5180 1737 5255; x_wconf 79' lang='lat' dir='ltr'><strong>(Tit.</strong></span> <span class='ocrx_word' id='word_1_522' title='bbox 1772 5197 1809 5245; x_wconf 91' lang='grc' dir='ltr'><strong><em>ι,</em></strong></span> <span class='ocrx_word' id='word_1_523' title='bbox 1844 5180 1921 5251; x_wconf 89' lang='grc'><strong>7),</strong></span> <span class='ocrx_word' id='word_1_524' title='bbox 1976 5199 1994 5232; x_wconf 80' lang='grc' dir='ltr'><strong>ι</strong></span> <span class='ocrx_word' id='word_1_525' title='bbox 2030 5195 2131 5235; x_wconf 88' lang='lat' dir='ltr'><strong>nec</strong></span> 
     </span>
    </p>
   </div>
   <div class='ocr_carea' id='block_1_68' title="bbox 541 5272 2124 5342">
    <p class='ocr_par' dir='ltr' id='par_1_68' title="bbox 541 5272 2124 5342">
     <span class='ocr_line' id='line_1_68' title="bbox 541 5272 2124 5342; baseline -0.011 0"><span class='ocrx_word' id='word_1_526' title='bbox 541 5286 765 5342; x_wconf 90' lang='lat' dir='ltr'><strong>multum</strong></span> <span class='ocrx_word' id='word_1_527' title='bbox 816 5278 1074 5342; x_wconf 80' lang='lat' dir='ltr'><strong>edacem,</strong></span> <span class='ocrx_word' id='word_1_528' title='bbox 1122 5292 1227 5332; x_wconf 90' lang='lat' dir='ltr'><strong>non</strong></span> <span class='ocrx_word' id='word_1_529' title='bbox 1272 5273 1688 5339; x_wconf 90' lang='lat' dir='ltr'><strong>somnolentum,</strong></span> <span class='ocrx_word' id='word_1_530' title='bbox 1739 5288 1844 5327; x_wconf 90' lang='lat' dir='ltr'><strong>non</strong></span> <span class='ocrx_word' id='word_1_531' title='bbox 1892 5272 2124 5341; x_wconf 86' lang='lat' dir='ltr'><strong>pigrum,</strong></span> 
     </span>
    </p>
   </div>
   <div class='ocr_carea' id='block_1_69' title="bbox 542 5362 2126 5436">
    <p class='ocr_par' dir='ltr' id='par_1_69' title="bbox 542 5362 2126 5436">
     <span class='ocr_line' id='line_1_69' title="bbox 542 5362 2126 5436; baseline -0.011 0"><span class='ocrx_word' id='word_1_532' title='bbox 542 5397 649 5436; x_wconf 90' lang='lat' dir='ltr'><strong>non</strong></span> <span class='ocrx_word' id='word_1_533' title='bbox 706 5368 1159 5431; x_wconf 84' lang='lat' dir='ltr'><strong>murmuratorem</strong></span> <span class='ocrx_word' id='word_1_534' title='bbox 1191 5410 1208 5436; x_wconf 93' lang='lat'><strong>,</strong></span> <span class='ocrx_word' id='word_1_535' title='bbox 1259 5384 1361 5424; x_wconf 91' lang='lat' dir='ltr'><strong>nec</strong></span> <span class='ocrx_word' id='word_1_536' title='bbox 1408 5364 1768 5423; x_wconf 81' lang='lat' dir='ltr'><strong>detractorem</strong></span> <span class='ocrx_word' id='word_1_537' title='bbox 1797 5405 1812 5431; x_wconf 89' lang='lat'><strong>,</strong></span> <span class='ocrx_word' id='word_1_538' title='bbox 1869 5366 1994 5434; x_wconf 89' lang='lat' dir='ltr'><strong>quia</strong></span> <span class='ocrx_word' id='word_1_539' title='bbox 2036 5362 2126 5434; x_wconf 90' lang='lat' dir='ltr'><strong>qui</strong></span> 
     </span>
    </p>
   </div>
   <div class='ocr_carea' id='block_1_70' title="bbox 542 5456 2126 5532">
    <p class='ocr_par' dir='ltr' id='par_1_70' title="bbox 542 5456 2126 5532">
     <span class='ocr_line' id='line_1_70' title="bbox 542 5456 2126 5532; baseline -0.012 -5"><span class='ocrx_word' id='word_1_540' title='bbox 542 5468 799 5532; x_wconf 88' lang='lat' dir='ltr'><strong>detrahit,</strong></span> <span class='ocrx_word' id='word_1_541' title='bbox 846 5480 954 5521; x_wconf 91' lang='lat' dir='ltr'><strong>non</strong></span> <span class='ocrx_word' id='word_1_542' title='bbox 1007 5460 1179 5518; x_wconf 90' lang='lat' dir='ltr'><strong>solum</strong></span> <span class='ocrx_word' id='word_1_543' title='bbox 1223 5477 1301 5527; x_wconf 90' lang='lat' dir='ltr'><strong>se,</strong></span> <span class='ocrx_word' id='word_1_544' title='bbox 1349 5461 1441 5515; x_wconf 90' lang='lat' dir='ltr'><strong>sed</strong></span> <span class='ocrx_word' id='word_1_545' title='bbox 1474 5460 1673 5514; x_wconf 88' lang='lat' dir='ltr'><strong>multos</strong></span> <span class='ocrx_word' id='word_1_546' title='bbox 1720 5458 1855 5513; x_wconf 90' lang='lat' dir='ltr'><strong>alios</strong></span> <span class='ocrx_word' id='word_1_547' title='bbox 1887 5456 2126 5525; x_wconf 88' lang='lat' dir='ltr'><strong>occidit;</strong></span> 
     </span>
    </p>
   </div>
   <div class='ocr_carea' id='block_1_71' title="bbox 532 5552 2133 5645">
    <p class='ocr_par' dir='ltr' id='par_1_71' title="bbox 532 5552 2133 5645">
     <span class='ocr_line' id='line_1_71' title="bbox 532 5552 2133 5645; baseline -0.011 -26"><span class='ocrx_word' id='word_1_548' title='bbox 532 5565 681 5645; x_wconf 79' lang='lat' dir='ltr'><strong>iram</strong></span> <span class='ocrx_word' id='word_1_549' title='bbox 733 5577 839 5616; x_wconf 91' lang='lat' dir='ltr'><strong>non</strong></span> <span class='ocrx_word' id='word_1_550' title='bbox 886 5556 1167 5630; x_wconf 75' lang='lat' dir='ltr'><strong>perficere,</strong></span> <span class='ocrx_word' id='word_1_551' title='bbox 1219 5569 1320 5609; x_wconf 89' lang='lat' dir='ltr'><strong>nec</strong></span> <span class='ocrx_word' id='word_1_552' title='bbox 1363 5552 1653 5608; x_wconf 70' lang='lat' dir='ltr'><strong>iracundia:</strong></span> <span class='ocrx_word' id='word_1_553' title='bbox 1701 5559 1912 5622; x_wconf 88' lang='lat' dir='ltr'><strong>tempus</strong></span> <span class='ocrx_word' id='word_1_554' title='bbox 1959 5563 2133 5604; x_wconf 87' lang='lat' dir='ltr'><strong>reser-</strong></span> 
     </span>
    </p>
   </div>
   <div class='ocr_carea' id='block_1_72' title="bbox 544 5639 2132 5713">
    <p class='ocr_par' dir='ltr' id='par_1_72' title="bbox 544 5639 2132 5713">
     <span class='ocr_line' id='line_1_72' title="bbox 544 5639 2132 5713; baseline -0.009 -3"><span class='ocrx_word' id='word_1_555' title='bbox 544 5671 694 5711; x_wconf 90' lang='lat' dir='ltr'><strong>vare.</strong></span> <span class='ocrx_word' id='word_1_556' title='bbox 729 5652 918 5708; x_wconf 89' lang='lat' dir='ltr'><strong>Dolum</strong></span> <span class='ocrx_word' id='word_1_557' title='bbox 950 5651 1002 5705; x_wconf 90' lang='lat' dir='ltr'><strong>in</strong></span> <span class='ocrx_word' id='word_1_558' title='bbox 1041 5646 1201 5705; x_wconf 84' lang='lat' dir='ltr'><strong>corde</strong></span> <span class='ocrx_word' id='word_1_559' title='bbox 1232 5663 1337 5702; x_wconf 91' lang='lat' dir='ltr'><strong>non</strong></span> <span class='ocrx_word' id='word_1_560' title='bbox 1370 5655 1571 5710; x_wconf 91' lang='lat' dir='ltr'><strong>tenere,</strong></span> <span class='ocrx_word' id='word_1_561' title='bbox 1602 5659 1702 5699; x_wconf 91' lang='lat' dir='ltr'><strong>nec</strong></span> <span class='ocrx_word' id='word_1_562' title='bbox 1727 5656 1914 5713; x_wconf 87' lang='lat' dir='ltr'><strong>pacem</strong></span> <span class='ocrx_word' id='word_1_563' title='bbox 1943 5639 2132 5695; x_wconf 87' lang='lat' dir='ltr'><strong>falsam</strong></span> 
     </span>
    </p>
   </div>
   <div class='ocr_carea' id='block_1_73' title="bbox 547 5738 2130 5814">
    <p class='ocr_par' dir='ltr' id='par_1_73' title="bbox 547 5738 2130 5814">
     <span class='ocr_line' id='line_1_73' title="bbox 547 5738 2130 5814; baseline -0.009 -6"><span class='ocrx_word' id='word_1_564' title='bbox 547 5753 677 5810; x_wconf 84' lang='lat' dir='ltr'><strong>dare</strong></span> <span class='ocrx_word' id='word_1_565' title='bbox 709 5790 722 5814; x_wconf 91' lang='lat'><strong>,</strong></span> <span class='ocrx_word' id='word_1_566' title='bbox 763 5747 1081 5803; x_wconf 87' lang='lat' dir='ltr'><strong>charitatem</strong></span> <span class='ocrx_word' id='word_1_567' title='bbox 1133 5759 1240 5797; x_wconf 91' lang='lat' dir='ltr'><strong>non</strong></span> <span class='ocrx_word' id='word_1_568' title='bbox 1294 5739 1669 5809; x_wconf 87' lang='lat' dir='ltr'><strong>derelinquere</strong></span> <span class='ocrx_word' id='word_1_569' title='bbox 1706 5778 1720 5805; x_wconf 86' lang='lat'><strong>,</strong></span> <span class='ocrx_word' id='word_1_570' title='bbox 1767 5753 1867 5794; x_wconf 90' lang='lat' dir='ltr'><strong>nec</strong></span> <span class='ocrx_word' id='word_1_571' title='bbox 1924 5738 2130 5808; x_wconf 88' lang='lat' dir='ltr'><strong>jurare,</strong></span> 
     </span>
    </p>
   </div>
   <div class='ocr_carea' id='block_1_74' title="bbox 550 5832 2134 5934">
    <p class='ocr_par' dir='ltr' id='par_1_74' title="bbox 550 5832 2134 5934">
     <span class='ocr_line' id='line_1_74' title="bbox 550 5832 2134 5934; baseline -0.013 -27"><span class='ocrx_word' id='word_1_572' title='bbox 550 5864 619 5921; x_wconf 82' lang='lat' dir='ltr'><strong>ne</strong></span> <span class='ocrx_word' id='word_1_573' title='bbox 651 5844 791 5904; x_wconf 88' lang='lat' dir='ltr'><strong>forte</strong></span> <span class='ocrx_word' id='word_1_574' title='bbox 818 5842 1065 5934; x_wconf 84' lang='lat' dir='ltr'><strong>perjurus</strong></span> <span class='ocrx_word' id='word_1_575' title='bbox 1095 5836 1261 5927; x_wconf 84' lang='lat' dir='ltr'><strong>(quod</strong></span> <span class='ocrx_word' id='word_1_576' title='bbox 1293 5837 1455 5909; x_wconf 84' lang='lat' dir='ltr'><strong>absit)</strong></span> <span class='ocrx_word' id='word_1_577' title='bbox 1486 5836 1597 5892; x_wconf 82' lang='lat' dir='ltr'><strong>ﬁat.</strong></span> <span class='ocrx_word' id='word_1_578' title='bbox 1630 5832 1824 5890; x_wconf 80' lang='lat' dir='ltr'><strong>Malum</strong></span> <span class='ocrx_word' id='word_1_579' title='bbox 1850 5849 1949 5913; x_wconf 87' lang='lat' dir='ltr'><strong>pro</strong></span> <span class='ocrx_word' id='word_1_580' title='bbox 1993 5832 2134 5890; x_wconf 89' lang='lat' dir='ltr'><strong>malo</strong></span> 
     </span>
    </p>
   </div>
   <div class='ocr_carea' id='block_1_75' title="bbox 2201 1943 3806 2018">
    <p class='ocr_par' dir='ltr' id='par_1_75' title="bbox 2201 1943 3806 2018">
     <span class='ocr_line' id='line_1_75' title="bbox 2201 1943 3806 2018; baseline 0.001 -18"><span class='ocrx_word' id='word_1_581' title='bbox 2201 1946 2420 2002; x_wconf 91' lang='lat' dir='ltr'><strong>etiamsi</strong></span> <span class='ocrx_word' id='word_1_582' title='bbox 2471 1946 2572 2016; x_wconf 88' lang='lat' dir='ltr'><strong>ipsi</strong></span> <span class='ocrx_word' id='word_1_583' title='bbox 2623 1945 2781 2001; x_wconf 89' lang='lat' dir='ltr'><strong>aliter</strong></span> <span class='ocrx_word' id='word_1_584' title='bbox 2851 1946 3018 2018; x_wconf 86' lang='lat' dir='ltr'><strong>(quod</strong></span> <span class='ocrx_word' id='word_1_585' title='bbox 3068 1943 3230 2016; x_wconf 89' lang='lat' dir='ltr'><strong>absit)</strong></span> <span class='ocrx_word' id='word_1_586' title='bbox 3283 1954 3479 2017; x_wconf 88' lang='lat' dir='ltr'><strong>agant,</strong></span> <span class='ocrx_word' id='word_1_587' title='bbox 3534 1960 3806 2002; x_wconf 83' lang='lat' dir='ltr'><strong>memores</strong></span> 
     </span>
    </p>
   </div>
   <div class='ocr_carea' id='block_1_76' title="bbox 2205 2026 3805 2109">
    <p class='ocr_par' dir='ltr' id='par_1_76' title="bbox 2205 2026 3805 2109">
     <span class='ocr_line' id='line_1_76' title="bbox 2205 2026 3805 2109; baseline -0.001 -16"><span class='ocrx_word' id='word_1_588' title='bbox 2205 2037 2416 2109; x_wconf 86' lang='lat' dir='ltr'><strong>scilicet</strong></span> <span class='ocrx_word' id='word_1_589' title='bbox 2452 2036 2595 2093; x_wconf 91' lang='lat' dir='ltr'><strong>illius</strong></span> <span class='ocrx_word' id='word_1_590' title='bbox 2622 2036 2884 2093; x_wconf 87' lang='lat' dir='ltr'><strong>Dominici</strong></span> <span class='ocrx_word' id='word_1_591' title='bbox 2910 2037 3165 2107; x_wconf 73' lang='lat' dir='ltr'><strong>prtecepti</strong></span> <span class='ocrx_word' id='word_1_592' title='bbox 3188 2050 3202 2089; x_wconf 91' lang='lat'><strong>:</strong></span> <span class='ocrx_word' id='word_1_593' title='bbox 3225 2053 3242 2086; x_wconf 78' lang='grc' dir='ltr'><strong>ι</strong></span> <span class='ocrx_word' id='word_1_594' title='bbox 3264 2034 3394 2104; x_wconf 70' lang='lat' dir='ltr'><strong>Qua:</strong></span> <span class='ocrx_word' id='word_1_595' title='bbox 3408 2026 3596 2091; x_wconf 86' lang='lat' dir='ltr'><strong>dicunt</strong></span> <span class='ocrx_word' id='word_1_596' title='bbox 3618 2035 3805 2105; x_wconf 85' lang='lat' dir='ltr'><strong>facite,</strong></span> 
     </span>
    </p>
   </div>
   <div class='ocr_carea' id='block_1_77' title="bbox 2205 2125 3801 2214">
    <p class='ocr_par' dir='ltr' id='par_1_77' title="bbox 2205 2125 3801 2214">
     <span class='ocr_line' id='line_1_77' title="bbox 2205 2125 3801 2214; baseline -0.003 -29"><span class='ocrx_word' id='word_1_597' title='bbox 2205 2145 2326 2214; x_wconf 78' lang='lat' dir='ltr'><strong>quae</strong></span> <span class='ocrx_word' id='word_1_598' title='bbox 2363 2142 2545 2184; x_wconf 87' lang='lat' dir='ltr'><strong>autem</strong></span> <span class='ocrx_word' id='word_1_599' title='bbox 2580 2128 2787 2184; x_wconf 87' lang='lat' dir='ltr'><strong>faciunt</strong></span> <span class='ocrx_word' id='word_1_600' title='bbox 2821 2125 3004 2184; x_wconf 87' lang='lat' dir='ltr'><strong>facere</strong></span> <span class='ocrx_word' id='word_1_601' title='bbox 3041 2127 3208 2184; x_wconf 89' lang='lat' dir='ltr'><strong>nolite</strong></span> <span class='ocrx_word' id='word_1_602' title='bbox 3237 2126 3456 2199; x_wconf 78' lang='lat' dir='ltr'><strong>(Matth.</strong></span> <span class='ocrx_word' id='word_1_603' title='bbox 3485 2143 3642 2194; x_wconf 65' lang='grc' dir='ltr'><strong><em>χχιιι,</em></strong></span> <span class='ocrx_word' id='word_1_604' title='bbox 3669 2127 3751 2199; x_wconf 82' lang='grc'><strong>5).</strong></span> <span class='ocrx_word' id='word_1_605' title='bbox 3782 2146 3801 2180; x_wconf 75' lang='grc' dir='ltr'><strong>ι</strong></span> 
     </span>
    </p>
   </div>
   <div class='ocr_carea' id='block_1_78' title="bbox 2205 2218 3809 2292">
    <p class='ocr_par' dir='ltr' id='par_1_78' title="bbox 2205 2218 3809 2292">
     <span class='ocr_line' id='line_1_78' title="bbox 2205 2218 3809 2292; baseline 0 -15"><span class='ocrx_word' id='word_1_606' title='bbox 2205 2218 2315 2292; x_wconf 85' lang='lat' dir='ltr'><strong>Ipsi</strong></span> <span class='ocrx_word' id='word_1_607' title='bbox 2363 2230 2545 2277; x_wconf 84' lang='lat' dir='ltr'><strong>autem</strong></span> <span class='ocrx_word' id='word_1_608' title='bbox 2587 2221 2824 2291; x_wconf 89' lang='lat' dir='ltr'><strong>episcopi</strong></span> <span class='ocrx_word' id='word_1_609' title='bbox 2871 2221 2915 2275; x_wconf 88' lang='lat' dir='ltr'><strong>si</strong></span> <span class='ocrx_word' id='word_1_610' title='bbox 2946 2219 3372 2277; x_wconf 79' lang='lat' dir='ltr'><strong>exorbitaverint</strong></span> <span class='ocrx_word' id='word_1_611' title='bbox 3418 2221 3485 2277; x_wconf 88' lang='lat' dir='ltr'><strong>ab</strong></span> <span class='ocrx_word' id='word_1_612' title='bbox 3518 2221 3658 2288; x_wconf 89' lang='lat' dir='ltr'><strong>istis,</strong></span> <span class='ocrx_word' id='word_1_613' title='bbox 3702 2236 3809 2277; x_wconf 91' lang='lat' dir='ltr'><strong>non</strong></span> 
     </span>
    </p>
   </div>
   <div class='ocr_carea' id='block_1_79' title="bbox 2207 2302 3809 2395">
    <p class='ocr_par' dir='ltr' id='par_1_79' title="bbox 2207 2302 3809 2395">
     <span class='ocr_line' id='line_1_79' title="bbox 2207 2302 3809 2395; baseline -0.001 -28"><span class='ocrx_word' id='word_1_614' title='bbox 2207 2320 2335 2395; x_wconf 83' lang='lat' dir='ltr'><strong>sunt</strong></span> <span class='ocrx_word' id='word_1_615' title='bbox 2385 2310 2855 2382; x_wconf 89' lang='lat' dir='ltr'><strong>reprehendendi,</strong></span> <span class='ocrx_word' id='word_1_616' title='bbox 2906 2310 2990 2364; x_wconf 88' lang='lat' dir='ltr'><strong>vel</strong></span> <span class='ocrx_word' id='word_1_617' title='bbox 3044 2309 3346 2383; x_wconf 85' lang='lat' dir='ltr'><strong>arguendi,</strong></span> <span class='ocrx_word' id='word_1_618' title='bbox 3393 2312 3486 2367; x_wconf 90' lang='lat' dir='ltr'><strong>sed</strong></span> <span class='ocrx_word' id='word_1_619' title='bbox 3531 2302 3809 2382; x_wconf 84' lang='lat' dir='ltr'><strong>portandi,</strong></span> 
     </span>
    </p>
   </div>
   <div class='ocr_carea' id='block_1_80' title="bbox 2208 2400 3811 2476">
    <p class='ocr_par' dir='ltr' id='par_1_80' title="bbox 2208 2400 3811 2476">
     <span class='ocr_line' id='line_1_80' title="bbox 2208 2400 3811 2476; baseline -0.001 -18"><span class='ocrx_word' id='word_1_620' title='bbox 2208 2404 2316 2476; x_wconf 66' lang='lat' dir='ltr'><strong>nis:</strong></span> <span class='ocrx_word' id='word_1_621' title='bbox 2347 2406 2401 2458; x_wconf 87' lang='lat' dir='ltr'><strong>in</strong></span> <span class='ocrx_word' id='word_1_622' title='bbox 2441 2402 2547 2459; x_wconf 88' lang='lat' dir='ltr'><strong>fide</strong></span> <span class='ocrx_word' id='word_1_623' title='bbox 2592 2402 2912 2458; x_wconf 84' lang='lat' dir='ltr'><strong>erraverint.</strong></span> <span class='ocrx_word' id='word_1_624' title='bbox 2947 2400 3011 2456; x_wconf 75' lang='lat' dir='ltr'><strong>ili</strong></span> <span class='ocrx_word' id='word_1_625' title='bbox 3049 2415 3180 2474; x_wconf 87' lang='lat' dir='ltr'><strong>ergo</strong></span> <span class='ocrx_word' id='word_1_626' title='bbox 3207 2417 3369 2473; x_wconf 89' lang='lat' dir='ltr'><strong>super</strong></span> <span class='ocrx_word' id='word_1_627' title='bbox 3398 2402 3498 2460; x_wconf 92' lang='lat' dir='ltr'><strong>bos</strong></span> <span class='ocrx_word' id='word_1_628' title='bbox 3524 2412 3675 2470; x_wconf 88' lang='lat' dir='ltr'><strong>sunt,</strong></span> <span class='ocrx_word' id='word_1_629' title='bbox 3704 2418 3811 2458; x_wconf 90' lang='lat' dir='ltr'><strong>non</strong></span> 
     </span>
    </p>
   </div>
   <div class='ocr_carea' id='block_1_81' title="bbox 2211 2492 3810 2567">
    <p class='ocr_par' dir='ltr' id='par_1_81' title="bbox 2211 2492 3810 2567">
     <span class='ocr_line' id='line_1_81' title="bbox 2211 2492 3810 2567; baseline -0.001 -15"><span class='ocrx_word' id='word_1_630' title='bbox 2211 2495 2288 2552; x_wconf 87' lang='lat' dir='ltr'><strong>illi</strong></span> <span class='ocrx_word' id='word_1_631' title='bbox 2320 2509 2485 2567; x_wconf 88' lang='lat' dir='ltr'><strong>super</strong></span> <span class='ocrx_word' id='word_1_632' title='bbox 2512 2495 2667 2559; x_wconf 90' lang='lat' dir='ltr'><strong>istos,</strong></span> <span class='ocrx_word' id='word_1_633' title='bbox 2690 2494 2950 2565; x_wconf 88' lang='lat' dir='ltr'><strong>quoniam</strong></span> <span class='ocrx_word' id='word_1_634' title='bbox 2989 2492 3164 2564; x_wconf 86' lang='lat' dir='ltr'><strong>major</strong></span> <span class='ocrx_word' id='word_1_635' title='bbox 3195 2511 3223 2549; x_wconf 91' lang='lat' dir='ltr'><strong>a</strong></span> <span class='ocrx_word' id='word_1_636' title='bbox 3266 2494 3479 2551; x_wconf 89' lang='lat' dir='ltr'><strong>minore</strong></span> <span class='ocrx_word' id='word_1_637' title='bbox 3506 2511 3607 2552; x_wconf 89' lang='lat' dir='ltr'><strong>nec</strong></span> <span class='ocrx_word' id='word_1_638' title='bbox 3633 2496 3810 2566; x_wconf 87' lang='lat' dir='ltr'><strong>argui,</strong></span> 
     </span>
    </p>
   </div>
   <div class='ocr_carea' id='block_1_82' title="bbox 2210 2586 3814 2681">
    <p class='ocr_par' dir='ltr' id='par_1_82' title="bbox 2210 2586 3814 2681">
     <span class='ocr_line' id='line_1_82' title="bbox 2210 2586 3814 2681; baseline 0.004 -38"><span class='ocrx_word' id='word_1_639' title='bbox 2210 2604 2314 2681; x_wconf 76' lang='lat' dir='ltr'><strong>nec</strong></span> <span class='ocrx_word' id='word_1_640' title='bbox 2335 2586 2571 2658; x_wconf 89' lang='lat' dir='ltr'><strong>judicari</strong></span> <span class='ocrx_word' id='word_1_641' title='bbox 2604 2597 2823 2673; x_wconf 36' lang='lat' dir='ltr'><strong>potesta</strong></span> <span class='ocrx_word' id='word_1_642' title='bbox 2849 2587 3038 2644; x_wconf 86' lang='lat' dir='ltr'><strong>Nullus</strong></span> <span class='ocrx_word' id='word_1_643' title='bbox 3069 2602 3127 2644; x_wconf 92' lang='lat' dir='ltr'><strong>se</strong></span> <span class='ocrx_word' id='word_1_644' title='bbox 3158 2588 3381 2645; x_wconf 81' lang='lat' dir='ltr'><strong>extollat</strong></span> <span class='ocrx_word' id='word_1_645' title='bbox 3407 2603 3534 2663; x_wconf 83' lang='lat' dir='ltr'><strong>erga</strong></span> <span class='ocrx_word' id='word_1_646' title='bbox 3562 2589 3814 2649; x_wconf 86' lang='lat' dir='ltr'><strong>doctores</strong></span> 
     </span>
    </p>
   </div>
   <div class='ocr_carea' id='block_1_83' title="bbox 2214 2680 3813 2767">
    <p class='ocr_par' dir='ltr' id='par_1_83' title="bbox 2214 2680 3813 2767">
     <span class='ocr_line' id='line_1_83' title="bbox 2214 2680 3813 2767; baseline 0.001 -32"><span class='ocrx_word' id='word_1_647' title='bbox 2214 2680 2279 2761; x_wconf 82' lang='lat' dir='ltr'><strong>ac</strong></span> <span class='ocrx_word' id='word_1_648' title='bbox 2308 2682 2601 2767; x_wconf 80' lang='lat' dir='ltr'><strong>magistros</strong></span> <span class='ocrx_word' id='word_1_649' title='bbox 2618 2696 2764 2746; x_wconf 91' lang='lat' dir='ltr'><strong>suos,</strong></span> <span class='ocrx_word' id='word_1_650' title='bbox 2793 2681 2919 2750; x_wconf 88' lang='lat' dir='ltr'><strong>quia</strong></span> <span class='ocrx_word' id='word_1_651' title='bbox 2941 2698 2960 2732; x_wconf 74' lang='grc' dir='ltr'><strong>ι</strong></span> <span class='ocrx_word' id='word_1_652' title='bbox 2993 2680 3290 2752; x_wconf 90' lang='lat' dir='ltr'><strong>discipulus</strong></span> <span class='ocrx_word' id='word_1_653' title='bbox 3305 2696 3466 2752; x_wconf 88' lang='lat' dir='ltr'><strong>super</strong></span> <span class='ocrx_word' id='word_1_654' title='bbox 3494 2682 3813 2753; x_wconf 85' lang='lat' dir='ltr'><strong>magistrum</strong></span> 
     </span>
    </p>
   </div>
   <div class='ocr_carea' id='block_1_84' title="bbox 2214 2762 3817 2848">
    <p class='ocr_par' dir='ltr' id='par_1_84' title="bbox 2214 2762 3817 2848">
     <span class='ocr_line' id='line_1_84' title="bbox 2214 2762 3817 2848; baseline 0.002 -20"><span class='ocrx_word' id='word_1_655' title='bbox 2214 2788 2323 2829; x_wconf 91' lang='lat' dir='ltr'><strong>non</strong></span> <span class='ocrx_word' id='word_1_656' title='bbox 2349 2785 2470 2827; x_wconf 90' lang='lat' dir='ltr'><strong>esse</strong></span> <span class='ocrx_word' id='word_1_657' title='bbox 2499 2762 2802 2848; x_wconf 66' lang='lat' dir='ltr'><strong>(Hau/1.x,</strong></span> <span class='ocrx_word' id='word_1_658' title='bbox 2844 2769 2936 2843; x_wconf 68' lang='lat'><strong>24)</strong></span> <span class='ocrx_word' id='word_1_659' title='bbox 2972 2790 2990 2823; x_wconf 77' lang='grc' dir='ltr'><strong>ι</strong></span> <span class='ocrx_word' id='word_1_660' title='bbox 3023 2764 3180 2827; x_wconf 84' lang='lat' dir='ltr'><strong>debet</strong></span> <span class='ocrx_word' id='word_1_661' title='bbox 3234 2787 3335 2828; x_wconf 89' lang='lat' dir='ltr'><strong>nec</strong></span> <span class='ocrx_word' id='word_1_662' title='bbox 3375 2762 3572 2842; x_wconf 81' lang='lat' dir='ltr'><strong>potest.</strong></span> <span class='ocrx_word' id='word_1_663' title='bbox 3627 2771 3817 2831; x_wconf 85' lang='lat' dir='ltr'><strong>Nullus</strong></span> 
     </span>
    </p>
   </div>
   <div class='ocr_carea' id='block_1_85' title="bbox 2214 2852 3820 2936">
    <p class='ocr_par' dir='ltr' id='par_1_85' title="bbox 2214 2852 3820 2936">
     <span class='ocr_line' id='line_1_85' title="bbox 2214 2852 3820 2936; baseline 0.003 -19"><span class='ocrx_word' id='word_1_664' title='bbox 2214 2863 2346 2919; x_wconf 81' lang='lat' dir='ltr'><strong>velit</strong></span> <span class='ocrx_word' id='word_1_665' title='bbox 2378 2863 2484 2918; x_wconf 88' lang='lat' dir='ltr'><strong>dici</strong></span> <span class='ocrx_word' id='word_1_666' title='bbox 2514 2872 2735 2919; x_wconf 90' lang='lat' dir='ltr'><strong>sanctus</strong></span> <span class='ocrx_word' id='word_1_667' title='bbox 2758 2903 2773 2927; x_wconf 91' lang='lat'><strong>,</strong></span> <span class='ocrx_word' id='word_1_668' title='bbox 2824 2871 3113 2934; x_wconf 88' lang='lat' dir='ltr'><strong>antequam</strong></span> <span class='ocrx_word' id='word_1_669' title='bbox 3159 2856 3253 2931; x_wconf 81' lang='lat' dir='ltr'><strong>sit,</strong></span> <span class='ocrx_word' id='word_1_670' title='bbox 3287 2852 3382 2921; x_wconf 82' lang='lat' dir='ltr'><strong>sed</strong></span> <span class='ocrx_word' id='word_1_671' title='bbox 3425 2852 3576 2936; x_wconf 84' lang='lat' dir='ltr'><strong>prius</strong></span> <span class='ocrx_word' id='word_1_672' title='bbox 3612 2868 3704 2933; x_wconf 91' lang='lat' dir='ltr'><strong>sit,</strong></span> <span class='ocrx_word' id='word_1_673' title='bbox 3760 2875 3820 2922; x_wconf 90' lang='lat' dir='ltr'><strong>ut</strong></span> 
     </span>
    </p>
   </div>
   <div class='ocr_carea' id='block_1_86' title="bbox 2217 2946 3820 3031">
    <p class='ocr_par' dir='ltr' id='par_1_86' title="bbox 2217 2946 3820 3031">
     <span class='ocr_line' id='line_1_86' title="bbox 2217 2946 3820 3031; baseline 0.004 -23"><span class='ocrx_word' id='word_1_674' title='bbox 2217 2946 2402 3010; x_wconf 73' lang='lat' dir='ltr'><strong>verius</strong></span> <span class='ocrx_word' id='word_1_675' title='bbox 2456 2953 2688 3009; x_wconf 90' lang='lat' dir='ltr'><strong>dicatur.</strong></span> <span class='ocrx_word' id='word_1_676' title='bbox 2736 2952 3013 3026; x_wconf 85' lang='lat' dir='ltr'><strong>Praecepta</strong></span> <span class='ocrx_word' id='word_1_677' title='bbox 3060 2946 3272 3011; x_wconf 80' lang='lat' dir='ltr'><strong>Domini</strong></span> <span class='ocrx_word' id='word_1_678' title='bbox 3321 2956 3711 3031; x_wconf 88' lang='lat' dir='ltr'><strong>doctorumque</strong></span> <span class='ocrx_word' id='word_1_679' title='bbox 3755 2970 3820 3015; x_wconf 90' lang='lat' dir='ltr'><strong>ac</strong></span> 
     </span>
    </p>
   </div>
   <div class='ocr_carea' id='block_1_87' title="bbox 2219 3040 3822 3119">
    <p class='ocr_par' dir='ltr' id='par_1_87' title="bbox 2219 3040 3822 3119">
     <span class='ocr_line' id='line_1_87' title="bbox 2219 3040 3822 3119; baseline 0.004 -19"><span class='ocrx_word' id='word_1_680' title='bbox 2219 3046 2603 3117; x_wconf 83' lang='lat' dir='ltr'><strong>magistrorum</strong></span> <span class='ocrx_word' id='word_1_681' title='bbox 2632 3044 2790 3102; x_wconf 84' lang='lat' dir='ltr'><strong>factis</strong></span> <span class='ocrx_word' id='word_1_682' title='bbox 2817 3047 3059 3117; x_wconf 88' lang='lat' dir='ltr'><strong>quotidie</strong></span> <span class='ocrx_word' id='word_1_683' title='bbox 3098 3040 3418 3119; x_wconf 82' lang='lat' dir='ltr'><strong>adimplere,</strong></span> <span class='ocrx_word' id='word_1_684' title='bbox 3445 3058 3501 3103; x_wconf 93' lang='lat' dir='ltr'><strong>et</strong></span> <span class='ocrx_word' id='word_1_685' title='bbox 3532 3048 3585 3104; x_wconf 92' lang='lat' dir='ltr'><strong>in</strong></span> <span class='ocrx_word' id='word_1_686' title='bbox 3614 3046 3822 3106; x_wconf 86' lang='lat' dir='ltr'><strong>Christi</strong></span> 
     </span>
    </p>
   </div>
   <div class='ocr_carea' id='block_1_88' title="bbox 2218 3132 3824 3210">
    <p class='ocr_par' dir='ltr' id='par_1_88' title="bbox 2218 3132 3824 3210">
     <span class='ocr_line' id='line_1_88' title="bbox 2218 3132 3824 3210; baseline 0.003 -18"><span class='ocrx_word' id='word_1_687' title='bbox 2218 3137 2438 3192; x_wconf 89' lang='lat' dir='ltr'><strong>nomine</strong></span> <span class='ocrx_word' id='word_1_688' title='bbox 2463 3152 2563 3207; x_wconf 94' lang='lat' dir='ltr'><strong>pro</strong></span> <span class='ocrx_word' id='word_1_689' title='bbox 2589 3135 2828 3193; x_wconf 88' lang='lat' dir='ltr'><strong>inimicis</strong></span> <span class='ocrx_word' id='word_1_690' title='bbox 2853 3132 3010 3194; x_wconf 90' lang='lat' dir='ltr'><strong>orare</strong></span> <span class='ocrx_word' id='word_1_691' title='bbox 3039 3146 3270 3210; x_wconf 90' lang='lat' dir='ltr'><strong>eportet.</strong></span> <span class='ocrx_word' id='word_1_692' title='bbox 3312 3132 3625 3197; x_wconf 82' lang='lat' dir='ltr'><strong>Ohedientia</strong></span> <span class='ocrx_word' id='word_1_693' title='bbox 3672 3142 3824 3197; x_wconf 90' lang='lat' dir='ltr'><strong>enim</strong></span> 
     </span>
    </p>
   </div>
   <div class='ocr_carea' id='block_1_89' title="bbox 2218 3224 3821 3303">
    <p class='ocr_par' dir='ltr' id='par_1_89' title="bbox 2218 3224 3821 3303">
     <span class='ocr_line' id='line_1_89' title="bbox 2218 3224 3821 3303; baseline 0.004 -18"><span class='ocrx_word' id='word_1_694' title='bbox 2218 3238 2274 3285; x_wconf 90' lang='lat' dir='ltr'><strong>et</strong></span> <span class='ocrx_word' id='word_1_695' title='bbox 2306 3228 2628 3294; x_wconf 89' lang='lat' dir='ltr'><strong>humiliatio,</strong></span> <span class='ocrx_word' id='word_1_696' title='bbox 2655 3246 2776 3300; x_wconf 61' lang='lat' dir='ltr'><strong>quae</strong></span> <span class='ocrx_word' id='word_1_697' title='bbox 2805 3224 3082 3302; x_wconf 75' lang='lat' dir='ltr'><strong>magistris</strong></span> <span class='ocrx_word' id='word_1_698' title='bbox 3106 3226 3301 3303; x_wconf 84' lang='lat' dir='ltr'><strong>agitur,</strong></span> <span class='ocrx_word' id='word_1_699' title='bbox 3336 3232 3564 3291; x_wconf 91' lang='lat' dir='ltr'><strong>Domino</strong></span> <span class='ocrx_word' id='word_1_700' title='bbox 3593 3235 3821 3292; x_wconf 81' lang='lat' dir='ltr'><strong>exhibe-</strong></span> 
     </span>
    </p>
   </div>
   <div class='ocr_carea' id='block_1_90' title="bbox 2220 3316 3824 3389">
    <p class='ocr_par' dir='ltr' id='par_1_90' title="bbox 2220 3316 3824 3389">
     <span class='ocr_line' id='line_1_90' title="bbox 2220 3316 3824 3389; baseline 0.002 -8"><span class='ocrx_word' id='word_1_701' title='bbox 2220 3334 2328 3381; x_wconf 89' lang='lat' dir='ltr'><strong>tur.</strong></span> <span class='ocrx_word' id='word_1_702' title='bbox 2371 3341 2389 3376; x_wconf 84' lang='lat' dir='ltr'><strong>t</strong></span> <span class='ocrx_word' id='word_1_703' title='bbox 2429 3321 2618 3380; x_wconf 86' lang='lat' dir='ltr'><strong>Timor</strong></span> <span class='ocrx_word' id='word_1_704' title='bbox 2665 3318 2876 3380; x_wconf 83' lang='lat' dir='ltr'><strong>Domini</strong></span> <span class='ocrx_word' id='word_1_705' title='bbox 2914 3316 3228 3389; x_wconf 86' lang='lat' dir='ltr'><strong>delectabit,</strong></span> <span class='ocrx_word' id='word_1_706' title='bbox 3279 3318 3335 3382; x_wconf 76' lang='lat' dir='ltr'><strong>et</strong></span> <span class='ocrx_word' id='word_1_707' title='bbox 3382 3324 3534 3383; x_wconf 86' lang='lat' dir='ltr'><strong>dabit</strong></span> <span class='ocrx_word' id='word_1_708' title='bbox 3576 3328 3824 3385; x_wconf 67' lang='lat' dir='ltr'><strong>laetitiam</strong></span> 
     </span>
    </p>
   </div>
   <div class='ocr_carea' id='block_1_91' title="bbox 2218 3414 3830 3489">
    <p class='ocr_par' dir='ltr' id='par_1_91' title="bbox 2218 3414 3830 3489">
     <span class='ocr_line' id='line_1_91' title="bbox 2218 3414 3830 3489; baseline 0.002 -15"><span class='ocrx_word' id='word_1_709' title='bbox 2218 3426 2272 3475; x_wconf 89' lang='lat' dir='ltr'><strong>et</strong></span> <span class='ocrx_word' id='word_1_710' title='bbox 2300 3415 2556 3489; x_wconf 86' lang='lat' dir='ltr'><strong>gaudium</strong></span> <span class='ocrx_word' id='word_1_711' title='bbox 2587 3417 2640 3472; x_wconf 91' lang='lat' dir='ltr'><strong>in</strong></span> <span class='ocrx_word' id='word_1_712' title='bbox 2669 3415 3057 3487; x_wconf 85' lang='lat' dir='ltr'><strong>longitudinem</strong></span> <span class='ocrx_word' id='word_1_713' title='bbox 3103 3414 3333 3474; x_wconf 84' lang='lat' dir='ltr'><strong>dierum.</strong></span> <span class='ocrx_word' id='word_1_714' title='bbox 3365 3414 3607 3475; x_wconf 86' lang='lat' dir='ltr'><strong>Timent&#39;r</strong></span> <span class='ocrx_word' id='word_1_715' title='bbox 3639 3418 3830 3478; x_wconf 81' lang='lat' dir='ltr'><strong>Domi-</strong></span> 
     </span>
    </p>
   </div>
   <div class='ocr_carea' id='block_1_92' title="bbox 2219 3506 3828 3570">
    <p class='ocr_par' dir='ltr' id='par_1_92' title="bbox 2219 3506 3828 3570">
     <span class='ocr_line' id='line_1_92' title="bbox 2219 3506 3828 3570; baseline 0.003 -5"><span class='ocrx_word' id='word_1_716' title='bbox 2219 3526 2348 3566; x_wconf 91' lang='lat' dir='ltr'><strong>num</strong></span> <span class='ocrx_word' id='word_1_717' title='bbox 2390 3508 2527 3566; x_wconf 87' lang='lat' dir='ltr'><strong>bene</strong></span> <span class='ocrx_word' id='word_1_718' title='bbox 2572 3510 2677 3565; x_wconf 89' lang='lat' dir='ltr'><strong>erit</strong></span> <span class='ocrx_word' id='word_1_719' title='bbox 2720 3509 2774 3564; x_wconf 91' lang='lat' dir='ltr'><strong>in</strong></span> <span class='ocrx_word' id='word_1_720' title='bbox 2823 3511 3085 3566; x_wconf 81' lang='lat' dir='ltr'><strong>extremis</strong></span> <span class='ocrx_word' id='word_1_721' title='bbox 3135 3518 3191 3565; x_wconf 91' lang='lat' dir='ltr'><strong>et</strong></span> <span class='ocrx_word' id='word_1_722' title='bbox 3236 3506 3292 3565; x_wconf 90' lang='lat' dir='ltr'><strong>in</strong></span> <span class='ocrx_word' id='word_1_723' title='bbox 3340 3508 3426 3567; x_wconf 91' lang='lat' dir='ltr'><strong>die</strong></span> <span class='ocrx_word' id='word_1_724' title='bbox 3462 3510 3828 3570; x_wconf 87' lang='lat' dir='ltr'><strong>defunctionis</strong></span> 
     </span>
    </p>
   </div>
   <div class='ocr_carea' id='block_1_93' title="bbox 2219 3594 3828 3677">
    <p class='ocr_par' dir='ltr' id='par_1_93' title="bbox 2219 3594 3828 3677">
     <span class='ocr_line' id='line_1_93' title="bbox 2219 3594 3828 3677; baseline 0.002 -19"><span class='ocrx_word' id='word_1_725' title='bbox 2219 3594 2332 3658; x_wconf 66' lang='lat' dir='ltr'><strong>sua:</strong></span> <span class='ocrx_word' id='word_1_726' title='bbox 2386 3601 2671 3658; x_wconf 90' lang='lat' dir='ltr'><strong>benedicet</strong></span> <span class='ocrx_word' id='word_1_727' title='bbox 2721 3599 2908 3674; x_wconf 78' lang='lat' dir='ltr'><strong>(Eccli.</strong></span> <span class='ocrx_word' id='word_1_728' title='bbox 2962 3619 3001 3670; x_wconf 91' lang='grc' dir='ltr'><strong><em>ι,</em></strong></span> <span class='ocrx_word' id='word_1_729' title='bbox 3058 3602 3148 3671; x_wconf 70' lang='grc'><strong>12,</strong></span> <span class='ocrx_word' id='word_1_730' title='bbox 3208 3602 3317 3677; x_wconf 82' lang='grc'><strong>15).</strong></span> <span class='ocrx_word' id='word_1_731' title='bbox 3387 3624 3407 3657; x_wconf 79' lang='grc' dir='ltr'><strong>ι</strong></span> <span class='ocrx_word' id='word_1_732' title='bbox 3452 3604 3543 3661; x_wconf 75' lang='lat' dir='ltr'><strong>Va:</strong></span> <span class='ocrx_word' id='word_1_733' title='bbox 3587 3605 3828 3662; x_wconf 85' lang='lat' dir='ltr'><strong>dissolu-</strong></span> 
     </span>
    </p>
   </div>
   <div class='ocr_carea' id='block_1_94' title="bbox 2220 3694 3830 3766">
    <p class='ocr_par' dir='ltr' id='par_1_94' title="bbox 2220 3694 3830 3766">
     <span class='ocr_line' id='line_1_94' title="bbox 2220 3694 3830 3766; baseline 0.002 -15"><span class='ocrx_word' id='word_1_734' title='bbox 2220 3696 2291 3751; x_wconf 88' lang='lat' dir='ltr'><strong>tis</strong></span> <span class='ocrx_word' id='word_1_735' title='bbox 2337 3695 2523 3763; x_wconf 86' lang='lat' dir='ltr'><strong>corde,</strong></span> <span class='ocrx_word' id='word_1_736' title='bbox 2580 3695 2673 3766; x_wconf 90' lang='lat' dir='ltr'><strong>qui</strong></span> <span class='ocrx_word' id='word_1_737' title='bbox 2723 3710 2829 3750; x_wconf 92' lang='lat' dir='ltr'><strong>non</strong></span> <span class='ocrx_word' id='word_1_738' title='bbox 2880 3695 3230 3751; x_wconf 88' lang='lat' dir='ltr'><strong>crediderunt</strong></span> <span class='ocrx_word' id='word_1_739' title='bbox 3279 3694 3407 3763; x_wconf 90' lang='lat' dir='ltr'><strong>Deo,</strong></span> <span class='ocrx_word' id='word_1_740' title='bbox 3456 3707 3513 3752; x_wconf 91' lang='lat' dir='ltr'><strong>et</strong></span> <span class='ocrx_word' id='word_1_741' title='bbox 3560 3698 3830 3755; x_wconf 89' lang='lat' dir='ltr'><strong>resistunt</strong></span> 
     </span>
    </p>
   </div>
   <div class='ocr_carea' id='block_1_95' title="bbox 2222 3782 3831 3869">
    <p class='ocr_par' dir='ltr' id='par_1_95' title="bbox 2222 3782 3831 3869">
     <span class='ocr_line' id='line_1_95' title="bbox 2222 3782 3831 3869; baseline 0.004 -29"><span class='ocrx_word' id='word_1_742' title='bbox 2222 3786 2494 3869; x_wconf 71' lang='lat' dir='ltr'><strong>mandatis</strong></span> <span class='ocrx_word' id='word_1_743' title='bbox 2539 3783 2678 3857; x_wconf 85' lang='lat' dir='ltr'><strong>ejus,</strong></span> <span class='ocrx_word' id='word_1_744' title='bbox 2720 3794 2776 3841; x_wconf 91' lang='lat' dir='ltr'><strong>et</strong></span> <span class='ocrx_word' id='word_1_745' title='bbox 2822 3782 3200 3842; x_wconf 85' lang='lat' dir='ltr'><strong>inobedientes</strong></span> <span class='ocrx_word' id='word_1_746' title='bbox 3233 3803 3297 3844; x_wconf 90' lang='lat' dir='ltr'><strong>ac</strong></span> <span class='ocrx_word' id='word_1_747' title='bbox 3323 3800 3671 3846; x_wconf 88' lang='lat' dir='ltr'><strong>contumaces</strong></span> <span class='ocrx_word' id='word_1_748' title='bbox 3698 3799 3831 3848; x_wconf 84' lang='lat' dir='ltr'><strong>sunt</strong></span> 
     </span>
    </p>
   </div>
   <div class='ocr_carea' id='block_1_96' title="bbox 2221 3878 3833 3955">
    <p class='ocr_par' dir='ltr' id='par_1_96' title="bbox 2221 3878 3833 3955">
     <span class='ocr_line' id='line_1_96' title="bbox 2221 3878 3833 3955; baseline 0.001 -17"><span class='ocrx_word' id='word_1_749' title='bbox 2221 3883 2308 3939; x_wconf 89' lang='lat' dir='ltr'><strong>his</strong></span> <span class='ocrx_word' id='word_1_750' title='bbox 2333 3884 2424 3953; x_wconf 91' lang='lat' dir='ltr'><strong>qui</strong></span> <span class='ocrx_word' id='word_1_751' title='bbox 2458 3882 2576 3954; x_wconf 89' lang='lat' dir='ltr'><strong>ejus</strong></span> <span class='ocrx_word' id='word_1_752' title='bbox 2614 3878 2881 3954; x_wconf 84' lang='lat' dir='ltr'><strong>legatione</strong></span> <span class='ocrx_word' id='word_1_753' title='bbox 2918 3881 3216 3955; x_wconf 82' lang='lat' dir='ltr'><strong>funguntur</strong></span> <span class='ocrx_word' id='word_1_754' title='bbox 3241 3920 3256 3949; x_wconf 90' lang='lat'><strong>,</strong></span> <span class='ocrx_word' id='word_1_755' title='bbox 3278 3891 3334 3938; x_wconf 93' lang='lat' dir='ltr'><strong>et</strong></span> <span class='ocrx_word' id='word_1_756' title='bbox 3366 3882 3489 3939; x_wconf 89' lang='lat' dir='ltr'><strong>ideo</strong></span> <span class='ocrx_word' id='word_1_757' title='bbox 3516 3900 3621 3939; x_wconf 90' lang='lat' dir='ltr'><strong>non</strong></span> <span class='ocrx_word' id='word_1_758' title='bbox 3643 3881 3833 3955; x_wconf 85' lang='lat' dir='ltr'><strong>prote-</strong></span> 
     </span>
    </p>
   </div>
   <div class='ocr_carea' id='block_1_97' title="bbox 2222 3968 3827 4069">
    <p class='ocr_par' dir='ltr' id='par_1_97' title="bbox 2222 3968 3827 4069">
     <span class='ocr_line' id='line_1_97' title="bbox 2222 3968 3827 4069; baseline 0.003 -41"><span class='ocrx_word' id='word_1_759' title='bbox 2222 3985 2425 4069; x_wconf 82' lang='lat' dir='ltr'><strong>guntur</strong></span> <span class='ocrx_word' id='word_1_760' title='bbox 2452 3974 2521 4030; x_wconf 90' lang='lat' dir='ltr'><strong>ab</strong></span> <span class='ocrx_word' id='word_1_761' title='bbox 2547 3989 2632 4029; x_wconf 91' lang='lat' dir='ltr'><strong>eo.</strong></span> <span class='ocrx_word' id='word_1_762' title='bbox 2669 3968 2762 4029; x_wconf 59' lang='lat' dir='ltr'><strong>Vae</strong></span> <span class='ocrx_word' id='word_1_763' title='bbox 2791 3974 2875 4029; x_wconf 87' lang='lat' dir='ltr'><strong>his</strong></span> <span class='ocrx_word' id='word_1_764' title='bbox 2900 3974 2990 4045; x_wconf 91' lang='lat' dir='ltr'><strong>qui</strong></span> <span class='ocrx_word' id='word_1_765' title='bbox 3022 3975 3372 4045; x_wconf 87' lang='lat' dir='ltr'><strong>perdiderunt</strong></span> <span class='ocrx_word' id='word_1_766' title='bbox 3421 3978 3827 4045; x_wconf 88' lang='lat' dir='ltr'><strong>sustinentiam,</strong></span> 
     </span>
    </p>
   </div>
   <div class='ocr_carea' id='block_1_98' title="bbox 2222 4066 3835 4138">
    <p class='ocr_par' dir='ltr' id='par_1_98' title="bbox 2222 4066 3835 4138">
     <span class='ocr_line' id='line_1_98' title="bbox 2222 4066 3835 4138; baseline 0.004 -17"><span class='ocrx_word' id='word_1_767' title='bbox 2222 4066 2315 4138; x_wconf 87' lang='lat' dir='ltr'><strong>qui</strong></span> <span class='ocrx_word' id='word_1_768' title='bbox 2367 4066 2779 4137; x_wconf 79' lang='lat' dir='ltr'><strong>dereliquerunt</strong></span> <span class='ocrx_word' id='word_1_769' title='bbox 2835 4067 2950 4121; x_wconf 87' lang='lat' dir='ltr'><strong>vias</strong></span> <span class='ocrx_word' id='word_1_770' title='bbox 3014 4077 3210 4134; x_wconf 88' lang='lat' dir='ltr'><strong>rectas,</strong></span> <span class='ocrx_word' id='word_1_771' title='bbox 3259 4076 3316 4123; x_wconf 87' lang='lat' dir='ltr'><strong>et</strong></span> <span class='ocrx_word' id='word_1_772' title='bbox 3366 4068 3707 4125; x_wconf 88' lang='lat' dir='ltr'><strong>diverterunt</strong></span> <span class='ocrx_word' id='word_1_773' title='bbox 3758 4070 3835 4127; x_wconf 87' lang='lat' dir='ltr'><strong>ad</strong></span> 
     </span>
    </p>
   </div>
   <div class='ocr_carea' id='block_1_99' title="bbox 2222 4150 3837 4234">
    <p class='ocr_par' dir='ltr' id='par_1_99' title="bbox 2222 4150 3837 4234">
     <span class='ocr_line' id='line_1_99' title="bbox 2222 4150 3837 4234; baseline 0.002 -17"><span class='ocrx_word' id='word_1_774' title='bbox 2222 4163 2341 4219; x_wconf 86' lang='lat' dir='ltr'><strong>vias</strong></span> <span class='ocrx_word' id='word_1_775' title='bbox 2405 4177 2624 4233; x_wconf 85' lang='lat' dir='ltr'><strong>pravas.</strong></span> <span class='ocrx_word' id='word_1_776' title='bbox 2704 4161 2770 4215; x_wconf 85' lang='lat' dir='ltr'><strong>Et</strong></span> <span class='ocrx_word' id='word_1_777' title='bbox 2843 4159 2973 4231; x_wconf 89' lang='lat' dir='ltr'><strong>quid</strong></span> <span class='ocrx_word' id='word_1_778' title='bbox 3044 4150 3286 4227; x_wconf 86' lang='lat' dir='ltr'><strong>facient,</strong></span> <span class='ocrx_word' id='word_1_779' title='bbox 3351 4177 3474 4216; x_wconf 90' lang='lat' dir='ltr'><strong>cum</strong></span> <span class='ocrx_word' id='word_1_780' title='bbox 3554 4161 3837 4234; x_wconf 84' lang='lat' dir='ltr'><strong>inspicere</strong></span> 
     </span>
    </p>
   </div>
   <div class='ocr_carea' id='block_1_100' title="bbox 2226 4251 3836 4327">
    <p class='ocr_par' dir='ltr' id='par_1_100' title="bbox 2226 4251 3836 4327">
     <span class='ocr_line' id='line_1_100' title="bbox 2226 4251 3836 4327; baseline 0 -15"><span class='ocrx_word' id='word_1_781' title='bbox 2226 4258 2454 4327; x_wconf 73' lang='lat' dir='ltr'><strong>cmperit</strong></span> <span class='ocrx_word' id='word_1_782' title='bbox 2508 4254 2787 4311; x_wconf 88' lang='lat' dir='ltr'><strong>Dominus.</strong></span> <span class='ocrx_word' id='word_1_783' title='bbox 2871 4251 2973 4320; x_wconf 89' lang='lat' dir='ltr'><strong>Qui</strong></span> <span class='ocrx_word' id='word_1_784' title='bbox 3038 4252 3231 4307; x_wconf 89' lang='lat' dir='ltr'><strong>timent</strong></span> <span class='ocrx_word' id='word_1_785' title='bbox 3302 4253 3634 4321; x_wconf 88' lang='lat' dir='ltr'><strong>Dominum,</strong></span> <span class='ocrx_word' id='word_1_786' title='bbox 3718 4271 3836 4311; x_wconf 86' lang='lat' dir='ltr'><strong>non</strong></span> 
     </span>
    </p>
   </div>
   <div class='ocr_carea' id='block_1_101' title="bbox 2224 4344 3840 4417">
    <p class='ocr_par' dir='ltr' id='par_1_101' title="bbox 2224 4344 3840 4417">
     <span class='ocr_line' id='line_1_101' title="bbox 2224 4344 3840 4417; baseline -0.002 -13"><span class='ocrx_word' id='word_1_787' title='bbox 2224 4357 2386 4404; x_wconf 90' lang='lat' dir='ltr'><strong>erunt</strong></span> <span class='ocrx_word' id='word_1_788' title='bbox 2432 4345 2773 4403; x_wconf 86' lang='lat' dir='ltr'><strong>incredibiles</strong></span> <span class='ocrx_word' id='word_1_789' title='bbox 2824 4345 2992 4400; x_wconf 88' lang='lat' dir='ltr'><strong>verbo</strong></span> <span class='ocrx_word' id='word_1_790' title='bbox 3040 4344 3202 4410; x_wconf 88' lang='lat' dir='ltr'><strong>illius,</strong></span> <span class='ocrx_word' id='word_1_791' title='bbox 3250 4354 3305 4400; x_wconf 91' lang='lat' dir='ltr'><strong>et</strong></span> <span class='ocrx_word' id='word_1_792' title='bbox 3345 4347 3437 4417; x_wconf 88' lang='lat' dir='ltr'><strong>qui</strong></span> <span class='ocrx_word' id='word_1_793' title='bbox 3487 4344 3719 4417; x_wconf 85' lang='lat' dir='ltr'><strong>diligunt</strong></span> <span class='ocrx_word' id='word_1_794' title='bbox 3768 4345 3840 4401; x_wconf 86' lang='lat' dir='ltr'><strong>il-</strong></span> 
     </span>
    </p>
   </div>
   <div class='ocr_carea' id='block_1_102' title="bbox 2227 4428 3841 4510">
    <p class='ocr_par' dir='ltr' id='par_1_102' title="bbox 2227 4428 3841 4510">
     <span class='ocr_line' id='line_1_102' title="bbox 2227 4428 3841 4510; baseline -0.003 -13"><span class='ocrx_word' id='word_1_795' title='bbox 2227 4442 2360 4510; x_wconf 91' lang='lat' dir='ltr'><strong>lum,</strong></span> <span class='ocrx_word' id='word_1_796' title='bbox 2401 4439 2798 4498; x_wconf 87' lang='lat' dir='ltr'><strong>conservabunt</strong></span> <span class='ocrx_word' id='word_1_797' title='bbox 2838 4437 2979 4492; x_wconf 85' lang='lat' dir='ltr'><strong>viam</strong></span> <span class='ocrx_word' id='word_1_798' title='bbox 3033 4428 3198 4492; x_wconf 84' lang='lat' dir='ltr'><strong>illius.</strong></span> <span class='ocrx_word' id='word_1_799' title='bbox 3243 4434 3345 4505; x_wconf 84' lang='lat' dir='ltr'><strong>Qui</strong></span> <span class='ocrx_word' id='word_1_800' title='bbox 3394 4438 3583 4493; x_wconf 90' lang='lat' dir='ltr'><strong>timent</strong></span> <span class='ocrx_word' id='word_1_801' title='bbox 3646 4435 3841 4493; x_wconf 82' lang='lat' dir='ltr'><strong>Domi-</strong></span> 
     </span>
    </p>
   </div>
   <div class='ocr_carea' id='block_1_103' title="bbox 2231 4516 3841 4604">
    <p class='ocr_par' dir='ltr' id='par_1_103' title="bbox 2231 4516 3841 4604">
     <span class='ocr_line' id='line_1_103' title="bbox 2231 4516 3841 4604; baseline -0.003 -14"><span class='ocrx_word' id='word_1_802' title='bbox 2231 4551 2380 4601; x_wconf 89' lang='lat' dir='ltr'><strong>nnm,</strong></span> <span class='ocrx_word' id='word_1_803' title='bbox 2423 4532 2699 4604; x_wconf 88' lang='lat' dir='ltr'><strong>inquirent</strong></span> <span class='ocrx_word' id='word_1_804' title='bbox 2742 4544 2862 4602; x_wconf 68' lang='lat' dir='ltr'><strong>quae</strong></span> <span class='ocrx_word' id='word_1_805' title='bbox 2910 4516 3244 4600; x_wconf 77' lang='lat' dir='ltr'><strong>hencplacita</strong></span> <span class='ocrx_word' id='word_1_806' title='bbox 3293 4536 3421 4584; x_wconf 90' lang='lat' dir='ltr'><strong>sunt</strong></span> <span class='ocrx_word' id='word_1_807' title='bbox 3466 4526 3577 4596; x_wconf 81' lang='lat' dir='ltr'><strong>illi,</strong></span> <span class='ocrx_word' id='word_1_808' title='bbox 3634 4537 3688 4584; x_wconf 90' lang='lat' dir='ltr'><strong>et</strong></span> <span class='ocrx_word' id='word_1_809' title='bbox 3735 4530 3841 4600; x_wconf 88' lang='lat' dir='ltr'><strong>qui</strong></span> 
     </span>
    </p>
   </div>
   <div class='ocr_carea' id='block_1_104' title="bbox 2231 4619 3843 4696">
    <p class='ocr_par' dir='ltr' id='par_1_104' title="bbox 2231 4619 3843 4696">
     <span class='ocr_line' id='line_1_104' title="bbox 2231 4619 3843 4696; baseline -0.002 -16"><span class='ocrx_word' id='word_1_810' title='bbox 2231 4626 2457 4696; x_wconf 85' lang='lat' dir='ltr'><strong>diligunt</strong></span> <span class='ocrx_word' id='word_1_811' title='bbox 2524 4640 2689 4689; x_wconf 81' lang='lat' dir='ltr'><strong>eum,</strong></span> <span class='ocrx_word' id='word_1_812' title='bbox 2758 4619 3107 4691; x_wconf 87' lang='lat' dir='ltr'><strong>replebuntur</strong></span> <span class='ocrx_word' id='word_1_813' title='bbox 3160 4620 3275 4693; x_wconf 85' lang='lat' dir='ltr'><strong>lege</strong></span> <span class='ocrx_word' id='word_1_814' title='bbox 3346 4620 3533 4693; x_wconf 88' lang='lat' dir='ltr'><strong>ipsius.</strong></span> <span class='ocrx_word' id='word_1_815' title='bbox 3601 4621 3706 4689; x_wconf 91' lang='lat' dir='ltr'><strong>Qui</strong></span> <span class='ocrx_word' id='word_1_816' title='bbox 3774 4622 3843 4677; x_wconf 86' lang='lat' dir='ltr'><strong>ti-</strong></span> 
     </span>
    </p>
   </div>
   <div class='ocr_carea' id='block_1_105' title="bbox 2232 4713 3837 4784">
    <p class='ocr_par' dir='ltr' id='par_1_105' title="bbox 2232 4713 3837 4784">
     <span class='ocr_line' id='line_1_105' title="bbox 2232 4713 3837 4784; baseline -0.004 -9"><span class='ocrx_word' id='word_1_817' title='bbox 2232 4731 2383 4775; x_wconf 89' lang='lat' dir='ltr'><strong>ment</strong></span> <span class='ocrx_word' id='word_1_818' title='bbox 2411 4715 2717 4778; x_wconf 89' lang='lat' dir='ltr'><strong>Dominnm,</strong></span> <span class='ocrx_word' id='word_1_819' title='bbox 2750 4713 3132 4784; x_wconf 68' lang='lat' dir='ltr'><strong>prmparabnnt</strong></span> <span class='ocrx_word' id='word_1_820' title='bbox 3174 4713 3338 4768; x_wconf 89' lang='lat' dir='ltr'><strong>corda</strong></span> <span class='ocrx_word' id='word_1_821' title='bbox 3368 4729 3486 4781; x_wconf 90' lang='lat' dir='ltr'><strong>sua,</strong></span> <span class='ocrx_word' id='word_1_822' title='bbox 3517 4722 3571 4769; x_wconf 91' lang='lat' dir='ltr'><strong>et</strong></span> <span class='ocrx_word' id='word_1_823' title='bbox 3608 4715 3661 4769; x_wconf 92' lang='lat' dir='ltr'><strong>in</strong></span> <span class='ocrx_word' id='word_1_824' title='bbox 3691 4730 3837 4772; x_wconf 87' lang='lat' dir='ltr'><strong>con-</strong></span> 
     </span>
    </p>
   </div>
   <div class='ocr_carea' id='block_1_106' title="bbox 2230 4796 3839 4881">
    <p class='ocr_par' dir='ltr' id='par_1_106' title="bbox 2230 4796 3839 4881">
     <span class='ocr_line' id='line_1_106' title="bbox 2230 4796 3839 4881; baseline -0.002 -14"><span class='ocrx_word' id='word_1_825' title='bbox 2230 4806 2418 4881; x_wconf 29' lang='lat' dir='ltr'><strong>‘spectu</strong></span> <span class='ocrx_word' id='word_1_826' title='bbox 2453 4808 2592 4864; x_wconf 90' lang='lat' dir='ltr'><strong>illius</strong></span> <span class='ocrx_word' id='word_1_827' title='bbox 2620 4804 3035 4862; x_wconf 75' lang='lat' dir='ltr'><strong>sanctiﬁcabunt</strong></span> <span class='ocrx_word' id='word_1_828' title='bbox 3086 4796 3299 4860; x_wconf 79' lang='lat' dir='ltr'><strong>animus</strong></span> <span class='ocrx_word' id='word_1_829' title='bbox 3324 4802 3468 4860; x_wconf 68' lang='lat' dir='ltr'><strong>Suais.</strong></span> <span class='ocrx_word' id='word_1_830' title='bbox 3504 4805 3605 4874; x_wconf 88' lang='lat' dir='ltr'><strong>Qui</strong></span> <span class='ocrx_word' id='word_1_831' title='bbox 3637 4806 3839 4863; x_wconf 87' lang='lat' dir='ltr'><strong>timent</strong></span> 
     </span>
    </p>
   </div>
   <div class='ocr_carea' id='block_1_107' title="bbox 2235 4879 3839 4969">
    <p class='ocr_par' dir='ltr' id='par_1_107' title="bbox 2235 4879 3839 4969">
     <span class='ocr_line' id='line_1_107' title="bbox 2235 4879 3839 4969; baseline -0.001 -10"><span class='ocrx_word' id='word_1_832' title='bbox 2235 4904 2540 4966; x_wconf 89' lang='lat' dir='ltr'><strong>Dominum,</strong></span> <span class='ocrx_word' id='word_1_833' title='bbox 2573 4898 2884 4955; x_wconf 84' lang='lat' dir='ltr'><strong>custodiunt</strong></span> <span class='ocrx_word' id='word_1_834' title='bbox 2917 4900 3168 4952; x_wconf 88' lang='lat' dir='ltr'><strong>mandata</strong></span> <span class='ocrx_word' id='word_1_835' title='bbox 3217 4879 3383 4964; x_wconf 82' lang='lat' dir='ltr'><strong>illius,</strong></span> <span class='ocrx_word' id='word_1_836' title='bbox 3416 4906 3472 4952; x_wconf 89' lang='lat' dir='ltr'><strong>et</strong></span> <span class='ocrx_word' id='word_1_837' title='bbox 3508 4899 3839 4969; x_wconf 85' lang='lat' dir='ltr'><strong>patientiam</strong></span> 
     </span>
    </p>
   </div>
   <div class='ocr_carea' id='block_1_108' title="bbox 2236 4988 3836 5062">
    <p class='ocr_par' dir='ltr' id='par_1_108' title="bbox 2236 4988 3836 5062">
     <span class='ocr_line' id='line_1_108' title="bbox 2236 4988 3836 5062; baseline -0.004 -10"><span class='ocrx_word' id='word_1_838' title='bbox 2236 4994 2512 5052; x_wconf 88' lang='lat' dir='ltr'><strong>habebunt</strong></span> <span class='ocrx_word' id='word_1_839' title='bbox 2559 5006 2728 5062; x_wconf 79' lang='lat' dir='ltr'><strong>usque</strong></span> <span class='ocrx_word' id='word_1_840' title='bbox 2782 4990 2847 5045; x_wconf 89' lang='lat' dir='ltr'><strong>ad</strong></span> <span class='ocrx_word' id='word_1_841' title='bbox 2898 4989 3287 5060; x_wconf 87' lang='lat' dir='ltr'><strong>inspectionem</strong></span> <span class='ocrx_word' id='word_1_842' title='bbox 3335 4988 3500 5057; x_wconf 87' lang='lat' dir='ltr'><strong>illius,</strong></span> <span class='ocrx_word' id='word_1_843' title='bbox 3554 4990 3836 5047; x_wconf 90' lang='lat' dir='ltr'><strong>dicentis:</strong></span> 
     </span>
    </p>
   </div>
   <div class='ocr_carea' id='block_1_109' title="bbox 2234 5076 3841 5157">
    <p class='ocr_par' dir='ltr' id='par_1_109' title="bbox 2234 5076 3841 5157">
     <span class='ocr_line' id='line_1_109' title="bbox 2234 5076 3841 5157; baseline -0.001 -15"><span class='ocrx_word' id='word_1_844' title='bbox 2234 5076 2296 5143; x_wconf 72' lang='lat' dir='ltr'><strong>Si</strong></span> <span class='ocrx_word' id='word_1_845' title='bbox 2329 5085 2702 5157; x_wconf 68' lang='lat' dir='ltr'><strong>paenitentiam</strong></span> <span class='ocrx_word' id='word_1_846' title='bbox 2735 5097 2839 5136; x_wconf 93' lang='lat' dir='ltr'><strong>non</strong></span> <span class='ocrx_word' id='word_1_847' title='bbox 2871 5084 3165 5154; x_wconf 82' lang='lat' dir='ltr'><strong>egerimus,</strong></span> <span class='ocrx_word' id='word_1_848' title='bbox 3206 5080 3506 5136; x_wconf 88' lang='lat' dir='ltr'><strong>incidemus</strong></span> <span class='ocrx_word' id='word_1_849' title='bbox 3552 5080 3604 5137; x_wconf 90' lang='lat' dir='ltr'><strong>in</strong></span> <span class='ocrx_word' id='word_1_850' title='bbox 3637 5098 3841 5140; x_wconf 87' lang='lat' dir='ltr'><strong>manus</strong></span> 
     </span>
    </p>
   </div>
   <div class='ocr_carea' id='block_1_110' title="bbox 2236 5170 3838 5243">
    <p class='ocr_par' dir='ltr' id='par_1_110' title="bbox 2236 5170 3838 5243">
     <span class='ocr_line' id='line_1_110' title="bbox 2236 5170 3838 5243; baseline -0.002 -9"><span class='ocrx_word' id='word_1_851' title='bbox 2236 5179 2492 5243; x_wconf 90' lang='lat' dir='ltr'><strong>Domini,</strong></span> <span class='ocrx_word' id='word_1_852' title='bbox 2547 5184 2599 5231; x_wconf 91' lang='lat' dir='ltr'><strong>et</strong></span> <span class='ocrx_word' id='word_1_853' title='bbox 2655 5193 2757 5231; x_wconf 89' lang='lat' dir='ltr'><strong>non</strong></span> <span class='ocrx_word' id='word_1_854' title='bbox 2800 5174 2853 5229; x_wconf 92' lang='lat' dir='ltr'><strong>in</strong></span> <span class='ocrx_word' id='word_1_855' title='bbox 2903 5189 3095 5230; x_wconf 82' lang='lat' dir='ltr'><strong>manus</strong></span> <span class='ocrx_word' id='word_1_856' title='bbox 3142 5170 3421 5229; x_wconf 86' lang='lat' dir='ltr'><strong>hominum</strong></span> <span class='ocrx_word' id='word_1_857' title='bbox 3453 5214 3467 5238; x_wconf 90' lang='lat'><strong>,</strong></span> <span class='ocrx_word' id='word_1_858' title='bbox 3530 5174 3838 5230; x_wconf 81' lang='lat' dir='ltr'><strong>secundum</strong></span> 
     </span>
    </p>
   </div>
   <div class='ocr_carea' id='block_1_111' title="bbox 2238 5265 3836 5343">
    <p class='ocr_par' dir='ltr' id='par_1_111' title="bbox 2238 5265 3836 5343">
     <span class='ocr_line' id='line_1_111' title="bbox 2238 5265 3836 5343; baseline -0.004 -13"><span class='ocrx_word' id='word_1_859' title='bbox 2238 5276 2384 5330; x_wconf 90' lang='lat' dir='ltr'><strong>enim</strong></span> <span class='ocrx_word' id='word_1_860' title='bbox 2414 5271 2838 5343; x_wconf 84' lang='lat' dir='ltr'><strong>magnitudinem</strong></span> <span class='ocrx_word' id='word_1_861' title='bbox 2871 5266 3033 5331; x_wconf 88' lang='lat' dir='ltr'><strong>illius,</strong></span> <span class='ocrx_word' id='word_1_862' title='bbox 3066 5267 3145 5321; x_wconf 92' lang='lat' dir='ltr'><strong>sic</strong></span> <span class='ocrx_word' id='word_1_863' title='bbox 3172 5277 3226 5322; x_wconf 89' lang='lat' dir='ltr'><strong>et</strong></span> <span class='ocrx_word' id='word_1_864' title='bbox 3257 5265 3630 5323; x_wconf 84' lang='lat' dir='ltr'><strong>misericordia</strong></span> <span class='ocrx_word' id='word_1_865' title='bbox 3656 5265 3836 5336; x_wconf 87' lang='lat' dir='ltr'><strong>ipsius</strong></span> 
     </span>
    </p>
   </div>
   <div class='ocr_carea' id='block_1_112' title="bbox 2239 5356 3836 5438">
    <p class='ocr_par' dir='ltr' id='par_1_112' title="bbox 2239 5356 3836 5438">
     <span class='ocr_line' id='line_1_112' title="bbox 2239 5356 3836 5438; baseline -0.007 -16"><span class='ocrx_word' id='word_1_866' title='bbox 2239 5383 2362 5428; x_wconf 87' lang='lat' dir='ltr'><strong>cum</strong></span> <span class='ocrx_word' id='word_1_867' title='bbox 2385 5366 2501 5438; x_wconf 92' lang='lat' dir='ltr'><strong>ipso</strong></span> <span class='ocrx_word' id='word_1_868' title='bbox 2524 5372 2605 5419; x_wconf 88' lang='lat' dir='ltr'><strong>est</strong></span> <span class='ocrx_word' id='word_1_869' title='bbox 2627 5359 2815 5430; x_wconf 85' lang='lat' dir='ltr'><strong>(Eccli.</strong></span> <span class='ocrx_word' id='word_1_870' title='bbox 2848 5376 2907 5425; x_wconf 84' lang='grc' dir='ltr'><strong><em>ιι,</em></strong></span> <span class='ocrx_word' id='word_1_871' title='bbox 2942 5358 3005 5414; x_wconf 81' lang='grc'><strong>15</strong></span> <span class='ocrx_word' id='word_1_872' title='bbox 3030 5368 3075 5413; x_wconf 87' lang='lat' dir='ltr'><strong>et</strong></span> <span class='ocrx_word' id='word_1_873' title='bbox 3107 5357 3258 5431; x_wconf 59' lang='grc' dir='ltr'><strong>δρψ).</strong></span> <span class='ocrx_word' id='word_1_874' title='bbox 3298 5376 3318 5408; x_wconf 86' lang='grc'><strong><em>‹</em></strong></span> <span class='ocrx_word' id='word_1_875' title='bbox 3348 5356 3538 5414; x_wconf 85' lang='lat' dir='ltr'><strong>Venite</strong></span> <span class='ocrx_word' id='word_1_876' title='bbox 3583 5356 3836 5430; x_wconf 80' lang='lat' dir='ltr'><strong>(inquit),</strong></span> 
     </span>
    </p>
   </div>
   <div class='ocr_carea' id='block_1_113' title="bbox 2236 5444 3835 5526">
    <p class='ocr_par' dir='ltr' id='par_1_113' title="bbox 2236 5444 3835 5526">
     <span class='ocr_line' id='line_1_113' title="bbox 2236 5444 3835 5526; baseline -0.01 -8"><span class='ocrx_word' id='word_1_877' title='bbox 2236 5458 2359 5526; x_wconf 73' lang='lat' dir='ltr'><strong>ﬁlii,</strong></span> <span class='ocrx_word' id='word_1_878' title='bbox 2391 5458 2573 5516; x_wconf 89' lang='lat' dir='ltr'><strong>audite</strong></span> <span class='ocrx_word' id='word_1_879' title='bbox 2614 5471 2720 5519; x_wconf 85' lang='lat' dir='ltr'><strong>me,</strong></span> <span class='ocrx_word' id='word_1_880' title='bbox 2767 5452 3015 5506; x_wconf 85' lang='lat' dir='ltr'><strong>timorem</strong></span> <span class='ocrx_word' id='word_1_881' title='bbox 3052 5449 3260 5504; x_wconf 90' lang='lat' dir='ltr'><strong>Domini</strong></span> <span class='ocrx_word' id='word_1_882' title='bbox 3287 5448 3493 5505; x_wconf 88' lang='lat' dir='ltr'><strong>docebo</strong></span> <span class='ocrx_word' id='word_1_883' title='bbox 3529 5464 3623 5503; x_wconf 88' lang='lat' dir='ltr'><strong>vos</strong></span> <span class='ocrx_word' id='word_1_884' title='bbox 3654 5444 3835 5518; x_wconf 83' lang='lat' dir='ltr'><strong>(Psal.</strong></span> 
     </span>
    </p>
   </div>
   <div class='ocr_carea' id='block_1_114' title="bbox 2234 5538 3843 5624">
    <p class='ocr_par' dir='ltr' id='par_1_114' title="bbox 2234 5538 3843 5624">
     <span class='ocr_line' id='line_1_114' title="bbox 2234 5538 3843 5624; baseline -0.016 -5"><span class='ocrx_word' id='word_1_885' title='bbox 2234 5574 2429 5623; x_wconf 67' lang='grc' dir='ltr'><strong><em>χχχιιι,</em></strong></span> <span class='ocrx_word' id='word_1_886' title='bbox 2456 5552 2563 5624; x_wconf 67' lang='lat'><strong>12).</strong></span> <span class='ocrx_word' id='word_1_887' title='bbox 2601 5568 2619 5604; x_wconf 79' lang='grc' dir='ltr'><strong>ι</strong></span> <span class='ocrx_word' id='word_1_888' title='bbox 2643 5565 2662 5599; x_wconf 76' lang='grc' dir='ltr'><strong>σ</strong></span> <span class='ocrx_word' id='word_1_889' title='bbox 2690 5544 2902 5602; x_wconf 87' lang='lat' dir='ltr'><strong>Currite</strong></span> <span class='ocrx_word' id='word_1_890' title='bbox 2919 5541 3044 5596; x_wconf 92' lang='lat' dir='ltr'><strong>dum</strong></span> <span class='ocrx_word' id='word_1_891' title='bbox 3070 5541 3247 5596; x_wconf 90' lang='lat' dir='ltr'><strong>lumen</strong></span> <span class='ocrx_word' id='word_1_892' title='bbox 3266 5541 3390 5595; x_wconf 75' lang='lat' dir='ltr'><strong>vita:</strong></span> <span class='ocrx_word' id='word_1_893' title='bbox 3415 5538 3648 5604; x_wconf 87' lang='lat' dir='ltr'><strong>habetis,</strong></span> <span class='ocrx_word' id='word_1_894' title='bbox 3665 5553 3734 5594; x_wconf 92' lang='lat' dir='ltr'><strong>ne</strong></span> <span class='ocrx_word' id='word_1_895' title='bbox 3756 5546 3843 5594; x_wconf 85' lang='lat' dir='ltr'><strong>te-</strong></span> 
     </span>
    </p>
   </div>
   <div class='ocr_carea' id='block_1_115' title="bbox 2235 5628 3836 5712">
    <p class='ocr_par' dir='ltr' id='par_1_115' title="bbox 2235 5628 3836 5712">
     <span class='ocr_line' id='line_1_115' title="bbox 2235 5628 3836 5712; baseline -0.014 -3"><span class='ocrx_word' id='word_1_896' title='bbox 2235 5644 2418 5712; x_wconf 62' lang='lat' dir='ltr'><strong>nebrae</strong></span> <span class='ocrx_word' id='word_1_897' title='bbox 2446 5644 2634 5703; x_wconf 88' lang='lat' dir='ltr'><strong>mortis</strong></span> <span class='ocrx_word' id='word_1_898' title='bbox 2666 5658 2759 5695; x_wconf 82' lang='lat' dir='ltr'><strong>vos</strong></span> <span class='ocrx_word' id='word_1_899' title='bbox 2791 5637 3247 5707; x_wconf 85' lang='lat' dir='ltr'><strong>comprehendant</strong></span> <span class='ocrx_word' id='word_1_900' title='bbox 3278 5634 3460 5707; x_wconf 83' lang='lat' dir='ltr'><strong>(Joan.</strong></span> <span class='ocrx_word' id='word_1_901' title='bbox 3505 5650 3603 5699; x_wconf 78' lang='lat' dir='ltr'><strong>xu,</strong></span> <span class='ocrx_word' id='word_1_902' title='bbox 3647 5631 3760 5705; x_wconf 81' lang='lat'><strong>&#39;55).</strong></span> <span class='ocrx_word' id='word_1_903' title='bbox 3810 5628 3836 5687; x_wconf 63' lang='grc' dir='ltr'><strong><em>ὁ</em></strong></span> 
     </span>
    </p>
   </div>
   <div class='ocr_carea' id='block_1_116' title="bbox 2241 5726 3846 5809">
    <p class='ocr_par' dir='ltr' id='par_1_116' title="bbox 2241 5726 3846 5809">
     <span class='ocr_line' id='line_1_116' title="bbox 2241 5726 3846 5809; baseline -0.014 -14"><span class='ocrx_word' id='word_1_904' title='bbox 2241 5763 2260 5795; x_wconf 72' lang='grc' dir='ltr'><strong>ι</strong></span> <span class='ocrx_word' id='word_1_905' title='bbox 2291 5741 2478 5799; x_wconf 90' lang='lat' dir='ltr'><strong>Omnis</strong></span> <span class='ocrx_word' id='word_1_906' title='bbox 2496 5737 2587 5809; x_wconf 89' lang='lat' dir='ltr'><strong>qui</strong></span> <span class='ocrx_word' id='word_1_907' title='bbox 2608 5734 2719 5790; x_wconf 90' lang='lat' dir='ltr'><strong>vult</strong></span> <span class='ocrx_word' id='word_1_908' title='bbox 2742 5733 2965 5789; x_wconf 88' lang='lat' dir='ltr'><strong>vitamet</strong></span> <span class='ocrx_word' id='word_1_909' title='bbox 2991 5727 3139 5798; x_wconf 92' lang='lat' dir='ltr'><strong>cupit</strong></span> <span class='ocrx_word' id='word_1_910' title='bbox 3155 5726 3339 5783; x_wconf 88' lang='lat' dir='ltr'><strong>videre</strong></span> <span class='ocrx_word' id='word_1_911' title='bbox 3361 5726 3474 5782; x_wconf 89' lang='lat' dir='ltr'><strong>dies</strong></span> <span class='ocrx_word' id='word_1_912' title='bbox 3494 5726 3686 5787; x_wconf 89' lang='lat' dir='ltr'><strong>bonos,</strong></span> <span class='ocrx_word' id='word_1_913' title='bbox 3708 5735 3846 5791; x_wconf 83' lang='lat' dir='ltr'><strong>pro-</strong></span> 
     </span>
    </p>
   </div>
   <div class='ocr_carea' id='block_1_117' title="bbox 2239 5817 3843 5911">
    <p class='ocr_par' dir='ltr' id='par_1_117' title="bbox 2239 5817 3843 5911">
     <span class='ocr_line' id='line_1_117' title="bbox 2239 5817 3843 5911; baseline -0.016 -17"><span class='ocrx_word' id='word_1_914' title='bbox 2239 5834 2422 5897; x_wconf 86' lang='lat' dir='ltr'><strong>hibeat</strong></span> <span class='ocrx_word' id='word_1_915' title='bbox 2444 5831 2679 5911; x_wconf 77' lang='lat' dir='ltr'><strong>linguam</strong></span> <span class='ocrx_word' id='word_1_916' title='bbox 2705 5827 2819 5909; x_wconf 75' lang='lat' dir='ltr'><strong>ejus</strong></span> <span class='ocrx_word' id='word_1_917' title='bbox 2843 5842 2872 5881; x_wconf 91' lang='lat' dir='ltr'><strong>a</strong></span> <span class='ocrx_word' id='word_1_918' title='bbox 2900 5821 3062 5890; x_wconf 89' lang='lat' dir='ltr'><strong>malo,</strong></span> <span class='ocrx_word' id='word_1_919' title='bbox 3085 5828 3137 5877; x_wconf 91' lang='lat' dir='ltr'><strong>et</strong></span> <span class='ocrx_word' id='word_1_920' title='bbox 3167 5820 3305 5877; x_wconf 87' lang='lat' dir='ltr'><strong>labia</strong></span> <span class='ocrx_word' id='word_1_921' title='bbox 3330 5835 3426 5876; x_wconf 85' lang='lat' dir='ltr'><strong>sua</strong></span> <span class='ocrx_word' id='word_1_922' title='bbox 3449 5833 3514 5875; x_wconf 91' lang='lat' dir='ltr'><strong>ne</strong></span> <span class='ocrx_word' id='word_1_923' title='bbox 3537 5817 3843 5897; x_wconf 82' lang='lat' dir='ltr'><strong>loquantur</strong></span> 
     </span>
    </p>
   </div>
  </div>
