4012 6450
221 377 295 439 37
1441 375 1934 436 DECRETALIUM
1969 376 2371 439 COLLECTIO.
3457 390 3527 449 58

216 486 434 557 tioium,
458 487 694 545 divertat
714 502 744 543 a
772 485 935 555 maio,
961 493 1017 543 et
1033 486 1438 554 faciatbonum,
1471 488 1711 558 inquirat
1736 502 1829 558 pa-
1858 493 1907 552 Α
1935 488 2080 543 niam
2130 498 2236 556 est,
2272 490 2527 561 quoniam
2560 489 2645 547 his
2683 491 2993 577 manifestat
3019 495 3275 567 seipsum.
3314 494 3449 554 Nam
3477 500 3526 557 si

235 595 344 636 rem
359 589 412 635 et
427 588 787 651 prosequatur
797 579 1068 648 eam,quia
1081 578 1220 635 oculi
1239 578 1446 634 Domini
1464 578 1827 651 superjuslos,

221 682 274 726 et
307 688 470 728 aures
495 672 612 742 ejus
642 672 706 726 ad
734 687 925 742 preces
957 687 1166 726 eorum.
1192 670 1385 727 Vultus
1405 676 1582 727 autem
1606 664 1828 725 Domini

215 777 389 833 super
420 760 685 818 facientes
724 763 885 827 mala,
927 770 985 816 ut
1012 760 1200 832 perdat
1242 761 1309 816 de
1332 770 1476 817 terra
1509 762 1827 817 memoriam

214 868 413 910 eorum
444 851 619 927 (Psal.
664 871 857 920 χχχιιι,
894 852 960 910 15
1002 864 1049 908 et
1075 852 1228 926 seq.).
1276 872 1294 907 ι
1321 854 1614 926 Propterea
1662 854 1828 911 nolite

215 946 343 1003 ﬁeri
375 950 518 1004 sicut
544 964 716 1020 equus
752 957 806 1003 et
844 948 1042 1015 mulus,
1081 950 1133 1004 i'n
1167 947 1361 1019 quibus
1399 956 1629 1004 nonest
1659 944 1825 1002 intel-

214 1038 416 1097 lectus.
449 1040 557 1098 Sed
586 1041 839 1097 laetemini
871 1043 922 1096 in
949 1040 1179 1098 Domino
1208 1052 1262 1098 et
1286 1042 1745 1114 exsultate,justi,
1771 1050 1824 1099 et

217 1134 561 1208 gloriamini,
588 1152 776 1190 omnes
824 1135 957 1190 recti
991 1136 1155 1190 corde
1201 1132 1375 1207 (Paul.
1432 1152 1581 1203 χχχι,
1629 1147 1678 1191 et
1710 1135 1822 1208 il).

224 1244 247 1278 ι
282 1225 425 1293 Quia
457 1225 609 1281 multi
636 1225 850 1281 venient
874 1226 942 1282 ab
968 1225 1179 1280 oriente
1208 1237 1261 1282 et
1278 1227 1824 1299 occidentc(Domino

216 1318 485 1391 dicente)
542 1329 598 1374 et
672 1334 701 1372 a
776 1319 1147 1389 septentrione
1217 1328 1381 1390 atque
1438 1318 1702 1385 meridie,
1770 1328 1825 1375 et

214 1411 552 1466 recumbent
621 1426 744 1465 cum
798 1410 1116 1476 Abraham,
1167 1420 1221 1466 et
1278 1410 1467 1478 Isaac,
1536 1422 1591 1468 et
1659 1411 1825 1470 Jacob

214 1500 450 1568 (Matth.
479 1510 620 1576 vui).
659 1524 677 1556 ι

291 1590 529 1665 PrOpter
573 1593 716 1665 quod
753 1592 1015 1667 deprecor
1048 1600 1120 1660 le,
1160 1593 1327 1650 frater
1371 1594 1712 1663 charissime,
1765 1602 1826 1653 ut

212 1687 427 1743 doceas
478 1688 738 1741 attentius
804 1686 948 1742 hunc
999 1686 1405 1757 praedicationis
1471 1688 1717 1745 ordinem
1769 1698 1825 1745 et

210 1777 585 1836 absolutionis
614 1778 752 1846 dies,
778 1787 837 1834 ut
869 1777 1147 1834 salvcntur
1169 1780 1363 1836 anima:
1394 1781 1671 1836 hominum
1704 1796 1825 1852 quae

1938 581 2059 651 quis
2114 580 2240 636 velit
2292 590 2584 653 antequam
2652 592 2806 640 actus
2849 599 2978 642 suos
3021 575 3291 655 emendet,
3336 592 3404 647 de
3438 588 3527 650 his

1936 670 2216 742 requirere
2262 688 2384 745 quae
2419 690 2524 731 non
2563 684 2739 746 potest
2780 678 3046 745 invenire,
3084 680 3246 736 stulta
3280 690 3337 737 et
3380 681 3524 740 inef-

1934 763 2074 821 ficax
2103 766 2207 821 erit
2235 763 2439 822 homini
2474 766 2772 839 inquisitio.
2804 769 3040 843 Tempus
3065 773 3210 828 enim
3234 774 3401 830 breve
3417 781 3523 845 est;

1935 866 1989 914 et
2017 856 2279 927 judicium
2307 858 2401 915 Dei
2440 872 2714 933 gestorum
2749 874 2914 919 causa
2945 865 3122 935 agitur
3141 879 3248 922 non
3285 868 3527 937 questio-

1934 964 2085 1004 num.
2120 948 2353 1021 Ideoque
2394 960 2521 1006 ante
2552 951 2655 1008 hoc
2679 954 2861 1009 omnia
2901 970 3230 1026 quaeramus,
3255 961 3398 1030 quod
3426 971 3528 1020 nos

1933 1046 2029 1094 aut
2076 1039 2310 1110 qualiter
2363 1054 2526 1111 agere
2584 1050 2864 1112 oporteat,
2906 1052 2967 1100 ut
3033 1054 3290 1103 aeternam
3353 1050 3527 1107 vitam

1933 1131 2190 1201 consequi
2248 1124 2577 1187 mereamur.
2616 1132 2750 1188 Nam
2803 1135 2848 1190 si
2881 1137 3133 1209 exiguum
3178 1138 3281 1196 hoc
3310 1148 3526 1213 tempus

1926 1220 2056 1277 vitae
2095 1237 2190 1292 per
2215 1221 2405 1278 inanes
2432 1236 2759 1293 occupemus
2807 1233 2862 1281 et
2912 1227 3133 1284 inutiles
3174 1232 3524 1301 quaedam,

1928 1313 2122 1370 inanes
2150 1313 2266 1370 sine
2305 1315 2467 1371 dubio
2495 1322 2551 1370 et
2575 1317 2732 1371 vacui
2764 1317 2831 1372 ab
2861 1320 3117 1388 operibus
3140 1321 3301 1377 bonis
3337 1335 3528 1395 perge-

1928 1422 2050 1462 mus
2065 1405 2129 1460 ad
2150 1402 2433 1461 Dominum
2445 1407 2552 1471 ,ubi
2564 1407 2828 1477 judicium
2844 1424 3068 1480 operum
3085 1420 3390 1468 nostrorum
3408 1414 3525 1480 tlet,

1927 1513 2265 1569 unaquaeque
2291 1500 2436 1555 enim
2467 1514 2553 1555 res
2590 1514 2751 1556 suum
2782 1509 2994 1573 tempus
3021 1504 3186 1559 habet
3221 1514 3277 1559 et
3322 1505 3523 1562 locum.

1922 1588 2164 1659 Operum
2214 1589 2302 1644 hic
2329 1588 2503 1656 locus,
2555 1589 2658 1647 hoc
2706 1596 2919 1663 tempus
2957 1599 3043 1648 est
3094 1595 3413 1652 meritorum
3442 1606 3530 1653 est

1926 1681 2185 1737 smeulum
2221 1681 2483 1737 futurum.
2517 1682 2717 1738 Currat
2750 1682 2917 1755 igitur
2943 1701 3042 1758 per
3066 1689 3210 1743 viam
3245 1690 3529 1746 mandato-

1929 1791 2046 1831 rum
2098 1777 2343 1844 Domini,
2378 1786 2431 1833 et
2478 1777 2548 1833 ab
2592 1793 2779 1834 eorum
2822 1789 3219 1851 praeceptorum
3262 1783 3528 1841 institutis

211 1870 435 1927 occulta
462 1862 556 1925 Dei
582 1871 781 1925 virtute
811 1885 970 1942 quem
1000 1870 1235 1927 debeant
1260 1872 1483 1945 diligere
1510 1873 1821 1944 priusquam
1855 1855 1898 1914 Β
1926 1858 2245 1939 et'Spiritus
2275 1870 2450 1924 sancti
2491 1869 2737 1925 doctrina
2775 1884 2881 1925 non
2919 1871 3227 1927 recedatur.
3283 1873 3529 1946 Qttapro-

213 1965 507 2029 doceatur,
539 1962 859 2034 agnoscant.
892 1962 1130 2035 Operum
1158 1980 1288 2022 vero
1319 1966 1460 2021 ratio
1487 1968 1740 2038 potestati
1770 1976 1826 2023 et

1924 1968 2045 2032 pter
2075 1960 2429 2032 praeparanda
2464 1970 2592 2017 sunt
2639 1964 2803 2018 corda
2847 1972 3033 2020 nostra
3065 1979 3129 2021 ac
3183 1976 3434 2037 corpora,
3469 1977 3527 2024 et

212 2053 452 2110 arbitrio
483 2053 909 2126 uniuscujusque
949 2054 1325 2127 permittitur,
1365 2065 1420 2112 et
1448 2057 1551 2114 hoc
1582 2059 1823 2129 ipsorum
1925 2061 2127 2110 sancta:
2173 2055 2553 2110 mandatorum
2601 2055 2718 2125 ejus
2762 2070 3093 2128 suorumque
3147 2059 3526 2131 episcoporum

212 2156 303 2202 est
324 2146 641 2220 proprium;
668 2147 994 2203 desiderium
1017 2164 1148 2205 vero
1174 2149 1375 2205 habere
1397 2164 1523 2220 erga
1546 2152 1823 2208 doctorem
1924 2160 1988 2204 ac
2013 2146 2397 2219 prazdictorum
2422 2148 2748 2205 obedientia:
2773 2148 3095 2217 militatura,
3123 2159 3184 2206 ut
3206 2166 3318 2208 suae
3339 2155 3529 2224 gratia:

214 2239 503 2304 veritatis,
556 2240 659 2295 hoc
717 2255 747 2293 a
790 2237 950 2295 Patre
999 2239 1210 2295 cmlesti
1268 2240 1520 2296 donatum
1566 2250 1670 2298 est.
1716 2241 1823 2298 Sed
1916 2241 2108 2314 jubcat
2150 2240 2306 2297 nobis
2362 2241 2623 2297 auxilium
2683 2242 3041 2309 ministrare,
3091 2250 3147 2300 et
3194 2244 3529 2315 fugientibus

212 2331 366 2386 salus
396 2330 448 2384 in
480 2345 544 2386 eo
571 2337 656 2385 cst
699 2339 756 2384 ut
783 2329 1122 2387 voluntatem
1153 2330 1270 2400 ejus
1316 2332 1471 2404 cujus
1505 2348 1745 2388 amorem
1770 2340 1825 2390 et
1923 2333 2186 2402 gehennm
2212 2347 2431 2404 poenam
2462 2331 2530 2388 ad
2566 2332 2732 2389 vitam
2768 2334 2988 2390 valeant
3025 2350 3215 2391 omnes
3239 2336 3529 2407 pel-venite

214 2422 552 2479 desiderium
582 2463 598 2489 ,
651 2420 764 2478 Deo
813 2420 1102 2494 largiente,
1160 2425 1496 2495 conceperis,
1544 2424 1732 2491 facias,
1756 2438 1826 2482 ne

216 2513 437 2570 dicatur
476 2510 567 2567 ille
611 2526 791 2569 sermo
817 2513 935 2585 ejus
967 2514 1035 2568 ad
1081 2527 1217 2580 nos,
1253 2528 1415 2584 quem
1462 2514 1603 2571 idem
1646 2514 1822 2571 dixit:

218 2626 240 2659 ι
270 2606 415 2675 Quid
450 2616 635 2665 autem
673 2624 761 2664 me
804 2610 987 2667 dicitis
1011 2652 1026 2677 ,
1056 2606 1318 2678 Domine,
1358 2611 1608 2678 Domine,
1635 2620 1691 2668 et
1716 2628 1822 2669 non

214 2698 404 2755 facitis
458 2717 580 2772 qua:
647 2698 813 2757 dico?
856 2701 951 2758 Est
983 2719 1113 2775 ergo
1173 2702 1377 2775 proprii
1429 2705 1708 2770 muneris,
1762 2713 1824 2760 ut

211 2793 596 2865 unusquisque
623 2790 694 2849 sit
722 2803 885 2865 prout
926 2794 1187 2851 Dominus
1235 2802 1419 2851 noster
1457 2795 1667 2865 dederit
1695 2810 1821 2867 per-

211 2880 477 2940 fectusin
523 2878 792 2952 Ecclesia,
846 2895 1165 2957 metensque
1218 2885 1427 2941 semina
1480 2886 1659 2940 divina
1691 2927 1707 2953 ,
1761 2894 1822 2941 ut

214 2976 276 3032 de
297 2975 464 3033 nobis
491 2992 598 3033 non
627 2977 919 3047 praedictus
948 2990 1151 3043 sermo,
1186 2977 1280 3032 sed
1310 2976 1398 3032 ille
1425 2976 1638 3033 dicatur
1657 2988 1821 3048 quem

212 3067 341 3122 alibi
398 3064 665 3124 Dominus
718 3077 907 3124 noster
951 3068 1111 3124 dixit.
1163 3067 1287 3123 ideo
1337 3069 1579 3141 (inquit),
1632 3068 1821 3125 Omnis

211 3157 394 3215 scriba
436 3158 630 3214 doctus
660 3160 711 3215 in
746 3172 911 3231 regno
949 3162 1215 3215 caelorum
1235 3200 1249 3225 ,
1281 3159 1475 3215 similis
1499 3168 1584 3216 est
1610 3159 1818 3216 homini

208 3252 620 3323 patrifamilias,
663 3254 753 3325 qui
796 3252 999 3325 profert
1027 3254 1093 3309 de
1138 3254 1396 3308 thesauro
1438 3268 1536 3309 suo
1588 3268 1727 3309 nova
1764 3262 1819 3309 et

213 3357 401 3401 vetera
436 3346 660 3417 (Matth.
707 3364 824 3413 xm,
863 3347 975 3417 52).
1013 3367 1031 3399 ι
1062 3344 1250 3402 Nullus
1290 3360 1439 3416 ergo,
1473 3346 1670 3415 inquit,
1713 3345 1817 3400 im-

214 3440 399 3509 pediat
429 3438 702 3505 ordinem,
740 3447 833 3494 aut
876 3440 1053 3496 locum
1102 3448 1330 3509 occupet
1353 3434 1816 3504 irrationabiliter,

215 3530 301 3589 vel
339 3540 648 3605 temporum
690 3542 963 3605 permutet
1008 3534 1180 3599 vices,
1232 3532 1326 3588 sed
1374 3532 1552 3603 primo
1598 3545 1718 3600 qua:
1746 3530 1819 3586 sit

217 3624 426 3694 iustitia
466 3623 605 3694 ejus,
658 3640 778 3695 qum
826 3622 1072 3679 voluntas
1125 3622 1492 3693 requiramus,
1545 3630 1604 3675 ut
1661 3619 1818 3676 bonis

204 3708 481 3785 operibus
528 3724 588 3769 ac
629 3713 721 3769 Dei
759 3715 934 3786 gratia
966 3712 1295 3785 repleantur.
1348 3711 1491 3767 Deus
1524 3708 1669 3765 enim
1732 3709 1818 3765 his

221 3809 310 3882 qui
340 3817 492 3866 recte
543 3809 786 3865 sentiunt
813 3818 868 3863 et
912 3808 1053 3865 bona
1107 3813 1275 3880 agunt
1303 3814 1503 3878 praesto
1531 3813 1636 3870 est,
1681 3817 1816 3875 quo-

1925 2430 2212 2480 aeternam.

1994 2514 2122 2572 litec
2168 2516 2372 2587 itaque,
2421 2514 2593 2573 frater
2640 2517 2963 2574 cbarissime
3015 2516 3214 2575 Iacche
3243 2560 3257 2584 ,
3315 2531 3386 2574 an
3430 2532 3528 2579 ore

1916 2607 2101 2663 'sancti
2156 2605 2302 2662 Petri
2354 2605 2596 2675 jubentis
2642 2608 2865 2679 accepi,
2913 2609 3117 2680 tibique
3162 2618 3233 2665 ‘ut
3297 2613 3527 2683 optabas

1922 2696 2201 2754 insinuare
2230 2699 2433 2764 studui,
2460 2707 2518 2753 ut
2547 2712 2767 2755 servare
2787 2700 2970 2756 omnia
3010 2703 3353 2758 immaculata
3390 2718 3528 2777 prat-

1922 2789 2116 2861 cipias,
2158 2791 2285 2861 quia
2334 2791 2707 2847 ecclesiastica
2755 2804 2861 2847 non
2906 2801 3123 2863 oportet
3170 2793 3527 2867 negligenter,

1916 2880 2020 2937 'sed
2050 2879 2351 2953 diligenter.
2373 2880 2580 2954 expleri
2617 2884 2854 2956 negotia.
2904 2883 3031 2941 Haec
3078 2898 3209 2958 ergo
3256 2896 3528 2958 praecepta

1922 2982 2085 3028 nemo
2123 2973 2312 3028 credat
2361 2974 2569 3045 absque
2632 2988 2731 3030 suo
2782 2975 3026 3046 periculo
3072 2977 3346 3050 negligere
3372 3018 3386 3043 ,
3443 2978 3530 3035 vel

1922 3064 2294 3133 dissimulare,
2338 3068 2465 3137 quia
2491 3067 2697 3137 judicio
2748 3067 2843 3123 Dei
2873 3068 3015 3140 ignis
3037 3069 3227 3125 aeterni
3258 3078 3528 3127 tormenta

1924 3156 2219 3216 sustinebit
2260 3159 2353 3231 qui
2396 3159 2770 3217 ecclesiastica
2807 3159 3026 3217 decreta
3057 3160 3377 3233 neglexerit.
3416 3163 3527 3232 Qui

1927 3268 2059 3309 vero
2084 3263 2139 3310 te
2178 3254 2414 3311 audierit
2442 3295 2459 3321 ,
2505 3263 2568 3310 ut
2590 3252 2832 3325 jusserat
2864 3254 3115 3311 minister
3146 3255 3349 3312 Christi
3375 3255 3524 3325 Jesu,

1927 3345 2156 3418 gloriam
2190 3346 2439 3416 accipiet.
2474 3345 2577 3414 Qui
2606 3355 2787 3403 autem
2812 3354 2862 3402 te
2882 3361 2988 3403 non
3033 3344 3268 3404 audierit
3299 3350 3407 3407 imo
3439 3348 3525 3408 Ιο-

1927 3444 2185 3507 quentem
2231 3438 2522 3513 Dominum
2571 3455 2671 3512 per
2720 3450 2775 3497 te
2823 3441 2925 3512 ipsi
2961 3442 3067 3499 sibi
3119 3444 3525 3501 damnationem

1908 3532 2176 3603 accipiet.
2208 3531 2525 3589 Curandum
2559 3548 2711 3606 ergo,
2742 3543 2799 3589 et
2837 3533 3226 3591 attendendum
3253 3545 3338 3593 est
3365 3537 3524 3595 nobis

1924 3625 2183 3680 omnibus
2234 3625 2381 3696 quod
2431 3624 2488 3681 in
2541 3636 2862 3697 perpetuum
2912 3628 3154 3698 expedit,
3217 3636 3276 3683 ut
3317 3628 3523 3687 Christi

1921 3716 2269 3787 passionibus
2298 3733 2397 3790 per
2416 3718 2736 3791 patientiam
2763 3719 3155 3791 participemus
3178 3728 3346 3792 atque
3365 3721 3522 3792 regni
3592 3712 3601 3721 κ

1921 3806 2040 3878 ejus
2070 3821 2382 3865 mereamur
2408 3822 2531 3867 esse
2557 3817 2866 3868 consortes.
2890 3809 3089 3869 Amen.

226 4078 731 4173 EPISTULA
787 4080 1379 4173 CLEMENTIS
1460 4086 1747 4169 ΡΑΡλΕ
1820 4088 1953 4166 AD
2027 4065 2499 4171 JACOBUM
2561 4084 3040 4168 FRATREM
3119 4087 3506 4169 DOMINI

1425 4244 1515 4306 De
1542 4242 1810 4305 sacratis
1842 4241 2116 4327 vestibus
2144 4248 2200 4304 et
2229 4242 2398 4302 vasis

292 4360 547 4456 Caeneus
575 4395 835 4451 Romana:
864 4391 1121 4450 Ecclesiae
1146 4390 1344 4465 praesul
1365 4432 1380 4459 ,
1406 4388 1605 4447 Jacono
1634 4387 1827 4447 Hiero-
1852 4393 1907 4454 Β
1932 4388 2085 4462 gravi
2118 4392 2470 4447 anathemate
2489 4388 2652 4460 digna
2676 4388 3091 4447 humiliatiuuis
3111 4391 3272 4464 plaga
3295 4390 3527 4454 feriatur

226 4494 562 4565 solyrnorum
587 4487 862 4561 episcopo.
1509 4556 1512 4560 Δ

291 4586 566 4655 Quoniam
598 4583 740 4638 sicut
772 4598 805 4636 a
844 4580 1003 4636 beato
1031 4579 1192 4634 Petro
1240 4577 1484 4649 apostolo
1515 4576 1824 4649 accepimus

225 4682 465 4735 animum
517 4674 882 4747 apostolorum
928 4681 1103 4744 patre,
1148 4671 1239 4743 qui
1286 4670 1467 4726 claves
1520 4668 1667 4739 regni
1709 4682 1825 4723 cu:-

227 4772 377 4827 iestis
415 4770 650 4840 accepit,
697 4766 933 4838 qualiter
985 4774 1171 4820 tenere
1213 4763 1491 4827 debemus,
1531 4760 1596 4815 de
1642 4774 1821 4814 sacra-

228 4867 428 4923 mentis
478 4878 600 4936 qua:
629 4869 894 4933 geruntur
945 4859 999 4914 in
1029 4857 1237 4914 sanctis
1294 4866 1347 4914 te
1375 4871 1445 4912 ex
1489 4855 1679 4911 ordine
1725 4869 1824 4909 nos

178 4996 181 4998 ›
227 4959 386 5014 decet
417 4957 711 5011 instruere.

297 5051 504 5107 Tribus
537 5048 682 5103 enim
710 5046 967 5118 gradibus
997 5044 1286 5113 commissa
1324 5051 1448 5098 sunt
1484 5048 1824 5097 sacramenta

228 5143 541 5197 divinorqu
571 5147 930 5205 secretorum,
963 5138 1013 5193 id
1050 5146 1165 5199 est,
1194 5144 1534 5207 prestytero,
1571 5134 1820 5199 diacono,

227 5244 282 5290 et
311 5234 593 5298 ministro,
615 5234 708 5301 qui
734 5246 858 5287 cum
882 5231 1097 5294 timore,
1121 5239 1177 5284 et
1216 5237 1452 5283 tremore
1480 5226 1821 5291 clericorum,

229 5322 495 5397 reliquias
554 5325 803 5396 corporis
841 5322 1105 5379 Dominici
1152 5321 1353 5377 debent
1405 5319 1681 5376 custodire
1715 5319 1825 5374 fra-

228 5428 601 5492 gmentorum,
634 5431 702 5471 ne
726 5432 834 5487 qua
871 5416 1099 5487 putredo
1133 5414 1187 5469 in
1217 5413 1460 5469 sacrario
1495 5412 1820 5476 inveniatur,

232 5524 292 5569 ut
314 5528 444 5569 cum
480 5511 813 5582 negligenter
849 5509 1027 5578 agitur
1055 5507 1292 5578 portioni
1319 5505 1565 5575 corporis
1590 5503 1821 5569 Domini,

230 5607 416 5680 gravis
451 5604 718 5660 inferatur
755 5600 973 5672 injuria.
1015 5600 1339 5656 Communio
1383 5598 1531 5654 enim
1581 5596 1826 5667 corporis

223 5695 453 5754 ’Βοωὶηὶ
484 5698 657 5753 nostri
678 5694 807 5752 Iesu
840 5694 1040 5751 iibristi
1060 5733 1074 5760 ,
1104 5691 1149 5749 si
1182 5691 1518 5763 negligenter
1545 5698 1821 5762 erogetur,

236 5799 294 5852 et
320 5790 609 5871 presbyter
658 5789 871 5845 minora
924 5802 1033 5844 non
1076 5793 1229 5842 curet
1277 5784 1570 5841 admonere
1619 5781 1815 5851 cilicia,

1930 4484 2093 4541 Certe
2128 4493 2276 4539 tanta
2307 4485 2360 4540 in
2382 4483 2577 4539 altario
2606 4483 2925 4542 holocausta
2953 4484 3276 4554 oderantur,
3304 4497 3511 4557 quanta

1928 4578 2126 4648 populo
2169 4575 2415 4632 sumcere
2462 4575 2714 4633 debeant.
2751 4576 2905 4645 Quod
2937 4578 2984 4632 si
3033 4580 3419 4642 remanserint,
3464 4579 3523 4636 in

1928 4669 2171 4725 crastino
2207 4684 2315 4723 non
2342 4678 2708 4732 reserventur,
2753 4668 2851 4724 sed
2894 4684 3015 4724 cum
3070 4668 3267 4724 timore
3315 4678 3372 4724 et
3415 4677 3524 4725 tre-

1928 4779 2079 4820 more
2120 4763 2480 4826 clericorum,
2533 4771 2590 4818 et
2632 4762 2909 4835 diligentia
2949 4771 3357 4819 consumantur.
3416 4763 3521 4831 Qui

1928 4867 2108 4912 autem
2167 4855 2382 4913 residua
2429 4856 2678 4927 corporis
2732 4855 2945 4931 Domini
2995 4869 3116 4924 quas
3173 4855 3231 4909 in
3278 4855 3524 4911 sacrario

1929 4951 2117 5008 relicta
2149 4962 2276 5008 sunt
2317 4949 2666 5015 consumunt,
2717 4965 2822 5006 non
2874 4948 3059 5004 statim
3100 4947 3166 5002 ad
3203 4964 3523 5005 communes

1928 5044 2272 5114 accipiendos
2329 5043 2481 5100 cibos
2529 5040 2894 5108 conveniant,
2951 5056 3019 5095 ne
3064 5050 3253 5111 putent
3316 5049 3522 5097 sanctae

1925 5136 2164 5208 portioni
2231 5135 2591 5192 commiscere
2655 5133 2836 5190 cibum
2892 5133 2982 5203 qui
3034 5146 3131 5203 per
3185 5132 3520 5204 aqualiculus

1927 5229 2167 5298 digestus
2216 5225 2278 5282 in'
2316 5241 2589 5283 secessum
2634 5225 2896 5282 funditur.
2956 5224 3012 5280 Si
3056 5240 3187 5297 ergo
3218 5240 3378 5281 mane
3419 5226 3521 5285 Do-

1926 5320 2124 5377 minica
2164 5319 2339 5390 portio
2367 5318 2568 5384 editur,
2595 5331 2766 5387 usque
2800 5316 2869 5371 ad
2903 5324 3115 5372 sextam
3135 5313 3381 5387 jejunent
3411 5315 3516 5370 mi-

1926 5413 2084 5469 nistri
2150 5412 2242 5482 qui
2307 5426 2431 5468 eam
2496 5410 2951 5480 consumpserint.
3001 5408 3068 5464 Et
3104 5409 3151 5463 si
3217 5408 3376 5463 tertia
3432 5406 3518 5462 vel

1925 5516 2120 5578 quarta
2156 5506 2289 5561 hora
2325 5503 2656 5574 acceperint,
2694 5500 2945 5571 jejunent
2995 5516 3168 5572 usque
3219 5500 3286 5555 ad
3332 5514 3520 5569 vespe-

1928 5613 2065 5653 ram.
2125 5595 2257 5662 Sic,
2313 5604 2522 5651 secreta
2573 5594 3041 5660 sanctiﬁcatione,
3084 5601 3286 5650 aeterna
3338 5602 3522 5649 custo-

1925 5686 2121 5745 dienda
2149 5693 2276 5741 sunt
2305 5694 2668 5741 sacramenta.

1998 5779 2074 5837 De
2118 5778 2267 5835 vasis
2310 5793 2444 5835 sane
2487 5781 2659 5838 Sacris
2708 5780 2781 5837 ita
2828 5774 3122 5853 gerendum
3174 5786 3296 5837 est:
3330 5775 3518 5835 altaris
