4012 6464
512 422 583 482 39
1348 416 1638 472 APPEND.
1683 414 1776 471 AD
1815 414 1990 472 S/EC.
2029 415 2119 471 IX.
2157 441 2223 458 -
2262 413 2512 472 ISIDORI
2549 413 2993 473 MERCATORIS
3719 419 3789 475 40

509 537 671 613 palla,
712 536 1001 602 cathedra,
1048 533 1434 592 candelabrum
1482 541 1536 589 et
1577 531 1780 598 velum,
1818 532 1865 587 si
1893 528 2099 587 fuerint
2129 536 2178 597 Α
2210 529 2402 586 fecerit
2446 529 2549 585 hoc
2590 543 2763 600 opus,
2810 526 3024 585 noverit
3051 541 3111 586 se
3138 528 3433 600 supradicti
3470 527 3622 587 Judzc
3668 546 3787 589 sus-

508 640 778 690 vetuslate
805 638 1146 701 consumpta,
1185 628 1434 684 incendio
1458 627 1674 692 dentur,
1705 626 1959 697 quoniam
1988 641 2097 681 non

507 726 640 787 licet
685 738 751 781 ea
797 738 917 794 quae
951 721 1006 777 in
1053 720 1364 778 sanctuario
1404 718 1627 787 fuerint,
1658 718 1798 775 male
1839 726 2096 784 tractare,

507 818 606 873 sed
663 814 912 871 incendio
952 813 1205 870 universa
1254 812 1560 868 tradantur.
1610 810 1835 867 Cineres
1884 825 2100 880 quoque

470 894 700 963 'eorum
747 906 799 961 in
839 903 1159 976 baptisteria
1203 901 1541 980 inferantur,
1575 901 1666 957 ubi
1705 901 1885 958 nullus
1922 910 2098 957 trans.

504 999 642 1056 itum
661 997 879 1063 habeat,
906 1007 1001 1052 aut
1026 996 1079 1051 in
1107 994 1331 1066 pariete,
1366 1001 1462 1049 aut
1489 994 1544 1049 in
1573 993 1737 1050 fossis
1765 993 2099 1065 pavimento-

504 1102 629 1143 rum
647 1088 938 1158 jactentur,
967 1100 1035 1141 ne
1058 1084 1448 1141 introeuntium
1474 1084 1700 1155 pedibus
1724 1084 2094 1154 inquinentur.

505 1178 678 1236 Nemo
697 1195 795 1250 per
814 1179 1177 1251 ignorantiam
1193 1177 1426 1235 clericus
1446 1176 1588 1248 palla
1613 1184 1885 1250 mortuum
1910 1176 2100 1232 credat

505 1270 921 1337 obvolvendum,
978 1279 1072 1325 aut
1103 1271 1362 1326 diaconus
1404 1268 1652 1339 scapulas
1693 1269 1910 1340 operire
1945 1268 2097 1335 velit,

504 1380 626 1435 quae
656 1363 757 1419 fuit
786 1362 841 1417 in
868 1361 1045 1427 altari,
1072 1370 1164 1418 aut
1184 1369 1334 1417 certe
1367 1376 1489 1431 quae
1508 1359 1637 1415 data
1659 1368 1744 1417 est
1776 1360 1832 1415 in
1856 1375 2099 1416 mensam

501 1457 745 1516 Domini.
770 1455 873 1524 Qui
897 1456 1011 1511 haec
1059 1453 1251 1511 fecerit
1287 1453 1372 1511 vel
1418 1452 1613 1509 leviter
1649 1454 1806 1525 quasi
1843 1454 2000 1519 nihil,
2045 1462 2102 1511 et

501 1547 841 1620 negligenter
865 1544 1117 1601 habuerit
1134 1544 1315 1600 divina
1345 1544 1625 1616 mysteria,
1643 1544 1903 1600 diaconus
1933 1544 2100 1599 trien-

502 1641 597 1696 nio
631 1653 833 1711 sexque
863 1636 1139 1693 mensibus
1161 1651 1193 1690 a
1219 1636 1499 1692 Dominico
1535 1635 1743 1690 alienus
1774 1635 1879 1689 erit
1913 1634 2097 1699 altari,

503 1731 655 1804 gravi
688 1744 981 1803 percussus
1024 1729 1393 1783 anathemate.
1423 1727 1577 1795 Quod
1608 1728 1663 1783 si
1685 1727 1943 1783 clericum
1970 1743 2096 1799 pre-

502 1825 691 1897 sbyter
742 1839 847 1880 non
887 1821 1307 1886 commonnerit,
1345 1820 1531 1877 decem
1571 1821 1729 1876 annis
1775 1828 1831 1875 et
1855 1820 2098 1890 quinque

2206 630 2485 692 cepturum
2514 635 2753 692 pmnam.
3041 682 3044 685 η

2270 714 2513 772 Clericus
2542 730 2671 772 vero
2702 713 2847 771 solus
2879 714 2949 770 ad
2985 712 3200 772 feminae
3230 714 3638 772 tabernaculum
3682 733 3789 774 non

2200 808 2445 872 accedat,
2478 822 2581 863 nec
2623 814 2880 879 properet
2925 806 3043 863 sine
3090 806 3314 877 majoris
3353 816 3483 864 natu
3529 810 3792 882 principis

2197 900 2461 971 iussione.
2494 900 2605 957 Nec
2649 901 2933 974 presbyter
2960 900 3106 956 solus
3126 910 3266 957 'cum
3302 901 3417 957 sola
3443 901 3789 977 adjungatnr,

2200 992 2295 1049 sed
2345 991 2553 1047 duobus
2594 992 2841 1047 adductis
2869 992 3116 1059 testibus,
3151 991 3333 1048 visitet
3361 991 3655 1060 infirmam,
3687 1012 3792 1054 nec

2201 1083 2349 1140 solus
2369 1099 2491 1139 cum
2524 1082 2635 1139 sola
2662 1083 2863 1139 femina
2885 1082 3095 1139 fabulas
3121 1084 3365 1148 misceat,
3399 1098 3500 1140 nec
3522 1086 3791 1141 archidia-

2201 1190 2372 1231 conus
2399 1184 2496 1231 aut
2534 1174 2794 1230 diaconus
2835 1175 2936 1231 sub
2972 1183 3236 1246 praetextu
3268 1174 3590 1231 humilitatis
3630 1175 3792 1233 ollicii

2201 1267 2511 1339 frequentet
2536 1268 2806 1324 domicilia
2844 1276 3241 1335 matronarum,
3272 1278 3364 1323 aut
3390 1269 3531 1325 forte
3555 1285 3652 1342 per
3675 1271 3792 1328 cle-

2201 1363 2346 1420 ricos
2375 1374 2469 1419 aut
2495 1364 2820 1423 domesticos
2845 1364 2963 1435 ejns
3003 1374 3263 1420 matronae
3302 1364 3562 1420 mandent
3596 1365 3795 1419 secreti

2202 1456 2425 1527 aliquid.
2457 1454 2515 1511 Si
2543 1456 2817 1526 cognitum
2845 1454 3028 1520 fuerit,
3057 1465 3111 1510 ct
3146 1454 3232 1511 ille
3257 1453 3579 1525 deponatur,
3616 1463 3672 1510 et
3703 1454 3793 1510 illa

2202 1560 2234 1600 a
2260 1546 2539 1601 liminibus
2588 1556 2842 1601 arceatur
2880 1544 3144 1602 ecclesiae.
3196 1544 3302 1601 Sed
3346 1546 3391 1601 si
3433 1543 3574 1601 forte
3613 1546 3798 1617 aliqua

2202 1636 2524 1692 intercessio
2554 1636 2734 1702 fuerit,
2757 1637 3013 1709 episcopo
3032 1647 3373 1709 suggeratur.
3406 1637 3473 1694 Et
3498 1638 3543 1701 si
3568 1638 3692 1693 talis
3713 1647 3798 1696 est

2203 1729 2270 1783 ad
2298 1744 2461 1799 quam
2488 1729 2684 1784 debeat
2722 1729 2803 1784 ire
2831 1730 2920 1801 pio
2953 1730 3256 1785 interventu
3306 1730 3419 1802 ipse
3447 1744 3659 1805 pergat.
3696 1732 3796 1786 Sin

2204 1830 2385 1876 autem
2422 1822 2487 1877 de
2515 1821 2685 1877 latere
2716 1836 2814 1877 suo
2844 1822 3062 1893 dirigat,
3104 1838 3227 1878 cum
3257 1823 3467 1880 duobus
3495 1833 3589 1879 aut
3620 1824 3798 1880 tribus

499 1914 779 1971 mensibus
842 1911 1339 1969 excontmnnicatus
1393 1910 1464 1966 sit
1492 1952 1509 1977 ,
1558 1922 1779 1983 propter
1826 1910 1970 1981 quod
2027 1910 2096 1966 de
2127 1922 2170 1982 Β
2197 1913 2288 1984 qui
2321 1914 2423 1968 hoc
2449 1912 2589 1968 scire
2615 1910 2864 1969 debeant.
2899 1911 3043 1969 Sane
3068 1914 3135 1968 ad
3158 1913 3480 1969 visitandam
3510 1913 3819 1969 mulierem

501 2008 802 2066 Dominicis
838 2005 1194 2064 sacramentis
1242 2003 1487 2075 subjecta
1536 2005 1639 2062 sibi
1688 2020 1794 2060 non
1847 2019 2094 2061 commo-

499 2102 681 2159 nuerit
717 2099 1054 2163 ministeria,
1105 2106 1160 2153 et
1204 2106 1392 2169 postea
1435 2114 1561 2154 cum
1607 2098 1797 2169 grandi
1843 2106 1899 2155 et
1941 2098 2095 2171 gravi

500 2190 812 2248 humilitate
848 2188 1011 2245 matri
1038 2188 1422 2245 reconcilietur
1458 2189 1738 2245 Ecclesiae.
1766 2188 1943 2244 Pallas
1967 2204 2092 2246 vero

501 2294 559 2342 et
588 2284 705 2342 vela
750 2300 868 2355 qua:
899 2284 955 2339 in
987 2283 1285 2342 sanctuarii
1312 2283 1587 2339 sordidata
1619 2282 1824 2339 fuerint
1855 2282 2094 2338 ministe-

502 2380 618 2446 rio,
649 2376 864 2435 diaconi
903 2392 1027 2433 cum
1065 2375 1361 2432 humilibus
1408 2375 1675 2432 ministris
1708 2373 1865 2445 juxta
1908 2389 2093 2431 sacra-

500 2472 645 2527 rium
672 2470 874 2535 lavent,
900 2485 1007 2526 non
1038 2466 1318 2538 ejicientes
1336 2466 1530 2523 forasa
1556 2466 1798 2523 sacrario
1820 2465 2090 2522 velamina

503 2561 802 2620 Dominica
833 2576 1056 2628 mensa,
1090 2576 1157 2618 ne
1191 2560 1331 2617 forte
1361 2560 1537 2632 pulvis
1563 2559 1825 2616 Dominici
1848 2557 2094 2630 corporis

499 2655 643 2712 male
690 2654 903 2711 decidat
954 2670 987 2709 a
1030 2652 1256 2709 sindone
1309 2652 1443 2710 foris
1492 2651 1699 2719 abluto,
1738 2659 1795 2707 et
1837 2651 1945 2708 erit
1989 2651 2094 2706 hoc

503 2746 754 2820 operanti
787 2755 1102 2818 peccatum,
1147 2745 1351 2803 idcirco
1393 2745 1541 2802 intra
1581 2745 1884 2802 sacrarium
1934 2744 2094 2801 mini-

508 2840 641 2898 stris
735 2840 1084 2913 prazcipimus
1175 2840 1293 2896 haec
1368 2850 1558 2896 sancta
1633 2855 1758 2896 cum
1815 2838 2093 2911 diligentia

503 2932 800 2989 custodire.
832 2929 977 2988 Sane
1005 2931 1177 3004 pelvis
1205 2947 1344 2988 nova
1373 2940 1741 3005 comparetur,
1790 2942 1847 2987 et
1894 2940 2094 3003 praeter

501 3024 620 3080 haec
649 3023 782 3079 nihil
813 3022 961 3079 aliud
1008 3030 1209 3094 tangat.
1258 3021 1367 3079 Sed
1420 3039 1528 3081 non
1582 3024 1698 3094 ipsa
1744 3023 1917 3095 pelvis
1969 3022 2092 3081 ullis

502 3121 805 3186 apponatur
831 3113 1096 3181 lavandis,
1150 3113 1254 3170 nisi
1305 3129 1424 3185 quae
1472 3114 1542 3171 ad
1584 3114 1851 3173 Dominici
1903 3114 2093 3172 altaris

499 3206 706 3264 cultum
741 3206 1035 3278 pertinent,
1063 3204 1217 3276 palla:
1244 3204 1433 3262 altaris
1461 3205 1590 3262 solae
1629 3206 1687 3262 in
1714 3221 1780 3262 ea
1815 3204 2088 3274 laventur,

498 3307 557 3357 et
583 3300 640 3356 in
666 3299 773 3355 alia
800 3298 918 3354 vela
925 3298 1245 3388 januarum.

494 3426 502 3457 ι
568 3412 647 3470 De
693 3413 830 3471 velis
875 3423 1055 3470 autem
1097 3412 1385 3484 jannarum
1443 3429 1576 3470 cura
1614 3413 1689 3471 sit
1732 3414 1971 3471 ostiariis
2020 3428 2091 3470 ex

390 3510 401 3513 “
500 3506 869 3563 admonitione
894 3506 1182 3577 majorum,
1220 3523 1288 3564 ne
1331 3508 1455 3579 quis
1487 3508 1785 3582 negligens,
1816 3518 1912 3565 aut
1937 3511 2091 3581 igua-

498 3613 595 3654 rus
622 3599 691 3655 ad
717 3599 894 3655 velum
919 3598 1104 3670 januae
1127 3599 1320 3655 domus
1347 3600 1562 3656 Domini
1590 3616 1789 3656 manus
1817 3600 2092 3657 incondite

497 3699 696 3764 tergat,
728 3693 825 3748 sed
847 3692 1032 3748 statim
1065 3692 1335 3748 coercitus
1366 3692 1543 3748 discat
1569 3693 1748 3749 omnis
1772 3693 1936 3749 homo
1965 3693 2091 3762 quia

498 3786 677 3843 velum
706 3787 834 3843 atrii
861 3787 1059 3843 domus
1078 3786 1293 3843 Domini
1318 3794 1569 3843 sanctum
1591 3794 1696 3843 est.

569 3904 922 3976 Pratcipimus
947 3902 1135 3970 etiam,
1164 3918 1232 3958 ne
1261 3918 1499 3973 unquam
1531 3910 1719 3960 extero
1748 3904 1948 3961 clerico
1977 3904 2092 3961 sive

498 3995 640 4052 laico
682 3996 748 4050 de
786 3994 1104 4067 fragmentis
1142 3992 1472 4049 oblationum
1517 3993 1728 4049 Domini
1761 4005 1994 4065 ponatur
2022 3996 2091 4051 ad

498 4087 560 4158 8
597 4100 861 4141 mensam.
897 4082 1052 4139 Unde
1082 4085 1191 4140 seis
1219 4093 1274 4138 tu
1300 4085 1393 4155 qui
1430 4085 1634 4155 passim
1668 4087 1894 4142 sacrarii
1921 4102 2091 4156 panes

500 4177 739 4249 indignis
774 4176 1061 4247 impendis,
1090 4176 1232 4232 unde
1258 4177 1400 4233 nosti
1423 4178 1468 4233 si
1500 4193 1532 4231 a
1557 4176 1872 4233 mulieribus
1903 4177 2091 4233 mundi

501 4269 667 4324 sunt?
695 4266 848 4323 Unde
879 4276 935 4324 et
967 4268 1136 4324 David
1170 4270 1238 4326 ab
1260 4268 1577 4326 Abimelech
1606 4271 1886 4326 sacerdote
1924 4270 2091 4326 inter-

498 4368 725 4431 rogatus
754 4374 876 4414 cum
904 4374 1071 4430 panes
1095 4359 1199 4414 sibi
1229 4360 1297 4414 ad
1326 4361 1715 4416 comedendum
1744 4370 2013 4430 posceret,
2043 4359 2090 4415 si

499 4451 733 4507 mundus
782 4461 927 4506 esset
975 4466 1006 4505 a
1058 4450 1315 4517 muliere,
1362 4466 1484 4507 cum
1544 4467 1603 4507 se
1654 4453 1913 4509 mundum
1965 4460 2092 4508 ante

499 4542 739 4597 triduum
789 4541 1160 4613 profiteretur,
1214 4558 1382 4615 panes
1427 4544 1810 4615 propositionis
1862 4547 2091 4602 mandu-

498 4634 663 4690 cavit.

569 4748 651 4804 Ad
681 4749 965 4806 Dominica
996 4759 1177 4805 autem
1224 4752 1480 4823 mysteria
1526 4751 1660 4807 tales
1699 4752 1968 4824 eligantur
1993 4752 2086 4822 qui

500 4849 627 4895 ante
652 4840 1051 4895 ordinationem
1076 4839 1336 4911 conjuges
1358 4855 1486 4895 snas
1510 4856 1616 4895 non
1642 4842 1906 4895 noverint.
1935 4841 2089 4908 Quod

498 4930 546 4984 si
585 4939 705 5000 post
741 4932 1138 4986 ordinationem
1186 4932 1436 4989 ministro
1475 4933 1763 5005 contigerit
1809 4934 2087 5003 proprium

500 5023 754 5076 invadere
782 5021 959 5078 cubile
987 5024 1204 5089 uxoris,
1246 5024 1469 5079 sacrarii
1510 5040 1615 5078 non
1667 5024 1828 5077 intret
1878 5023 2084 5088 limina,

499 5126 601 5165 nec
646 5112 900 5168 sacrificii
928 5114 1134 5182 potitor
1159 5112 1274 5179 fiat,
1308 5128 1409 5169 nec
1455 5112 1626 5168 altare
1659 5115 1955 5185 contingat,
1989 5127 2088 5168 nec

498 5202 571 5257 ab
599 5202 950 5259 offerentibus
978 5205 1275 5260 holocausti
1306 5206 1635 5262 oblationem
1664 5207 1950 5277 suscipiat,
1990 5221 2089 5261 nec

500 5295 572 5351 ad
600 5295 866 5351 Dominici
891 5297 1136 5365 corporis
1164 5298 1465 5367 portionem
1498 5300 1741 5362 accedat,
1770 5300 1862 5353 sed
1890 5316 2086 5369 aquam

498 5386 874 5442 sacerdotibus
896 5387 1139 5457 porrigat
1162 5389 1230 5443 ad
1256 5404 1470 5455 manus,
1499 5390 1594 5469 sed
1620 5390 1759 5444 ostia
1787 5388 2087 5446 forinsecus

499 5474 736 5545 claudat,
788 5479 994 5535 minora
1027 5490 1185 5551 gerat
1205 5478 1398 5548 ollicia,
1434 5497 1658 5538 urceum
1704 5482 1817 5537 sive
1861 5482 2087 5540 calicem

500 5570 570 5625 ad
600 5571 772 5626 altare
796 5586 903 5628 non
927 5570 1169 5627 sufferat.

574 5680 631 5737 Si
660 5681 801 5738 forte
819 5683 1084 5755 quispiam
1111 5685 1394 5757 presbyter
1422 5685 1535 5741 sive
1568 5685 1826 5742 diaconus
1863 5684 2089 5742 sacrarii

501 5772 788 5830 sindonem
815 5773 900 5829 vel
918 5774 1093 5830 velum
1116 5776 1396 5832 subtracta
1422 5777 1745 5843 vendiderit,
1769 5774 1918 5832 Juda:
1942 5776 2090 5832 simi-

498 5863 572 5925 lis
599 5866 955 5926 arstimabitur
980 5866 1326 5936 lseariotbis;
1360 5870 1452 5941 qui
1487 5880 1706 5940 propter
1738 5870 2086 5940 cupiditatem

2200 2006 2475 2062 infirmam
2512 2005 2690 2061 nullus
2718 2006 2950 2063 clericus
2977 2006 3331 2078 ingrediatur,
3370 2007 3472 2064 nisi
3508 2023 3629 2063 cum
3660 2006 3799 2062 duo-

2197 2102 2300 2157 bus
2328 2110 2423 2156 aut
2471 2101 2664 2157 tribus.
2698 2098 2869 2157 Nemo
2897 2109 3078 2156 tamen
3121 2116 3244 2157 cum
3284 2110 3539 2157 extranea
3586 2100 3799 2155 habitet

2196 2194 2424 2260 femina,
2459 2194 2562 2249 nisi
2592 2194 2838 2265 proxima
2880 2203 2974 2249 aut
3002 2209 3159 2250 soror
3184 2193 3366 2250 fuerit.
3412 2193 3481 2249 Et
3523 2194 3627 2249 hoc
3667 2208 3794 2250 cum

2197 2302 2395 2358 magna
2439 2285 2799 2343 sollicitudine
2853 2286 2969 2342 fiat.
3026 2286 3141 2344 Non
3195 2288 3510 2358 ignoramus
3557 2287 3797 2344 malitias

2199 2376 2705 2433 Satattaa.Universa
2727 2376 2842 2433 haec
2854 2392 2976 2432 cum
2997 2378 3409 2433 mansuetudine
3424 2377 3794 2434 ecclesiastica

2196 2469 2514 2541 complenda
2544 2478 2671 2525 sunt
2704 2469 3026 2525 ministeria.
3067 2466 3353 2541 Negotium
3383 2468 3529 2526 enim
3556 2468 3651 2525 Dei
3684 2485 3796 2526 non

2197 2561 2356 2619 decet
2390 2562 2724 2634 negligenter
2749 2560 2976 2631 expleri.

2270 2655 2468 2710 lterum
2497 2664 2659 2724 atque
2697 2653 2893 2709 iterum
2923 2653 2989 2711 de
3026 2651 3345 2725 fragmentis
3373 2653 3638 2710 Dominici
3672 2670 3796 2711 cor-

2196 2744 2345 2816 poris
2382 2742 2807 2808 demandamus,
2851 2742 3077 2800 calicem
3122 2758 3250 2799 vero
3298 2743 3366 2800 ad
3410 2743 3793 2815 proferemlum

2199 2835 2516 2906 sanguinem
2547 2834 2768 2890 Domini
2800 2843 3201 2906 praeparatum,
3235 2851 3358 2892 cum
3387 2844 3498 2892 tota
3525 2838 3795 2893 munditia

2199 2927 2510 2995 ministerii,
2542 2927 2790 2984 minister
2810 2936 3098 3000 praeparet,
3129 2941 3198 2984 ne
3222 2944 3328 2985 non
3361 2929 3503 2986 bene
3529 2929 3671 2986 lotus
3700 2945 3795 2986 ca-

2197 3021 2274 3078 lix
2308 3023 2535 3079 diacono
2577 3031 2859 3095 peccatum
2905 3023 3001 3079 fiat
3046 3023 3317 3092 offerenti,
3365 3026 3440 3083 ita
3484 3041 3608 3082 cum
3640 3026 3793 3082 omni

2199 3114 2487 3170 honestate
2515 3122 2739 3181 cuncta,
2767 3130 2932 3185 quam
2959 3130 3125 3187 supra
3167 3118 3546 3188 exposuimus,
3573 3128 3795 3190 oportet

2201 3206 2433 3280 impleri.
2466 3207 2624 3265 Tales
2662 3210 2730 3264 ad
2766 3209 3128 3266 ministerium
3159 3210 3427 3282 eligantur
3453 3211 3668 3279 clerici,
3694 3212 3792 3285 qui

2119 3294 2166 3358 C
2199 3301 2359 3374 digne
2383 3303 2594 3373 possint
2621 3301 2900 3359 Dominica
2942 3312 3154 3358 sacrata
3197 3312 3454 3360 tractare.
3483 3302 3675 3361 Melius
3703 3314 3795 3361 est

2196 3397 2344 3454 enim
2370 3397 2638 3454 sacerdoti
2666 3412 2867 3470 paucos
2895 3397 3096 3454 habere
3126 3398 3406 3455 ministros
3457 3398 3546 3470 qui
3579 3399 3795 3469 possint

2193 3489 2354 3561 digne
2382 3506 2518 3563 opus
2544 3489 2639 3547 Dei
2670 3505 2949 3557 exercere,
2981 3506 3146 3562 quam
3182 3489 3383 3548 multos
3430 3490 3649 3548 inutiles
3693 3492 3796 3563 qui

2191 3593 2330 3636 onus
2357 3595 2521 3651 grave
2543 3579 2844 3636 ordinatori
2873 3581 3162 3638 adducant.
3437 3636 3444 3642 .

2263 3670 2310 3725 A
2337 3671 2603 3744 principio
2630 3672 2872 3743 epistola:
2900 3688 3073 3746 usque
3111 3674 3179 3732 ad
3206 3674 3383 3732 locum
3418 3675 3562 3732 hunc
3588 3675 3658 3731 de
3694 3691 3795 3732 sa-

2193 3764 2489 3819 cramentis
2521 3762 2764 3835 delegavi
2801 3767 2938 3821 bene
2970 3766 3263 3835 intuendis,
3296 3767 3387 3824 ubi
3415 3782 3520 3823 non
3550 3767 3798 3825 murium

2193 3864 2435 3913 stercora
2486 3857 2630 3914 inter
2660 3855 2964 3930 fragmenta
3001 3858 3295 3917 Dominica:
3325 3860 3588 3932 partionis
3614 3874 3797 3931 appa-

2192 3958 2369 4016 reant,
2412 3966 2587 4021 neque
2630 3951 2845 4021 putrida
2893 3968 2990 4024 per
3035 3954 3418 4025 negligentiam
3467 3965 3801 4012 remaneant

2192 4041 2541 4109 clericorum,
2568 4050 2626 4098 et
2655 4044 3042 4102 convenientes
3066 4046 3157 4116 qui
3195 4047 3440 4119 accipere
3478 4047 3580 4105 sibi
3611 4049 3803 4106 medi—

2192 4132 2371 4188 cinam
2402 4134 2743 4202 desiderant,
2771 4136 2985 4208 putrida
3017 4154 3139 4194 cum
3168 4140 3425 4207 viderint,
3460 4142 3633 4213 magis
3658 4158 3799 4201 cum

2193 4223 2421 4282 ridiculo
2456 4233 2513 4281 et
2546 4225 2767 4282 fastidio
2796 4227 3087 4286 videantur
3114 4231 3374 4302 accipere,
3403 4240 3461 4287 et
3504 4231 3560 4288 in
3589 4248 3800 4304 pecca-

2194 4324 2306 4371 tum
2350 4318 2524 4389 magis
2562 4318 2815 4376 decidant
2862 4335 2961 4392 per
3003 4322 3386 4394 negligentiam
3431 4325 3795 4385 clericorum.

2193 4406 2532 4478 Quapropter
2568 4424 2731 4466 nemo
2760 4410 3083 4468 clericorum
3125 4413 3270 4469 ultra
3300 4415 3415 4471 inec
3457 4416 3796 4489 dissimulet,

2193 4512 2287 4556 aut
2335 4503 2606 4575 negligere
2654 4503 2922 4561 ullatenus
2967 4506 3201 4574 audeat,
3245 4509 3340 4565 sed
3388 4508 3619 4566 libenter
3663 4527 3798 4583 qua:

2187 4591 2334 4663 jussa
2369 4603 2494 4647 sunt
2518 4593 2753 4665 expleat,
2784 4604 2839 4651 et
2863 4603 3076 4652 sacrata
3101 4596 3283 4653 divina
3310 4613 3653 4671 nequaquam
3690 4620 3797 4657 nc-

2113 4661 2458 4755 1)gligenter
2487 4661 2808 4743 contractet.
2842 4687 3072 4758 Ideoque
3107 4698 3217 4744 tam
3253 4661 3476 4759 juvenes
3507 4661 3673 4760 quam
3706 4710 3800 4749 se-

2198 4793 2294 4833 nes
2318 4776 2384 4833 de
2409 4778 2514 4844 his,
2536 4788 2592 4834 et
2617 4779 2685 4833 de
2712 4779 2859 4860 φηιηὶ
2885 4782 3294 4839 conversatione
3322 4798 3440 4851 sua,
3481 4793 3536 4837 et
3560 4797 3795 4839 convcr-

2197 4870 2350 4928 sione
2383 4880 2435 4926 et
2465 4870 2779 4940 poenitentia
2810 4872 2963 4927 valde
3000 4887 3120 4929 esse
3144 4873 3405 4930 sollicitos
3431 4884 3663 4945 oportet,
3696 4891 3791 4931 sa-

2197 4962 2371 5032 tisque
2398 4976 2588 5032 agere,
2621 4973 2679 5018 ut
2715 4964 2830 5020 lnec
2871 4965 3133 5036 condigne
3161 4975 3353 5038 agant,
3384 4977 3437 5023 et
3465 4969 3530 5023 de
3572 4968 3791 5039 reliquo

2195 5059 2391 5107 ornent
2431 5061 2538 5105 tam
2576 5052 2757 5107 clerici
2789 5068 2949 5122 quam
2977 5055 3264 5110 smculares
3292 5056 3501 5111 animas
3528 5072 3655 5111 suas
3689 5076 3786 5112 0r-

2194 5143 2461 5197 namcntis
2488 5144 2847 5213 dignissimis,
2891 5145 3232 5216 dogmatibus
3276 5146 3481 5201 scilicet
3512 5149 3785 5215 veritatis,

2192 5234 2385 5290 decore
2419 5235 2708 5305 pudicitiae,
2747 5236 3031 5307 splendore
3050 5237 3292 5306 justitize,
3335 5240 3572 5294 candore
3605 5240 3787 5310 pieta-

2190 5325 2279 5391 tis,
2311 5327 2537 5395 aliisque
2579 5328 2832 5382 omnibus
2859 5329 3053 5397 quibus
3096 5330 3451 5401 compositam
3474 5330 3630 5388 decet
3657 5348 3787 5389 esse

2190 5417 2560 5474 rationabilem
2608 5426 2865 5472 mentem.
2921 5418 3057 5474 Tum
3109 5430 3372 5489 praeterea
3422 5422 3701 5479 declinare
3748 5440 3785 5481 a

2192 5509 2479 5565 consortiis
2509 5507 2810 5563 inhonestis
2854 5515 2908 5563 et
2934 5508 3255 5576 infidelibus,
3283 5520 3338 5565 et
3362 5512 3651 5568 societates
3682 5515 3785 5570 ha—

2192 5598 2321 5653 bere
2350 5597 2616 5663 fidelium,
2642 5607 2802 5668 atque
2840 5596 2959 5653 illos
2999 5596 3344 5670 frequentare
3368 5612 3669 5659 conventus
3724 5604 3783 5660 in

2190 5690 2389 5761 quibus
2412 5691 2477 5745 de
2505 5690 2784 5759 pudicitia,
2810 5690 2876 5745 de
2900 5688 3131 5759 justitia,
3161 5691 3230 5747 de
3251 5692 3456 5762 pietate
3489 5702 3777 5751 tractatur.

2191 5781 2364 5838 Orare
2408 5797 2503 5852 spe
2547 5784 2713 5837 Deum
2756 5797 2824 5837 ex
2879 5791 2995 5839 toto
3029 5784 3213 5849 corde.
3249 5792 3306 5839 et
3347 5784 3417 5840 ab
3446 5786 3562 5857 ipso
3589 5796 3781 5858 petere

2193 5887 2313 5947 quae
2354 5873 2538 5947 decet,
2572 5873 2671 5944 ipsi
2717 5874 2920 5945 gratias
2963 5889 3143 5947 agere,
3172 5889 3354 5935 veram
3381 5877 3774 5950 pcenitudinem
