3998 5416
498 299 551 309 ι.-
584 300 591 306 ι

157 311 225 369 ιι
558 325 582 336 ⁴
980 315 993 328 ’
1073 316 1081 321 ’
1350 312 1841 375 οεδιιετΑιιυω
1882 312 2294 376 (ιοιιιεοτιο.
3378 314 3460 380 42

160 442 359 502 gerere
383 425 783 500 preteritorum
808 434 1111 502 gestorum,
1153 429 1546 503 aliquantulum
1568 431 1751 496 etiam,
1781 434 1833 496 Α
1859 446 2232 504 personamus,
2262 444 2438 504 neque
2457 442 2518 488 se
2541 429 2798 503 deinceps
2822 430 3104 487 excusabit
3133 445 3240 488 non
3270 436 3452 491 moni-

160 512 206 578 si
238 519 502 593 possibile
534 529 639 586 est,
669 536 770 591 per
793 523 1196 580 misericordias
1232 537 1531 595 pauperum
1568 521 1762 592 iuvare

164 613 567 685 panitentiam.
606 613 714 670 Per
742 615 868 671 inec
908 616 1055 672 enim
1095 614 1312 673 facilior
1334 617 1491 672 venia
1521 614 1757 681 dabitur,

162 717 218 764 et
249 706 557 777 indulgenti
588 706 749 763 citius
781 707 1163 781 indulgebitur.
1194 707 1349 777 Quod
1375 707 1418 764 si
1459 706 1764 779 provectio‘

163 798 238 853 ris
265 802 450 853 :etatls
479 798 554 854 sit
580 799 627 855 is
651 800 743 869 qui
772 799 841 855 ad
879 801 1255 871 paenitentiam
1287 801 1456 865 venit,
1498 815 1563 855 eo
1592 800 1766 872 magis

161 890 374 961 gratias
405 904 570 962 agere
594 891 753 947 debet
792 892 924 947 Deo.
966 892 1121 960 Quod
1163 901 1450 963 postquam
1498 890 1621 947 finis
1655 899 1762 959 est,

160 983 344 1039 omnis
364 983 604 1055 impetus
631 985 1085 1056 concupiscentiae
1110 985 1364 1050 carnalis,
1405 984 1631 1041 scientia
1667 1000 1764 1041 ve-

165 1075 348 1131 ritatis
385 1086 635 1149 accepta,
662 1077 807 1134 nulla
836 1079 888 1134 ei
929 1078 1176 1135 imminet
1208 1094 1386 1152 pugna
1427 1080 1762 1145 certaminis,

162 1185 261 1241 per
298 1186 469 1242 qnam
527 1171 873 1243 insurgentes
917 1174 1177 1230 adversus
1221 1172 1459 1227 animam
1506 1171 1769 1244 reprimat

165 1262 420 1333 corporis
468 1262 798 1321 voluntates.
829 1263 1089 1336 Superest
1127 1280 1258 1339 ergo
1294 1266 1345 1322 ei
1396 1266 1450 1321 in
1493 1264 1769 1337 agnitione

165 1353 444 1418 veritatis,
472 1363 530 1410 et
560 1356 948 1414 misericordia:
972 1358 1229 1430 operibus
1255 1359 1520 1425 exerceri,
1549 1368 1609 1415 ut
1640 1356 1769 1414 εσθ-

169 1455 255 1501 rat
315 1445 536 1503 fructus
592 1449 787 1521 dignos
842 1452 1198 1523 poenitentiae.
1261 1452 1372 1510 Nec
1429 1460 1582 1525 putet
1639 1452 1767 1525 quia

170 1534 221 1590 in
263 1538 531 1607 temporis
569 1539 908 1613 longitudine
961 1544 1343 1600 documentum
1394 1544 1769 1601 conversionis

170 1636 503 1701 ostenditur,
533 1647 592 1694 et
627 1655 735 1695 non
765 1640 818 1695 in
858 1641 1158 1699 devotionis
1184 1658 1249 1699 ac
1288 1644 1551 1714 propositi
1599 1643 1772 1700 ﬁrmi-

178 1731 302 1787 tate.
353 1727 469 1783 Deo
515 1730 663 1784 enim
714 1730 999 1789 manifeste
1041 1743 1167 1789 sunt
1206 1743 1436 1800 mentes,
1484 1736 1607 1806 quia
1661 1749 1767 1791 non

186 1822 480 1888 temporum
534 1821 802 1878 rationem
848 1822 1071 1896 colligit,
1124 1824 1220 1881 sed
1270 1826 1599 1892 animorum,
1649 1826 1767 1897 ipse

178 1909 317 1964 enim
364 1912 564 1981 probat
607 1914 653 1969 si
699 1914 822 1985 quis
864 1916 1045 1988 agnita
1095 1917 1341 1973 veritatis
1386 1917 1769 1989 praedicatione

174 2014 281 2055 non
328 2001 565 2069 distulit,
612 2020 788 2076 neque
820 2015 1031 2076 tempus
1061 2006 1386 2078 negligendo
1411 2008 1766 2078 consumpsit,

174 2089 269 2144 sed
296 2092 485 2147 statim
511 2102 591 2160 et,
625 2094 671 2149 si
718 2095 822 2151 dici
864 2104 1065 2167 potest,
1091 2096 1281 2152 eodem
1324 2107 1600 2153 momento
1630 2114 1774 2169 pne-

173 2182 338 2236 terita
367 2186 792 2253 perhorrescens
826 2187 1132 2243 futurorum
1163 2189 1489 2245 deslderium
1518 2191 1679 2262 cepit,
1716 2198 1773 2246 et

174 2271 232 2328 in
262 2289 506 2333 amorem
538 2281 686 2351 regni
722 2281 961 2337 caelestis
990 2282 1217 2339 exarsit.
1246 2283 1477 2355 Propter
1504 2285 1646 2356 quod
1678 2302 1775 2342 ne-

174 2378 270 2421 llo
309 2378 552 2425 vestrum
593 2370 737 2427 ultra
778 2373 1113 2439 dissimulet,
1154 2390 1253 2430 nec
1302 2385 1452 2430 retro
1494 2378 1770 2447 respiciat,

175 2465 271 2523 sed
305 2466 374 2519 ad
400 2464 749 2536 Evangelium
779 2468 929 2538 regni
958 2467 1054 2523 Dei
1099 2468 1330 2525 libenter
1349 2471 1612 2525 .accedat.
1657 2470 1773 2526 Non

176 2559 332 2616 dicat
354 2573 558 2629 panper
577 2560 731 2630 quia,
756 2576 881 2616 cum
908 2560 1060 2617 dives
1088 2561 1262 2617 factus
1290 2561 1464 2629 fuero,
1498 2571 1625 2619 tunc
1646 2579 1778 2619 con-

174 2662 388 2711 vertar.
433 2652 544 2709 Non
579 2655 808 2726 requirit
855 2671 884 2710 a
932 2665 984 2711 te
1014 2654 1154 2711 Deus
1198 2656 1505 2726 pecuniam,
1538 2658 1630 2712 sed
1661 2657 1779 2712 ani-

178 2762 328 2803 mam
368 2746 781 2803 misericordem
815 2758 870 2804 et
909 2748 1055 2818 piam
1098 2756 1355 2805 mentem.
1400 2747 1586 2820 Neque
1628 2751 1779 2807 dives

181 2839 601 2898 conversionem
637 2856 793 2897 suam
825 2838 1065 2908 diﬂ’erat,
1096 2857 1195 2913 pro
1223 2841 1582 2900 sollicitudine
1609 2859 1779 2899 saecu-

182 2932 300 2997 lari,
337 2934 467 2988 dum
515 2933 723 3002 cogitat
763 2933 1034 3004 quomodo
1079 2933 1353 3004 dispenset
1390 2934 1777 2989 abundantiam

90 3044 101 3053 -
182 3024 421 3099 frugum.
445 3023 632 3097 Neque
658 3026 806 3081 dicat
827 3026 965 3081 intra
992 3026 1365 3096 semetipsum,
1389 3024 1529 3093 Quid
1559 3024 1781 3080 faciam?

186 3122 270 3176 ubi
328 3121 631 3177 recondam
680 3118 890 3177 fructus
937 3122 1128 3177 meos?
1156 3119 1342 3191 Neque
1388 3122 1532 3177 dicat
1582 3121 1779 3176 animae

194 3226 314 3268 sua.
354 3230 375 3263 ι
404 3212 590 3268 [labes
622 3211 791 3267 multa
820 3211 960 3267 bona
998 3213 1235 3283 reposita
1266 3213 1319 3267 in
1351 3227 1522 3268 annos
1559 3221 1775 3280 multos,

195 3305 405 3373 epulare
442 3313 499 3360 et
528 3303 730 3361 lauare.
766 3303 897 3360 Nam
924 3304 1136 3359 dicetur
1161 3305 1231 3359 ei.
1275 3304 1467 3366 Stulte.
1500 3304 1601 3359 hac
1625 3312 1781 3359 nocte

191 3396 468 3453 auferetur
498 3397 598 3453 abs
635 3408 688 3453 te
737 3398 919 3453 anima
957 3406 1066 3462 tua,
1112 3407 1168 3452 et
1204 3412 1325 3467 qua:
1362 3396 1589 3466 parasti,
1629 3397 1785 3467 cujus

187 3492 381 3547 erunt?
409 3491 566 3563 (Luc.
592 3507 694 3557 xu,
722 3491 785 3548 l9
805 3501 853 3547 et
877 3491 969 3562 9.0)
1003 3511 1021 3544 ι
1054 3493 1240 3563 Itaque
1266 3490 1484 3548 festinet
1511 3491 1577 3546 ad
1608 3491 1784 3562 pteni-

189 3584 414 3638 tentiam
445 3583 626 3639 omnis
653 3592 812 3649 tetas,
855 3584 1053 3649 omnis,
1072 3598 1255 3648 sexus,
1292 3582 1575 3654 omnisque
1600 3582 1787 3638 condi-

191 3674 283 3739 tio,
315 3683 375 3730 nt
405 3675 573 3729 vitam
602 3685 969 3746 consequatur
989 3686 1246 3730 aeternam
1266 3715 1281 3739 ,
1312 3672 1541 3743 juvenes
1568 3675 1787 3745 quidem

191 3762 243 3818 in
267 3780 334 3820 eo
362 3764 504 3836 grati
537 3764 680 3828 sint,
710 3766 853 3835 quod
900 3765 950 3819 in
984 3765 1100 3834 ipso
1131 3765 1330 3835 impetu
1370 3764 1785 3830 desideriorum,

190 3857 436 3912 cervices
459 3871 587 3912 suas
607 3856 740 3926 iugo
760 3854 1055 3924 subjiciunt
1078 3855 1393 3926 disciplina}.
1423 3854 1593 3912 Senes
1615 3866 1667 3911 et
1687 3853 1788 3926 ipsi

197 3943 490 4001 laudabiles
507 3944 663 4001 multi
689 3947 949 4017 temporis
970 3945 1417 4001 consuetudinem
1443 3945 1496 4001 in
1520 3961 1625 4017 qua
1649 3945 1790 4001 male

199 4038 457 4110 praeventi
481 4047 611 4093 sunt
634 4054 733 4110 pro
754 4037 848 4094 Dei
876 4054 1063 4094 amore
1088 4047 1443 4095 commutent.
1467 4037 1636 4096 Nemo
1660 4056 1790 4112 ergo

199 4128 429 4197 differat,
457 4144 616 4185 nemo
641 4138 949 4187 cunctetur.
981 4130 1111 4199 Quae
1133 4131 1277 4186 enim
1309 4146 1473 4187 causa
1498 4120 1791 4187 cunctandi

195 4232 276 4276 est
308 4224 377 4277 ad
424 4220 564 4278 bene
605 4221 912 4294 agendum?
951 4222 1178 4280 Animus
1216 4223 1318 4281 sibi
1361 4223 1503 4279 male
1541 4224 1793 4280 conscius

198 4310 321 4367 dum
372 4311 590 4367 videtur
628 4312 729 4368 sibi
779 4313 978 4368 nullam
1017 4329 1234 4386 pinnam
1279 4314 1427 4386 pati,
1461 4314 1633 4371 credit
1665 4315 1793 4386 quia

199 4419 302 4460 non
327 4404 539 4475 judicet
564 4403 841 4467 Dominus,
874 4422 996 4461 cum
1022 4407 1167 4461 abuti
1197 4407 1454 4478 patientia
1484 4406 1575 4462 Dei
1605 4416 1659 4461 et
1684 4422 1792 4462 non

201 4493 509 4567 intelligere
555 4496 827 4566 parcentis
870 4495 1262 4569 benignitatem
1310 4497 1421 4568 jam
1476 4499 1546 4554 sit
1596 4514 1791 4569 magna

201 4584 502 4641 damnatio.
554 4586 701 4643 Unde
747 4587 1011 4657 scriptum
1056 4596 1177 4642 est:
1208 4608 1226 4640 ι
1257 4586 1572 4643 Maledictus
1616 4589 1793 4645 omnis

200 4678 293 4748 qui
322 4694 465 4750 opus
493 4676 702 4734 Domini
738 4677 1076 4751 negligenter
1100 4680 1213 4751 agit
1241 4678 1373 4751 (Jer.
1407 4694 1596 4745 xcvm,
1632 4680 1735 4751 l0).
1770 4701 1788 4734 ι

205 4766 548 4840 Quapropter
575 4770 867 4840 pastoralis
895 4770 1100 4825 ordinis
1139 4776 1222 4826 est
1266 4769 1673 4841 infatigabiliter
1711 4788 1800 4828 re-

204 4875 401 4917 vocare
440 4861 698 4933 quidquid
746 4863 814 4917 ad
852 4862 1245 4919 correctionem
1286 4864 1639 4933 populorum,
1689 4864 1797 4919 imo

206 4952 382 5023 magis
413 4950 647 5008 filiorum
678 4953 1043 5025 spiritualium
1077 4955 1358 5027 (quantum
1402 4965 1484 5011 est
1525 4954 1608 5012 fas
1644 4957 1802 5011 intel-

205 5042 396 5116 ligere)
423 5047 739 5117 cognoverit
760 5045 1050 5116 pertinere,
1079 5056 1133 5101 ct
1162 5064 1267 5102 non
1295 5048 1458 5118 (quod
1490 5049 1651 5120 absit)
1675 5065 1798 5105 cum

209 5148 307 5191 suo
334 5136 577 5207 periculo
602 5137 801 5194 alienae
832 5138 945 5205 spei
988 5151 1084 5206 per
1112 5139 1278 5193 solum
1309 5140 1690 5211 negligentiam
1723 5137 1798 5193 fa-

208 5241 335 5260 Ληοη
357 5228 740 5260 λιιι-ἶωηηιιιση
788 5228 885 5260 eo"
908 5229 1048 5260 ηηιιιῑ
1076 5230 1139 5260 ΛΑ
1168 5231 1434 5260 ηΛηΛ-ιιιῖη
1465 5232 1649 5260 ηαιΙ-ιιξη
1681 5247 1773 5260 ann

1818 4539 1871 4601 D

1864 532 1998 588 tum,
2024 526 2115 595 qui
2146 524 2407 595 quidquid
2460 524 2612 595 sequi
2658 523 2873 589 debeat,
2904 531 3015 577 tam
3067 523 3247 579 verbis
3286 539 3453 596 quam

1864 615 2080 681 litteris,
2111 618 2388 672 etlocetur.

1934 710 2121 779 Qualis
2146 719 2324 766 autem
2352 709 2758 775 condemnatio,
2785 716 2837 764 et
2866 706 3042 780 qualis
3070 708 3316 765 imminet
3340 724 3458 765 ma—

1864 802 2081 859 ledictio
2119 803 2205 859 his
2248 802 2341 874 qui
2382 802 2434 858 in
2467 811 2652 874 patres
2692 811 2936 872 peccant,
2962 801 3143 856 divina
3174 817 3273 857 nos
3296 800 3459 858 docet

1867 896 2168 968 Scriptura.
2203 894 2261 952 Si
2310 894 2454 950 enim
2497 894 2667 950 Cham
2717 892 2860 949 filius
2901 892 3031 955 Noe,
3064 908 3188 948 cum
3233 892 3459 949 vidisset

1864 990 2068 1044 nudum
2101 1002 2258 1043 suum
2284 994 2492 1059 patrem
2513 1026 2529 1053 ,
2554 985 2807 1057 quoniam
2833 1001 2939 1041 non
2970 984 3252 1056 cooperuit
3284 984 3459 1056 patris

1866 1082 2162 1153 corporalis
2205 1082 2535 1146 nuditatem,
2581 1082 2676 1135 sed
2720 1094 2969 1150 egressus
3019 1077 3288 1134 nuntiavit
3335 1092 3460 1133 eam

1867 1173 2161 1240 fratribus,
2193 1181 2248 1228 et
2277 1173 2353 1229 illi
2390 1172 2715 1230 vestimento
2747 1186 2870 1228 eum
2902 1178 3317 1241 cooperuerunt,
3342 1169 3463 1241 ipse

1866 1269 2083 1341 quidem
2113 1268 2305 1334 Cham,
2335 1277 2391 1324 et
2423 1266 2497 1324 illi
2528 1266 2620 1338 qui
2652 1281 2720 1323 ex
2749 1280 2814 1321 eo
2856 1266 2969 1320 nati
3000 1272 3126 1320 sunt
3165 1262 3266 1321 sub
3291 1262 3463 1319 male-

1868 1364 2013 1420 dicto
2052 1363 2177 1419 facti
2220 1371 2384 1429 sunt,
2427 1361 2517 1432 qui
2554 1368 2732 1416 autem
2771 1365 3170 1430 cooperuerunt
3209 1370 3464 1428 magnam

1867 1455 2297 1514 benedictionem
2327 1462 2642 1510 meruerunt
2677 1470 2691 1507 :
2720 1451 2892 1507 multo
2918 1450 3091 1523 magis
3119 1450 3207 1505 isti
3254 1446 3466 1518 majore

1868 1556 1925 1605 et
1948 1547 2211 1619 ampliore
2238 1545 2692 1602 cnndemnatione
2719 1541 2868 1615 digni
2898 1550 3059 1607 sunt,
3091 1540 3183 1613 qui
3217 1539 3465 1612 patribus

1869 1643 2113 1707 obviare,
2140 1650 2235 1697 aut
2261 1649 2451 1696 contra
2473 1655 2568 1697 eos
2600 1640 2879 1707 insurgere
2908 1639 3175 1702 nituntur,
3202 1645 3295 1692 aut
3323 1632 3468 1704 inju-

1872 1735 2008 1791 riam
2056 1735 2140 1791 vel
2177 1734 2561 1792 contumeliam
2595 1734 2677 1789 eis
2720 1732 2920 1788 inferre
2965 1731 3291 1796 moliuntur,
3334 1744 3468 1801 quo-

1871 1828 2017 1884 niam
2045 1828 2136 1898 qui
2169 1828 2248 1883 eis
2273 1826 2480 1882 resiSIit
2515 1834 2569 1882 et
2600 1826 2709 1881 Deo
2736 1825 2971 1891 resistit,
3007 1832 3063 1881 et
3094 1823 3185 1895 qui
3211 1823 3292 1879 eis
3318 1820 3467 1893 inju-

1871 1919 2007 1975 riam
2047 1917 2133 1974 vel
2170 1917 2553 1973 contumeliam
2594 1915 2745 1981 facit,
2798 1916 2940 1980 Deo,
2988 1913 3146 1984 cujus
3192 1912 3467 1985 legatione

1873 2009 2169 2083 funguntur
2198 2008 2348 2065 facit.
2379 2009 2610 2080 Expavit
2634 2007 2830 2064 ccelum
2853 2023 3016 2078 super
3037 2007 3143 2064 hoc
3174 2015 3231 2063 et
3254 2005 3472 2061 horruit

1872 2101 2104 2172 amplius
2131 2101 2500 2164 vehementer,
2529 2099 2659 2155 dicit
2687 2098 2967 2155 Dominus.
3000 2098 3046 2156 Ο
3070 2096 3469 2154 intolerabilem

1873 2194 2286 2267 malignitatem,
2310 2208 2342 2247 ο
2366 2192 2602 2264 linguam
2633 2190 2944 2261 loquentem
2975 2189 3312 2260 iniquitatem
3339 2203 3470 2245 con-

1877 2298 1961 2345 tra
1990 2288 2181 2351 Deum,
2203 2295 2257 2343 et
2281 2294 2514 2342 mentem
2548 2285 2600 2340 in
2632 2285 2970 2339 altitudinem
3002 2298 3169 2339 cornu
3199 2280 3470 2337 extollen-

1876 2380 2017 2436 tem!
2050 2380 2118 2434 Et
2147 2379 2341 2434 iterum
2372 2392 2387 2431 :
2415 2377 2654 2448 impone,
2689 2376 2871 2441 homo,
2906 2382 3010 2429 tuze
3041 2373 3237 2444 linguae
3261 2371 3463 2427 ostium

1877 2480 1933 2527 et
1986 2487 2186 2527 seram.
2247 2470 2409 2527 Cessa
2472 2469 2526 2524 in
2580 2467 2918 2524 altitudinem
2979 2481 3148 2521 cornu
3206 2462 3473 2520 extollens

1879 2572 1935 2618 et
1962 2562 2187 2633 loquens
2217 2561 2477 2617 adversus
2508 2559 2794 2615 Dominum
2830 2557 3167 2628 iniquitatem
3200 2564 3254 2610 et
3289 2553 3475 2624 proxi-

1879 2671 2027 2711 mum
2057 2665 2236 2721 tuum,
2278 2668 2558 2725 quousque
2602 2650 2832 2708 insultas
2879 2648 3108 2721 patienti
3163 2647 3379 2704 Christo
3416 2653 3473 2700 et

1880 2745 2177 2801 fratribus?

1954 2838 2079 2894 Hrec
2104 2853 2203 2894 nos
2231 2835 2553 2893 familiarius
2577 2835 2826 2902 docebat,
2848 2842 2905 2892 et
2925 2833 3044 2890 haec
3066 2831 3222 2889 nobis
3249 2829 3478 2902 publici-

1883 2939 1972 2987 tus
1995 2930 2288 3002 prtedictus
2320 2930 2612 3001 magister,
2642 2937 2699 2985 et
2737 2928 3037 2983 instructor
3065 2936 3228 2995 atque
3257 2922 3477 2977 ordina-

1836 3042 1839 3047 λ
1886 3032 1973 3079 tor
2003 3034 2190 3080 noster
2218 3023 2473 3094 princeps
2502 3020 2871 3094 apostolorum
2899 3019 3093 3075 Petrus
3134 3019 3188 3074 in
3233 3015 3478 3072 Ecclesia

1884 3117 2248 3189 praedicabat,
2294 3115 2599 3188 exemplum
2631 3116 2765 3171 dans
2794 3122 2855 3169 ut
2885 3127 2982 3170 nos
3025 3109 3275 3169 similiter
3312 3107 3485 3163 facia-

1887 3225 2025 3265 mus.
2068 3200 2442 3263 Humiliamiui
2491 3207 2710 3279 (inquit)
2752 3206 2805 3261 in
2836 3212 3127 3275 conspectu
3154 3198 3389 3265 Domini,
3424 3204 3480 3253 et

1882 3300 2147 3356 exaltabit
2184 3314 2301 3354 vos.
2340 3298 2519 3354 Nolite
2552 3298 2840 3354 detrahere
2870 3296 3189 3354 alterutrum
3220 3290 3483 3363 quoniam

1883 3392 1975 3463 qui
2013 3390 2253 3446 detrahit
2295 3388 2483 3454 fratri,
2518 3396 2611 3443 aut
2637 3388 2728 3458 qui
2773 3386 2984 3457 iudicat
3029 3384 3254 3440 fratrem
3300 3396 3480 3445 suum,

1887 3481 2125 3538 detrahit
2172 3480 2309 3552 legi,
2344 3487 2401 3534 et
2431 3480 2640 3551 judicat
2685 3477 2878 3548 legem.
2912 3476 3015 3544 Qui
3053 3485 3229 3531 autem
3275 3474 3487 3545 judicat

1886 3573 2060 3645 legem
2089 3588 2194 3627 non
2224 3579 2307 3627 est
2334 3569 2511 3626 factor
2535 3569 2692 3639 legis,
2721 3570 2814 3624 sed
2840 3568 3030 3640 judex,
3056 3582 3198 3622 unus
3223 3577 3309 3622 est
3334 3565 3484 3621 enim

1888 3665 2165 3737 legislator
2187 3674 2239 3720 et
2247 3663 2437 3734 judex,
2461 3664 2552 3736 qui
2569 3662 2982 3735 potestperdere
3003 3671 3057 3718 et
3070 3661 3326 3718 liberare.
3360 3677 3378 3711 ι
3402 3657 3485 3714 Tu

1890 3768 2071 3815 autem
2112 3759 2201 3828 qui
2225 3772 2284 3815 es
2307 3758 2398 3829 qui
2432 3758 2644 3830 judicas
2680 3755 3024 3829 proximum?
3047 3753 3190 3827 (Jac.
3218 3770 3292 3820 tv,
3320 3753 3386 3808 10
3430 3760 3482 3806 et

1888 3851 2020 3924 seq.)
2045 3871 2062 3902 ι
2094 3848 2211 3906 Non
2240 3859 2473 3920 oportet,
2502 3866 2609 3906 non
2634 3849 2889 3921 praecepit
2935 3863 3035 3904 nos
3057 3846 3305 3929 judicare
3343 3844 3485 3900 invi-

1890 3960 2008 4001 cem
2028 3986 2042 4009 ,
2072 3942 2166 4000 sed
2195 3943 2364 4015 magis
2397 3944 2661 3999 auxilium
2690 3943 2834 4000 ferre
2863 3960 2876 3997 :
2901 3957 2983 3998 γε
3009 3941 3116 3998 erit
3152 3937 3371 4013 (inquit)
3399 3937 3487 3992 his

1891 4036 1984 4107 qui
2014 4035 2211 4091 fratres
2241 4034 2522 4102 tribulant,
2564 4044 2619 4090 ct
2673 4034 2754 4090 eis
2790 4035 2883 4106 qui
2928 4048 3023 4089 eos
3053 4037 3479 4105 persequuntur,

1892 4142 1990 4182 vos
2013 4114 2196 4181 autem
2227 4133 2430 4196 quanto
2454 4123 2684 4195 amplius
2710 4123 3075 4188 tribulamini,
3109 4132 3260 4178 tanto
3290 4134 3489 4192 purga-

1892 4218 2062 4273 tiores
2090 4226 2250 4287 atque
2286 4216 2557 4272 beatiores
2585 4213 2988 4283 etliciemini,,si
3020 4224 3198 4271 tamen
3237 4215 3351 4284 ipsa
3384 4214 3486 4268 tri-

1893 4310 2100 4367 bulatio
2126 4309 2394 4382 patienter
2435 4308 2599 4363 fuerit
2625 4316 2962 4378 supportata,
2989 4307 3131 4378 quod
3161 4306 3322 4361 etiam
3370 4305 3486 4375 ipse

1895 4419 1994 4459 nos
2029 4402 2289 4459 Dominus
2319 4402 2523 4457 docuit.
2559 4419 2578 4454 ‹
2610 4401 2759 4456 Beati
2784 4401 2874 4473 qui
2911 4402 3344 4477 persecutionem
3390 4416 3490 4469 pa-

1897 4495 2105 4549 tiunlur
2124 4492 2638 4565 pr0pterjustitiam.
2665 4511 2683 4543 ι
2714 4492 2952 4547 Etitem:
2977 4510 2995 4543 ι
3021 4490 3167 4545 Beati
3190 4488 3343 4569 eritis
3361 4503 3484 4544 cum

1896 4603 1993 4644 vos
2020 4586 2233 4643 oderint
2259 4586 2524 4652 homines,
2549 4605 2567 4637 ι
2602 4594 2659 4639 et
2698 4604 2717 4636 ι
2748 4586 3015 4655 persecuti
3048 4600 3144 4641 vos
3181 4582 3404 4645 fuerint,
3432 4590 3492 4633 et

1895 4678 2156 4750 ejecerint
2191 4693 2384 4732 nomen
2417 4687 2653 4732 vestrum
2698 4685 2953 4748 tauquam
2994 4675 3215 4732 malum.
3246 4672 3490 4729 Gaudete

1896 4774 1950 4828 in
1974 4771 2061 4825 illa
2086 4771 2193 4837 die,
2220 4779 2275 4826 et
2295 4768 2579 4833 exsultate,
2598 4768 2854 4839 quoniam
2882 4785 3092 4826 merces
3112 4774 3294 4823 vestra
3324 4763 3492 4820 multa

1898 4876 1983 4923 est
2012 4867 2064 4921 in
2096 4865 2235 4922 coelo
2263 4862 2478 4936 (Matth.
2511 4880 2567 4929 v,
2600 4863 2714 4933 l0),
2744 4883 2761 4915 ι
2798 4863 2941 4918 unde
2975 4874 3031 4919 et
3058 4863 3172 4933 ipse
3203 4860 3279 4914 ait
3311 4876 3323 4913 :
3362 4878 3379 4909 «
3405 4857 3494 4912 Di-

1899 4957 2035 5029 liges
2062 4960 2349 5015 Dominum
2375 4955 2544 5011 Deum
2574 4966 2722 5031 tuum
2748 4970 2814 5010 ex
2852 4964 2966 5011 toto
2995 4955 3160 5011 corde
3190 4962 3280 5007 ttto
3299 4994 3314 5015 ,
3341 4960 3398 5008 et
3424 4966 3492 5007 ex

1904 5057 2013 5104 tota
2037 5051 2215 5106 anima
2243 5058 2355 5111 tua,
2386 5055 2440 5102 et
2466 5063 2532 5102 ex
2566 5048 2690 5104 totis
2716 5046 2919 5102 viribus
2949 5047 3076 5115 tuis,
3101 5056 3157 5102 et
3182 5045 3492 5114 proximum

1905 5150 2052 5196 tuum
2105 5145 2244 5199 sicut
2295 5141 2526 5209 teipsum
2575 5140 2778 5212 ((Marc.
2816 5154 2939 5217 _xu,
3005 5142 3098 5208 50,
3156 5139 3268 5210 51).
3322 5158 3340 5190 ι
3382 5135 3501 5191 Non

1978 5237 2043 5258 ξμ.-
2103 5239 2131 5257 ἓν
2168 5237 2273 5258 κ.-ξι
2347 5242 2492 5258 ..Λαίδι
2530 5234 2693 5258 ,ιξιξκξο
2745 5232 2910 5258 “Anu...
2965 5235 3050 5258 ---ε
3093 5233 3314 5258 ρ“η.-ιι“κ
3358 5230 3474 5256 ξοιιιιι

2347 5242 2492 5258 ..Λα-ΠΛ
2745 5232 2910 5258 “Anum
2965 5235 3050 5258 ---Β
3093 5233 3141 5258 ρ..
