4012 6470
508 349 581 415 ιδ
1366 344 1659 400 APPEND.
1693 298 1782 426 is
1821 340 1994 401 ssc.
2038 339 2129 397 IX.
2169 369 2241 381 —-—
2273 338 2523 399 tsmost
2559 337 3001 398 MERCATORIS
3715 334 3793 394 η

512 456 682 535 sime.
715 456 808 529 qui
844 456 1197 528 interrogabit
1222 471 1385 527 opera
1412 464 1592 511 vestra
1617 498 1631 522 ,
1660 462 1716 509 et
1744 452 2099 524 cogitationes
2130 456 2175 519 Α
2205 450 2343 511 mitti
2376 450 2429 506 in
2457 453 2761 522 gehennam
2792 453 2932 524 ignis
2962 451 3437 524 inustinguibilis,
3465 451 3557 508 ubi
3587 452 3792 509 vermis

513 547 842 607 scrutabitur
864 556 1092 605 vestras.
1114 546 1215 614 Qui
1240 555 1419 603 autem
1441 543 2098 613 custodierintjustitiam,

511 638 657 707 juste
688 637 1114 706 jmlicalmutur,
1158 646 1213 693 et
1258 637 1349 708 qui
1399 637 1730 692 crediderint
1767 635 1913 704 justa
1955 636 2103 705 juste

517 728 793 787 invenient
830 728 959 800 quid
1000 729 1378 797 respondeant.
1427 726 1654 798 Semper
1690 736 1937 785 cavetote
1982 742 2103 798 qua:

518 821 797 893 princepit,
813 834 878 876 ne
889 819 1177 891 aliquando
1200 829 1422 891 peccato
1444 820 1865 887 consentiamus,
1892 827 1947 877 et
1967 833 2108 891 prte-

520 915 887 973 termittamus
908 922 1178 985 praecepta
1203 912 1298 968 Dei
1327 912 1519 971 nostri.

589 1008 861 1071 Ecclesias
905 1025 1002 1079 per
1042 1026 1280 1081 congrua
1317 1019 1373 1065 et
1413 1010 1566 1067 utilia
1608 1010 1772 1069 facile
1819 1009 1956 1076 loca,
1984 1024 2107 1081 quas

519 1097 718 1161 divinis
746 1100 998 1169 precibus
1042 1116 1260 1157 sacrare
1297 1109 1539 1171 oportet,
1578 1109 1633 1157 et
1663 1101 1717 1165 in
1757 1101 1986 1173 singulis
2014 1116 2103 1157 sa—

519 1189 770 1247 cerdotes
800 1193 998 1249 divinis
1025 1193 1362 1253 orationibus
1404 1195 1514 1253 Deo
1539 1194 1748 1255 dicatos
1782 1196 1928 1265 poni.
1959 1195 2107 1262 Quos

519 1280 590 1341 ab
633 1283 884 1343 omnibus
934 1286 1181 1343 venerari
1223 1295 1472 1357 oportet,
1520 1295 1575 1344 et
1623 1304 1727 1344 non
1774 1305 1802 1342 a
1835 1303 2109 1360 quoquam

518 1374 755 1449 gravari.
792 1373 1020 1448 Semper
1045 1379 1212 1437 vitate
1243 1379 1416 1445 mala,
1459 1390 1514 1436 et
1554 1397 1649 1451 pro
1693 1382 1977 1439 animabus
2018 1397 2108 1438 ve-

517 1464 647 1521 stris
696 1480 761 1521 ne
798 1467 1200 1526 confundainini
1245 1472 1426 1527 dicere
1456 1487 1659 1528 verum.
1711 1473 1987 1530 Mendacia
2020 1472 2107 1528 fu-

517 1552 657 1629 gite,
701 1565 757 1611 et
793 1559 1075 1623 veritatem
1118 1562 1281 1616 corde
1319 1561 1576 1633 proferte,
1607 1564 1861 1633 quoniam
1909 1564 2109 1619 multos

512 1642 627 1716 jam
655 1649 1021 1723 supplantavit
1061 1651 1316 1723 su5picio.
1357 1655 1691 1713 Cbaritatem
1740 1671 1954 1725 semper
1981 1654 2107 1711 dili-

517 1738 648 1810 gite,
676 1749 732 1795 ct
762 1741 959 1801 fratres
988 1743 1258 1814 adjuvate.
1288 1745 1459 1803 Erunt
1485 1746 1627 1803 enim
1654 1748 1809 1818 quasi
1839 1763 1944 1803 non
1976 1749 2106 1808 sint.

2200 557 2386 598 eorum
2415 559 2521 599 non
2553 546 2803 610 moritur,
2833 554 2887 601 et
2918 546 3060 616 ignis
3088 561 3194 601 non
3222 548 3605 616 exstinguitur.
3638 543 3793 613 Quod

2200 635 2247 697 si
2277 634 2467 692 oculus
2497 645 2620 692 tuus
2648 636 2982 693 scandalizat
3017 647 3088 702 te,
3118 638 3253 709 ejice
3277 652 3422 694 eum.
3466 636 3674 700 Bonum
3710 645 3798 693 est

2203 727 2301 783 tibi
2333 727 2541 786 luscum
2570 728 2796 783 introire
2828 728 2880 784 in
2909 738 3133 801 regnum
3163 730 3279 794 Dei,
3307 744 3471 800 quam
3502 729 3638 783 duos
3665 742 3799 783 ocu-

2202 818 2282 879 los
2306 820 2595 879 habentem
2625 821 2766 876 mitti
2812 822 2867 877 in
2899 823 3203 893 gehennam
3246 823 3419 894 ignis,
3462 823 3554 877 ubi
3596 819 3798 876 vermis

2203 929 2390 973 eorum
2423 928 2529 971 non
2558 918 2810 983 moritur,
2842 923 2897 970 et
2926 916 3065 986 ignis
3108 926 3213 971 nun
3253 914 3637 987 exstinguitur.
3661 912 3796 969 0m-

2204 1008 2290 1063 nis
2338 1008 2485 1063 enim
2536 1007 2661 1075 igne
2707 1006 2934 1063 salietur
2977 1016 3033 1063 et
3072 1008 3251 1067 cumis
3286 1007 3508 1063 victima
3553 1005 3799 1069 sa‘lietur,

2204 1100 2404 1161 bonum
2434 1106 2518 1157 est
2545 1098 2648 1161 sal,
2679 1097 2823 1167 quod
2863 1097 2907 1155 si
2939 1097 3016 1155 sal
3063 1097 3323 1154 insulsum
3354 1096 3554 1160 fuerit,
3604 1096 3656 1150 in
3691 1108 3802 1163 quo

2208 1191 2336 1253 illud
2372 1191 2613 1248 salictis?
2653 1189 2847 1248 habete
2886 1188 2967 1245 sal
3003 1189 3059 1247 iu
3093 1189 3247 1247 vobis
3284 1198 3339 1244 et
3370 1204 3556 1260 pacem
3604 1186 3805 1245 habeto

2209 1284 2351 1344 inter
2380 1298 2476 1340 vos
2505 1281 2699 1355 (Marc.
2730 1296 2809 1345 ιι,
2840 1281 2911 1337 59
2938 1290 2989 1339 et
3021 1280 3177 1353 αφ),
3210 1300 3229 1335 ι
3263 1282 3390 1352 quia
3429 1280 3677 1352 quisquis
3704 1292 3805 1333 ve-

2208 1388 2381 1439 strum
2412 1387 2561 1435 recte
2590 1377 2836 1435 docuerit
2866 1384 2923 1431 et
2963 1373 3111 1446 juste
3155 1376 3382 1439 vixerit,
3432 1372 3655 1429 habebit
3694 1370 3811 1443 εισι

2210 1472 2368 1531 riam.
2399 1471 2502 1538 Qui
2545 1478 2728 1526 autem
2762 1484 2920 1525 secus
2964 1468 3138 1539 egerit
3187 1467 3556 1523 indubitanter
3582 1476 3806 1534 pinnam

2210 1561 2527 1626 sustinebit,
2562 1561 2683 1616 ideo
2717 1560 2856 1617 bona
2892 1574 3055 1631 agere
3082 1574 3179 1615 vos
3221 1574 3439 1629 semper
3464 1565 3709 1627 Oportet,
3749 1558 3812 1608 ut

2209 1652 2267 1724 9
2300 1653 2547 1707 bravium
2588 1660 2806 1707 aeternae
2833 1650 2959 1707 vita:
3003 1650 3349 1721 percipiatis,
3383 1648 3468 1705 bis
3502 1662 3634 1718 ergo
3671 1646 3814 1700 bene

2212 1755 2399 1817 parete
2445 1744 2764 1810 sententiis,
2816 1759 2886 1803 ne
2936 1743 3061 1814 quis
3109 1741 3226 1801 haec
3274 1748 3540 1812 praecepta
3582 1738 3817 1798 minime

515 1829 854 1899 cibct‘ibunt
882 1834 984 1889 viri
1014 1835 1501 1905 quicontradicunt
1530 1840 1719 1905 vobis;
1754 1839 1897 1895 unde
1925 1839 2107 1896 etDo-
2141 1822 2185 1881 Β
2215 1836 2399 1891 credat
2430 1834 2724 1906 implenda,
2756 1844 2812 1890 et
2831 1834 3040 1905 judicio
3072 1834 3282 1892 Domini
3309 1834 3495 1890 interni
3530 1833 3668 1904 ignis
3692 1841 3815 1888 tor.

516 1921 696 1985 "tinus
727 1924 846 1985 ait:
881 1945 899 1981 ι
926 1924 1027 1995 Qui
1067 1942 1162 1984 vos
1201 1929 1384 1995 audit,
1437 1947 1522 1987 me
1568 1932 1749 2005 audit,
1781 1941 1836 1986 et
1880 1933 1970 2003 qui
2017 1948 2113 1991 vos

514 2015 744 2085 spernit,
780 2032 865 2075 me
897 2019 1120 2091 spernit,
1154 2029 1210 2093 et
1241 2021 1332 2092 qui
1366 2024 1574 2094 spernit
1603 2039 1711 2091 me,
1740 2025 1949 2094 spernit
1986 2039 2109 2083 eum

516 2107 609 2183 qui
651 2122 735 2165 me
780 2109 929 2169 misit
967 2109 1118 2182 (Luc.
1149 2128 1203 2179 κ,
1238 2113 1347 2185 l6).
1378 2133 1396 2166 ι
1426 2113 1493 2170 Ει
1541 2115 1666 2170 item
1701 2133 1713 2169 :
1765 2133 1782 2166 ι
1814 2113 1916 2182 Qui
1964 2115 2110 2170 enim

515 2213 623 2257 non
650 2212 733 2259 est
763 2202 1049 2263 adversum
1075 2222 1172 2263 vos
1207 2223 1306 2279 pro
1334 2209 1487 2264 vobis
1527 2218 1627 2264 est.
1671 2207 1928 2279 Quisquis
1965 2209 2109 2265 enim

515 2298 705 2362 potum
747 2294 956 2351 dederit
991 2298 1143 2354 vobis
1172 2298 1395 2366 calicem
1442 2316 1594 2371 aquis
1636 2300 1689 2355 in
1731 2300 1948 2356 nomine
1990 2315 2112 2356 meo

518 2379 668 2451 (quia
695 2381 896 2440 Christi
927 2386 1113 2459 estis),
1163 2403 1317 2443 auten
1366 2389 1485 2444 dico
1528 2390 1716 2454 vobis,
1767 2404 1872 2443 non
1924 2390 2114 2460 perdet

517 2473 823 2530 mercedem
871 2491 1046 2533 suam.
1095 2478 1164 2535 Et
1208 2480 1299 2549 qui
1355 2480 1805 2537 scandalizaverit
1848 2497 2015 2536 unum
2044 2496 2113 2537 ex

516 2566 727 2636 pusillis
757 2568 1104 2628 credentibus
1148 2572 1201 2626 iu
1251 2588 1365 2635 me,
1408 2572 1607 2627 bonum
1640 2580 1724 2628 est
1767 2573 1816 2627 ei
1850 2573 2022 2644 magis
2066 2572 2112 2633 si

518 2656 955 2717 circumdaretur
985 2661 1124 2718 mola
1155 2663 1386 2719 asinaria
1420 2661 1555 2718 collo
1598 2663 1714 2731 ejus
1758 2672 1813 2718 et
1860 2665 1913 2719 iu
1962 2680 2114 2720 mare

519 2749 846 2805 mitteretur.
876 2751 944 2807 Et
988 2753 1033 2807 si
1068 2754 1521 2809 scandalizaverit
1546 2765 1597 2809 te
1626 2772 1820 2811 manus
1849 2765 1959 2821 tua,
1989 2757 2114 2813 abs-

518 2838 637 2894 cide
681 2839 844 2907 illam,
870 2842 1070 2899 bonum
1096 2852 1181 2900 est
1207 2843 1302 2899 tibi
1327 2843 1556 2905 debilem
1581 2845 1808 2902 introire
1843 2847 1896 2901 in
1921 2847 2110 2912 vitam,

519 2946 681 3001 quam
709 2930 845 2988 duas
878 2950 1070 2990 manus
1110 2936 1399 2995 habentem
1449 2938 1656 3011 ingredi
1710 2939 1762 2993 in
1810 2938 2112 3009 gehennam

520 3022 677 3094 ignis,
709 3024 1227 3098 iueXstinguibilem,
1258 3028 1348 3085 tibi
1369 3031 1570 3086 vermis
1595 3047 1782 3087 eorum
1813 3047 1916 3086 non
1950 3030 2117 3097 mori-

520 3124 628 3180 tur,
661 3126 715 3171 et
747 3118 885 3189 ignis
915 3135 1021 3175 non
1052 3122 1456 3195 exstinguitur;
1503 3133 1558 3179 ct
1589 3124 1633 3180 si
1679 3139 1773 3195 prs
1804 3133 1927 3179 tuus
1958 3138 2114 3180 scan—-

521 3205 723 3265 dalizat
753 3219 826 3276 te,
858 3221 1076 3281 amputa
1106 3228 1250 3269 eum.
1274 3215 1480 3273 Bonum
1510 3227 1593 3273 est
1627 3216 1720 3271 tibi
1748 3214 2000 3272 claudum
2031 3216 2113 3271 iu-

522 3298 689 3355 troire
715 3299 767 3354 in
794 3301 957 3390 vitam
986 3311 1269 3374 :eteruam,
1291 3322 1453 3377 quam
1477 3307 1614 3367 duos
1638 3307 1802 3381 pedes
1821 3307 2111 3367 habentem

2217 1935 2397 1983 menta
2453 1926 2748 1991 sustineat,
2780 1925 2872 1997 qui
2902 1924 3257 1983 ecclesiastici
3285 1925 3468 1996 operis
3513 1938 3669 1981 sacra
3716 1936 3812 1978 nec

2216 2018 2470 2091 glexerit.

2287 2109 2414 2166 Haec
2439 2110 2622 2181 igitur,
2657 2109 2828 2166 frater
2856 2108 3079 2175 Iacche,
3123 2110 3189 2164 de
3217 2124 3314 2164 ore
3342 2110 3516 2167 sancti
3546 2104 3693 2161 Petri
3726 2102 3815 2172 ju-

2217 2202 2393 2259 bentis
2438 2204 2636 2258 audivi.
2692 2203 2749 2259 Si
2795 2204 2920 2273 quis
2968 2210 3235 2273 praecepta
3287 2200 3405 2257 hinc
3446 2213 3551 2254 non
3598 2198 3815 2265 integra

2216 2297 2556 2362 custodierit,
2583 2298 2651 2353 sit
2674 2298 2961 2353 anathema
2989 2311 3157 2366 usque
3182 2295 3247 2349 ad
3276 2293 3563 2349 adventum
3596 2288 3815 2346 Domini

2217 2390 2388 2445 nostri
2435 2387 2563 2447 Jesu
2611 2390 2832 2449 Christi.
2886 2390 3011 2446 Haec
3059 2398 3325 2460 praicepta
3364 2404 3395 2442 a
3427 2395 3617 2443 sancto
3647 2385 3818 2439 Petro

2217 2483 2463 2552 apostolo
2487 2483 2693 2553 accepi,
2721 2495 2777 2540 et
2806 2484 2924 2549 tibi,
2955 2482 3127 2539 frater
3151 2481 3495 2545 charissima,
3532 2479 3819 2535 insinuare

2217 2573 2439 2639 curavi,
2474 2584 2532 2629 ut
2559 2590 2780 2630 servare
2801 2574 2982 2630 omnia
3020 2573 3304 2645 przecipias
3331 2573 3450 2630 sine
3482 2570 3711 2627 macula.
3752 2565 3817 2626 Si

2219 2663 2341 2734 quis
2368 2678 2498 2719 vero
2527 2664 2762 2720 audierit
2791 2673 2842 2719 te
2860 2706 2875 2731 ,
2912 2665 3060 2723 utilis
3086 2664 3193 2720 erit
3219 2663 3468 2721 minister
3495 2660 3624 2726 Jcsu
3654 2659 3818 2717 Chrir

2216 2758 2323 2822 sti;
2352 2758 2441 2828 qui
2471 2767 2651 2815 autem
2681 2774 2787 2815 non
2816 2760 3052 2826 audierit
3081 2770 3164 2826 te,
3196 2760 3310 2815 imo
3349 2758 3663 2829 loquentem
3708 2757 3820 2813 Do-

2217 2851 2421 2909 minum
2444 2866 2538 2922 per
2559 2861 2630 2916 te,
2655 2853 2768 2923 ipse
2798 2854 2899 2909 sibi
2929 2854 3328 2913 damnationem
3358 2851 3606 2921 accipiet.
3627 2848 3820 2907 Omni.

2215 2953 2407 3012 potens
2437 2943 2611 3009 Deus,
2650 2944 3007 3011 cbarissime,
3047 2960 3145 3001 sua
3178 2954 3228 3001 te
3264 2944 3598 3015 protectione
3633 2953 3820 2999 custo-

2215 3032 2348 3104 diat,
2388 3043 2550 3103 atque
2579 3033 2645 3088 ad
2674 3033 2913 3089 caelestis
2940 3035 3434 3091 remunerationem
3458 3032 3648 3103 patriae
3677 3028 3823 3085 ntul-

2221 3125 2391 3196 tiplici
2423 3127 2727 3183 animarum
2767 3126 2945 3184 fructu
2990 3128 3274 3198 perducat.
3327 3126 3467 3185 Deus
3516 3136 3568 3180 te
3615 3124 3821 3185 iterum

2218 3220 2524 3292 iterumque
2554 3221 2878 3281 incolumem
2901 3221 3196 3288 custodiat,
3228 3218 3684 3279 revereudissime
3710 3215 3822 3271 fra-

2222 3319 2324 3366 ter.
2370 3312 2567 3369 Amen.

964 3572 1465 3655 EPISTULA
1521 3574 1898 3676 TERTIA
1981 3571 2348 3653 SANCTI
2412 3570 3005 3651 CLEMENTIS
3081 3568 3358 3653 PAPIE

1649 3736 1738 3809 De
1770 3748 1979 3829 ofﬁcio
2020 3744 2360 3821 sacerdotii
2387 3754 2443 3808 et
2478 3744 2874 3810 clericorum.

594 3918 841 3974 Ctsusus
889 3919 1037 3976 urbis
1088 3921 1272 3975 Romae
1315 3920 1623 3992 episcnpus,
1655 3917 1908 3975 omnibus
1933 3917 2114 3987 coepi-

523 4012 722 4082 scopis,
753 4011 1102 4084 presbyteris,
1136 4011 1469 4071 diacouibus.
1514 4025 1577 4065 ac
1618 4009 1842 4079 reliquis
1870 4007 2109 4076 clericis,

525 4112 579 4157 et
599 4104 809 4157 cunctis
828 4104 1182 4175 principibus,
1217 4102 1532 4174 majoribus,
1567 4101 1971 4171 minoribusque
1998 4117 2113 4156 om-

523 4193 686 4249 nibus
740 4194 1062 4264 generaliter
1112 4194 1357 4251 iidelibus
1410 4192 1739 4257 benedictio,
1788 4178 2114 4255 claritas,'et

527 4283 715 4353 gloria,
752 4286 804 4339 in
837 4286 1010 4355 gratia
1043 4287 1135 4342 Dei
1167 4286 1286 4358 quae
1336 4287 1457 4342 data
1501 4294 1584 4341 est
1631 4285 1787 4340 nobis
1818 4283 1870 4339 in
1899 4282 2115 4340 Christo

522 4372 651 4431 Jesu
676 4375 902 4432 Domino
929 4386 1132 4433 nostro.

600 4464 767 4539 Urget
812 4482 931 4535 nos,
982 4468 1200 4534 fratres,
1251 4470 1451 4526 multus
1499 4484 1653 4524 amor
1679 4478 1876 4533 vester,
1905 4476 1961 4522 et
1992 4465 2118 4521 reli-

527 4560 676 4631 giosa
704 4570 883 4617 vestra
914 4562 1148 4628 devotio,
1174 4563 1300 4632 quia
1350 4563 1622 4619 debitores
1665 4575 1852 4617 sumus
1890 4568 1949 4614 ut
1970 4574 2116 4630 qum-

533 4651 655 4704 dam
707 4651 860 4707 vobis
912 4652 1243 4720 scribamus;
1300 4654 1452 4710 vobis
1499 4669 1650 4725 ergo,
1689 4652 1780 4723 qui
1811 4650 2117 4709 sacerdotio

526 4742 741 4800 Domini
787 4743 1049 4812 fruimini,
1073 4755 1128 4800 et
1154 4748 1204 4801 in
1237 4747 1449 4818 specula
1481 4747 1612 4801 estis
1642 4746 1802 4817 positi
1832 4745 1952 4817 plus
1976 4742 2117 4800 scire

524 4845 739 4906 oportet
785 4846 843 4891 ut
888 4838 1133 4894 subditos
1186 4840 1339 4894 vobis
1386 4838 1611 4910 populos
1662 4838 1892 4909 plenitcr
1923 4840 2117 4893 docere

524 4932 771 4999 possitis,
794 4932 982 5004 eisque
1007 4932 1075 4986 ad
1105 4948 1265 5003 regna
1291 4932 1550 4987 cmlorum
1577 4931 1830 4985 ducatum
1853 4931 2114 5001 prteberc,

529 5023 640 5078 Deo
689 5033 979 5087 annuente,
1034 5022 1277 5079 valeatis.
1327 5021 1481 5079 Unde
1518 5033 1573 5078 et
1613 5025 1728 5093 ipsa
1776 5037 1874 5091 per
1917 5036 1975 5076 se
2013 5019 2117 5077 Ve-

528 5113 666 5168 ritas
686 5115 764 5168 ait
794 5132 807 5168 :
840 5133 858 5166 ι
891 5114 1058 5170 Vobis
1093 5114 1280 5168 datum
1311 5124 1394 5168 est
1426 5128 1584 5169 nosse
1616 5112 1930 5184 mysterium
1963 5112 2115 5182 regni

2218 3929 2515 3985 omnesque
2562 3915 2855 3993 principes,
2900 3926 3010 3970 tam
3062 3913 3283 3983 majoris
3320 3928 3485 3984 quam
3536 3911 3819 3973 inferioris

2216 4006 2444 4073 ordinis,
2498 4016 2661 4078 atque
2702 4006 2894 4077 reliqui
2940 4004 3145 4077 populi,
3202 4004 3373 4059 tribus
3402 4000 3673 4072 etlingua:
3706 4022 3819 4061 non

2216 4097 2734 4170 obtemperaveriut,
2773 4113 2880 4152 non
2911 4097 3082 4153 solum
3116 4094 3365 4158 infames,
3414 4094 3505 4150 sed
3550 4104 3604 4149 et
3632 4106 3802 4157 estot-

2221 4206 2311 4245 res
2337 4206 2367 4245 a
2397 4204 2561 4262 regno
2582 4189 2795 4245 Domini
2835 4200 2887 4244 et
2912 4190 3187 4244 consortio
3216 4187 3451 4244 fidelium
3475 4203 3503 4242 a
3531 4187 3824 4246 liminibus

2216 4294 2420 4342 sanctae
2450 4284 2544 4339 Dei
2579 4282 2831 4338 Ecclesiae
2861 4282 3023 4337 alieni
3060 4291 3239 4337 erunt.
3284 4280 3418 4343 Nam
3450 4294 3695 4337 vestrum
3730 4289 3823 4340 est

2216 4393 2312 4435 eos
2342 4379 2632 4443 instruere,
2677 4393 2863 4432 eorum
2908 4385 2991 4430 est
3034 4376 3186 4432 vobis
3216 4375 3461 4439 obedire,
3490 4387 3549 4430 ut
3579 4374 3825 4431 Domino

2219 4468 2373 4539 cujus
2422 4469 2686 4540 legatione
2742 4468 3046 4539 fungimini,
3101 4468 3312 4523 dicente
3360 4465 3631 4522 Domino:
3666 4464 3825 4534 «Qui

2218 4577 2316 4618 vos
2376 4562 2565 4628 audit,
2624 4578 2709 4619 me
2770 4562 2956 4627 audit,
3011 4568 3066 4615 et
3122 4560 3215 4632 qui
3264 4575 3360 4615 vos
3408 4559 3659 4630 spernit,
3731 4574 3830 4615 me

2219 4654 2447 4725 spernit,
2480 4664 2534 4710 et
2559 4655 2649 4725 qui
2686 4670 2781 4709 vos
2823 4654 3034 4724 recipit.
3084 4669 3171 4709 me
3220 4652 3438 4722 recipit,
3482 4650 3534 4708 et
3579 4650 3672 4721 qui
3728 4668 3825 4709 me

2220 4748 2432 4817 recipit,
2481 4747 2674 4818 recipit
2719 4762 2842 4801 eum
2889 4748 2981 4818 qui
3015 4763 3100 4803 me
3130 4746 3275 4801 misit
3303 4744 3520 4811 (Matth.
3548 4761 3603 4810 κ,
3634 4742 3763 4815 40),

2220 4839 2355 4895 nihil
2401 4839 2546 4894 enim
2596 4840 2845 4908 iniustius
2875 4839 2956 4893 vel
2994 4838 3332 4893 iubouestius
3368 4845 3451 4892 est
3477 4850 3636 4909 quam
3672 4834 3830 4893 ﬁlios

2219 4933 2465 5000 patribus
2509 4930 2759 4997 rebelles,
2785 4940 2877 4985 aut
2923 4931 3152 4988 clericos
3190 4930 3273 4986 vel
3301 4929 3472 4997 laicos
3496 4929 3829 4985 doctoribus

2220 5038 2314 5078 seu
2369 5021 2661 5092 discipulos
2703 5023 2976 5094 magistris
3018 5021 3388 5077 inobedientes
3420 5020 3501 5075 vel
3526 5028 3830 5093 protervos

2220 5127 2473 5173 exnstere.
2520 5116 2776 5172 Novimus
2822 5117 2966 5172 enim
2997 5118 3232 5188 primum
3276 5116 3550 5173 hominem
3591 5129 3693 5185 per
3738 5114 3833 5171 in-

530 5205 647 5273 Dei,
694 5209 908 5263 caeteris
937 5217 1115 5263 autem
1141 5209 1195 5263 in
1229 5207 1503 5279 parabolis
1533 5206 1683 5278 (Luc.
1715 5223 1832 5272 vm,
1862 5206 1973 5277 {0),
2006 5226 2023 5258 ι
2061 5215 2117 5262 et
2143 5202 2195 5263 D
2219 5208 2583 5263 obedientiam
2625 5208 2884 5263 cecidisse
2911 5248 2925 5274 ,
2976 5206 3179 5263 idcirco
3234 5221 3424 5261 omnes
3474 5206 3576 5260 hoc
3617 5205 3830 5277 vitium

531 5296 756 5367 reliqua.
808 5294 1039 5368 Propter
1079 5298 1220 5367 quod
1272 5298 1558 5353 consilium
1593 5296 1662 5371 do
1700 5297 1993 5367 unicuique
2019 5313 2111 5353 ve-

530 5395 702 5440 strum
726 5394 1040 5442 constanter
1060 5387 1254 5444 docere
1273 5388 1438 5442 verba
1462 5388 1667 5451 divina,
1701 5396 1754 5443 et
1780 5386 2113 5444 discentibus

528 5480 759 5537 libenter
803 5480 1211 5537 accommodare
1247 5497 1433 5538 aurem
1479 5482 1647 5539 verbo
1692 5481 1806 5536 Dei.
1861 5480 2113 5537 Vestrum

524 5574 694 5638 enim,
737 5571 864 5644 quia
914 5572 1181 5645 legatione
1220 5575 1431 5631 Domini
1475 5573 1779 5647 fungimini,
1812 5582 1896 5630 est
1922 5574 2115 5629 docere

526 5665 774 5737 populos,
824 5679 1014 5723 eorum
1059 5682 1185 5722 vero
1229 5675 1312 5722 est
1354 5668 1506 5722 vobis
1548 5668 1767 5724 obedire
1795 5677 1855 5722 ut
1882 5666 2014 5722 Deo.
2053 5664 2113 5722 Si

528 5765 711 5811 autem
746 5757 900 5814 vobis
931 5758 1196 5831 episcopis
1223 5775 1328 5814 non
1351 5760 1653 5816 obedierint
1678 5756 1866 5815 omnes
1894 5760 2118 5830 presby-

528 5845 656 5913 ωτι,
683 5846 916 5921 diaconi,
943 5864 1007 5908 ac
1030 5851 1363 5917 subdiaconi,
1394 5860 1448 5907 et
1488 5849 1682 5923 reliqui
1722 5850 1906 5907 clerici
1936 5849 2113 5907 cuncti

2224 5316 2569 5370 summopere
2613 5316 2807 5355 cavere
2852 5315 3152 5355 monemus.
3183 5298 3249 5353 Et
3280 5298 3405 5368 quia
3435 5297 3696 5353 Dominus
3730 5314 3833 5354 su-

2226 5392 2408 5463 perbis
2452 5391 2680 5457 resistit,
2732 5390 3027 5446 humilibus
3075 5398 3254 5444 autem
3298 5389 3392 5444 dat
3428 5388 3655 5461 gratiam
3710 5387 3831 5444 Do-

2223 5482 2401 5536 minus
2451 5480 2591 5551 (Jac.
2653 5496 2728 5546 tv,
2760 5480 2840 5550 6),
2886 5481 3105 5535 mittens
3145 5494 3242 5535 vos
3280 5479 3399 5536 vice
3439 5494 3536 5533 sua
3582 5477 3634 5532 in
3683 5478 3824 5536 loco

2221 5573 2583 5645 apostolorum
2632 5574 2699 5629 ad
2738 5573 3165 5646 praedicandum,
3206 5573 3464 5646 prmeepit
3512 5571 3667 5628 vobis
3711 5573 3827 5630 do-
3912 5560 3917 5567 ’

2222 5681 2384 5731 cere,
2447 5682 2745 5737 omnesque
2800 5666 2952 5721 vobis
3018 5665 3249 5721 fideliter
3316 5663 3629 5721 obedientes
3688 5662 3832 5723 exi-

2223 5769 2388 5825 stere,
2421 5758 2676 5828 quoniam
2721 5771 2819 5813 nec
2845 5758 3002 5811 aliter
3031 5765 3171 5813 terra
3212 5758 3395 5828 pariet
3422 5753 3628 5810 fructus
3655 5768 3829 5821 suos,

2222 5852 2326 5909 nisi
2390 5851 2532 5908 culta
2589 5850 2854 5925 receperit
2902 5866 3086 5908 semen
3150 5860 3206 5907 et
3269 5850 3490 5923 irrigata
3535 5847 3832 5922 germina-
