4012 6462
207 403 273 463 ιδ
1060 382 1063 387 ’
1343 412 1796 473 ascensum

1899 413 2273 476 IOLLECTIO.
3404 417 3479 477 ιο

207 527 341 584 verit
364 537 423 586 et
444 529 623 617 pariat
647 546 768 605 quas
810 506 896 591 est
934 534 1197 607 paritura.
1258 536 1351 593 Sic
1396 537 1575 599 omnis
1618 542 1781 613 homo
1809 510 2148 599 Alienorum
2177 538 2477 615 caelestium
2503 554 2572 594 ex
2599 539 2765 619 gestis
2804 533 3037 612 propriis
3083 537 3194 595 flet.
3241 537 3480 595 Accedat

207 621 290 691 qui
336 611 572 679 libenter
620 641 727 682 non
779 624 972 699 recipit
1017 630 1244 684 verbum
1286 627 1403 695 Dei,
1448 628 1686 700 illudque
1732 629 1785 687 in

207 713 365 770 corde
392 730 493 772 suo
514 718 822 787 germinare
851 734 957 775 non
984 720 1135 787 sinit,
1161 736 1226 777 ac
1249 721 1470 778 minime
1495 702 1790 777 crediderit

204 802 510 863 doctoribus
532 815 588 863 et
608 809 876 882 episcopis
891 812 1024 876 suis,
1041 800 1147 869 non
1177 811 1471 869 benevolus
1496 812 1589 867 sed
1612 810 1788 889 rebele

202 892 264 951 lis
284 905 450 968 atque
470 899 788 958 inobediens
809 903 1107 972 exstiterit,
1129 894 1361 959 fructum
1386 919 1492 960 non
1516 898 1789 975 germina;

202 986 292 1052 bit,
324 1005 427 1045 nec
480 992 673 1061 pariet,
727 995 821 1050 sed
873 995 1068 1050 similis
1113 1004 1197 1052 est
1248 995 1429 1051 arbori
1478 993 1554 1052 illi
1586 995 1653 1050 de
1680 1010 1787 1066 qua

203 1078 456 1137 Dominus
485 1084 597 1139 ait:
635 1104 653 1137 ι
672 1084 861 1143 Omnis
890 1089 1073 1154 arbor,
1103 1103 1224 1159 quae
1255 1104 1360 1145 non
1390 1086 1523 1143 facit
1548 1088 1786 1143 fructum

201 1169 420 1238 bonum,
478 1175 760 1232 excidetur
815 1186 870 1234 et
926 1180 978 1233 in
1033 1180 1211 1251 ignem
1270 1180 1519 1236 mittetur
1568 1177 1787 1251 (Matth,

199 1280 274 1332 tn,
305 1265 419 1337 {9).
458 1286 479 1320 ι
520 1267 735 1325 Primus
772 1272 917 1327 enim
954 1272 1222 1346 pontifex.
1253 1273 1457 1340 Aaron,
1490 1271 1790 1328 chrismate

199 1359 607 1431 compositionis
649 1374 971 1441 perunctus,
1031 1367 1285 1436 princeps
1331 1362 1513 1438 populi
1562 1362 1693 1428 fuit,
1734 1370 1791 1447 et

204 1458 460 1522 tanquam
501 1467 594 1510 rex
621 1455 891 1525 primitias
916 1468 971 1513 et
998 1456 1260 1513 tributum
1291 1471 1390 1529 per
1423 1455 1603 1526 capita
1634 1469 1792 1510 acce-

198 1540 323 1611 pita
344 1543 557 1615 populo
584 1586 599 1612 ,
650 1557 707 1602 et
743 1545 1019 1615 iudicandi
1066 1547 1296 1619 populos
1348 1556 1495 1603 sorte
1539 1552 1790 1616 suscepta

202 1629 261 1688 de
295 1634 521 1692 mundis
561 1636 961 1709 humandisque
993 1638 1291 1711 judicabat.
1345 1636 1452 1693 Sed
1481 1637 1528 1692 si
1559 1636 1697 1691 alius
1721 1651 1790 1705 ex

200 1725 310 1797 ipso
348 1738 629 1800 unguento
658 1736 953 1805 perunctus
981 1740 1082 1797 est,
1114 1732 1316 1788 virtute
1355 1731 1478 1786 inde
1504 1736 1785 1801 concepta,

200 1816 358 1872 etiam
409 1819 526 1891 ipse
583 1835 702 1887 rex,
744 1831 837 1876 aut
886 1822 1148 1893 propheta
1194 1830 1289 1876 aut
1331 1819 1571 1892 pontifex
1603 1818 1787 1874 fiebat.

1894 636 2072 683 autem
2101 629 2192 699 qui
2221 630 2334 684 vult
2364 631 2430 684 ad
2466 632 2805 687 sacerdotem
2841 647 3020 697 suum,
3052 639 3109 687 et
3137 629 3237 702 ipsi
3265 630 3354 686 det
3380 644 3480 687 no-

1890 718 2017 774 men
2047 735 2201 774 suum
2231 730 2393 790 atque
2422 720 2491 775 ab
2513 735 2578 776 eo
2624 723 2807 777 audiat
2844 723 3099 799 mysteria
3131 721 3285 794 regni
3313 720 3481 777 (ταξιο-

1893 828 2034 881 rum,
2060 813 2283 884 jejuniis
2326 816 2697 888 frequentibus
2737 832 2956 889 operam
2985 808 3281 893 impendat,
3307 830 3371 870 ac
3398 830 3481 870 se-

1891 906 2178 974 metipsum
2205 907 2257 961 in
2285 906 2535 962 omnibus
2562 908 2752 981 probet
2778 916 2839 963 ut
2863 908 3036 967 tribus
3063 907 3339 964 mensibus
3365 905 3479 977 jam

1890 984 2319 1065 Consummando
2346 999 2397 1053 in
2425 997 2511 1053 die
2526 997 2664 1054 festo
2685 986 3152 1070 possitbaptizari.
3172 998 3482 1069 Baptizetur

1893 1098 2073 1142 autem
2120 1089 2489 1159 unusquisque
2535 1090 2585 1143 in
2645 1090 2797 1159 aquis
2831 1091 3199 1162 perennibus,
3256 1089 3476 1145 nomine

1893 1180 2050 1249 trinae
2105 1174 2460 1236 beatitudinis
2523 1180 2996 1263 invocatosuper
3050 1195 3131 1248 se,
3189 1189 3483 1254 perunctus

1890 1271 2069 1341 primo
2090 1271 2212 1327 oleo
2236 1287 2333 1342 per
2351 1273 2657 1329 orationem
2688 1275 3047 1340 sanctilic’ato,
3076 1282 3137 1330 ut
3164 1274 3238 1329 ita
3262 1275 3482 1329 demum

1890 1354 1991 1433 per
2013 1361 2117 1417 hoc
2175 1371 2529 1418 consecratus
2582 1364 2754 1435 possit
2799 1354 3083 1437 percipere
3112 1363 3309 1421 ‘locum
3359 1379 3481 1419 cum

1893 1452 2115 1508 sanctis.
2164 1451 2354 1509 Nullus
2382 1454 2527 1510 enim
2558 1464 2781 1528 propter
2807 1455 3158 1527 opprobrium
3189 1450 3487 1510 senectutis

1894 1553 1985 1599 aut
2019 1543 2317 1613 iuventutis
2351 1547 2439 1602 vel
2470 1548 2805 1604 nobilitatem
2843 1548 3061 1621 generis
3089 1563 3120 1603 a
3152 1545 3392 1619 parvulis
3432 1552 3489 1601 et

1894 1636 2072 1691 minus
2086 1634 2338 1703 eruditis,
2362 1638 2406 1692 si
2427 1638 2555 1708 quid
2572 1636 2714 1694 forte
2728 1640 2872 1694 enim
2894 1638 3142 1694 utilitatis
3163 1635 3485 1702 autsalutis,

1891 1727 2169 1799 inquirere
2208 1728 2467 1801 negligat.
2501 1728 2602 1796 Qui
2633 1730 2778 1786 enim
2813 1730 3090 1787 rebelliter
3121 1730 3277 1795 vivit,
3318 1737 3370 1784 et
3404 1727 3488 1783 di-

1895 1833 2047 1874 scere
2077 1829 2238 1891 atque
2268 1836 2428 1892 agere
2448 1821 2589 1876 bona
2615 1830 2853 1888 recusat,
2885 1822 3058 1894 magis
3085 1821 3286 1878 diaboli
3319 1834 3487 1893 quam

201 1909 346 1979 Quod
374 1911 421 1967 si
451 1915 765 1985 temporalis
806 1915 978 1988 gratia
1032 1916 1099 1969 ab
1150 1915 1461 1971 hominibus
1483 1914 1785 1985 composita
1815 1900 1863 1961 B
1890 1909 2096 1966 Christi
2146 1913 2448 1967 membrum
2491 1927 2613 1969 esse
2640 1900 2966 1979 ostenditur,
2996 1918 3052 1993 et
3085 1913 3266 1999 potius
3298 1911 3490 1999 intide-

204 2012 406 2059 tanturn
461 2007 660 2077 potuit,
725 2007 1009 2080 intelligite
1061 2008 1173 2081 jam
1222 2018 1485 2080 quantum
1538 2008 1608 2063 sit
1658 2004 1788 2061 illud

204 2106 533 2181 unguentum
566 2099 709 2170 quod
756 2115 786 2154 a
837 2100 1069 2156 Domino
1105 2102 1171 2156 de
1199 2101 1432 2175 virgulto
1456 2085 1583 2156 vitae
1612 2099 1793 2171 prola-

202 2198 305 2244 tum
337 2198 442 2267 est,
472 2207 599 2247 cum
626 2193 729 2249 hoc
748 2193 891 2273 quod
917 2195 985 2249 ab
1013 2193 1324 2251 hominibus
1348 2193 1547 2250 factum
1570 2201 1654 2249 est
1681 2202 1789 2248 tam

203 2283 426 2340 eximias
452 2283 594 2340 inter
616 2285 861 2343 homines
883 2285 1128 2341 conferat
1148 2286 1457 2358 dignitates.
1483 2284 1623 2354 Quid
1647 2284 1792 2340 enim

204 2375 251 2429 in
300 2372 560 2448 praesenti
624 2377 820 2434 saeculo
865 2379 1126 2451 propheta
1181 2377 1489 2451 gloriosius,
1537 2372 1793 2449 pontiﬁce

205 2466 421 2534 clarius,
453 2482 582 2540 rege
612 2468 931 2528 sublimius?
980 2469 1168 2525 Omnis
1195 2469 1339 2525 enim
1365 2467 1606 2541 pontifex
1634 2478 1793 2523 sacro

205 2559 491 2616 chrismate
555 2569 889 2632 perunctus,
943 2569 999 2616 et
1057 2562 1111 2617 in
1172 2560 1392 2616 civitate
1441 2559 1791 2624 constitutus,

204 2649 504 2725 Scripturis
568 2652 740 2707 sacris
809 2651 1096 2717 conditus,
1164 2652 1361 2708 chartis
1411 2659 1467 2707 et
1520 2649 1795 2722 pretiosus

206 2741 511 2799 hominibus
555 2743 753 2815 oppido
807 2759 927 2801 esse
971 2743 1149 2801 debet.
1204 2743 1374 2812 Quem
1426 2742 1581 2814 quasi
1630 2741 1792 2799 Chri-

206 2834 266 2889 sti
311 2834 491 2891 locum
545 2844 817 2891 tenentem
874 2837 1141 2897 honorare
1184 2850 1374 2892 omnes
1433 2834 1666 2899 debent,
1715 2833 1796 2889 ei-

210 2938 303 2994 que
347 2925 579 2991 servire,
622 2934 677 2981 et
717 2926 1033 2984 oliedientes
1068 2925 1137 2983 ad
1174 2926 1401 2982 salutem
1431 2941 1585 2982 suam
1621 2923 1798 2981 ﬁdeli-

213 3022 285 3069 ter
320 3016 587 3082 existere,
629 3016 881 3079 scientes,
905 3017 1049 3087 quod
1086 3016 1201 3073 sive
1230 3016 1426 3083 honor,
1460 3014 1573 3072 sive
1597 3011 1795 3084 injuria

213 3121 318 3177 quae
340 3107 391 3162 ei
422 3106 690 3175 defertur,
721 3108 773 3163 in
803 3098 1078 3164 Christum
1103 3107 1391 3176 redundat,
1430 3116 1486 3164 et
1512 3121 1543 3162 a
1573 3104 1794 3163 Christo

213 3198 259 3254 in
287 3200 574 3256 Dominum
601 3218 615 3268 ;
658 3202 847 3257 audire
872 3216 1003 3274 ergo
1027 3217 1152 3258 eum
1183 3201 1445 3257 attentius
1470 3206 1707 3271 oportet,
1740 3207 1796 3254 et

216 3291 274 3349 ab
321 3293 440 3364 ipso
487 3294 765 3366 suscipere
809 3263 1108 3350 doctrinam
1162 3293 1310 3361 fidei,
1356 3294 1561 3349 monita
1612 3301 1793 3347 autem
1822 3263 1871 3330 θ

213 3385 326 3441 vitae
345 3403 375 3441 a
405 3385 669 3443 Patribus
717 3387 1010 3458 inquirere.
1055 3387 1102 3443 Α
1143 3386 1463 3443 diaconibus
1490 3399 1620 3441 vero
1645 3384 1795 3440 ordi-

212 3493 324 3533 nem
368 3478 692 3552 disciplinae,
741 3489 961 3552 propter
990 3479 1134 3552 quod
1166 3479 1430 3549 deprecor
1449 3493 1546 3534 vos
1573 3491 1800 3533 conser-

210 3582 300 3624 vos
340 3579 399 3627 et
443 3567 725 3640 adjutores
764 3586 937 3638 meos,
971 3579 1030 3627 ut
1054 3571 1277 3627 discatis
1306 3570 1565 3641 attentius
1585 3568 1798 3624 anima-

210 3673 319 3715 rum
346 3676 539 3718 curam
562 3676 771 3733 gerere,
793 3672 850 3718 et
870 3678 966 3734 pro
989 3663 1242 3719 omnibus
1266 3675 1435 3729 stare,
1455 3662 1692 3718 maxime
1716 3668 1798 3716 ta-

209 3767 321 3808 men
350 3768 453 3826 pro
484 3751 572 3809 his
596 3753 688 3825 qui
720 3752 773 3808 in
809 3753 953 3809 cultu
994 3752 1178 3809 divino
1217 3750 1485 3809 laborant.
1520 3747 1798 3807 Ecclesia-

210 3862 322 3901 rum
348 3846 599 3901 omnium
628 3861 816 3901 curam
848 3845 1121 3913 habetote,
1163 3845 1448 3916 servisque
1475 3860 1664 3900 eorum
1696 3844 1796 3900 ad-

208 3934 473 4006 jutorium
514 3937 774 4013 praebete,
811 3937 1097 3992 viduarum
1150 3936 1458 4008 religiosam
1487 3949 1674 3991 curam
1705 3947 1798 4005 ge-

210 4029 326 4096 rite,
375 4028 614 4101 pupillos
655 4029 867 4086 enixius
905 4030 1158 4095 liberate,
1206 4028 1536 4100 pauperibus
1581 4026 1798 4082 miseri.

209 4124 450 4179 cordiam
498 4121 685 4190 facite,
712 4120 962 4197 ‘juvenes
1008 4122 1327 4194 pudicitiam
1375 4121 1582 4177 docete.
1622 4119 1690 4175 Et
1714 4118 1799 4191 (ut

207 4200 447 4270 breviter
472 4223 645 4270 totum
676 4215 874 4287 dicam)
901 4214 1222 4269 alterutrum
1244 4228 1361 4280 vos,
1398 4213 1454 4268 iu
1484 4211 1680 4283 quibus
1708 4225 1797 4268 res

204 4309 538 4381 poposcerit,
589 4317 911 4365 sustentate.
938 4308 1113 4364 Deum
1141 4306 1303 4364 colite
1330 4306 1424 4377 qui
1453 4304 1663 4361 creavit
1685 4317 1796 4360 cte-

203 4397 308 4454 lum
332 4411 389 4457 et
419 4408 651 4467 terram,
683 4409 738 4455 et
757 4398 979 4456 Christo
1009 4398 1247 4466 credite;
1283 4398 1517 4454 invicem
1549 4411 1647 4453 vos
1673 4396 1798 4453 dili-

203 4492 310 4562 gite
354 4502 413 4548 et
441 4491 829 4548 misericordes
876 4500 1049 4547 estote
1099 4492 1152 4546 in
1198 4506 1410 4547 omnes.
1458 4487 1577 4545 Non
1626 4474 1796 4547 verbo

204 4581 339 4650 solo,
370 4583 470 4639 sed
500 4596 665 4653 opere
693 4590 749 4637 et
778 4583 941 4638 rebus
994 4580 1198 4653 replete
1244 4581 1590 4637 charitatem.
1635 4578 1798 4653 Agite

1891 2004 1961 2060 iis
2017 2020 2180 2076 quam
2233 2005 2409 2062 fidelis
2459 2015 2814 2063 monstratur.
2871 1991 3155 2076 Quomodo
3200 1991 3330 2079 ergo
3376 1992 3489 2062 non

1892 2097 2145 2154 omnibus
2191 2098 2293 2154 hoc
2346 2098 2578 2155 amabile
2642 2108 2727 2157 est
2780 2102 3098 2172 cunctisque
3135 2108 3486 2172 exoptatum,

1895 2198 1991 2244 aut
2032 2206 2153 2262 quae
2191 2189 2408 2262 ignorat
2447 2191 2642 2257 discat,
2689 2199 2746 2247 et
2795 2208 2914 2263 quae
2961 2192 3214 2249 didicerit
3256 2188 3487 2247 doceat?

1894 2278 2271 2337 Certissimum
2295 2297 2528 2354 namque
2548 2291 2632 2339 est
2652 2283 2795 2354 quod
2818 2297 2995 2355 neque
3023 2282 3287 2349 amicitia,
3313 2295 3493 2352 neque

1893 2374 2268 2445 propinquitas
2291 2375 2525 2446 generis,
2552 2390 2728 2448 neque
2754 2377 2903 2449 regni
2928 2375 3251 2442 sublimitas,
3282 2372 3493 2431 homini

1895 2462 2055 2519 debet
2086 2478 2208 2521 esse
2241 2466 2535 2536 pretiosior
2562 2466 2816 2532 veritate,
2848 2467 2972 2537 quia
3008 2465 3143 2522 nihil
3173 2475 3255 2523 est
3280 2464 3489 2538 pretio-

1897 2556 2011 2612 sius
2035 2558 2235 2612 anima.
2269 2558 2529 2614 Dominus
2554 2568 2736 2616 autem
2767 2567 2987 2616 creator
3012 2559 3254 2615 omnium
3283 2572 3353 2613 ex
3385 2554 3493 2612 ini-

1896 2647 1975 2703 tio
2002 2646 2070 2701 ad
2102 2647 2394 2718 imaginem
2438 2663 2592 2704 suam
2640 2646 2917 2705 hominem
2954 2648 3103 2715 fecit,
3130 2648 3288 2718 eique
3319 2645 3494 2702 domi-

1898 2739 2173 2794 nationem
2206 2747 2387 2807 terrae,
2414 2741 2692 2812 marisque
2715 2749 2773 2798 et
2796 2742 2941 2799 aeris
2961 2741 3131 2813 ipsius
3154 2739 3322 2810 dedit,
3346 2738 3493 2796 veri-

1898 2838 2174 2904 tatemque
2225 2834 2504 2905 inquirere
2550 2836 2829 2907 praecepit,
2880 2835 3023 2892 sicut
3053 2843 3108 2890 et
3134 2832 3307 2890 verus
3335 2832 3493 2889 nobis

1896 2924 2168 2998 Propheta
2195 2927 2473 2982 enarravit
2498 2935 2555 2983 et
2587 2927 2705 2999 ipsa
2738 2942 2919 2983 rerum
2955 2925 3093 2982 ratio
3122 2925 3300 2982 docet.
3330 2923 3493 2981 Solus

1898 3018 2042 3074 enim
2067 3018 2230 3073 homo
2255 3016 2534 3075 rationalis
2560 3029 2668 3085 est,
2697 3027 2752 3074 et
2777 3032 3118 3091 consequens
3140 3024 3245 3082 est,
3270 3025 3328 3071 ut
3355 3015 3494 3071 ratio

1896 3109 2362 3167 irrationabiiibus
2408 3109 2734 3167 dominetur.
2781 3110 2881 3167 Hic
2910 3112 3053 3168 enim
3086 3110 3155 3166 ab
3184 3108 3339 3165 initio
3366 3122 3491 3163 cum

1901 3201 2079 3257 adhuc
2108 3202 2287 3273 justus
2318 3210 2462 3259 esset
2489 3203 2702 3259 cunctis
2740 3203 2904 3273 vitiis,
2934 3210 2990 3258 et
3025 3201 3173 3257 omni
3204 3198 3497 3273 fragilitate

1903 3295 2156 3367 superior
2176 3304 2316 3363 erat,
2345 3297 2435 3353 ubi
2479 3306 2657 3363 autem
2696 3295 2945 3368 peccavit
2972 3305 3027 3353 et
3055 3294 3232 3351 factus
3256 3302 3339 3350 est
3374 3308 3494 3349 ser-

1903 3399 2003 3440 vus
2040 3386 2271 3456 peccati,
2316 3387 2477 3443 simul
2505 3397 2560 3444 et
2596 3378 2874 3458 fragilitati
2903 3388 3135 3444 efﬁcitur
3165 3387 3378 3443 debitor
3399 3386 3498 3442 ob-

1901 3478 2121 3533 noxius.
2151 3477 2301 3544 Quod
2326 3479 2527 3534 idcirco
2556 3479 2819 3550 scriptum
2846 3490 2932 3535 est
2958 3488 3017 3534 ut
3044 3479 3221 3535 sciant
3246 3478 3497 3535 homines

1901 3570 2028 3640 quia
2058 3569 2199 3624 sicut
2227 3584 2294 3625 ex
2329 3569 2608 3640 impietate
2639 3570 2924 3641 passibiles
2954 3569 3081 3628 facti
3115 3578 3261 3635 sunt,
3293 3570 3367 3625 ita
3397 3583 3499 3641 per

1901 3652 2156 3734 pietatem
2185 3672 2413 3732 possunt
2436 3677 2556 3719 esse
2577 3661 2963 3734 impassibiles,
2986 3671 3044 3718 et
3068 3677 3175 3717 non
3201 3661 3374 3718 solum
3398 3661 3496 3716 im-

1899 3753 2211 3825 passibiles,
2236 3769 2424 3811 verum
2452 3761 2505 3810 et
2529 3769 2696 3826 parva
2721 3755 2777 3810 in
2802 3752 2970 3810 Deum
3000 3751 3104 3809 fide
3125 3752 3352 3809 aliorum
3376 3766 3499 3824 pas-

1903 3845 2084 3902 siones
2132 3855 2411 3913 curantes,
2446 3847 2520 3902 ita
2565 3848 2712 3903 enim
2739 3862 2902 3903 verus
2932 3846 3046 3917 ipse
3068 3843 3338 3918 Propheta
3364 3860 3494 3916 pro-

1901 3938 2071 4004 misit,
2095 3939 2319 3995 dicens:
2359 3961 2376 3992 ‹
2395 3940 2593 4007 Amen,
2623 3956 2782 3997 amen
2818 3941 2939 3996 dico
2960 3938 3135 4007 vobis,
3164 3939 3209 3996 si
3244 3936 3495 3995 habueri-

1902 4030 1975 4086 tis
2002 4029 2160 4086 tidem
2194 4031 2335 4087 sicut
2362 4048 2590 4103 granum
2631 4032 2860 4103 sinapis,
2896 4032 3090 4089 dicetis
3128 4030 3297 4086 monti
3325 4030 3494 4086 huic:

1901 4117 2098 4177 Transi
2142 4121 2267 4178 hinc
2315 4130 2371 4178 et
2410 4122 2664 4179 transibit
2704 4123 2921 4195 (Matth.
2955 4139 3084 4189 xvii,
3135 4121 3290 4197 19),:
3334 4119 3498 4191 hujus

1899 4215 2053 4269 vocis
2092 4214 2257 4268 etiam
2294 4230 2393 4271 vos
2438 4216 2542 4287 ipsi
2595 4216 2921 4273 documenta
2971 4215 3227 4287 cepistis,
3286 4223 3341 4270 et
3378 4213 3494 4285 jam

1900 4303 2046 4361 facta
2103 4306 2346 4377 quaedam
2393 4322 2490 4377 per
2539 4309 2828 4380 magistros
2878 4317 3113 4374 nostros,
3147 4306 3294 4378 ipsos
3344 4305 3498 4362 vide-

1901 4394 2029 4452 licet
2049 4396 2342 4468 apostolos,
2378 4413 2484 4454 non
2528 4398 2813 4470 ignoratis,
2842 4399 2970 4470 quia
3007 4398 3313 4455 astantibus
3342 4397 3500 4454 nobis

1900 4504 2090 4546 eorum
2155 4490 2367 4547 meritis
2425 4493 2698 4549 daemones
2759 4508 2883 4549 cum
2945 4488 3294 4567 passionihus
3360 4505 3501 4564 quas

1904 4584 2216 4641 hominibus
2244 4585 2561 4642 invexerant
2586 4586 2934 4649 transierunt,
2963 4597 3019 4641 et
3039 4584 3209 4658 fugati
3241 4592 3388 4641 sunt.
3421 4632 3429 4639 .

204 4649 615 4745 proviribus,
670 4675 921 4731 conservi
975 4649 1350 4737 dilectissimi,
1407 4674 1533 4745 quia
1592 4649 1880 4729 bonum”
1978 4674 2115 4743 Quia
2166 4691 2295 4746 ergo
2344 4675 2436 4732 alii
2484 4664 2703 4748 quidem
2757 4676 3008 4733 homines
3049 4649 3370 4748 patiuntur,
3406 4672 3501 4730 alii

207 4777 367 4825 estut
389 4768 767 4840 unusquisque
810 4774 1054 4825 vestrum
1100 4769 1394 4825 secundum
1435 4767 1577 4838 quod
1620 4775 1798 4839 potest

206 4865 374 4930 prosit
436 4862 823 4920 accedentibus
891 4864 957 4919 ad
1025 4860 1189 4918 iidem
1241 4860 1520 4933 religionis
1574 4868 1794 4915 nostrae.

204 4952 272 5009 Et
304 4956 425 5012 ideo
448 4972 558 5013 non
604 4972 699 5013 vos
740 4957 924 5028 pigeat
967 4957 1263 5012 secundum
1312 4955 1634 5026 sapientiam
1676 4969 1797 5025 qua:

205 5049 361 5104 nobis
407 5065 509 5121 per
555 5049 650 5104 Dei
694 5048 1091 5120 providentiam
1143 5047 1339 5102 collata
1386 5055 1470 5101 est
1526 5046 1797 5101 instruere

205 5138 425 5212 ignaros
454 5148 514 5197 et
541 5142 754 5196 docere.
804 5139 1139 5196 Desiderium
1191 5154 1320 5209 ergo
1360 5136 1562 5193 habere
1606 5150 1799 5193 omnes

204 5245 334 5302 erga
358 5232 639 5289 doctorem
659 5232 906 5288 veritatis
927 5248 1158 5304 eumque
1179 5242 1238 5287 ut
1254 5232 1439 5289 oculos
1463 5247 1593 5288 suos
1614 5246 1735 5286 ama
1745 5246 1802 5287 re

203 5334 450 5393 oportet,
489 5325 620 5392 quia
662 5333 716 5379 et
769 5323 942 5394 ipsum
985 5323 1240 5396 populum
1295 5323 1399 5379 sibi
1447 5323 1799 5379 commissum

207 5429 307 5468 ceu
335 5415 588 5486 proprios
620 5413 756 5470 filios
790 5430 994 5481 amare,
1025 5425 1080 5470 et
1115 5416 1310 5471 docere
1334 5429 1456 5469 eum
1488 5414 1663 5479 decet,
1697 5411 1801 5470 hoc

207 5505 353 5560 enim
387 5523 417 5561 a
446 5505 611 5561 Patre
644 5505 849 5562 caelesti
899 5504 1154 5561 donatum
1185 5515 1287 5570 est,
1330 5506 1423 5561 sed
1467 5504 1613 5562 salus
1640 5505 1695 5560 in
1734 5518 1802 5561 eo

206 5607 296 5653 est
337 5609 392 5655 ut
453 5599 787 5656 voluntatem
834 5599 950 5670 ejus
999 5600 1153 5673 cujus
1205 5616 1448 5657 amorem
1493 5610 1548 5656 et
1588 5600 1804 5657 deside-

208 5690 373 5755 rium,
395 5693 507 5749 Deo
518 5692 802 5766 largiente,
817 5694 1184 5764 conceperint,
1204 5694 1424 5750 faciant.
1452 5694 1508 5751 Si
1527 5694 1650 5766 quis
1671 5710 1805 5766 ergo

212 5779 646 5843 ﬁdelis‘voluerit
668 5787 901 5842 existere
925 5796 978 5843 et
1001 5787 1273 5844 desiderat
1295 5787 1579 5859 baptizari,
1606 5797 1804 5844 exutus

211 5873 489 5945 prioribus
521 5872 678 5934 inalis
704 5878 772 5936 de
805 5877 1013 5951 reliquo
1042 5893 1142 5951 pro
1174 5878 1332 5937 bonis
1372 5878 1586 5938 actibus
1625 5881 1803 5939 haeres

1906 4764 2179 4837 patientes
2210 4777 2428 4835 sanant,
2474 4782 2640 4823 causa
2685 4766 2806 4823 sine
2845 4767 3007 4823 dubio
3034 4766 3116 4822 vel
3145 4762 3385 4838 patiendi
3413 4761 3502 4820 vel

1906 4857 2137 4913 curandi
2181 4858 2454 4914 noscenda
2494 4866 2596 4915 est.
2640 4856 2773 4926 Quae
2809 4873 2917 4913 non
2941 4856 3045 4913 alia
3066 4870 3187 4912 esse
3212 4869 3375 4926 quam
3398 4868 3497 4925 pa-

1910 4947 2169 5003 tientibus
2209 4948 2427 5018 quidem
2474 4944 2831 5015 inﬁdelitatis,
2856 4946 3176 5003 curantibus
3213 4958 3345 5000 vero
3371 4941 3501 4998 iidei

1907 5042 2345 5109 demonstratur;
2394 5042 2690 5098 infidelitas
2732 5041 2902 5107 enim,
2929 5040 3057 5095 dum
3083 5054 3189 5094 non
3212 5036 3388 5094 credit
3416 5035 3501 5091 fu-

1910 5147 2091 5194 turum
2119 5134 2331 5191 Domini
2365 5134 2653 5206 judicium,
2680 5133 2937 5206 peccandi
2967 5130 3242 5188 licentiam
3274 5127 3500 5201 praebet,

1909 5237 2193 5300 peccatum
2214 5243 2343 5283 vero
2365 5228 2638 5283 hominem
2664 5224 3007 5298 passionihus
3025 5222 3319 5280 obnoxium
3346 5220 3496 5277 facit.

1911 5320 2074 5377 Fides
2086 5331 2265 5377 autem
2282 5319 2523 5375 futurum
2547 5318 2641 5374 Dei
2649 5316 2912 5387 judicium
2928 5331 3050 5372 esse
3064 5314 3313 5379 credens,
3328 5313 3502 5368 conti-

1913 5422 2007 5470 net
2047 5412 2297 5470 homines
2324 5427 2353 5467 a
2378 5420 2621 5483 peccato.
2653 5407 2771 5464 Non
2800 5418 3090 5479 peccantes
3116 5420 3246 5461 vero
3272 5418 3381 5460 non
3410 5418 3500 5459 so-

1912 5505 2026 5562 lum
2054 5504 2212 5561 liberi
2252 5516 2380 5560 sunt
2406 5519 2435 5557 a
2464 5500 2797 5557 daemonibus
2825 5508 2881 5556 et
2908 5497 3276 5569 passionihus,
3304 5507 3496 5549 verum

1907 5610 1965 5658 et
2008 5598 2234 5655 aliorum
2287 5597 2559 5654 daemones
2600 5604 2656 5651 et
2698 5594 2980 5666 passiones
3020 5593 3205 5665 fugare
3252 5596 3502 5661 possunt.

1910 5691 1991 5747 Ex
2044 5691 2128 5746 his
2161 5705 2292 5761 ergo
2335 5687 2588 5744 omnibus
2627 5687 2901 5759 colligitur
2943 5685 3086 5757 quod
3130 5683 3282 5752 origo
3338 5680 3504 5736 totius

1908 5787 2037 5842 mali
2090 5787 2158 5841 ab
2208 5784 2514 5857 ignorantia
2543 5783 2860 5843 descendat,
2893 5789 2947 5837 et
2976 5780 3092 5851 ipsa
3138 5778 3211 5835 sit
3254 5775 3496 5832 omnium

1911 5876 2175 5934 malorum
2204 5884 2399 5945 mater,
2439 5890 2559 5948 quas
2602 5874 2812 5931 incuria
2833 5872 3081 5945 quaedam
3102 5878 3158 5927 et
3186 5865 3397 5940 ignavia
3428 5865 3482 5938 gi
