4012 6474
3333 342 3365 350 ...
3414 345 3492 357 NW

528 356 598 445 φτ
1407 356 1700 419 APPEND.
1726 354 1820 415 AD
1856 354 2034 416 διες.
2068 357 2105 415 ιτ

2210 389 2275 402 -
2309 355 2562 419 ISIDORI
2601 357 3046 423 MERCATORIS
3414 345 3492 357 “’“”
3735 363 3810 447 ιθ

529 468 731 545 guttur.
772 474 1110 549 Negligentia
1148 491 1281 536 vero
1300 479 1465 534 alitur
1510 487 1567 533 et
1615 485 1844 549 augetur
1871 484 2034 546 atque
2062 475 2117 531 in
2145 478 2195 539 Α
2222 487 2581 548 praeparatam
2616 477 2890 538 demirans
2920 496 3020 552 per
3048 485 3231 539 omnia
3250 519 3266 548 ,
3296 487 3353 538 et
3389 485 3613 552 stupens
3641 487 3804 537 caete-

530 574 782 624 sensibus
810 570 1089 626 hominum
1117 572 1413 639 radicatur,
1444 571 1573 627 dum
1595 580 1810 627 amatur
1836 590 1849 626 :
1878 586 2040 642 quam
2072 571 2118 627 si

528 658 653 729 quis
688 660 828 716 forte
856 661 1049 718 doceat
1079 661 1445 736 effugandam,
1484 664 1633 720 velut
1659 666 1897 736 antiquis
1926 677 1981 721 et
2011 666 2119 721 hae-

527 750 804 807 reditariis
851 752 1067 810 sedibus
1110 755 1338 812 moleste
1372 763 1429 812 et
1472 756 1818 827 indignanter
1847 758 2115 815 avellitur.

527 830 596 893 Εἰ
633 829 1073 914 ἱίιρσιηυιιιιιιηι
1128 845 1486 902 laborandum
1551 848 1707 903 nobis
1756 857 1881 915 est,
1934 857 1995 905 ut
2038 850 2120 904 in-

528 929 814 1001 dignantes
864 935 1185 1007 ignorantize
1234 945 1688 1011 praesumptiones
1735 941 1978 998 scientiae
2033 958 2121 999 ra-

525 1022 674 1080 tione
728 1041 1038 1086 resecemus
1088 1030 1143 1086 in
1187 1032 1274 1088 his
1320 1035 1592 1106 praecipue
1633 1035 1728 1106 qui
1762 1036 1816 1092 in
1847 1037 2117 1109 aliquibus

525 1120 708 1176 minus
750 1121 916 1177 rectis
953 1123 1302 1192 opinionibus
1348 1127 1612 1197 prteventi
1660 1137 1802 1192 sunt,
1849 1143 1947 1198 per
1981 1144 2118 1200 quas

524 1214 679 1283 quasi
721 1214 823 1270 sub
853 1217 1034 1286 specie
1062 1216 1293 1288 alicujus
1341 1220 1584 1276 scientia:
1623 1221 1926 1292 ignorantia
1956 1222 2008 1277 in
2032 1221 2117 1279 his

522 1310 900 1368 vehementius
953 1315 1197 1369 radicata
1238 1324 1343 1371 est.
1396 1315 1539 1371 Nihil
1582 1317 1728 1372 enim
1772 1324 1857 1372 est
1898 1318 2118 1388 gravius

522 1417 687 1471 quam
717 1405 761 1460 si
789 1405 842 1460 id
873 1406 1016 1476 quod
1054 1407 1269 1478 ignorat
1305 1409 1448 1480 quis,
1483 1410 1623 1465 scire
1649 1425 1707 1466 se
1727 1410 1914 1466 credat
1942 1419 2000 1466 et
2023 1411 2118 1466 de-

524 1490 713 1548 fendat
757 1510 947 1550 verum
996 1510 1118 1552 esse
1157 1498 1300 1568 quod
1331 1498 1533 1554 falsum
1563 1507 1669 1565 est,
1695 1501 1838 1571 quod
1869 1501 1974 1556 tale
2005 1512 2114 1567 est,

523 1583 683 1655 quale
727 1587 773 1642 si
819 1589 941 1658 quis
986 1588 1172 1646 ebrius
1211 1591 1452 1647 sobrium
1479 1607 1537 1648 se
1564 1602 1738 1663 putet,
1768 1602 1822 1649 et
1853 1595 2116 1666 agatqui-

524 1676 644 1731 dam
672 1688 869 1735 cuneta
902 1689 959 1734 ut
990 1681 1194 1748 ebrius,
1232 1682 1476 1739 sobrium
1506 1698 1565 1739 se
1589 1692 1768 1739 tamen
1792 1692 1849 1739 et
1872 1684 1989 1755 ipse
2016 1699 2115 1754 pu-

522 1775 620 1849 tet,
648 1768 831 1824 etdici
857 1785 884 1823 a
917 1772 1130 1830 caeteris
1162 1773 1290 1829 velit
1317 1788 1333 1827 :
1371 1775 1446 1829 ita
1476 1783 1606 1829 sunt
1627 1790 1759 1846 ergo
1788 1783 1843 1831 et
1864 1776 1919 1831 hi
1960 1775 2115 1846 igno-

2225 584 2409 625 rorum
2450 572 2727 628 hominum
2763 589 3015 638 errores,
3055 582 3112 631 et
3146 575 3295 647 quod
3330 582 3458 631 ante
3494 574 3681 631 oculos
3715 590 3806 646 po-

2221 661 2381 718 sitam
2412 664 2699 720 veritatem
2730 680 2892 721 nemo
2922 664 3158 722 videbat.
3185 664 3304 737 Ipse
3332 673 3543 723 tantum
3570 665 3809 738 gaudens

2221 769 2384 826 super
2412 755 2617 812 divitiis
2645 757 2924 828 sapientiae
2951 772 3087 829 quas
3121 758 3327 814 invenit
3363 758 3688 815 satiabiliter
3728 760 3811 816 his

2219 846 2554 919 perfruatur,
2580 857 2635 905 et
2658 850 2922 906 exercitio
2950 850 3213 907 bonorum
3241 865 3465 922 operum
3491 850 3809 916 delectetur,

2219 938 2487 996 festinans
2517 941 2584 996 ad
2620 941 2877 997 saeculum
2904 941 3146 999 futurum
3174 944 3378 1000 mundo
3403 942 3568 1000 corde
3595 953 3652 1000 et
3677 958 3811 1014 pura

2219 1035 2551 1092 conscientia
2577 1037 2899 1107 pervenire,
2925 1046 2981 1093 et
3011 1037 3175 1092 etiam
3200 1035 3388 1093 videre
3412 1036 3583 1094 Deum
3609 1035 3811 1108 Regem

2219 1127 2463 1182 omnium
2503 1129 2697 1197 possit.
2737 1127 2834 1184 His
2870 1137 3049 1184 autem
3088 1129 3343 1185 omnibus
3372 1144 3561 1185 carere
3596 1143 3724 1191 nos,
3761 1136 3814 1181 et

2219 1215 2463 1271 fraudari
2500 1217 2614 1273 sola
2652 1218 2781 1273 facit
2818 1220 3145 1289 ignorantia.
3188 1218 3325 1275 Dum
3365 1219 3512 1275 enim
3561 1219 3816 1291 ignorant

2218 1308 2466 1364 homines
2514 1318 2774 1379 quantum
2832 1309 2956 1365 boni
3017 1310 3213 1367 habeat
3261 1311 3510 1376 scientia,
3563 1312 3819 1383 ignorans

2218 1398 2309 1454 tiae
2334 1398 2538 1454 malum
2584 1400 2651 1455 de
2696 1416 2758 1457 sc
2796 1416 2903 1456 non
2932 1402 3212 1473 patiuntur
3261 1401 3499 1459 excludi.
3553 1400 3815 1458 Nesciunt

2218 1491 2365 1547 enim
2396 1500 2602 1562 quanta
2633 1492 2706 1549 sit
2735 1492 2789 1548 in
2823 1493 3017 1549 horum
3052 1494 3455 1566 permutatione
3488 1492 3810 1561 diversitas,

2216 1581 2425 1652 pariter
2449 1582 2594 1652 quod
2620 1582 2907 1639 consilium
2934 1583 3005 1638 do
3032 1584 3322 1655 unicuique
3348 1584 3611 1649 discenti,
3640 1583 3816 1639 liben-

2216 1678 2302 1726 ter
2334 1672 2578 1743 praebere
2613 1687 2801 1729 aurem
2841 1675 3010 1731 verbo
3037 1674 3169 1742 Dei,
3204 1684 3261 1731 et
3292 1691 3417 1732 cum
3450 1691 3637 1733 amore
3665 1676 3814 1732 veri-

2218 1764 2347 1818 tatis
2381 1763 2590 1819 Domini
2622 1765 2813 1821 audire
2848 1781 2971 1837 qua:
3005 1766 3271 1833 dicimus,
3320 1774 3381 1822 ut
3411 1782 3586 1833 mens,
3608 1766 3816 1838 optimo

521 1867 707 1913 rantes
755 1861 898 1929 quod
952 1877 1140 1918 verum
1194 1874 1300 1932 ρει,
1361 1866 1596 1936 speciem
1657 1875 1836 1922 tamen
1887 1866 2117 1937 alicujus
2145 1850 2193 1911 B
2221 1858 2430 1913 semine
2460 1868 2750 1930 suscepto,
2782 1875 2882 1931 per
2909 1860 3080 1917 bonos
3111 1869 3264 1917 actus
3292 1859 3444 1916 laetos
3473 1858 3663 1916 aﬂ‘erat
3694 1858 3813 1917 fm-

519 1948 760 2005 scientizc
805 1961 985 2009 tenent
1032 1965 1087 2011 et
1130 1956 1271 2011 mala
1319 1960 1474 2028 quasi
1519 1960 1662 2017 bona
1712 1968 1907 2032 gerunt
1954 1968 2118 2030 atque

518 2040 587 2095 ad
617 2043 913 2112 perniciem
967 2047 1123 2116 quasi
1174 2048 1237 2104 ad
1289 2049 1520 2104 salutem
1572 2049 1853 2117 festinant,
1896 2059 2120 2121 propter

518 2136 665 2205 quod
717 2146 843 2194 ante
891 2141 1074 2196 omnia
1115 2143 1520 2213 properandum
1551 2151 1635 2201 est
1678 2145 1745 2200 ad
1783 2145 2114 2216 agnitionem

518 2228 792 2297 veritatis,
845 2242 906 2288 ut
951 2235 1222 2304 possimus
1249 2236 1404 2306 quasi
1441 2235 1647 2292 lumine
1675 2236 1831 2294 nobis
1859 2237 1985 2295 inde
2018 2253 2113 2295 ac-

517 2335 687 2378 censo
708 2338 958 2381 errorum
990 2327 1242 2383 tenebras
1268 2326 1557 2398 depellere.

589 2414 810 2472 Grande
833 2417 977 2473 enim
1022 2417 1226 2475 malum
1263 2426 1369 2482 est,
1406 2428 1466 2475 ut
1502 2419 1759 2487 diximus,
1788 2421 2112 2493 ignorantia,

518 2507 614 2563 sed
633 2506 761 2579 quia
796 2509 1157 2565 substantiam
1182 2525 1289 2566 non
1316 2511 1481 2568 habet
1507 2511 1665 2568 facile
1689 2514 1756 2569 ab
1782 2514 1867 2571 his
1889 2515 1981 2586 qui
2006 2524 2118 2571 stu-

521 2596 657 2652 diosi
683 2606 810 2653 sunt
841 2598 1129 2672 ell'ugatur.
1163 2598 1281 2656 Non
1312 2602 1457 2657 enim
1493 2603 1640 2660 aliud
1667 2612 1750 2660 est
1780 2604 2111 2677 ignorantia,

515 2688 623 2745 nisi
656 2705 761 2745 non
795 2692 1113 2761 cognovisse
1134 2692 1279 2763 quod
1306 2694 1550 2764 expedit,
1581 2697 1670 2752 ubi
1704 2706 1884 2752 autem
1909 2712 2112 2769 cogno-

513 2778 661 2833 veris
685 2780 828 2849 perit
862 2781 1195 2853 ignorantia,
1244 2785 1413 2854 quaeri
1465 2800 1595 2856 ergo
1638 2787 1692 2841 in
1735 2803 1907 2858 agone
1954 2790 2116 2845 debet

513 2870 763 2928 veritatis
811 2873 1040 2943 agnitio,
1081 2890 1243 2945 quam
1289 2891 1453 2933 nemo
1500 2878 1637 2934 alius
1679 2881 1959 2952 assignare
2011 2897 2110 2953 po-

514 2970 624 3017 test
673 2963 777 3019 nisi
826 2980 988 3021 vcrus
1032 2965 1329 3038 PrOpheta.
1379 2967 1505 3025 Haec
1543 2970 1689 3025 enim
1714 2971 1803 3025 via
1831 2981 1917 3026 est
1943 2971 2110 3028 vitam

510 3051 821 3111 volentibus
843 3055 1073 3128 ingredi,
1096 3065 1153 3113 et
1180 3073 1462 3123 summum,
1477 3061 1580 3116 iter
1600 3062 1865 3118 bonorum
1885 3079 2111 3134 operum

508 3147 860 3217 pergentibus
887 3148 955 3204 ad
979 3149 1257 3206 civitatem
1297 3150 1513 3208 salutis.
1564 3151 1624 3209 Si
1665 3155 1789 3224 quis
1845 3171 1977 3212 sane
2012 3171 2110 3212 au-

2221 1956 2363 2005 ctus.
2395 1948 2531 2004 Nam
2562 1951 2608 2006 si
2640 1966 2726 2007 me
2756 1951 2986 2007 docente
3012 1967 3075 2007 ea
3108 1967 3229 2022 quae
3266 1950 3334 2006 ad
3372 1950 3601 2007 salutem
3638 1949 3816 2022 perti-

2221 2054 2385 2109 nent,
2433 2046 2681 2117 recipere
2731 2047 2855 2115 quis
2901 2046 3130 2113 abnuit,
3167 2055 3223 2101 et
3257 2046 3442 2102 animo
3473 2045 3659 2117 pravis
3691 2043 3816 2115 opi-

2220 2136 2477 2193 nionibus
2510 2146 2776 2208 occupato
2815 2138 3082 2193 obsistere
3114 2138 3339 2204 nititur,
3376 2153 3483 2194 non
3515 2153 3584 2194 ex
3619 2137 3816 2201 vobis,

2219 2229 2315 2285 sed
2353 2244 2419 2284 ex
2458 2231 2754 2300 semetipso
2789 2227 3014 2285 habebit
3051 2228 3309 2300 pereundi
3347 2244 3591 2286 causam.
3641 2227 3819 2283 Debet

2218 2320 2362 2377 enim
2385 2318 2534 2390 justo
2570 2320 2777 2392 judicio
2823 2321 3140 2377 examinare
3186 2336 3308 2392 quae
3346 2321 3612 2386 dicimus,
3645 2327 3701 2374 et
3732 2318 3820 2374 in-

2222 2411 2464 2486 telligere
2491 2413 2618 2483 quia
2652 2412 2817 2469 verba
2855 2411 3129 2484 loquimur
3164 2411 3449 2477 veritatis,
3487 2418 3548 2466 ut
3580 2408 3819 2480 cognitis

2218 2504 2306 2560 his
2357 2519 2479 2575 quae
2530 2513 2657 2560 sunt
2701 2512 2761 2559 ut
2799 2514 2962 2570 sunt,
3005 2503 3059 2558 in
3108 2503 3266 2560 bonis
3313 2504 3527 2559 actibus
3569 2501 3817 2572 dirigens

2218 2597 2361 2653 viam
2391 2614 2543 2653 suam
2573 2598 2725 2670 regni
2753 2596 3015 2655 caelorum
3043 2598 3214 2668 possit
3239 2598 3513 2668 particeps
3539 2595 3770 2651 inveniri
3796 2634 3812 2661 ,

2218 2688 2512 2759 subjiciens
2542 2689 2642 2744 sibi
2674 2688 2859 2745 carnis
2894 2689 3163 2745 desideria
3191 2730 3206 2755 ,
3240 2697 3296 2745 et
3330 2688 3584 2744 dominus
3621 2700 3813 2741 eorum

2217 2778 2399 2836 factus
2423 2819 2437 2844 ,
2475 2788 2532 2835 ut
2574 2779 2646 2833 ita
2685 2779 2901 2834 demum
2940 2778 3105 2833 etiam
3143 2778 3260 2848 ipse
3313 2776 3406 2832 fiat
3453 2774 3816 2832 dominatoris

2206 2875 2457 2941 omnium
2484 2874 2722 2943 jucunda
2761 2868 3055 2945 possessio.
3110 2871 3246 2928 Nam
3286 2871 3377 2942 qui
3426 2877 3713 2942 permanet
3753 2869 3812 2924 in

2213 2967 2360 3023 male
2401 2976 2459 3022 et
2488 2982 2679 3023 servus
2719 2974 2804 3021 est
2850 2964 3006 3032 mali,
3055 2979 3162 3020 non
3210 2971 3390 3035 potest
3441 2960 3577 3017 επὶρί
3630 2958 3813 3032 portio

2211 3060 2368 3127 boni,
2416 3060 2590 3114 donec
2624 3066 2913 3129 permanet
2949 3057 3003 3112 in
3041 3056 3218 3122 malo,
3250 3055 3377 3125 quia
3411 3053 3480 3110 ab
3516 3052 3693 3118 initio,
3748 3062 3815 3106 ut

2215 3159 2344 3208 ante
2363 3150 2478 3220 jam
2518 3150 2787 3216 diximus,
2828 3150 2936 3206 duo
2972 3164 3139 3220 regna
3180 3147 3372 3204 statuit
3407 3148 3584 3210 Deus,
3621 3153 3677 3200 et
3708 3159 3815 3215 po.

514 3238 670 3295 diens
717 3256 1024 3298 sermonem
1073 3244 1191 3300 veri
1234 3246 1520 3317 Propheta:
1564 3217 1699 3302 velit
1745 3250 1987 3321 recipere
2015 3256 2109 3304 aut
2133 3217 2181 3280 θ
2214 3217 2463 3299 testatcm
2496 3242 2644 3298 dedit
2693 3242 2985 3311 unicuique
3029 3240 3344 3304 hominum,
3377 3247 3439 3293 ut
3477 3237 3622 3293 illius
3652 3236 3812 3309 regni

512 3329 655 3385 nolit
681 3339 738 3387 et
764 3332 1017 3403 amplecti
1043 3348 1183 3390 onus
1209 3334 1351 3404 ejus,
1389 3335 1442 3392 id
1474 3345 1559 3393 est
1579 3339 1833 3394 mandata
1860 3339 1984 3395 vitae
2005 3339 2107 3395 ha-
2211 3338 2310 3394 fiat
2329 3339 2506 3410 portio
2537 3338 2625 3395 cui
2673 3351 2733 3394 se
2762 3337 2830 3393 ad
2857 3334 3219 3393 obediendum
3249 3334 3364 3405 ipse
3389 3329 3704 3401 subjecerit.
3741 3330 3812 3385 Et

508 3419 605 3498 bet
628 3423 682 3477 in
705 3439 803 3479 sua
826 3434 1113 3496 potestate,
1139 3426 1296 3482 liberi
1319 3428 1465 3484 enim
1492 3444 1683 3485 sutnus
1709 3430 1942 3486 arbitrii.
1968 3428 2106 3485 Nam
2210 3434 2339 3505 quia
2369 3433 2651 3490 definitum
2679 3441 2764 3488 est
2797 3430 2939 3502 apud
2970 3428 3258 3486 Dominum
3298 3441 3405 3483 non
3444 3439 3602 3497 posse
3636 3438 3810 3480 unum

508 3513 557 3570 si
581 3513 685 3571 hoc
710 3526 854 3572 esset
875 3526 936 3574 ut
955 3518 1242 3575 audientes
1269 3534 1355 3587 ea,
1375 3518 1489 3589 jam
1518 3536 1626 3578 non
1653 3521 1990 3579 haberentin
2011 3537 2109 3593 po-
2210 3525 2488 3582 hominem
2512 3523 2799 3593 utriusque
2828 3520 2983 3591 regni
3013 3534 3136 3577 esse
3162 3533 3378 3575 servum
3404 3557 3420 3584 ,
3448 3515 3594 3573 omni
3626 3512 3813 3570 studio

509 3611 709 3662 testate
762 3607 907 3663 aliud
953 3607 1138 3666 facere
1166 3626 1329 3680 quam
1373 3611 1676 3678 audierant;
1709 3613 1791 3668 vis
1813 3622 1934 3669 erat
1961 3627 2109 3683 qua:-
2209 3617 2334 3672 date
2373 3630 2599 3685 operam
2641 3614 2696 3669 in
2734 3612 2862 3669 boni
2904 3612 3049 3686 regis
3086 3609 3267 3666 aulam
3304 3624 3367 3666 ac
3398 3609 3524 3681 jura
3564 3620 3809 3663 concur-

510 3696 638 3750 dam
698 3707 908 3753 natura:
954 3712 1052 3769 per
1090 3716 1253 3770 quam
1304 3700 1533 3755 liberum
1564 3717 1670 3757 non
1701 3711 1786 3757 est
1824 3702 1892 3757 ad
1941 3702 2105 3756 aliam

509 3788 748 3861 migrare
796 3790 1147 3855 sententiam,
1197 3800 1290 3846 aut
1329 3791 1376 3846 si
1425 3808 1614 3848 rursus
1658 3809 1724 3848 ex
1761 3792 2105 3849 audientibus

508 3880 660 3937 nullo
702 3883 928 3938 omnino
983 3884 1273 3955 reciperet,
1333 3893 1389 3939 et
1440 3884 1545 3941 hoc
1595 3896 1803 3941 natura:
1837 3886 1919 3941 vis
1961 3894 2098 3950 erat,

511 3990 632 4046 qua?
667 3976 869 4047 aliquid
912 3994 1078 4032 unum
1106 3988 1339 4049 cogeret
1378 3980 1517 4045 fieri,
1553 3990 1607 4035 et
1640 3978 1796 4037 alteri
1828 3979 1969 4049 parti
1992 3993 2098 4034 non

505 4070 662 4123 daret
690 4068 863 4124 locum
882 4110 896 4134 ,
929 4086 1076 4125 nunc
1102 4080 1282 4126 autem
1311 4072 1436 4142 quia
1468 4071 1696 4128 liberum
1723 4082 1806 4128 est
1834 4072 2016 4127 animo
2043 4072 2097 4126 in

505 4174 670 4230 quam
716 4161 846 4215 velit
890 4172 1103 4231 partem
1152 4163 1425 4219 declinare
1470 4163 1733 4235 judicium
1787 4179 1984 4228 suum,
2044 4170 2100 4217 et

506 4266 669 4321 quam
715 4254 1034 4322 probaverit
1087 4255 1291 4327 eligere
1343 4257 1521 4322 viam,
1564 4266 1779 4313 constat
1818 4257 2100 4313 evidenter

501 4342 683 4397 inesse
700 4342 1011 4399 hominibus
1026 4346 1237 4401 arbitrii
1258 4346 1585 4413 libertatem,
1601 4348 1765 4419 igitur
1780 4350 2095 4419 priusquam

499 4434 685 4489 audiat
709 4436 831 4505 quis
853 4438 996 4506 quod
1031 4437 1080 4493 ci
1110 4439 1348 4509 expedit,
1374 4449 1583 4495 certum
1606 4440 1835 4510 estquia
1861 4442 2093 4511 ignoret,

498 4536 555 4581 et
574 4527 830 4597 ignorans
851 4528 981 4593 vult,
1008 4539 1063 4585 et
1085 4530 1359 4586 desiderat
1377 4532 1518 4602 quod
1540 4546 1643 4586 non
1666 4531 1884 4601 expedit
1904 4547 2090 4603 agere,

2210 3723 2354 3764 rere.
2404 3707 2638 3778 Pr0pter
2689 3706 2793 3762 hoc
2843 3705 3076 3775 denique
3118 3718 3282 3760 verus
3323 3702 3626 3775 propheta,
3681 3713 3809 3755 eum

2208 3810 2354 3855 esset
2402 3812 2643 3869 praesens
2695 3797 2980 3852 nobiscum
3030 3804 3088 3852 et
3127 3793 3389 3866 quosdam
3435 3807 3502 3848 ex
3544 3788 3808 3846 divitibus

2208 3889 2545 3961 negligentes
2582 3901 2712 3959 erga
2752 3886 2966 3942 Domini
2998 3886 3202 3942 cultum
3243 3883 3488 3949 videret,
3525 3879 3689 3950 hujus
3726 3878 3808 3934 rei

2206 3981 2282 4036 ita
2321 3980 2537 4052 aperuit
2571 3981 2877 4037 veritatem.
2917 3997 2935 4031 ι
2971 3977 3141 4035 Nemo
3168 3986 3365 4050 potest,
3417 3974 3613 4046 inquit,
3664 3973 3804 4028 duo-

2204 4073 2309 4128 bus
2329 4071 2565 4128 dominis
2592 4073 2832 4137 servire,
2856 4080 2913 4128 et
2943 4086 3050 4127 non
3080 4069 3307 4142 potestis
3335 4068 3568 4124 Domino
3593 4065 3809 4122 servire

2204 4171 2262 4219 ct
2297 4177 2622 4218 mammona:
2661 4160 2831 4234 (Luc.
2872 4178 2987 4228 xvt,
3021 4161 3153 4231 15),
3182 4180 3201 4214 ι
3247 4174 3578 4225 mammona,
3619 4158 3805 4230 patria

2203 4268 2393 4309 eorum
2427 4267 2584 4318 voce,
2615 4252 2834 4309 divitias
2862 4268 3086 4310 vocans.

2206 4406 2215 4415 δ
2275 4344 2376 4402 llic
2408 4361 2537 4417 ergo
2568 4360 2730 4402 verus
2758 4345 3030 4417 Propheta
3068 4354 3155 4403 est
3182 4345 3309 4417 quia
3341 4345 3395 4401 in
3427 4342 3611 4401 Iudaea
3643 4340 3809 4399 nobis

2201 4435 2485 4506 apparuit,
2522 4444 2583 4491 ut
2620 4435 2884 4504 audistis,
2924 4438 3018 4507 qui
3065 4446 3216 4493 stans
3264 4435 3481 4507 publice
3529 4433 3641 4491 sola
3682 4432 3810 4503 jus-

2202 4530 2355 4585 sione
2386 4529 2623 4585 faciebat
2651 4544 2825 4587 czecos
2853 4530 3041 4587 videre
3062 4571 3078 4599 ,
3107 4530 3301 4587 surdos
3328 4529 3547 4595 audire,
3577 4524 3811 4598 fugabat

498 4582 723 4691 propter
741 4622 885 4691 quod
908 4637 1008 4693 pro
1031 4624 1133 4680 hoc
1157 4640 1262 4679 non
1284 4582 1577 4693 judicatur.
1597 4582 1888 4680 (Zumrvero
1914 4582 2097 4680 aitdie-
2122 4582 2177 4646 Β
2202 4621 2510 4707 daemones,
2560 4622 2723 4694 aegris
2772 4623 3063 4679 sanitatem
3110 4621 3410 4688 reddebat,
3460 4630 3517 4677 et
3566 4619 3809 4675 mortuis

496 4712 569 4766 rit
589 4728 783 4769 causas
815 4716 1023 4770 erroris
1045 4715 1127 4770 sui
1152 4727 1208 4772 et
1230 4718 1495 4773 rationem
1529 4717 1774 4773 veritatis
1799 4720 2092 4789 acceperit,

499 4813 626 4860 tunc
646 4806 752 4876 ιο
774 4807 817 4861 si
837 4809 1198 4877 permanserit
1214 4810 1267 4863 in
1285 4810 1371 4865 his
1388 4809 1665 4866 erroribus
1678 4810 1875 4880 quibus
1891 4810 2093 4867 dudum

495 4895 674 4951 fuerat
711 4908 1054 4967 prmventus,
1084 4911 1233 4955 recte
1262 4898 1376 4969 jam
1408 4901 1694 4956 vocabitur
1727 4901 1795 4956 ad
1824 4900 2092 4971 judicium

497 4989 725 5045 daturus
775 5005 1004 5061 paauas,
1040 4993 1169 5063 quia
1214 4993 1339 5048 vita:
1376 4994 1536 5065 hujus
1571 4996 1805 5064 spatium
1845 4996 1991 5066 quod
2023 4996 2092 5053 ad

495 5079 633 5136 bene
672 5082 959 5138 vivendum
1012 5085 1248 5155 accipit,
1299 5086 1351 5140 in
1397 5086 1648 5142 ludibriis
1695 5089 2096 5159 consumpserit

494 5188 769 5229 errorum.
804 5175 904 5243 Qui
940 5193 1070 5231 vero
1100 5178 1328 5234 audiens
1353 5178 1469 5235 haec
1500 5179 1735 5236 libenter
1763 5183 2006 5252 accepit,
2037 5192 2094 5239 et

493 5268 831 5336 gratulanter
864 5270 1132 5326 bonorum
1165 5272 1269 5327 sibi
1309 5272 1610 5329 doctrinam
1648 5274 1816 5331 fuisse
1853 5275 2087 5333 delatam

490 5362 743 5433 requirat
780 5363 1040 5420 intentius
1075 5375 1130 5421 et
1171 5366 1382 5422 discere
1416 5384 1521 5423 non
1557 5369 1771 5424 desinat
1805 5384 2090 5441 usquequo

490 5466 823 5525 cognoscat,
857 5455 903 5511 si
943 5466 1028 5511 est
1062 5472 1189 5512 vere
1228 5458 1372 5514 aliud
1408 5460 1662 5515 sreeulum
1700 5461 1753 5516 in
1790 5477 1899 5532 quo
1929 5462 2091 5518 bonis

490 5545 715 5616 prtemia
742 5556 1041 5616 praeparata
1069 5548 1179 5603 sint
1198 5558 1295 5614 ,‘ct
1320 5566 1442 5604 eum
1470 5562 1654 5606 certus
1680 5551 1746 5605 de
1773 5550 1876 5607 hoc
1904 5550 2089 5619 fuerit,

489 5636 698 5706 gratias
724 5646 850 5709 agat
878 5638 1006 5693 Deo.
1040 5638 1192 5705 Quod
1223 5640 1268 5695 si
1299 5640 1546 5695 veritatis
1578 5641 1758 5695 iumen
1786 5642 2093 5697 ostenderit

489 5727 560 5782 de
606 5737 802 5784 αξιοι-0
848 5730 1046 5803 dirigat
1090 5740 1245 5786 actus
1283 5746 1410 5785 suos
1450 5731 1502 5785 in
1542 5732 1793 5786 omnibus
1832 5732 2088 5801 operibus

487 5819 647 5878 bonis
670 5864 685 5891 ,
717 5838 947 5896 quorum
984 5823 1085 5879 sibi
1119 5825 1172 5878 in
1212 5823 1394 5881 futuro
1434 5825 1740 5882 mercedem
1781 5834 1966 5883 certus
2003 5836 2088 5883 est

2200 4716 2401 4781 vitam,
2436 4732 2670 4787 cumque
2717 4716 2851 4772 nihil
2890 4726 3033 4773 esset
3062 4717 3113 4773 ei
3150 4714 3484 4788 impossibile
3515 4713 3681 4770 etiam
3710 4727 3807 4768 co-

2199 4808 2491 4879 gitationes
2521 4808 2801 4864 hominum
2829 4809 3158 4880 pratvidebat
3176 4850 3191 4875 ,
3221 4808 3365 4879 quod
3394 4806 3524 4862 nulli
3551 4812 3637 4860 est
3665 4817 3805 4874 pos-

2200 4900 2355 4956 sibile
2382 4901 2488 4957 nisi
2527 4900 2626 4958 soli
2668 4901 2809 4967 Deo;
2850 4902 2940 4958 hic
2977 4901 3342 4957 annuntiabat
3377 4888 3605 4971 regnum
3654 4894 3800 4959 Dei,

2199 4992 2288 5047 cui
2342 5007 2444 5048 nos
2497 4992 2565 5048 de
2619 4992 2873 5049 omnibus
2924 5008 3045 5064 quae
3094 4993 3310 5049 diccbat
3361 5003 3615 5062 tauquam
3666 5001 3803 5042 vero

2199 5084 2486 5156 Prophetre
2529 5087 2834 5153 credimus,
2889 5087 3205 5142 firmitatem
3256 5086 3381 5142 fidei
3433 5094 3631 5140 nostra:
3686 5096 3801 5136 non

2199 5180 2378 5235 solum
2412 5193 2480 5233 ex
2513 5180 2696 5235 verbis
2723 5178 2840 5248 ejus
2859 5221 2874 5247 ,
2903 5181 2999 5236 sed
3030 5196 3097 5237 ex
3125 5180 3384 5251 operibus
3416 5185 3799 5248 assumcntes,

2195 5270 2289 5340 qui
2344 5269 2489 5325 dicta
2527 5268 2665 5340 legis
2699 5284 2860 5339 quam
2901 5279 3029 5326 ante
3063 5270 3262 5325 multas
3301 5268 3685 5341 generationes
3726 5268 3801 5326 de

2193 5360 2513 5431 poenitentia
2549 5359 2667 5429 ejus
2702 5370 3068 5433 exposuerant
3096 5361 3150 5417 in
3184 5362 3302 5432 ipso
3328 5360 3709 5432 designantur,
3741 5368 3803 5417 et

2196 5452 2489 5523 imaginem
2526 5460 2802 5522 gestorum
2838 5452 3044 5525 Moysi,
3075 5462 3131 5508 et
3169 5461 3295 5510 ante
3340 5453 3514 5524 ipsum
3559 5452 3800 5521 patriar-

2195 5543 2313 5598 chae
2334 5541 2501 5599 Jacoh
2523 5543 2695 5615 ipsius
2713 5560 2811 5615 per
2833 5546 3015 5601 omnia
3043 5555 3226 5617 typum
3257 5546 3520 5601 ferebant.
3552 5532 3799 5616 Tempus

2193 5651 2411 5707 quoque
2438 5636 2702 5694 adventus
2726 5638 2843 5708 ejus
2861 5681 2877 5707 ,
2907 5639 3011 5696 hoc
3035 5648 3119 5695 est
3144 5639 3322 5712 ipsum
3348 5640 3399 5694 in
3431 5654 3539 5710 quo
3565 5646 3802 5693 venerat

2193 5727 2512 5799 praedictum
2562 5729 2630 5782 ab
2679 5730 2766 5786 his
2811 5740 3058 5797 constat,
3105 5740 3162 5787 et
3212 5746 3377 5803 super
3415 5731 3596 5787 omnia
3645 5728 3798 5800 quod

2193 5835 2339 5885 esset
2375 5841 2404 5879 a
2455 5824 2711 5893 gentibus
2748 5825 3146 5898 exspectandus
3188 5825 3379 5899 sacris
3408 5823 3608 5882 litteris
3642 5836 3795 5900 com;
