3998 5416
474 333 538 392 δι
1329 332 1617 390 APPEND.
1657 333 1749 399 AD
1782 331 1956 399 8136.
1999 331 2088 391 IX.
2130 360 2198 373 --
2237 328 2488 397 ΙΒΙΒΟΒΙ
2518 332 2955 394 HERCATORIS
3683 339 3757 399 5!

483 448 718 515 sentiunt
751 460 848 516 per
866 445 988 527 ipsa
1019 460 1184 518 opera
1214 446 1402 507 mundi
1432 461 1552 517 quae
1581 444 1711 500 facit
1739 443 2060 513 manifestus
2089 446 2137 506 Α
2166 445 2435 501 notitiam.
2468 445 2525 505 Si
2566 448 2713 509 enim
2744 449 2914 509 sciam
2952 448 3081 521 quia
3136 448 3189 507 in
3228 448 3312 507 his
3333 449 3618 521 dequibus
3642 470 3755 514 non

483 550 595 607 est,
628 542 795 612 ipsius
824 550 1089 601 creatura:
1118 556 1230 603 sure
1260 548 1415 601 utens
1468 540 1809 605 testimonio,
1849 547 1904 597 et
1945 538 2064 593 ideo

484 652 607 697 cum
636 634 704 690 de
730 634 839 695 Deo
865 633 1130 693 dubitatio
1154 647 1275 691 esse
1304 648 1409 689 non
1436 632 1661 695 debeat,
1688 631 1753 687 de
1781 630 1891 686 sola
1923 644 2067 685 nune

484 728 600 799 ejus
639 725 851 793 iustitia
898 725 1243 797 requiramus
1281 733 1336 779 et
1378 738 1562 795 regno.
1601 721 1726 783 Ideo
1767 722 2064 792 persuadeo

489 820 722 891 primum
739 819 1005 890 justitiam
1027 817 1144 891 ejus
1165 833 1286 875 esse
1310 816 1715 888 requirendam,
1731 825 1791 873 ut
1813 831 1909 886 per
1928 816 2067 879 hanc

484 913 590 977 iter
630 919 885 984 agentes,
933 920 987 975 et
1027 911 1080 969 in
1125 912 1208 975 via
1250 910 1499 971 veritatis
1536 898 1699 989 positi
1727 924 1913 969 verum
1944 922 2065 978 pro-

482 1008 702 1079 phetam
734 1004 980 1071 invenire
1009 1007 1308 1077 possimus,
1354 1021 1460 1066 non
1502 1004 1791 1067 velocitate
1831 1002 2062 1073 pedum,

489 1098 585 1163 sed
615 1099 879 1155 bonorum
920 1112 1144 1167 operum
1172 1094 1461 1161 velocitate
1503 1103 1790 1151 currentes
1810 1133 1824 1160 ,
1858 1100 1918 1147 ut
1947 1092 2066 1163 ipso

486 1192 622 1251 duce
651 1192 766 1259 usi,
800 1193 1005 1257 nullum
1037 1192 1139 1251 via:
1178 1190 1339 1259 hujus
1380 1190 1653 1261 patiamur
1693 1202 1959 1244 errorem.
2006 1186 2064 1253 Si

485 1283 630 1339 enim
674 1284 850 1356 ipsum
878 1293 1186 1353 sequentes
1228 1282 1437 1353 ingredi
1479 1282 1876 1344 meruerimus,
1918 1279 2064 1335 illam

481 1390 589 1446 quo
619 1377 904 1446 pervenire
933 1376 1179 1446 cupimus
1220 1375 1535 1442 civitatem,
1583 1374 1763 1433 omnia
1801 1373 1915 1447 jam
1956 1373 2067 1445 (de

483 1466 681 1536 quibus
704 1468 996 1539 quaeritur)
1023 1467 1196 1527 oeulis
1216 1467 1519 1525 videbimus
1544 1476 1797 1537 tanquam
1826 1466 2069 1533 lueredes

480 1558 723 1621 omnium
754 1556 903 1626 facti.
932 1558 1216 1629 Intelligite
1248 1559 1429 1628 itaque
1465 1560 1607 1619 viam
1637 1573 1757 1613 esse
1783 1558 1928 1617 hunc
1949 1557 2068 1610 vitae

482 1660 684 1717 nostra:
711 1666 930 1707 cursum
947 1692 960 1717 ,
987 1652 1223 1711 viatores
1252 1651 1342 1721 qui
1368 1666 1465 1707 nos
1486 1652 1792 1715 instruunt,
1818 1649 1901 1707 vel
1924 1648 2066 1705 bona

482 1757 644 1824 opera
683 1752 904 1815 gerunt,
948 1753 1160 1814 portam
1201 1758 1329 1801 vero
1370 1743 1731 1813 Pmphetam,
1761 1742 1826 1801 de
1851 1756 1957 1811 quo
1986 1740 2068 1799 di-

481 1809 689 1902 cimus,
722 1837 909 1895 urbem
949 1853 1176 1909 regnum
1207 1854 1327 1894 esse
1356 1838 1407 1892 in
1437 1852 1546 1908 quo
1577 1837 1778 1892 residet
1818 1836 2061 1906 omnipo-
2096 1809 2140 1873 Β

484 1935 603 1989 tens
632 1926 810 1989 Pater,
844 1943 1004 1999 quem
1037 1928 1135 1985 soli
1167 1928 1350 1983 videre
1383 1936 1611 1997 possunt
1660 1928 1712 1983 1ιί
1744 1925 1834 1996 qui
1865 1925 2067 1989 mundo

479 2028 605 2075 sum
630 2021 810 2083 corde.
841 2019 958 2085 Non
986 2035 1116 2090 ergo
1149 2021 1304 2077 nobis
1349 2018 1581 2086 diﬁicilis
1609 2020 1863 2081 videatur
1904 2016 2065 2086 hujus

479 2109 692 2173 itineris
717 2110 892 2177 labor,
923 2112 1048 2180 quia
1082 2112 1135 2168 in
1169 2111 1273 2166 ﬁne
1304 2110 1421 2179 ejus
1453 2109 1672 2181 requies
1698 2111 1822 2165 erit.
1851 2108 1985 2163 Nam
2012 2117 2067 2175 et

478 2202 595 2273 ipse
635 2217 794 2265 verus
834 2202 1103 2274 Propheta
1144 2204 1213 2259 ab
1254 2203 1410 2258 initio
1451 2203 1631 2258 mnmli
1675 2218 1772 2273 per
1808 2202 2064 2259 smculum

479 2308 740 2365 currens,
769 2294 986 2355 festinat
1023 2296 1091 2351 ad
1118 2297 1381 2368 requiem.
1411 2295 1577 2351 Adest
1605 2296 1746 2351 enim
1776 2297 1931 2353 nobis
1953 2311 2067 2351 om-

481 2384 641 2449 nibus
670 2385 892 2454 diebus,
923 2397 978 2459 et
1004 2387 1048 2444 si
1079 2388 1294 2459 quando
1340 2402 1562 2444 necesse
1609 2396 1690 2443 est
1723 2396 1983 2461 apparet,
2010 2396 2066 2443 et

480 2478 700 2550 corrigit
733 2495 864 2549 nos,
898 2488 957 2534 ut
980 2479 1424 2551 obtemperantes
1470 2481 1571 2535 sibi
1622 2483 1688 2536 ad
1734 2482 1899 2536 vitam
1947 2496 2068 2553 per-

482 2570 645 2627 ducat
673 2582 953 2630 mteruam.
998 2572 1075 2641 De
1119 2573 1205 2631 bis
1234 2580 1414 2629 autem
1459 2574 1548 2641 qui
1596 2573 1878 2644 negligunt
1924 2573 2065 2628 viam

479 2679 590 2723 sine
634 2664 846 2731 salutis,
892 2673 951 2721 et
1006 2665 1182 2725 adhuc
1227 2681 1331 2720 non
1380 2666 1516 2721 bene
1562 2665 1774 2730 ﬁdeles,
1826 2672 1883 2720 et
1923 2680 2064 2736 prae-

477 2758 649 2828 captis
693 2759 810 2829 ejus
861 2773 1191 2831 suorumque
1239 2758 1552 2830 pontiﬁcum
1596 2758 1931 2829 jussioriibus
1980 2758 2081 2815 in-.

477 2850 790 2913 obedientes
848 2851 930 2915 vel
978 2860 1323 2918 contumaces
1373 2850 1455 2908 eis
1498 2850 1761 2918 existunt,
1809 2850 2067 2908 Dominus

477 2954 663 3013 noster
724 2944 883 3005 Jesus
932 2945 1183 3007 Christus
1257 2947 1477 3007 mittens
1547 2946 1836 3017 discipulos
1899 2961 2063 3017 suos,

477 3040 732 3110 prmcepit
771 3039 956 3107 nobis,
1004 3040 1220 3108 dicens,
1274 3049 1335 3096 ut
1389 3040 1442 3096 in
1487 3054 1867 3112 quamcunque
1928 3040 2065 3098 civi-

477 3140 641 3189 tatem
681 3140 774 3187 aut
814 3133 1032 3189 domum
1078 3131 1481 3189 introierimus.
1528 3132 1771 3189 dicamus
1818 3151 1831 3188 :
1888 3150 1907 3185 ι
1953 3132 2066 3189 Pax

537 3140 641 3193 tem
681 3140 774 3187 aut
814 3140 1032 3193 domum
1078 3140 1481 3199 iutroierimus,
1528 3140 1771 3197 dicamus
1814 3151 1831 3201 ς
1888 3150 1907 3185 ι
1955 3140 2066 3189 Pax
2091 3168 2138 3231 ρ
2170 3140 2369 3195 qutous
2420 3142 2663 3198 recipere
2692 3143 2800 3185 non
2832 3140 3136 3203 speramus.
3192 3140 3260 3187 Et
3298 3147 3393 3202 per
3433 3140 3621 3189 omnia
3670 3147 3767 3188 nos

537 3225 611 3287 tie
639 3225 843 3283 domui.
875 3226 1018 3291 Etsi
1049 3226 1289 3293 quidem,
1345 3227 1538 3293 inquit,
1591 3224 1757 3283 fuerit
1794 3226 1886 3287 tibi
1922 3226 2064 3284 ﬁlius
2116 3240 2121 3251 ι
2170 3216 2472 3287 (ιυὶεειθνηί
2502 3219 2683 3283 εωειιιί
2733 3220 3108 3281 Ιιεετθιὶίιθιθηι
3159 3230 3460 3293 speratum.
3501 3223 3767 3289 debet"!!!

480 3224 611 3287 huic
639 3225 843 3283 domui.
875 3226 1018 3291 Etsi
1049 3226 1289 3297 quidem,
1345 3227 1538 3297 inquit,
1591 3224 1757 3283 fuerit
1794 3226 1886 3287 tibi
1922 3226 2064 3284 ﬁlius

476 3317 667 3386 pacis.
712 3316 894 3377 veniet
937 3333 1101 3388 super
1142 3332 1268 3385 eum
1310 3333 1417 3390 pax
1459 3328 1658 3375 vestra.
1709 3317 1766 3375 Si
1796 3333 1926 3376 vero
1955 3335 2061 3375 non

477 3404 661 3473 fixerit,
682 3422 785 3479 pax
815 3416 995 3466 vestra
1024 3408 1091 3467 ad
1117 3424 1214 3467 vos
1241 3417 1564 3467 revertetur.
1586 3409 1859 3465 Exeuntes
1881 3419 2062 3473 autem

477 3499 545 3555 de
591 3500 753 3559 domo
796 3501 882 3563 vel
911 3500 978 3567 de
1016 3502 1243 3561 civitate
1270 3502 1393 3567 illa,
1426 3504 1591 3561 etiam
1621 3503 1898 3573 pulverem
1944 3519 2063 3574 quae

477 3592 772 3661 adlimserit
824 3593 1050 3665 pedibus
1112 3596 1308 3661 vestris
1369 3595 1664 3651 excutiatis
1730 3609 1894 3664 super
1946 3609 2042 3651 eos

481 3684 840 3747 Tolerabilius
868 3688 977 3747 erit
1017 3696 1178 3749 terrm
1202 3689 1560 3745 Sodomorum
1603 3696 1656 3743 et
1684 3686 2065 3744 Gomorrhteo.

483 3795 603 3837 rum
632 3781 685 3836 in
712 3782 800 3837 die
820 3781 1032 3852 judieii,
1055 3783 1535 3852 quamillicivitati
1548 3783 1629 3839 vel
1645 3782 1827 3838 domui
1844 3781 2062 3853 (Matth.

476 3889 534 3936 ι,
563 3873 632 3930 li
654 3884 702 3931 et
730 3874 883 3948 καφ).
919 3892 939 3930 ι
970 3875 1124 3943 Quod
1147 3876 1334 3946 utique
1364 3876 1438 3932 ita
1470 3876 1683 3934 domum
1715 3875 1829 3931 ﬁeri
1859 3891 2065 3944 prlece-

475 3964 593 4036 pit,
621 3965 667 4021 si
707 3966 859 4035 prius
905 3967 957 4023 in
1003 3967 1225 4023 civitate
1268 3966 1352 4023 vel
1390 3966 1552 4024 domo
1595 3968 1841 4024 veritatis
1883 3983 2069 4024 sermo

478 4053 825 4124 praedicetur,
870 4069 936 4114 ex
981 4072 1089 4126 quo
1129 4057 1457 4129 recipientes
1501 4059 1748 4115 veritatis
1780 4058 1938 4117 ﬁdem
1971 4058 2064 4117 ﬁlii

476 4146 628 4217 pacis
650 4155 708 4202 et
735 4146 829 4202 ﬁlii
861 4147 1074 4207 Domini
1106 4151 1270 4216 ﬁant.
1314 4150 1398 4207 vel
1438 4167 1542 4208 non
1591 4151 1918 4223 recipientes
1964 4166 2058 4209 ar—

480 4245 649 4307 guant
677 4238 830 4307 quasi
857 4239 1063 4297 inimici
1092 4243 1244 4312 pacis
1272 4252 1327 4299 et
1355 4242 1587 4303 Domini.
1622 4243 1698 4299 lta
1729 4258 1860 4314 ergo
1885 4254 1939 4297 et
1965 4258 2069 4302 nos

478 4329 725 4400 magistri
751 4330 999 4390 instituta
1025 4344 1299 4393 sectantes
1330 4351 1519 4406 pacem
1548 4353 1921 4407 proponamus
1964 4353 2064 4393 au-

480 4422 782 4488 ditoribus.
814 4433 875 4481 ut
899 4425 1109 4499 absque
1151 4428 1263 4482 ulla
1305 4429 1718 4498 perturbatione
1763 4431 1934 4501 possit
1978 4430 2073 4487 via.

2164 544 2342 605 potest
2371 536 2605 595 dubitari
2632 538 2775 607 quod
2795 539 2934 597 bona
2964 539 3089 603 sint.
3129 540 3447 599 emendatus
3475 551 3559 598 est
3586 553 3642 598 et
3678 545 3761 601 io-

2166 627 2466 697 cnlpabilis,
2488 630 2588 697 hoc
2609 638 2692 686 est
2715 632 2762 685 si
2787 631 3020 699 sobrius,
3049 632 3093 688 si
3121 622 3533 699 misericorsrsi
3552 635 3756 705 justus,

2167 718 2211 773 si
2238 719 2386 775 mitis
2439 731 2494 776 et
2534 722 2825 789 humanus,
2851 739 2971 795 quae
3016 726 3203 795 utique
3252 726 3394 783 bona
3432 741 3557 783 esse
3579 727 3760 785 nullus

2167 811 2415 883 agnbigit,
2468 822 2598 870 tunc
2648 830 2988 886 consequens
3017 817 3288 875 videbitur
3316 826 3375 873 ut
3402 818 3451 875 ei
3480 820 3573 890 qui
3614 820 3757 877 obti-

2166 915 2260 971 net
2296 906 2438 963 bona
2484 906 2746 965 virtutum
2775 909 2939 965 etiam
2971 910 3113 979 quod
3157 911 3307 967 deest
3339 911 3465 969 lldei
3494 920 3552 967 et
3577 913 3756 967 scien-

2169 999 2256 1063 tim
2277 999 2609 1067 conferatur,
2653 1011 2710 1058 et
2753 1002 2806 1056 in
2839 1003 3036 1071 quibus
3074 1003 3337 1064 maculari
3388 1004 3607 1060 videtur
3643 1005 3758 1077 ejus

2165 1089 2298 1156 vita,
2339 1107 2459 1162 quae
2496 1101 2579 1148 est
2634 1092 2686 1153 in
2731 1092 2955 1163 reliquis
2976 1094 3292 1164 probabilis,
3330 1097 3673 1153 emendetur.
3702 1096 3756 1152 Si

2165 1197 2301 1245 vero
2331 1182 2382 1238 in
2408 1183 2630 1256 ltisquae
2654 1185 2833 1255 palam
2858 1195 2983 1251 sunt
3005 1197 3225 1257 peccata
3256 1188 3309 1243 in
3321 1187 3531 1245 volutus
3555 1206 3785 1261 pennav

2168 1282 2264 1333 net
2291 1274 2621 1344 inquinatus,
2650 1291 2755 1335 non
2792 1291 2877 1333 me
2914 1288 3129 1346 oportet
3174 1278 3375 1349 aliquid
3407 1280 3473 1335 de
3501 1281 3759 1336 secretio-

2169 1364 2318 1421 ribus
2338 1374 2393 1423 et
2425 1368 2648 1429 remotis
2674 1368 2869 1425 divina:
2897 1369 3140 1427 scientia:
3164 1370 3432 1441 proloqui,
3465 1371 3560 1428 sed
3588 1372 3758 1443 magis

2169 1460 2454 1529 protestari
2497 1469 2552 1517 et
2580 1462 2870 1518 convenire
2916 1477 3060 1529 enin,
3096 1472 3154 1519 ut
3196 1479 3424 1534 peccare
3463 1465 3682 1520 (lesinat
3709 1475 3766 1521 et

2169 1561 2322 1608 actus
2350 1569 2474 1609 suos
2517 1570 2545 1608 a
2576 1554 2727 1613 vitiis
2751 1557 3021 1611 emendet.
3056 1555 3208 1624 Quod
3248 1557 3293 1613 si
3347 1558 3647 1628 ingesserit
3679 1573 3762 1623 se,

2168 1656 2222 1702 et
2243 1649 2622 1717 prbvocaverit
2679 1664 2778 1704 nos
2815 1649 2998 1707 dicere
3049 1664 3169 1718 quas
3207 1664 3330 1705 eum
3388 1650 3569 1706 minus
3614 1659 3767 1706 recte

2169 1749 2415 1809 agentem
2462 1757 2568 1799 non
2611 1751 2861 1812 oporteat
2886 1741 3093 1806 audire,
3122 1742 3420 1812 prudenter
3446 1758 3572 1797 eum
3600 1742 3775 1798 debet

2168 1846 2290 1893 mus
2319 1832 2554 1889 eludere.
2580 1833 2714 1888 Nam
2738 1834 2868 1891 nihil
2896 1835 3118 1891 omnino
3158 1836 3505 1906 respondere,
3542 1836 3763 1892 audito.

2167 1937 2287 1979 rum
2311 1938 2496 1989 causa,
2520 1924 2652 1980 utile
2678 1941 2783 1981 non
2802 1926 3039 1991 videtur,
3066 1942 3133 1983 ne
3155 1926 3297 1983 forte
3318 1928 3640 1983 existiment
3669 1944 3779 1993 nos:

2166 2017 2534 2086 responsionis
2575 2020 2802 2088 penuria
2845 2020 3123 2079 declinare
3180 2029 3492 2087 certamen,
3542 2032 3597 2077 et
3628 2021 3765 2087 ﬁdes

2165 2122 2352 2164 eorum
2408 2109 2653 2177 laedatur,
2684 2128 2789 2169 non
2846 2113 3195 2186 intelligentia
3242 2115 3502 2186 propositi
3564 2117 3760 2172 nostri.

2169 2197 2358 2271 Magna
2415 2204 2742 2261 contumelia
2782 2214 2838 2261 et
2864 2222 3030 2276 grave
3070 2206 3226 2263 nobis
3253 2208 3357 2263 erit
3379 2218 3690 2277 peccatum,
3717 2210 3764 2265 si

2168 2294 2238 2355 ita
2267 2294 2595 2365 desipiamus
2618 2306 2675 2352 ut
2705 2297 2980 2355 videamus
3001 2314 3125 2355 eum
3151 2300 3240 2370 qui
3288 2299 3432 2355 idola
3460 2300 3595 2355 colit
3630 2316 3769 2358 esse

2166 2387 2429 2455 sobrium,
2462 2405 2562 2447 nos
2592 2392 2683 2461 qui
2715 2392 2882 2451 Deum
2906 2392 3135 2449 colimus
3178 2392 3345 2448 sobrii
3384 2408 3509 2449 esse
3549 2408 3771 2450 remisse

2167 2494 2306 2534 mus.
2336 2478 2451 2535 Non
2480 2480 2584 2537 hoc
2605 2481 2676 2538 sit
2703 2482 2846 2538 inter
2873 2497 2988 2545 nos,
3032 2483 3127 2539 sed
3166 2497 3419 2553 magnum
3466 2483 3769 2551 habeamus

2168 2572 2424 2637 studium,
2451 2575 2579 2631 utsi
2602 2575 2678 2633 illi
2700 2576 2791 2647 qui
2820 2586 3006 2632 errant
3028 2576 3377 2634 homicidium
3396 2592 3504 2632 non
3529 2576 3755 2641 faciunt,

2168 2681 2268 2725 nos
2313 2682 2381 2723 ne
2407 2667 2709 2725 irascamur
2748 2668 2989 2738 quidem.
3018 2668 3086 2726 Et
3113 2668 3160 2725 si
3194 2668 3268 2726 illi
3297 2668 3627 2726 adulterium
3658 2684 3763 2727 non

2169 2760 2537 2825 committunt,
2560 2775 2659 2817 nos
2683 2774 2783 2817 nec
2804 2761 3254 2833 concupiscamus
3278 2760 3498 2831 quidem
3526 2761 3763 2819 alienam

2171 2849 2475 2909 mulierem.
2517 2850 2575 2908 Si
2603 2852 2679 2909 illi
2736 2861 2920 2911 amant
2965 2854 3245 2924 proximos
3267 2870 3416 2921 suos,
3444 2869 3547 2910 nos
3575 2854 3767 2926 diliga-

2168 2956 2290 2998 mus
2324 2942 2490 2999 etiam
2535 2944 2785 3011 inimicos
2819 2953 3055 3002 nostros.
3112 2944 3168 3001 Si
3196 2945 3272 3002 illi
3303 2955 3490 3003 mutuo
3515 2947 3651 3009 dant
3683 2948 3769 3004 his

2169 3034 2260 3103 qui
2300 3034 2502 3093 habent
2555 3037 2696 3093 unde
2752 3038 2999 3104 reddant,
3032 3053 3131 3096 nos
3177 3039 3341 3095 etiam
3382 3039 3466 3096 bis
3489 3042 3686 3097 demus
3727 3055 3759 3095 ι

2170 3126 2369 3195 quibus
2420 3126 2663 3198 recipere
2692 3143 2800 3185 non
2832 3135 3136 3203 speramus.
3192 3130 3260 3187 Et
3298 3147 3393 3202 per
3433 3131 3621 3189 omnia
3670 3147 3768 3188 uos

2163 3310 2472 3378 prarcedere
2494 3326 2590 3368 eos
2616 3313 2706 3381 qui
2724 3329 2967 3385 prteseus
2995 3326 3172 3383 tamen
3194 3317 3453 3373 saeculum
3474 3328 3765 3384 noverunt,

2166 3402 2402 3463 scientes
2426 3404 2553 3473 quia
2590 3404 2635 3459 si
2668 3420 2829 3474 opera
2864 3405 3080 3466 illorum
3110 3409 3311 3465 nostris
3356 3410 3618 3479 operibus
3655 3410 3765 3466 eol-

2165 3491 2295 3557 lata,
2323 3493 2378 3548 in
2401 3494 2489 3551 die
2512 3493 2700 3564 judicii
2732 3497 2929 3559 similia
2960 3499 3308 3556 inveniantur
3335 3516 3402 3569 ac
3424 3502 3602 3572 paria,
3627 3516 3762 3559 con<

2165 3580 2307 3641 fusio
2333 3585 2489 3647 nobis
2523 3587 2629 3643 erit
2652 3591 2797 3656 quod
2827 3589 3067 3660 aequales
3092 3592 3404 3649 invenimur
3424 3594 3477 3651 iu
3504 3596 3765 3664 operibus

2165 3673 2272 3740 his,
2289 3690 2407 3745 quae
2418 3687 2638 3746 propter
2654 3678 3011 3748 ignorantiam
3028 3683 3477 3749 condemnentur,
3492 3683 3760 3740 etnullaru

2166 3778 2314 3834 Spem
2353 3764 2515 3823 futuri
2547 3769 2728 3823 saeculi
2758 3769 3085 3837 habuerunt.
3124 3772 3193 3827 Et
3220 3788 3345 3829 vere
3368 3771 3528 3844 digna
3563 3773 3761 3831 confu-

2167 3854 2248 3911 sio
2272 3866 2375 3921 est,
2402 3856 2489 3911 ubi
2514 3858 2644 3913 nillil
2666 3859 2897 3930 amplius
2928 3862 3192 3932 gessimus
3222 3863 3290 3919 ab
3310 3864 3398 3919 his
3424 3865 3629 3934 quibus
3648 3883 3757 3925 am,-

2166 3946 2308 4016 plius
2332 3948 2711 4014 intelleximus.
2732 3951 2885 4018 Quod
2906 3953 2950 4008 si
2980 3953 3226 4013 confusio
3248 3957 3405 4021 uobis
3429 3957 3554 4024 erit,
3580 3974 3763 4029 aina-

2164 4038 2243 4107 les
2284 4041 2366 4099 his
2405 4042 2633 4097 inveniri
2687 4045 2737 4098 in
2780 4045 3034 4115 operibus
3076 4046 3255 4111 bonis,
3295 4048 3425 4117 quid
3463 4050 3571 4105 erit
3602 4050 3761 4119 nobis

2165 4129 2210 4185 si
2248 4130 2531 4199 inferiores
2565 4148 2663 4190 nos
2693 4150 2757 4197 ac
2783 4136 3084 4197 deteriores
3106 4139 3653 4209 examinatiofutura
3676 4156 3761 4196 re-

2163 4223 2373 4290 periat?
2420 4225 2620 4291 Audite
2646 4242 2774 4298 ergo
2800 4230 3070 4298 quomodo
3108 4230 3174 4287 de
3202 4231 3287 4297 bis
3312 4247 3411 4293 nos
3461 4233 3577 4307 ipse
3600 4248 3761 4306 Venus

2165 4310 2438 4384 Pmpbeta
2463 4316 2729 4372 docuerit.

2232 4408 2317 4469 Ad
2354 4424 2448 4466 cos
2479 4420 2657 4477 autem
2689 4414 2780 4483 qui
2808 4415 3086 4487 negligunt
3124 4417 3312 4479 audire
3344 4418 3505 4479 verba
3536 4418 3765 4488 διψὶθιιρν

480 4514 673 4572 salutis
696 4518 939 4589 agnosci.
968 4519 1121 4599 Quod
1151 4522 1195 4577 si
1220 4521 1345 4591 quis
1374 4523 1525 4590 pacis
1553 4522 1720 4577 verba
1749 4538 1856 4576 non
1891 4521 2064 4578 susci-

2170 4501 2257 4561 tia:
2288 4502 2359 4557 ita
2384 4503 2459 4558 ait
2486 4522 2497 4557 :
2533 4524 2551 4555 ι
2574 4505 2778 4577 llegina
2803 4509 2974 4566 austri
3003 4518 3187 4580 surget
3213 4510 3264 4565 in
3287 4508 3496 4577 judicio
3516 4526 3641 4569 cum
3668 4525 3759 4583 ge-

479 4607 587 4677 pit,
615 4623 803 4680 aequae
827 4612 1125 4681 acquiescit
1145 4614 1395 4677 veritati,
1426 4615 1628 4669 scimus
1652 4614 1910 4670 adversus
1934 4629 2060 4670 eum

479 4713 712 4769 pugnam
739 4702 890 4759 verbi
916 4719 1158 4770 quivere,
1187 4716 1241 4762 et
1268 4722 1499 4778 arguere
1523 4708 1702 4763 actius
1727 4707 2057 4764 confutando

481 4789 875 4863 ignorantiam,
920 4805 978 4854 et
1024 4797 1404 4870 redarguendo
1450 4809 1690 4871 peccata.
1739 4799 2057 4855 Necessario

481 4879 647 4953 igitur
674 4900 860 4954 pacem
886 4887 1258 4957 proponimus,
1286 4899 1342 4947 ιιι
1370 4889 1414 4943 si
1445 4890 1566 4961 quis
1591 4899 1676 4944 cst
1707 4889 1845 4944 ﬁlius
1883 4889 2056 4959 pacis,

480 4986 587 5043 pax
610 4983 793 5030 nostra
816 4976 995 5032 veniat
1017 4993 1181 5048 super
1197 4994 1345 5040 eum,
1360 4981 1428 5035 ab
1449 4993 1514 5035 eo
1539 4990 1716 5039 autem
1738 4981 1829 5049 qui
1853 4994 1911 5035 se
1926 4979 2056 5035 alie-

480 5081 609 5121 num
629 5068 780 5136 pacis
791 5066 1047 5136 ell‘ecerit,
1066 5072 1401 5144 regredietnr
1418 5073 1460 5141 1
1473 5074 1514 5141 ι
1534 5071 1599 5127 ad
1616 5088 1711 5127 nos
1727 5087 1827 5141 pax
1852 5080 2060 5127 nostra.

481 5152 551 5213 Et
574 5154 770 5211 iterum
794 5157 845 5211 in
873 5159 1141 5216 mandatis
1168 5163 1446 5226 habemus,
1464 5170 1523 5216 ut
1543 5162 1824 5217 venientes
1843 5162 1908 5217 ad
1931 5162 2065 5218 civi-

483 5252 649 5292 tatem
698 5247 970 5292 discamus
994 5251 1115 5292 nnic
1142 5251 1195 5292 in
1243 5267 1304 5292 ρει
1331 5253 1525 5292 diannc
1552 5253 1621 5292 cit
1688 5260 1740 5292 nl
1774 5255 1912 5292 nnnd
1938 5268 2062 5292 mum

2169 4596 2451 4651 neratione
2476 4598 2595 4661 hac,
2628 4609 2683 4655 et
2708 4602 3094 4663 condemnabit
3120 4618 3262 4668 eam,
3294 4603 3418 4672 quia
3451 4604 3652 4661 venita
3690 4604 3758 4659 li-

2168 4688 2327 4747 nibus
2374 4699 2533 4746 terrae
2568 4692 2756 4749 audire
2808 4696 3129 4765 sapientiam
3161 4695 3485 4757 Salomonis.
3527 4696 3595 4753 Et
3633 4710 3761 4751 ecce

2169 4779 2450 4851 plusquam
2509 4782 2760 4849 Salomon
2808 4787 2896 4845 hic
2920 4796 2980 4841 et
3014 4803 3121 4851 non
3150 4788 3372 4849 audiunt
3402 4784 3623 4857 (Matth.
3659 4802 3756 4854 xu,

2166 4875 2282 4946 42).
2308 4896 2327 4928 ι
2350 4877 2428 4931 Ad
2454 4893 2549 4932 eos
2567 4894 2697 4935 vero
2714 4880 2807 4949 qui
2838 4880 2904 4936 de
2934 4880 3093 4937 malis
3121 4881 3331 4935 actibus
3359 4894 3549 4950 gerere
3581 4879 3760 4937 detra-

2171 4970 2391 5027 ctabant
2412 4971 2896 5039 pmuitentiamﬁta
2927 4973 3003 5028 ait
3033 4991 3048 5026 :
3083 4993 3103 5026 ι
3130 4973 3241 5028 Viri
3270 4971 3758 5044 Ninivittesmgent

2170 5060 2223 5114 in
2270 5060 2478 5131 judicio
2520 5078 2643 5117 cum
2672 5064 3025 5134 generatione
3063 5064 3184 5129 bac,
3214 5073 3269 5120 et
3320 5054 3760 5125 conitlerﬁnabunt

2170 5166 2310 5216 eant,
2352 5153 2475 5222 quia
2504 5155 2880 5222 ptenitentiam
2904 5165 3132 5225 egerunt
3160 5154 3213 5208 in
3245 5155 3632 5225 praedicatione
3668 5153 3756 5215 Ju-

2173 5260 2273 5292 nm.
2303 5254 2358 5292 et
2381 5261 2509 5292 ecce
2532 5246 2816 5292 nlnmnam
2861 5245 3029 5292 Jonas
3058 5247 3145 5292 hic.
3167 5246 3318 5292 (ῘΑιπ-
3346 5263 3422 5292 vr-
3458 5246 3570 5292 39L
3612 5268 3633 5292 ι
3666 5245 3756 5292 ιτε-
