3998 5416
195 217 263 272 53
1429 217 1788 286 DECRETAL

1894 215 1916 271 t
1954 188 2358 273 COLLECTIO.
3426 211 3496 262 δι

197 341 358 384 lenus
373 330 545 387 etiam
575 333 642 388 ab
668 333 924 403 bisquiin
941 349 1128 388 errore
1144 344 1270 388 sunt
1293 335 1451 405 positi
1472 334 1793 400 custoditur,
1827 339 1872 394 Λ
1905 349 1992 386 mo
2024 332 2205 386 salvus
2245 347 2362 386 esse
2390 329 2609 401 poterit,
2643 328 2743 383 nisi
2795 327 2882 384 his
2905 325 3374 383 observationibus
3400 339 3495 396 pro

195 421 367 475 multo
389 423 582 492 purius
627 433 678 477 et.
703 425 960 478 attentius
1000 439 1096 494 per
1118 424 1357 494 singulas
1380 423 1628 494 quisque,
1655 423 1798 475 sicut

196 529 361 583 supra
398 515 762 580 ostendimus,
799 518 1005 586 species
1027 533 1054 569 a
1086 515 1240 572 nobis
1277 518 1368 586 qui
1402 516 1688 570 veritatem
1717 528 1801 567 se-

192 606 418 675 quimur
445 615 720 671 teneatur,
751 621 813 661 eo
838 607 1006 677 magis
1029 607 1170 677 quod
1200 608 1341 677 apud
1372 623 1470 662 nos
1497 607 1795 659 observan-

193 699 281 750 tim
313 697 436 766 ejus
466 699 694 767 praemia
719 707 918 754 atterna
950 708 1078 754 sunt
1098 700 1295 772 posita.
1331 698 1504 753 Aliter
1530 698 1676 752 enim
1709 709 1794 749 ne-

1899 423 2107 476 virilms
2137 437 2360 491 operam
2409 418 2637 474 dederit.
2685 419 2826 474 Deus
2879 432 2974 472 vos
3011 418 3064 472 in
3093 433 3188 470 sua
3222 415 3496 469 voluntate

1897 529 2337 583 unumquemque
2388 514 2438 566 in
2473 529 2571 566 suo
2611 512 2803 566 ordine
2835 524 3049 579 semper
3072 507 3364 570 custodiat,
3390 505 3496 559 fra-

1897 615 2026 671 tres,
2050 613 2103 661 et
2135 607 2234 661 sibi
2267 605 2479 676 placere
2504 605 2554 658 in
2580 603 2834 658 omnibus
2857 602 3140 658 concedat.
3175 598 3370 652 Amen.

617 955 1115 1033 EPlSTOLA
1195 953 1608 1046 QUABTA
1691 952 2050 1031 SANCTI
2135 945 2721 1028 CLEMENTIS
2796 945 3080 1022 PAP/E

188 1135 449 1216 Scripta
480 1134 822 1216 discipuli:
855 1134 1011 1211 suis,
1049 1137 1162 1218 qui
1189 1135 1498 1218 malorum
1529 1131 1847 1218 hominum
1873 1129 2391 1218 persuasio-nibus
2433 1128 2830 1208 aliquatenus
2874 1125 3220 1198 (ἱρεῖαι-(ινα,
3259 1135 3310 1186 et
3351 1143 3493 1203 gen-

1403 1212 1572 1274 tibus
1606 1213 1770 1275 inter
1794 1209 1949 1295 quas
1979 1209 2370 1274 habitabant.

198 1451 208 1458 ο
261 1385 539 1448 Causas,
591 1382 852 1438 Romana:
902 1381 1051 1436 urbis
1101 1381 1406 1449 episcopus,
1457 1375 1796 1432 cbarissimis

191 1457 458 1531 fratribus
509 1473 671 1531 Juno
697 1484 750 1528 et
778 1473 1003 1529 JIJLIANO
1032 1489 1095 1528 ac
1139 1472 1363 1540 reliquis
1413 1469 1794 1525 consodalibus
1835 1457 1840 1466 ’

1903 1374 2079 1428 ritatis
2132 1373 2310 1426 lumen
2334 1370 2550 1433 elfulsit,
2589 1370 3068 1439 ignisjustissiuue
3113 1369 3494 1440 indignatimtis

1901 1465 2237 1528 accenditur,
2284 1474 2335 1517 et
2368 1463 2659 1516 iracundi-.c
2692 1462 2800 1516 Deo
2829 1463 3036 1533 placitae
3064 1466 3202 1524 intra
3233 1479 3326 1516 vos
3361 1479 3492 1516 cott-

194 1569 416 1634 nostris,
472 1569 837 1638 gentibusque
868 1580 987 1638 qua:
1034 1565 1179 1619 circa
1233 1580 1329 1618 vos
1365 1573 1508 1617 sunt.
1549 1561 1791 1632 Oportet,
1828 1592 1870 1650 Β
1899 1558 2067 1628 surgit
2103 1557 2428 1619 incendium,
2461 1573 2566 1626 quo
2589 1566 2941 1610 consumatur
2965 1567 3019 1610 et
3044 1555 3301 1609 radicitus
3331 1556 3499 1608 inter-

203 1661 414 1724 i'ratrcs,
465 1671 656 1712 omnes
685 1657 936 1710 doctores
975 1654 1065 1724 qui
1114 1653 1180 1707 ad
1213 1653 1440 1708 salutem
1489 1644 1792 1706 animarum

197 1752 430 1806 i;.stituti
461 1758 606 1812 sunt,
640 1758 696 1803 et
735 1747 800 1800 ad
830 1746 1118 1800 lucrandas
1140 1744 1350 1799 animas
1392 1743 1630 1813 episcopi
1671 1751 1795 1798 sunt

189 1844 528 1904 consecrati,
569 1857 667 1911 pro
693 1839 906 1896 cunctis
931 1837 1353 1892 sollicitudinem
1392 1851 1606 1906 gerere,
1631 1843 1684 1889 et
1715 1849 1798 1892 er:

191 1944 380 1992 rantes
425 1933 490 1987 ad
521 1934 662 1988 viam
700 1930 946 1986 veritatis
994 1940 1045 1984 et
1079 1928 1145 1982 ad
1176 1944 1390 1999 portum
1420 1925 1610 1981 salutis
1638 1927 1796 1980 redu-

189 2044 336 2082 cere.
376 2027 445 2080 Et
497 2025 623 2080 licet
656 2033 878 2094 propter
909 2031 1100 2092 gentes
1136 2036 1255 2089 qum
1286 2020 1430 2073 circa
1463 2033 1559 2070 vos
1585 2025 1708 2071 sunt
1741 2017 1794 2071 in

190 2118 413 2172 modico
431 2132 524 2170 vos
539 2130 756 2169 errasse
771 2099 1084 2182 contigerit,
1106 2110 1299 2164 melius
1313 2120 1395 2164 est
1412 2121 1591 2162 tamen
1618 2108 1795 2161 redire

190 2213 257 2264 ad
279 2210 524 2265 veritatis
537 2211 680 2264 viam
697 2223 859 2278 quam
876 2205 1075 2259 diutius
1089 2204 1140 2258 in
1158 2203 1273 2273 ipso
1287 2218 1474 2258 errore
1489 2217 1798 2270 persevera-

191 2319 272 2356 re.
314 2301 681 2369 Quoscunque
715 2297 860 2351 enim
887 2296 951 2350 de
981 2295 1169 2364 bisqui
1199 2310 1292 2348 vos
1318 2307 1501 2348 errare
1528 2291 1793 2355 fecerunt,

190 2395 281 2462 vel
305 2396 372 2448 de
396 2393 476 2447 bis
500 2393 592 2462 qui
618 2392 797 2444 adbttc
817 2389 1038 2444 verbum
1066 2387 1464 2457 przedicationis
1487 2403 1590 2440 non
1610 2384 1795 2439 audie-

186 2454 353 2549 ἰ’ῑιιιι,
379 2484 623 2554 potestis,
644 2482 920 2536 vobiscum
947 2479 1227 2542 assumite,
1253 2488 1303 2530 et
1330 2477 1395 2530 ad
1425 2477 1561 2531 viam
1589 2477 1792 2528 verita-

193 2577 263 2629 tis
300 2575 552 2638 reducite,
586 2589 652 2627 ne
704 2571 1025 2626 infructuosi
1054 2569 1280 2622 Domino
1326 2567 1699 2624 ittveuiantiui.
1728 2567 1794 2621 Et

189 2668 450 2736 t'ptoniam
485 2668 706 2737 quidem
739 2665 879 2720 sicut
908 2681 935 2717 a
983 2662 1190 2717 cultore
1229 2662 1474 2732 neglecta
1510 2671 1650 2715 terra
1679 2661 1790 2728 spi-

192 2775 292 2813 nas
326 2768 380 2812 et
425 2759 654 2812 tribulos
705 2757 1015 2812 necessario
1064 2756 1332 2827 producit,
1376 2756 1448 2808 ita
1485 2770 1676 2809 sensus
1703 2769 1793 2808 ve-
1826 2816 1834 2823 ,

192 2862 305 2904 ster
331 2850 473 2920 longi
503 2849 759 2920 temporis
793 2849 998 2902 incuria
1045 2848 1243 2902 multas
1275 2855 1328 2902 et
1368 2847 1557 2902 noxias
1585 2846 1792 2916 opinio-

193 2959 289 2998 nes
341 2959 526 2998 rerum
558 2929 613 2998 ei.
653 2942 1042 3012 intelligentias
1072 2941 1215 2995 ιειιδιυ
1254 2941 1493 2996 scienti-.e
1519 2940 1790 3011 germina-

193 3037 282 3098 vit,
316 3051 456 3104 opus
507 3045 590 3089 est
636 3049 778 3089 nunc
831 3035 992 3086 multa
1025 3031 1300 3102 diligentia
1337 3033 1403 3086 ad
1433 3031 1789 3086 excolendum

195 3142 283 3179 rus
313 3126 519 3179 mentis
559 3134 773 3187 vestrae,
810 3133 863 3175 ut
916 3123 1018 3177 hoc
1065 3138 1244 3176 sermo
1278 3122 1527 3178 veritatis
1557 3122 1670 3192 (Qui
1707 3129 1790 3180 est

199 3234 354 3271 verus
381 3226 440 3271 et
465 3215 691 3286 diligens
725 3215 905 3270 cordis
944 3216 1190 3282 colonus)
1219 3214 1452 3268 assiduis
1475 3213 1687 3267 excolat
1714 3213 1790 3272 di-

195 3309 459 3379 sciplinis.
497 3305 748 3360 Vestrum
785 3321 910 3375 ergo
937 3314 1018 3358 est
1067 3305 1307 3374 praebere
1348 3302 1707 3357 obedientiam
1736 3310 1791 3356 et

191 3402 602 3472 occupationes,
630 3416 692 3455 ac
730 3399 1124 3454 sollicitudines
1151 3396 1450 3467 superfluas
1481 3404 1785 3464 amputare,

194 3514 260 3552 ne
296 3497 498 3552 bonum
528 3495 674 3550 verbi
703 3509 885 3550 semen
931 3502 1120 3547 enecet
1154 3492 1374 3546 noxium
1412 3506 1632 3558 germen
1661 3508 1672 3543 :
1700 3505 1790 3560 p0-

194 3596 298 3641 tcst
325 3586 469 3642 enim
525 3585 642 3639 ﬁeri
674 3593 732 3638 ut
763 3583 915 3637 multi
948 3585 1203 3653 temporis
1232 3581 1632 3653 negligentiam,
1669 3580 1792 3638 bre-

194 3680 274 3733 vis
298 3688 350 3731 et
374 3679 593 3738 assidua
634 3687 851 3748 reparet
893 3677 1187 3748 diligentia.
1240 3674 1507 3730 Incertum
1556 3690 1790 3745 namque

193 3782 273 3826 est
300 3771 727 3840 uniuscujusque
751 3779 963 3840 tempus
1003 3769 1142 3828 vitae.
1179 3767 1242 3820 Et
1276 3767 1394 3821 ideo
1424 3767 1787 3822 festinandum

192 3875 275 3918 est
299 3865 364 3916 ad
391 3863 650 3928 salutem,
685 3848 769 3916 ne
791 3861 928 3914 forte
951 3869 1296 3916 cunctantem
1325 3875 1470 3914 mors
1507 3859 1786 3930 repentina

191 3955 516 4025 przeveuiat;
551 3963 604 4007 et.
627 3953 698 4007 ob
725 3953 827 4008 hoc
849 3953 1028 4008 acrius
1053 3952 1388 4022 innitendum
1421 3961 1522 4015 est,
1550 3961 1606 4005 ut
1637 3953 1786 4023 (dum

193 4053 277 4099 est
323 4045 583 4115 temporis
631 4042 892 4114 spatium)
942 4041 1163 4096 collecta
1199 4041 1351 4096 mala:
1383 4043 1786 4100 consuetudinis

194 4135 322 4189 vitia
362 4144 702 4190 resecentur.
748 4131 901 4198 Quod
957 4148 1060 4186 non
1105 4131 1264 4187 aliter
1305 4131 1482 4188 facere
1514 4134 1782 4202 poteritis,

194 4229 296 4284 nisi
323 4239 379 4283 ut
409 4227 721 4284 irascamini
743 4225 1140 4297 quodammodo
1175 4226 1460 4282 adversum
1489 4227 1784 4296 vosmetip-

1900 1665 1987 1710 eat
2027 1669 2187 1710 omne
2241 1668 2460 1722 germen
2521 1652 2661 1722 quod
2724 1652 2864 1706 forte
2915 1651 2965 1704 in
3016 1660 3157 1705 terra
3188 1648 3496 1704 malmcon-

1897 1748 2241 1818 CUpiSCCttlim
2279 1745 2594 1815 pullulavit?
2629 1744 2776 1800 Unde
2832 1754 2888 1799 et
2935 1747 3047 1816 ipse
3083 1745 3174 1814 qui
3210 1744 3359 1798 misit
3396 1758 3494 1800 nos

1899 1859 2018 1898 cum
2051 1842 2314 1904 venisSet,
2348 1849 2402 1894 et
2432 1855 2647 1894 omnem
2683 1839 2940 1892 mundum
2973 1838 3197 1894 vidisset
3243 1838 3308 1892 ad
3341 1837 3495 1892 ntali-

1898 1936 2028 1996 tiam
2053 1933 2373 1998 declinasse,
2392 1947 2496 1986 non
2527 1932 2784 1985 continuo
2807 1933 2852 1984 ei
2882 1946 3094 2000 pacem,
3125 1930 3178 1983 in
3209 1929 3493 1984 errorilms

1897 2025 2092 2095 posito,
2122 2024 2288 2086 dedit,
2316 2039 2382 2076 ne
2409 2037 2530 2074 eum
2560 2020 2911 2075 conﬁrmaret
2939 2022 2990 2074 in
3018 2021 3192 2086 malis,
3219 2021 3310 2076 sed
3336 2020 3490 2089 igno—

1897 2117 2088 2170 rentia:
2132 2115 2248 2185 ejus
2281 2113 2454 2168 ruinis
2505 2113 2784 2167 scientiam
2820 2112 3063 2168 veritatis
3091 2112 3364 2182 opposuit,
3409 2119 3488 2176 ιιι,

1898 2210 1941 2265 si
1971 2208 2060 2278 qui
2093 2207 2232 2260 forte
2267 2206 2670 2274 resipiscerent,
2702 2213 2756 2256 et
2784 2203 2963 2257 lumen
3003 2203 3246 2258 veritatis
3280 2201 3489 2269 aSpice-

1898 2309 2037 2360 rent,
2064 2297 2320 2365 deceptos
2349 2311 2428 2356 se,
2459 2305 2508 2348 et
2545 2295 2594 2347 in
2626 2294 2916 2364 praecipitia
2945 2294 3149 2348 erroris
3182 2294 3485 2350 abstractos

1896 2391 2090 2446 merito
2134 2389 2398 2453 dolerent,
2436 2397 2492 2442 et
2539 2388 2829 2442 iracundia:
2881 2388 3134 2442 salutaris
3175 2388 3351 2458 ignem
3399 2387 3492 2442 atl-

1897 2498 2112 2537 versum
2139 2481 2496 2550 deceptricem
2538 2495 2694 2534 suam
2726 2481 3076 2550 conciperent
3106 2480 3484 2550 ignorantiam.

1897 2572 1976 2629 Ob
2001 2575 2101 2628 hoc
2136 2573 2316 2642 itaque
2339 2571 2557 2626 dicebat
2589 2588 2600 2622 :
2635 2589 2653 2621 ι
2695 2570 2876 2641 Ignem
2910 2571 3029 2624 veni
3055 2569 3269 2624 mittere
3295 2570 3346 2624 iu
3379 2577 3489 2622 lcr-

1897 2681 2036 2729 raut,
2069 2679 2228 2732 quem
2262 2663 2382 2716 volo
2411 2671 2467 2716 ιιι
2495 2663 2822 2717 accendatur
2850 2659 3000 2732 (Luc.
3031 2678 3129 2726 xu,
3170 2660 3284 2730 49).
3322 2680 3341 2712 ι

1966 2756 2063 2812 Est
2104 2772 2232 2827 ergo
2277 2771 2452 2827 pugna
2491 2755 2737 2826 quaedam
2787 2772 2905 2824 quae
2942 2757 3174 2826 gerenda
3216 2756 3368 2811 nobis
3403 2764 3490 2814 est

1895 2850 1948 2903 in
1982 2849 2083 2902 bac
2127 2849 2251 2904 vita.
2285 2847 2476 2902 Sermo
2503 2849 2648 2903 enim
2682 2848 2928 2902 veritatis
2950 2860 3003 2901 et
3037 2848 3277 2912 scientia:
3303 2863 3488 2902 ncces-

1817 2951 1862 3014 ί]
1895 2945 2041 2996 sario
2066 2950 2281 3010 separat
2304 2939 2552 2994 homines
2593 2941 2661 2993 ab
2693 2955 2879 2994 errore
2903 2950 2958 2992 et
2988 2940 3315 3011 ignorantia,
3347 2939 3487 2995 sicut

1895 3051 2036 3105 stcpe
2064 3035 2307 3090 videmus
2337 3034 2668 3102 putrefactas
2698 3044 2750 3087 et
2773 3044 3052 3090 emortuas
3075 3050 3268 3089 carnes
3295 3051 3482 3104 corpu»

1893 3128 1970 3182 ris
2011 3144 2038 3180 a
2081 3127 2418 3181 connexione
2466 3127 2762 3182 viventium
2797 3127 3164 3186 membrorum
3199 3128 3343 3184 ferro
3395 3145 3453 3181 se

1893 3219 2069 3272 cautis
2119 3218 2378 3289 separari.
2433 3217 2563 3274 Tale
2617 3234 2748 3291 ergo
2796 3218 2996 3288 aliquid
3038 3229 3121 3274 est
3174 3220 3316 3292 quod
3372 3220 3485 3289 agit

1891 3311 2141 3365 veritatis
2187 3310 2408 3379 agnitio.
2444 3309 2677 3364 Necesse
2700 3320 2783 3364 est
2811 3311 2978 3376 enim,
3014 3320 3072 3364 ut
3106 3310 3295 3366 salutis
3322 3326 3484 3366 causa

1893 3399 2034 3454 ﬁlius
2081 3400 2271 3470 (verbi
2315 3401 2530 3470 gratia)
2559 3402 2650 3470 qui
2692 3417 2999 3456 sermonem
3043 3403 3307 3471 receperit
3345 3403 3458 3456 veri

1893 3501 2022 3549 tatis
2043 3508 2071 3546 a
2105 3491 2420 3563 parentibus
2448 3502 2730 3562 separetur
2758 3492 3070 3557 incredulis,
3104 3503 3196 3546 aut
3242 3510 3480 3559 rursum,

1890 3596 2043 3657 pater
2073 3595 2357 3656 separetur
2379 3601 2406 3639 a
2442 3584 2574 3649 ﬁlio,
2609 3595 2701 3640 aut
2725 3585 2832 3639 ﬁlia
2860 3600 2889 3638 a
2923 3595 3114 3640 matre.
3149 3585 3213 3640 Et
3238 3585 3337 3640 hoc
3365 3600 3454 3639 mo

1891 3678 1959 3732 do
1993 3678 2132 3732 inter
2159 3677 2492 3748 propinquos
2513 3686 2677 3746 atque
2698 3677 3129 3746 consanguineos
3158 3676 3440 3732 credentes
3466 3713 3487 3744 ,ι

1890 3779 2053 3840 atque
2085 3769 2414 3834 incredulos,
2445 3769 2687 3824 scientia:
2732 3779 2895 3839 atque
2930 3769 3252 3839 ignorantia:
3278 3768 3468 3823 verita-

1890 3861 2068 3930 tisque
2095 3869 2149 3916 et
2197 3861 2398 3916 erroris
2428 3877 2604 3932 pugna
2644 3860 2910 3916 consistit.
2946 3860 3012 3914 Et
3047 3861 3115 3914 ob
3146 3860 3248 3914 hoc
3286 3860 3483 3916 iterum

1889 3954 2104 4010 diccbat
2134 3954 2226 4023 qui
2254 3969 2352 4008 nos
2388 3954 2534 4008 misit
2566 3971 2576 4006 :
2611 3971 2628 4004 ι
2662 3952 2778 4008 Non
2803 3954 2921 4007 veni
2957 3969 3144 4021 pacem
3176 3953 3392 4007 mittere
3423 3951 3475 4005 in

1889 4055 2107 4104 terram.
2140 4045 2232 4101 sed
2275 4045 2509 4115 gladium
2552 4044 2767 4116 (Matth.
2796 4061 2851 4110 κ,
2878 4044 2988 4115 54).
3031 4064 3050 4096 ι
3083 4043 3234 4112 Quod
3264 4044 3307 4098 si
3339 4045 3469 4100 dicit

1888 4149 2085 4219 aliquis
2112 4164 2124 4199 :
2155 4147 2220 4200 Et
2249 4145 2516 4215 quomodo
2536 4142 2741 4212 justum
2763 4142 2978 4198 videtur
3007 4142 3250 4212 separari
3282 4141 3418 4196 ﬁlios
3446 4155 3477 4196 a

1887 4235 2401 4309 parentibus(lbid.,
2425 4235 2549 4308 55)?
2571 4234 2704 4288 Audi
2730 4233 3029 4303 quomodo:
3051 4234 3174 4302 quia
3201 4250 3320 4286 cum
3349 4233 3478 4304 ipsis

192 4339 281 4377 sos
310 4339 404 4399 pro
429 4323 512 4378 bis
537 4339 659 4392 quae
690 4321 956 4374 inutiliter
983 4320 1249 4394 gessistis,
1280 4337 1342 4376 ac
1374 4322 1621 4390 turpiter.
1658 4320 1783 4375 llaac
1813 4323 1861 4383 D
1889 4331 1932 4384 si
1970 4331 2020 4384 in
2072 4344 2257 4382 errore
2297 4336 2669 4396 permaneant,
2721 4341 2895 4396 neque
2926 4325 3032 4380 illis
3073 4326 3391 4395 proderunt,
3423 4333 3478 4378 et

192 4418 333 4470 enim
360 4429 440 4472 est
463 4417 614 4471 utilis
640 4416 774 4477 vita,
801 4423 854 4467 et
879 4415 1044 4484 jusla,
1079 4423 1131 4468 et
1154 4414 1457 4470 necessaria
1482 4413 1779 4476 iracundia,

196 4520 246 4562 ut
281 4510 648 4578 unusquisque
679 4508 733 4561 in
758 4506 951 4576 quibus
981 4507 1186 4560 erravit
1209 4516 1264 4561 et
1288 4522 1570 4577 perperam
1596 4506 1784 4576 gessit,

195 4603 500 4672 i::dignetur
535 4611 590 4654 et
622 4600 979 4667 semetipsum
1017 4609 1256 4654 accuset.
1300 4599 1372 4653 Ex
1404 4616 1508 4668 qua
1539 4600 1790 4670 indigna-

196 4695 336 4748 tione
385 4695 708 4749 accenditur
743 4693 796 4745 in
855 4693 1007 4746 nobis
1055 4693 1193 4763 ignis
1241 4694 1482 4762 quidam,
1522 4693 1613 4762 qui
1645 4693 1794 4750 velut

193 4803 320 4856 agro
345 4787 515 4841 sterili
543 4785 848 4850 immissus,
879 4786 1214 4856 consumptis
1239 4795 1292 4839 et
1323 4788 1564 4842 excoctis
1595 4786 1790 4842 radici-

190 4879 292 4933 bus
318 4881 569 4950 pessimze
609 4877 928 4938 voluntatis,
977 4875 1118 4932 bono
1157 4876 1350 4932 semini
1385 4877 1548 4931 verbo
1574 4875 1670 4930 Dei
1715 4874 1792 4930 fe-

191 4970 506 5024 cundiorem
556 4968 744 5022 cordis
813 4979 1073 5036 praeparet
1124 4969 1354 5040 glebam.
1411 4968 1548 5024 Puto
1604 4975 1784 5022 autem

189 5063 331 5136 quod
386 5064 521 5119 satis
559 5063 758 5134 dignas
815 5062 1059 5120 habeatis
1114 5079 1305 5120 causas
1354 5065 1669 5126 iracundiae,
1717 5078 1786 5120 ex

189 5156 750 5229 quibusjustissimus
778 5154 915 5226 ignis
959 5157 1058 5211 iste
1089 5157 1376 5222 coalescat,
1408 5157 1451 5212 si
1475 5155 1784 5237 considere:

190 5254 257 5308 tis
291 5255 343 5307 in
377 5263 611 5322 quantos
642 5265 743 5305 vos
766 5264 979 5307 errores
1006 5254 1286 5308 deduxerit
1317 5254 1635 5326 ignorantiae
1670 5264 1784 5304 ma-

189 5345 318 5410 lum,
353 5355 704 5413 quantosque
734 5341 915 5410 lapsus
946 5353 997 5397 et
1024 5355 1226 5414 quanta
1248 5344 1545 5414 przecipitia
1566 5341 1636 5399 ad
1656 5357 1783 5411 pec-

1888 4421 1987 4491 ipsi
2033 4436 2155 4476 cum
2192 4419 2295 4474 illis
2348 4420 2549 4488 pariter
2603 4419 2930 4484 interibunt,
2977 4415 3185 4485 justum
3233 4417 3394 4488 igitur
3423 4424 3478 4471 et

1888 4515 2261 4585 valdejustum
2292 4524 2373 4569 est
2401 4514 2643 4584 separari
2671 4529 2793 4568 eum
2832 4513 2923 4583 qui
2950 4511 3148 4568 salvari
3182 4511 3294 4566 vult
3323 4513 3388 4566 ab
3413 4527 3478 4567 eo

1892 4610 1985 4679 qui
2026 4625 2132 4663 non
2168 4607 2299 4661 vult.
2332 4607 2437 4662 Sed
2473 4617 2525 4662 et
2555 4607 2681 4661 illud
2711 4607 2952 4670 adverte,
2985 4607 3108 4676 quia
3145 4622 3248 4661 non
3279 4621 3342 4659 ex
3374 4604 3478 4660 illis

1886 4702 1976 4772 qui
2011 4700 2210 4756 rectius
2235 4699 2561 4769 intelligunt,
2588 4699 2735 4753 venit
2765 4698 2868 4753 ista
2901 4698 3196 4768 separatio,
3229 4696 3302 4750 illi
3332 4696 3476 4750 enim

1886 4795 2072 4858 volunt
2097 4807 2217 4848 esse
2240 4792 2443 4861 pariter
2465 4802 2521 4846 et
2549 4791 2803 4861 prodesse
2827 4792 2910 4845 bis
2931 4800 2984 4844 et
3012 4789 3204 4844 docere
3233 4788 3474 4843 meliora.

1888 4886 1994 4944 Sed
2019 4886 2296 4957 proprium
2327 4894 2410 4940 est
2437 4884 2759 4956 ignorantia:
2783 4884 2993 4948 vitium,
3019 4893 3077 4938 ιιι
3105 4881 3479 4943 confutantetn

1889 4995 1972 5045 se,
1998 4978 2247 5034 veritatis
2277 4977 2450 5032 lucem
2480 4994 2585 5033 non
2614 4975 2753 5031 ferat
2781 4976 2981 5031 habere
3009 4975 3075 5030 de
3107 4975 3372 5046 proximo.
3418 4975 3480 5030 Et

1889 5072 2011 5128 ideo
2041 5088 2107 5128 ex
2139 5070 2244 5124 illis
2275 5071 2376 5125 ista
2417 5072 2662 5127 nascitur
2688 5069 2979 5138 separatio.
3007 5067 3141 5124 Nam
3180 5068 3270 5138 qui
3305 5067 3478 5123 scien-

1891 5164 2022 5218 tiam
2065 5162 2311 5219 veritatis
2373 5163 2672 5235 accipiunt,
2721 5161 2846 5230 quia
2901 5161 3158 5217 bonitatis
3186 5161 3340 5231 plena
3377 5169 3480 5223 est,

1891 5265 2144 5326 tanquam
2165 5256 2348 5310 abono
2364 5253 2473 5308 Deo
2491 5257 2692 5318 datam,
2713 5255 2935 5322 cupiunt
2959 5271 3078 5310 eam
3107 5255 3150 5310 si
3179 5253 3288 5308 ﬁeri
3306 5259 3483 5322 potest

1887 5363 2010 5404 cum
2032 5347 2283 5403 omnibus
2312 5347 2515 5402 habere
2555 5349 3107 5404 communem.Etiam
3137 5362 3257 5402 cum
3280 5344 3362 5400 bis
3387 5344 3481 5416 qui
