4012 6484
481 376 553 437 55
1350 374 1645 435 APPEND.
1682 375 1776 435 AD
1814 370 1990 434 SASC.
2024 374 2117 434 lX.
2156 404 2226 419 --
2260 370 2513 435 iSlDORl
2547 375 2995 435 MERCATORIS
3683 378 3761 442 56

481 495 864 555 terfectoribus
891 493 1025 562 suis,
1050 502 1108 551 et
1160 496 1376 553 dicebat
1408 513 1423 552 :
1463 514 1481 549 ι
1521 496 1701 563 Pater,
1735 495 1947 552 dimitte
1983 494 2065 551 eis
2092 498 2142 559 Α
2168 494 2427 562 diximus,
2459 495 2777 566 pervenitur
2818 496 2882 552 ad
2915 496 3153 555 Patrem.
3182 497 3318 556 Cum
3346 505 3527 558 autem
3560 517 3764 575 perve-

479 598 762 663 peccatum
784 629 800 656 ,
828 588 957 659 quia
993 589 1245 645 nesciunt
1279 589 1407 661 quid
1455 588 1661 644 faciunt
1709 587 1860 660 (Luc.
1907 602 2068 652 xxm,

480 681 592 753 54).
606 702 624 735 ι
646 681 925 737 lmitantes
945 695 1160 752 quoque
1179 679 1423 751 discipuli
1438 680 1771 751 magistrum,
1787 677 1950 734 etiam
1967 676 2070 748 ipsi

481 790 603 828 cum
652 782 991 844 paterentur,
1051 771 1299 828 similiter
1323 788 1422 844 pro
1473 770 1912 828 interfectoribus
1952 770 2069 827 suis

480 865 729 921 orabant.
762 864 915 933 Quod
956 864 1002 919 si
1057 864 1339 935 disciplina
1372 864 1528 921 nobis
1559 873 1645 920 est
1693 878 1853 920 orare
1902 862 2068 918 etiam

479 974 579 1030 pro
629 956 1068 1012 interfectoribus
1119 964 1175 1011 et
1202 957 1640 1026 persecutoribus
1685 956 1909 1019 nostris,
1937 969 2071 1026 quo-

481 1053 642 1107 modo
672 1067 779 1107 non
812 1051 973 1106 etiam
1022 1036 1306 1120 parentum
1344 1057 1399 1105 et
1422 1049 1846 1121 prapinquorum
1888 1061 2072 1118 perse-

481 1146 727 1201 cutiones
776 1142 946 1209 ferre,
985 1150 1041 1198 et
1094 1157 1195 1214 pro
1243 1141 1600 1197 conversione
1650 1155 1864 1206 eorum,
1912 1152 2072 1195 orare

480 1233 794 1290 credimur?

550 1326 687 1383 Tum
721 1324 916 1381 deinde
964 1323 1126 1379 etiam
1163 1322 1475 1397 diligentius
1508 1322 1916 1380 consideremus
1952 1338 2074 1394 quae

480 1420 731 1477 sitnohis
782 1431 944 1473 causa
992 1425 1244 1487 parentes
1302 1415 1579 1487 diligendi,
1607 1430 1706 1486 pro
1748 1430 1834 1480 eo,
1876 1415 2072 1485 inquit,

481 1513 607 1583 quia
632 1511 758 1567 vita:
779 1521 978 1566 nostrae
1000 1507 1250 1563 videntur
1272 1515 1539 1563 auctores.
1566 1507 1833 1562 Auctores
1856 1507 2074 1576 quidem

480 1598 605 1653 vitae
652 1608 871 1655 nostrae.
912 1603 1165 1666 parentes
1214 1609 1321 1648 non
1363 1603 1507 1656 sunt,
1535 1593 1629 1647 sed
1666 1592 1918 1646 ministri.
1956 1590 2074 1646 Non

481 1689 626 1746 enim
656 1688 824 1742 vitam
855 1687 1117 1757 praebent,
1165 1685 1261 1740 sed
1295 1683 1627 1755 ingrediendi
1653 1682 1809 1739 nobis
1841 1684 1905 1738 ad
1933 1682 2075 1738 hanc

480 1782 644 1837 vitam
681 1781 940 1837 exhibent
964 1778 1343 1838 ministerium,
1376 1786 1566 1833 auctor
1586 1788 1765 1833 autem
1790 1776 1916 1832 vitae
1938 1793 2076 1834 unus

2168 587 2380 655 ueritis,
2426 588 2705 660 agnoscite
2731 588 2873 645 hanc
2901 605 3024 647 esse
3054 590 3385 649 voluntatem
3412 594 3550 665 ejus,
3576 606 3637 653 ut
3661 613 3764 670 per

2169 693 2359 750 aquas,
2390 695 2512 751 quae
2540 681 2729 750 prima:
2754 689 2954 739 creata:
2991 692 3137 750 sunt,
3169 685 3344 741 denuo
3371 691 3762 747 renascamini.

2168 769 2270 838 Qui
2299 771 2443 827 enim
2467 782 2819 844 regeneratus
2840 774 3004 830 fuerit
3029 791 3129 847 per
3159 792 3378 848 aquam,
3400 780 3560 837 bonis
3583 782 3771 852 operi-

2166 858 2272 917 bus
2320 861 2577 932 repletus,
2611 863 2788 919 haeres
2831 863 3062 921 efficitur
3090 865 3208 935 ejus
3241 882 3275 923 a
3318 884 3428 939 quo
3476 870 3529 925 in
3583 872 3767 930 incor-

2170 951 2422 1021 ruptione
2452 962 2806 1024 regeneratus
2833 963 2936 1009 est.
2952 954 3183 1027 Propter
3207 958 3372 1027 quod,
3401 962 3609 1031 paratis
3643 964 3767 1018 ani-

2172 1042 2276 1098 mis
2299 1043 2561 1108 accedite,
2591 1044 2749 1115 quasi
2780 1044 2875 1101 filii
2902 1047 2970 1101 ad
2997 1056 3229 1117 patrem,
3252 1058 3312 1104 ut
3336 1062 3557 1122 peccata
3578 1061 3768 1111 vestra

2171 1134 2450 1190 diluantur
2469 1144 2525 1190 et
2551 1152 2714 1192 causa
2746 1151 2934 1192 eorum
2964 1138 3080 1194 sola
3108 1139 3413 1210 ignorantia
3440 1143 3608 1201 fuisse
3631 1161 3766 1217 pro-

2172 1228 2332 1285 betur
2386 1230 2529 1300 apud
2556 1229 2865 1287 Dominum.
2889 1229 3025 1286 Nam
3075 1233 3122 1288 si
3148 1242 3272 1304 post
3299 1235 3627 1308 agnitionem
3668 1239 3770 1296 bo-

2173 1337 2294 1378 rum
2316 1323 2647 1392 permanetis
2674 1323 2730 1377 in
2759 1323 3161 1389 incredulitate,
3184 1327 3338 1382 vobis
3355 1326 3469 1397 jam
3500 1333 3770 1401 perditio-

2176 1412 2261 1468 nis
2285 1422 2480 1470 vestrze
2500 1429 2684 1479 causa,
2698 1422 2754 1470 et
2779 1430 2886 1470 non
2901 1416 3237 1487 ignorantiae,
3257 1421 3632 1490 reputabitur;
3661 1438 3764 1481 nec

2174 1504 2376 1572 putetis
2398 1504 2558 1559 etiam
2588 1506 2730 1574 quod
2779 1505 2823 1560 si
2863 1521 3078 1562 omnem
3114 1507 3371 1579 pietatem
3426 1511 3619 1570 colatis
3657 1530 3770 1570 om-

2176 1607 2409 1662 nemque
2437 1592 2705 1662 justitiam
2724 1635 2738 1660 ,
2788 1595 3116 1666 baptismum
3155 1613 3287 1655 vero
3314 1615 3421 1656 non
3442 1603 3725 1675 accipiatis
3746 1646 3763 1673 ,

2176 1698 2326 1757 spem
2353 1684 2572 1753 possitis
2625 1686 2826 1741 habere
2862 1687 3004 1757 apud
3058 1688 3371 1759 Dominum,
3425 1695 3534 1751 imo
3564 1694 3771 1765 majore

2176 1789 2336 1845 pruna
2386 1776 2535 1848 digni
2572 1778 2730 1861 eritis
2757 1780 2850 1850 qui
2877 1781 3018 1837 bona
3047 1797 3215 1853 opera
3260 1801 3366 1841 non
3396 1787 3535 1844 bene
3558 1790 3771 1861 operati

479 1883 533 1930 et
549 1873 694 1930 solus
719 1881 802 1928 est
826 1873 986 1927 Deus.
1014 1868 1265 1926 Siautem
1290 1882 1568 1926 auctorem
1592 1871 1717 1925 vitae
1741 1871 1963 1943 diligere
1983 1886 2078 1925 vo-
2107 1877 2153 1937 Β
2179 1868 2332 1923 estis.
2370 1867 2663 1925 Confertur
2688 1872 2835 1927 enim
2867 1874 3121 1930 meritum
3149 1877 3353 1934 homini
3385 1895 3452 1937 ex
3487 1882 3645 1939 bonis
3679 1900 3772 1954 ge-

478 1969 675 2034 lumus,
710 1966 858 2022 illum
906 1965 1061 2022 nobis
1085 1980 1206 2021 esse
1237 1964 1566 2037 diligendum
1598 1965 1856 2028 sciamus.
1894 1965 1986 2020 sed
2019 1964 2077 2019 il-

477 2059 610 2126 lum,
636 2059 832 2131 inquit,
884 2070 1219 2130 cognoscere
1249 2073 1356 2111 non
1390 2056 1687 2128 potuimus,
1730 2057 1864 2112 istos
1892 2065 2075 2113 autent

483 2161 540 2208 et
583 2151 853 2216 novimus,
880 2156 937 2205 et
959 2149 1013 2204 in
1055 2146 1250 2205 aﬂectu
1266 2148 1550 2203 habemus.
1584 2148 1735 2212 Esto,
1760 2163 1866 2202 non
1892 2148 2075 2219 potui-

480 2244 579 2299 stis
603 2255 936 2315 cognoscere
949 2240 1073 2312 quis
1093 2240 1164 2296 sit
1182 2239 1343 2306 Deus,
1368 2240 1497 2309 quid
1526 2248 1705 2294 tamen
1724 2255 1830 2295 non
1847 2239 1921 2295 sit
1937 2241 2079 2298 Deus

477 2334 737 2407 perfacile
764 2333 908 2391 scire
935 2332 1209 2405 potuistis.
1237 2331 1372 2386 Nam
1400 2331 1670 2402 quomodo
1705 2331 1873 2387 latere
1902 2332 2078 2403 potuit

478 2426 780 2493 hominem,
808 2427 949 2497 quod
976 2424 1181 2496 lignum
1200 2422 1446 2495 autlapis
1470 2431 1649 2479 auth
1667 2422 1750 2479 vel
1771 2423 2077 2495 lmjusmodi

478 2519 706 2576 materia
735 2521 878 2576 Deus
898 2534 1003 2574 non
1022 2518 1127 2574 sit?
1142 2517 1294 2587 Quod
1322 2517 1366 2573 si
1390 2518 1443 2572 in
1473 2517 1558 2573 his
1578 2533 1698 2588 qua}
1716 2516 1874 2574 facile
1888 2518 2080 2589 depre-

479 2614 721 2669 hendere
751 2611 1008 2684 potuistis
1033 2612 1277 2667 animum
1307 2611 1375 2666 ad
1406 2610 1804 2667 discutiendum
1828 2611 2077 2668 voluistis

478 2707 781 2772 intendere,
823 2714 1032 2762 certum
1078 2712 1164 2761 est
1206 2704 1332 2775 quia
1363 2711 1417 2759 et
1442 2703 1496 2758 in
1526 2704 1802 2775 agnitione
1827 2704 1922 2761 Dei
1975 2705 2077 2760 im-

478 2800 644 2870 pediti
685 2799 840 2864 estis,
876 2813 985 2854 non
1030 2796 1481 2869 impossibilitatis
1520 2797 1613 2853 sed
1649 2798 1879 2867 ignaviae
1905 2798 2072 2865 vitio,

481 2909 608 2948 nam
646 2893 691 2950 si
721 2892 1029 2949 voluissetis
1059 2907 1126 2947 ex
1157 2891 1242 2947 his
1271 2890 1403 2962 ipsis
1441 2889 1724 2948 inutilibus
1765 2890 2075 2948 simulacris

478 2983 723 3057 profecto
746 2985 1093 3056 accepissetis
1132 2984 1506 3056 intelligentia:
1536 2986 1700 3041 viam.
1726 2985 1946 3042 Certum
1969 2996 2072 3053 est,

482 3080 609 3149 quia
637 3094 734 3150 per
774 3077 980 3134 ferrum
1014 3076 1157 3133 facta
1188 3085 1315 3133 sunt
1344 3076 1657 3144 simulacra,
1699 3077 1904 3134 ferrum
1942 3093 2073 3134 vero

481 3185 581 3241 per
601 3168 777 3242 ignem
807 3169 1114 3226 confectum
1163 3177 1265 3225 est.
1292 3169 1392 3236 Qui
1420 3168 1561 3239 ignis
1589 3185 1729 3241 aqua
1770 3169 2072 3243 exstingui-

2178 1959 2298 2025 stis,
2329 1959 2424 2016 sed
2474 1961 2518 2016 si
2549 1962 2624 2017 ita
2651 1972 2912 2032 gerantur
2936 1966 3076 2022 sicut
3105 1967 3246 2025 Deus
3274 1968 3428 2039 jubet
3455 1991 3469 2027 :
3504 1973 3649 2029 Deus
3675 1991 3773 2030 au-

2180 2058 2288 2106 tem
2327 2052 2489 2124 jussit
2512 2070 2727 2111 omnem
2759 2057 3025 2114 colentem
3053 2075 3114 2116 se
3143 2059 3412 2132 baptismo
3430 2067 3768 2139 consignari.

2179 2144 2332 2213 Quod
2384 2148 2429 2202 si
2468 2163 2566 2205 vos
2612 2153 2927 2219 renueritis,
2954 2162 3014 2208 ut
3045 2165 3241 2213 vestra:
3285 2159 3551 2217 voluntati
3598 2167 3773 2236 magis

2178 2252 2340 2308 quam
2373 2240 2465 2295 Dei
2495 2241 2905 2312 obtemperetis,
2934 2247 3195 2303 contrarii
3224 2248 3340 2305 sine
3367 2250 3529 2307 dubio
3573 2262 3629 2309 et
3664 2253 3773 2310 ini-

2178 2329 2305 2385 mici
2334 2332 2467 2387 estis
2487 2333 2754 2389 voluntati
2782 2332 2919 2404 ejus.
2947 2335 3053 2393 Sed
3089 2339 3283 2397 dicetis
3305 2341 3533 2399 fortasse
3567 2362 3581 2400 :

2250 2422 2390 2491 Quid
2419 2423 2629 2481 confert
2658 2443 2814 2498 aquae
2836 2428 3139 2500 baptismus
3167 2434 3234 2488 ad
3259 2434 3353 2491 Dei
3385 2436 3631 2494 cultum?
3657 2437 3776 2495 Pri-

2178 2528 2269 2570 mo
2293 2515 2534 2585 quidem,
2569 2517 2696 2587 quia
2747 2519 2891 2589 quod
2948 2522 3175 2579 Domino
3228 2525 3432 2595 placuit
3495 2528 3770 2600 impletur.

2179 2605 2449 2675 Secundo,
2480 2609 2608 2679 quia
2645 2621 2969 2682 regenerato
3014 2629 3082 2671 ex
3132 2618 3290 2688 aquis
3341 2630 3397 2675 et
3430 2619 3542 2678 Deo
3581 2634 3774 2681 renato

2178 2698 2447 2770 fragilitas
2498 2702 2696 2773 prioris
2720 2704 3024 2763 nativitatis
3045 2724 3167 2779 quae
3194 2711 3348 2769 vobis
3372 2728 3471 2784 per
3498 2715 3771 2773 hominem

2177 2791 2324 2847 facta
2352 2801 2438 2849 est
2462 2803 2797 2871 amputatur,
2828 2805 2883 2852 et
2910 2797 2983 2852 ita
3011 2799 3231 2857 demum
3260 2805 3545 2873 pervenire
3568 2809 3773 2876 poteri-

2148 2914 2156 2923 -
2181 2884 2250 2940 tis
2281 2885 2349 2940 ad
2375 2885 2630 2943 salutem.
2669 2887 2843 2944 Aliter
2873 2889 3208 2962 impossibile
3229 2904 3331 2950 est.
3369 2894 3462 2953 Sic
3503 2899 3650 2955 enim
3677 2916 3776 2957 no-

2176 2974 2262 3033 bis
2283 2992 2404 3034 cum
2430 2988 2779 3036 sacramento
2819 2995 2985 3038 verus
3016 2982 3286 3056 Propheta
3311 2992 3544 3045 testatus
3570 3004 3674 3056 es,
3702 2991 3775 3050 ὰ.

2177 3081 2306 3122 cens
2346 3085 2359 3121 :
2416 3086 2435 3120 ι
2470 3069 2665 3135 Amen,
2707 3084 2865 3126 amen
2908 3072 3029 3128 dico
3085 3074 3258 3141 vobis,
3303 3077 3408 3134 nisi
3437 3079 3560 3148 quis
3597 3079 3779 3136 denuo

2178 3170 2401 3219 renatus
2428 3162 2591 3220 fuerit
2612 3178 2680 3220 ex
2707 3179 2848 3236 aqua
2885 3166 3031 3235 viva,
3056 3183 3162 3225 non
3187 3170 3431 3228 introibit
3466 3174 3520 3229 in
3551 3189 3778 3246 regnum

487 3272 592 3329 tur,
627 3277 769 3332 aqua
797 3272 980 3317 autem
1005 3276 1100 3331 per
1130 3262 1384 3332 spiritum
1415 3270 1682 3317 movetur.
1704 3260 1942 3332 Spiritus
1977 3279 2076 3317 au-
2101 3247 2146 3311 C
2179 3254 2439 3311 calorum
2467 3256 2650 3327 (Joan.
2679 3273 2764 3325 tu,
2782 3257 2861 3329 5).
2886 3278 2905 3311 ι
2925 3258 2991 3314 Et
3014 3259 3135 3316 ideo
3162 3262 3482 3320 accelerate.
3510 3263 3606 3320 Est
3629 3266 3781 3321 enim

484 3362 595 3408 tem
626 3370 656 3407 a
684 3352 795 3409 Deo
826 3353 1037 3408 mitium
1062 3353 1247 3410 habet.
1275 3353 1368 3410 Sic
1389 3354 1534 3409 enim
1557 3354 1695 3410 dixit
1716 3354 1926 3427 Moyses
1953 3370 2080 3427 pro-

482 3446 646 3515 pheta
679 3463 693 3500 :
732 3463 752 3498 ι
790 3444 849 3501 In
882 3444 1154 3517 principio
1193 3443 1324 3500 fecit
1354 3446 1498 3502 Deus
1527 3445 1724 3503 ccelum
1767 3456 1822 3503 et
1851 3454 2075 3505 terram.

486 3534 653 3591 Terra
680 3544 859 3591 autem
889 3544 1009 3592 erat
1037 3534 1325 3591 invisibilis
1348 3543 1405 3591 et
1433 3536 1820 3608 incomposita,
1845 3547 1899 3594 et
1928 3547 2083 3594 tene-

485 3629 599 3685 brae
627 3636 784 3685 erant
822 3643 985 3700 super
1010 3627 1206 3685 faciem
1230 3628 1449 3702 abyssi,
1479 3639 1534 3685 et
1563 3628 1801 3701 Spiritus
1833 3631 1927 3686 Dei
1958 3639 2080 3687 erat

485 3736 648 3791 super
665 3735 848 3791 aquas
870 3716 1026 3793 (Gen.
1069 3721 1195 3787 1,1,
1242 3720 1322 3792 2).
1381 3739 1400 3773 ι
1443 3721 1544 3788 Qui
1589 3720 1825 3791 Spiritus
1865 3721 2078 3777 Domini

480 3809 637 3882 jussu
669 3810 824 3883 quasi
854 3811 969 3882 ipsa
994 3825 1187 3865 manus
1207 3809 1520 3866 Conditoris
1546 3810 1719 3865 lucem
1741 3812 2017 3881 separavit
2045 3828 2077 3867 a

483 3905 747 3967 tenebris,
772 3911 828 3958 et
865 3911 987 3974 post
1018 3902 1147 3957 illud
1168 3902 1439 3959 invisibile
1464 3903 1660 3958 caelum
1694 3902 1837 3960 istud
1865 3903 2079 3963 visibile

483 3997 765 4069 produxit,
813 4004 875 4052 ut
905 3996 1182 4066 superiora
1215 3996 1431 4066 quidem
1477 3996 1844 4053 habitaculum
1873 3996 2078 4055 faceret

484 4089 714 4160 angelis,
737 4087 996 4145 inferiora
1027 4102 1155 4144 vero
1181 4088 1512 4144 hominibus.
1544 4087 1773 4159 Propter
1801 4104 1898 4146 vos
1917 4087 2075 4160 jussu

484 4182 580 4238 Dei
607 4198 749 4253 aqua
802 4197 922 4253 qua:
965 4189 1083 4236 erat
1123 4194 1287 4251 super
1325 4178 1525 4236 faciem
1559 4189 1716 4235 terra:
1740 4181 1988 4247 secessit,
2016 4190 2077 4238 ut

481 4284 629 4333 terra
658 4275 812 4332 vobis
834 4276 1160 4347 produceret
1204 4273 1430 4330 fructus.
1460 4273 1559 4329 Cui
1591 4274 1754 4330 etiam
1786 4275 2075 4331 humerum

482 4387 651 4428 venas
687 4370 917 4426 latenter
968 4367 1197 4424 inseruit
1248 4377 1308 4423 ut
1355 4368 1507 4423 vobis
1529 4382 1597 4423 ex
1630 4383 1693 4424 ea
1743 4368 2076 4439 profluerent

482 4462 661 4519 fontes
706 4471 762 4518 et
806 4461 1047 4516 ﬂumina.
1077 4459 1307 4529 Propter
1341 4474 1441 4516 nos
1476 4461 1774 4531 producere
1797 4458 1951 4531 jussa
1992 4468 2077 4516 est

483 4553 783 4609 animantia
829 4562 884 4607 et
908 4552 1091 4608 omnia
1134 4567 1254 4621 qua:
1303 4560 1491 4606 nostro
1533 4553 1652 4607 usui
1699 4552 2074 4622 voluntatique

2183 3348 2240 3404 in
2268 3349 2427 3420 aquis
2458 3349 2581 3406 istis
2610 3350 2986 3408 misericordia
3014 3352 3132 3425 ejus
3157 3355 3402 3427 quaedam
3427 3372 3547 3428 quae
3581 3373 3649 3414 ex
3676 3357 3782 3414 iui-

2184 3440 2260 3497 tio
2289 3440 2566 3497 ferebatur
2594 3458 2759 3514 super
2803 3459 2918 3511 eas,
2956 3453 3012 3501 et
3054 3447 3301 3520 agnoscit
3328 3462 3423 3505 eos
3454 3448 3546 3520 qui
3595 3449 3781 3520 bapti-

2185 3541 2388 3587 zantur
2408 3534 2510 3588 sub
2530 3533 2890 3604 appellatione
2919 3535 3145 3607 triplicis
3165 3539 3512 3605 sacramenti,
3537 3547 3589 3595 et
3612 3539 3780 3611 eripit

2178 3635 2274 3678 eos
2300 3623 2369 3678 de
2398 3623 2695 3693 suppliciis,
2727 3622 2944 3691 futuris,
2976 3627 3133 3697 quasi
3156 3628 3356 3684 donum
3387 3629 3657 3700 quoddam
3696 3628 3782 3687 of-

2180 3710 2363 3771 ferens
2389 3715 2498 3770 Deo
2521 3714 2733 3772 animas
2754 3731 2851 3788 per
2878 3718 3207 3789 baptismum
3237 3729 3605 3777 consecratas.
3636 3721 3782 3779 Con-

2179 3800 2350 3874 fugite
2389 3820 2520 3877 ergo
2549 3805 2617 3861 ad
2642 3821 2814 3877 aquas
2844 3809 2996 3873 istas,
3024 3808 3152 3864 solae
3178 3818 3303 3865 sunt
3327 3811 3473 3867 enim
3501 3827 3623 3882 quae
3646 3828 3778 3885 pos-

2179 3906 2308 3952 sunt
2330 3897 2440 3952 vim
2491 3898 2660 3954 futuri
2691 3899 2831 3971 ignis
2852 3900 3222 3973 exstinguere.
3269 3904 3354 3958 Ad
3377 3919 3512 3984 quas
3536 3905 3630 3975 qui
3666 3920 3780 3962 mo-

2179 3999 2334 4047 ratur
2361 3993 2642 4058 accedere,
2667 4003 2888 4051 constat
2919 3995 2974 4052 in
3001 4011 3068 4053 eo
3093 3998 3274 4054 adhuc
3295 3998 3633 4057 infidelitatis
3664 4001 3777 4058 ido—

2177 4082 2289 4139 lum
2334 4099 2656 4155 permanere
2689 4127 2705 4152 ,
2754 4094 2810 4143 et
2855 4086 2925 4142 ab
2989 4086 3106 4159 ipso
3151 4089 3428 4161 prohiberi
3479 4091 3547 4148 ad
3606 4107 3778 4164 aquas

2176 4190 2473 4247 properare
2496 4190 2616 4248 quae
2637 4177 2868 4234 salutem
2898 4176 3210 4237 conferunt.
3243 4181 3371 4238 Sive
3399 4183 3544 4239 enim
3570 4183 3773 4255 justus,

2178 4265 2293 4322 sive
2307 4266 2377 4322 sit
2390 4264 2462 4335 inj
2470 4276 2642 4334 ustus,
2661 4268 2965 4338 baptismus
2977 4285 3074 4340 per
3091 4272 3276 4329 omnia
3303 4275 3647 4332 necessarius
3669 4285 3775 4344 est,

2172 4357 2324 4429 justo
2368 4359 2586 4429 quidem
2619 4368 2678 4415 ut
2712 4360 3075 4432 adimpleatur
3120 4363 3173 4418 in
3202 4378 3268 4419 eo
3299 4363 3561 4436 perfectio
3584 4374 3642 4422 et
3690 4382 3778 4424 re-

2178 4460 2468 4520 generetnr
2496 4450 2628 4518 Deo,
2654 4450 2854 4524 injusto
2879 4469 3010 4510 vero
3038 4464 3097 4510 ut
3118 4466 3468 4526 peccatorum
3498 4474 3619 4529 quae
3646 4474 3775 4532 ges-

2178 4540 2251 4594 sit
2273 4540 2525 4597 remissio
2555 4543 2906 4600 concedatur.
2946 4543 3212 4604 Omnibus
3250 4562 3381 4620 ergo
3404 4547 3775 4608 festinandum

482 4645 769 4700 servirent.
806 4644 887 4697 An
919 4657 1026 4697 non
1067 4618 1289 4713 propter
1318 4656 1415 4697 vos
1450 4644 1595 4698 venti
1636 4642 1885 4713 spirant?
1917 4618 2073 4697 “(ex
2102 4618 2154 4680 D
2178 4637 2263 4685 est
2302 4630 2423 4687 sine
2469 4648 2619 4689 mora
2645 4637 2859 4692 renasci
2886 4637 3017 4703 Deo,
3040 4646 3097 4693 et
3119 4639 3337 4696 demum
3364 4643 3676 4714 consignari
3705 4644 3775 4701 ab

482 4735 615 4807 ipsis
645 4734 957 4806 concipiens
994 4731 1202 4788 fructus
1227 4733 1383 4788 vobis
1406 4740 1550 4787 terra
1579 4734 1886 4804 parturiat?
1927 4733 2072 4789 Non-

482 4841 550 4880 ne
576 4834 799 4897 propter
826 4838 920 4879 vos
953 4823 1155 4878 imbres
1189 4821 1460 4893 proﬂuunt
1499 4832 1553 4877 et
1586 4832 1828 4894 tempora
1857 4824 2072 4880 vicissi-

484 4919 700 4974 tudines
730 4918 974 4973 mutant?
1010 4915 1149 4972 Num
1194 4926 1415 4987 propter
1441 4932 1537 4973 vos
1568 4916 1649 4972 sol
1674 4918 1869 4983 oritur,
1896 4926 1953 4973 et
1979 4934 2072 4974 oc-

485 5009 633 5073 cidit,
691 5019 747 5065 et
801 5010 1135 5064 mutationes
1183 5009 1308 5063 luna
1356 5010 1689 5080 perpetitur?
1727 5018 1949 5082 propter
1978 5026 2077 5069 vos

482 5117 633 5157 mare
662 5102 883 5156 exhibet
922 5101 1238 5155 famulatum
1296 5115 1477 5167 suum,
1532 5108 1590 5154 ut
1640 5100 1795 5155 vobis
1850 5102 2079 5173 ingratis

484 5206 678 5253 cuncta
703 5195 1061 5266 subiaceant?
1082 5195 1270 5252 Nonne
1295 5210 1395 5267 pro
1425 5195 1512 5251 his
1530 5196 1781 5265 omnibus
1801 5198 1949 5268 justa
1974 5198 2082 5255 erit

484 5288 708 5344 ultionis
762 5300 951 5357 pwna,
1008 5286 1135 5355 quia
1208 5287 1401 5341 horum
1466 5285 1708 5341 omnium
1761 5286 2076 5359 largitorem

482 5395 644 5450 quem
672 5387 797 5433 ante
817 5378 1001 5433 omnia
1027 5384 1083 5432 et
1111 5392 1407 5448 agnoscere
1429 5386 1484 5432 et
1506 5378 1757 5434 venerari
1782 5378 2072 5447 debuistis,
2096 5373 2099 5377 ’

483 5470 653 5526 solum
673 5471 775 5541 12
793 5485 903 5541 prae
925 5470 1139 5525 cmteris
1157 5470 1446 5542 ignoratis?
1462 5469 1567 5525 Sed
1589 5480 1643 5524 et
1660 5486 1804 5526 nunc
1818 5471 2075 5540 peridem

478 5577 576 5617 vos
598 5564 774 5618 adhuc
794 5562 849 5617 in
879 5560 1287 5631 intelligentiam
1314 5561 1433 5630 ejus
1458 5562 1616 5617 dttCo.
1643 5562 1850 5618 Videtis
1872 5565 2074 5619 etenim

482 5650 625 5721 quod
646 5651 826 5707 omnia
860 5652 1153 5724 gignuntur
1188 5667 1255 5707 ex
1287 5653 1468 5722 aquis,
1496 5668 1636 5724 aqua
1663 5669 1791 5710 vero
1818 5670 1917 5725 per
1940 5654 2075 5711 Uni-

482 5746 721 5818 gcnitum
768 5761 834 5801 ex
858 5746 1013 5801 initio
1062 5744 1199 5800 facta
1240 5755 1343 5809 est,
1375 5744 1645 5816 Unigcniti
1676 5761 1805 5800 vero
1829 5745 2076 5816 omnipo-

483 5844 605 5894 tens
630 5838 775 5894 Deus
803 5846 965 5911 caput
991 5845 1096 5906 est,
1138 5852 1236 5909 per
1261 5851 1419 5910 quem
1451 5837 1542 5892 tali
1570 5837 1781 5907 ordine,
1825 5846 1884 5894 ut
1907 5854 2073 5910 supra

2180 4724 2455 4797 episcopo,
2484 4726 2536 4783 id
2557 4737 2661 4795 est,
2685 4729 3052 4801 scptiformem
3077 4735 3307 4806 gratiam
3335 4735 3571 4808 Spiritus
3599 4738 3775 4794 sancti

2181 4819 2479 4888 percipere,
2524 4822 2651 4890 quia
2698 4821 2939 4879 incertus
2993 4834 3079 4881 est
3121 4826 3544 4901 uniuscujusque
3592 4831 3775 4887 exitus

2179 4909 2324 4965 vitaz.
2355 4908 2490 4965 Cum
2533 4920 2715 4968 autem
2747 4925 3103 4986 regeneratus
3132 4917 3300 4974 fuerit
3334 4936 3431 4991 per
3465 4936 3685 4991 aquam,
3718 4931 3776 4980 et

2178 5002 2522 5069 postmodum
2564 5003 2899 5074 septiformis
2929 5004 3166 5078 Spiritus
3201 5010 3371 5079 gratia
3402 5011 3469 5066 ab
3493 5011 3771 5085 episcopo,

2180 5100 2240 5145 ut
2257 5101 2616 5148 memoratum
2639 5103 2744 5163 est,
2769 5096 3145 5166 confirmatus,
3160 5100 3284 5170 quia
3313 5101 3472 5157 aliter
3495 5101 3774 5172 perfectus

2179 5195 2300 5237 esse
2361 5182 2704 5241 Christianus
2761 5201 3102 5259 nequaquam
3147 5192 3380 5265 poterit,
3438 5208 3541 5250 nec
3587 5194 3773 5251 sedem

2179 5274 2380 5331 habere
2427 5276 2571 5331 inter
2614 5277 2887 5347 perfectos
2915 5281 2961 5335 si
3009 5296 3120 5337 non
3164 5286 3514 5351 necessitate,
3552 5286 3647 5342 sed
3696 5287 3774 5344 im

2180 5368 2329 5422 curia
2362 5376 2455 5422 aut
2509 5368 2789 5427 voluntate
2837 5373 3180 5440 remanserit,
3222 5383 3344 5431 uta
3389 5375 3551 5433 beato
3605 5375 3774 5435 Petro

2181 5461 2423 5531 apostolo
2470 5463 2778 5528 accepimus
2806 5474 2861 5520 et
2903 5467 3088 5523 caeteri
3116 5469 3292 5526 sancti
3328 5471 3554 5543 apostoli
3580 5473 3774 5544 prteci‘

2179 5552 2360 5622 piente
2387 5553 2613 5609 Domino
2640 5555 2963 5623 docuerunt,
2985 5566 3040 5613 et
3060 5558 3276 5615 demum
3299 5577 3368 5617 ex
3388 5564 3643 5633 operibus
3670 5564 3772 5619 bo-

2182 5645 2265 5699 nis
2286 5646 2534 5701 ostendat
2557 5647 2609 5701 in
2634 5664 2693 5703 se
2713 5648 3117 5707 similitudinem
3142 5651 3281 5721 ejus,
3300 5655 3390 5723 qui
3406 5669 3530 5709 eum
3558 5655 3769 5727 genuit,

2179 5736 2378 5792 Patris.
2403 5737 2531 5794 Post
2556 5740 2671 5796 hac
2697 5757 2828 5798 vero
2868 5751 3128 5816 agnoscat
3155 5742 3442 5801 Dominum
3473 5747 3769 5817 honorare,

2179 5835 2355 5891 honor
2404 5845 2584 5893 autem
2632 5837 2750 5908 ejus
2798 5848 2904 5907 est,
2934 5848 2996 5896 ut
3038 5839 3291 5896 itavivat
3309 5841 3451 5898 sicut
3473 5841 3588 5913 ipse
3613 5842 3764 5911 vult;
