4012 6466
200 411 268 468 51
978 404 991 414 ’
1404 407 1898 467 DECRETALIUM
1934 407 2336 468 COLLECTIO.
3405 406 3476 465 58

193 523 309 583 vult
344 512 492 581 enim
513 536 952 597 unumquemque
980 524 1059 582 ita
1083 524 1287 589 vivere,
1318 532 1378 578 ut
1402 523 1774 590 homicidium,
1804 539 1853 596 Α
1878 521 1993 594 26).
2023 523 2105 601 Ad
2132 523 2397 593 quosdam
2418 536 2550 594 ergo
2573 536 2639 578 ex
2671 519 2827 593 ipsis,
2859 534 2966 576 non
2997 519 3066 577 ad
3092 533 3305 587 omnes,
3334 519 3481 575 dice-

190 629 248 677 et
299 617 632 675 adulterium
669 619 899 685 nesciat,
929 620 1113 675 odium
1142 628 1200 674 et
1237 618 1524 675 avaritiam
1583 618 1785 688 fugiat,

191 712 355 775 iram,
384 708 720 780 superbiam,
760 708 1082 780 jactantiam
1112 718 1335 781 respuat
1357 718 1413 763 et
1446 716 1785 765 exsecretur.

188 802 457 860 Invidiam
478 817 698 875 quoque
719 813 777 860 et
812 813 1015 861 cetera
1050 805 1137 860 bis
1166 804 1363 860 similia
1385 803 1605 874 penitus
1641 802 1708 857 ad
1729 816 1790 857 se

188 893 361 950 ducat
407 893 608 949 aliena.
646 893 745 951 Est
769 910 902 951 sane
924 896 1143 967 propria
1168 895 1416 966 quaedam
1440 903 1641 950 nostra:
1666 893 1793 950 reli-

189 990 372 1063 gionis
399 990 766 1056 observantia,
798 1005 919 1062 quae
945 1004 1055 1045 non
1083 999 1191 1045 tam
1218 988 1513 1060 imponitur
1553 987 1791 1043 homini-

188 1082 301 1138 bus
332 1096 497 1152 quam
537 1081 758 1153 proprie
786 1084 857 1138 ab
884 1097 1210 1153 unoquoque
1260 1080 1548 1137 Dominum
1579 1078 1792 1135 colente

189 1187 361 1230 causa
388 1173 646 1243 puritatis
666 1174 962 1245 expetitur,
985 1175 1054 1229 de
1071 1173 1409 1229 castimoniae
1436 1173 1559 1229 dico
1578 1170 1793 1227 cautela

190 1264 353 1336 cujus
384 1264 595 1337 species
643 1265 829 1322 multa:
875 1274 1023 1323 sunt.
1055 1265 1166 1322 Sed
1214 1276 1277 1323 ut
1310 1265 1490 1338 primo
1538 1265 1795 1321 observet

193 1358 601 1428 unusquisque,
624 1373 694 1413 ne
727 1367 1081 1415 menstruatre
1103 1358 1315 1414 mulieri
1342 1359 1659 1424 misceatur,
1690 1359 1794 1414 hoc

190 1449 345 1507 enim
368 1449 705 1507 exsecrabile
717 1450 867 1507 ducit
890 1450 974 1507 lex
1004 1450 1236 1506 Domini.
1263 1449 1416 1517 Quod
1443 1450 1488 1505 si
1510 1449 1595 1505 lex
1617 1449 1685 1505 de
1709 1448 1795 1504 his

189 1555 311 1594 non
332 1539 691 1606 admonisset,
718 1555 818 1596 nos
846 1549 907 1595 ut
926 1539 1090 1598 catuli
1113 1540 1347 1596 libenter
1379 1539 1718 1596 volveremur
1737 1538 1792 1593 in

188 1639 465 1688 stercore.
485 1630 758 1688 Debemus
795 1631 1001 1703 aliquid
1045 1632 1278 1703 amplius
1317 1632 1519 1688 habere
1548 1629 1797 1687 animali-

185 1718 322 1787 bus,
350 1729 539 1794 utpote
582 1721 938 1780 rationabiles
981 1724 1232 1780 homines
1257 1733 1314 1779 et
1342 1723 1642 1779 caelestium
1666 1737 1792 1777 sen-

186 1827 358 1869 suum
398 1827 647 1885 capaces,
693 1815 894 1885 quibus
935 1816 1135 1873 summi
1190 1816 1353 1874 studii
1382 1831 1505 1874 esse
1541 1815 1702 1873 debet
1726 1814 1796 1870 ab

1886 617 1981 673 bat
2008 634 2022 671 :
2054 616 2146 672 Va:
2172 615 2345 679 vobis,
2372 616 2576 670 Scriba:
2602 624 2658 671 et
2692 613 2952 670 Pharisaei
3000 612 3316 685 hypocrita,
3354 610 3482 682 quia

1888 708 2165 765 mundatis
2190 707 2377 763 calicis
2402 715 2459 763 et
2485 706 2791 778 paropsidis
2811 706 2955 776 quod
2977 703 3182 760 deforis
3202 711 3304 770 est,
3337 703 3483 758 intus

1888 806 2069 854 autem
2101 800 2256 870 plena
2285 808 2408 856 sunt
2442 800 2709 855 sordibus.
2761 798 3036 854 Pharisaee
3081 812 3247 863 cmce,
3278 794 3482 852 munda

1888 891 2041 963 prius
2072 890 2217 961 quod
2259 892 2407 947 intus
2436 899 2541 958 est,
2594 899 2650 945 et
2678 889 2825 962 quod
2848 888 3054 945 deforis
3079 896 3164 945 est
3191 887 3298 944 erit
3329 902 3485 942 mun-

1890 984 2036 1040 dum.
2078 983 2219 1041 Vere
2259 983 2406 1039 enim
2439 982 2485 1038 si
2535 997 2688 1038 mens
2724 981 3016 1038 mandetur
3048 980 3170 1037 luce
3215 979 3477 1045 scientiae,

1890 1092 2016 1132 eum
2042 1078 2156 1147 ipsa
2187 1076 2352 1132 fuerit
2382 1077 2581 1132 munda
2603 1090 2667 1132 ac
2695 1074 3000 1147 splendida,
3031 1083 3158 1130 tunc
3186 1074 3349 1130 etiam
3368 1072 3489 1142 ejus

1892 1167 2293 1240 quideforisest
2307 1168 2542 1225 hominis
2558 1168 2674 1238 ipsa
2700 1168 3010 1224 necessario
3030 1182 3217 1223 curam
3245 1165 3414 1237 gerit,
3432 1165 3488 1222 id

1893 1263 2173 1320 estcarnis
2191 1277 2317 1326 suae,
2335 1271 2395 1317 ut
2419 1263 2535 1332 ipsa
2562 1260 2908 1333 puriﬁeetur;
2932 1260 3020 1316 ubi
3038 1269 3218 1315 autem
3236 1259 3340 1314 ista
3367 1273 3489 1329 qua:

1893 1355 2100 1411 deforis
2117 1364 2203 1412 est
2244 1354 2554 1427 purificatio
2579 1355 2764 1411 carnis
2807 1353 3120 1426 negligitur,
3151 1363 3363 1409 certum
3406 1358 3494 1409 est

1893 1462 2070 1517 neque
2097 1447 2164 1503 de
2188 1447 2429 1518 puritate
2458 1448 2655 1503 mentis
2697 1462 2764 1503 ae
2793 1446 3058 1503 munditia
3090 1445 3272 1503 cordis
3300 1460 3490 1502 curam

1894 1539 2032 1610 geri.
2085 1538 2166 1594 Ita
2193 1554 2325 1612 ergo
2363 1539 2427 1594 ﬁt
2453 1547 2513 1594 ut
2551 1539 2600 1595 is
2642 1538 2735 1610 qui
2770 1539 3100 1595 intrinsecus
3147 1537 3382 1593 mundus
3409 1543 3494 1592 est

1895 1633 2189 1688 mundetur
2222 1632 2341 1689 sine
2385 1632 2552 1691 dubio
2605 1639 2661 1689 et
2693 1633 3079 1698 extrinsecus;
3118 1646 3226 1687 non
3281 1644 3495 1701 semper

1895 1732 2074 1779 autem
2090 1724 2138 1781 is
2156 1724 2250 1795 qui
2278 1726 2571 1780 mandatur
2590 1724 2954 1791 extrinsecus,
2982 1723 3149 1779 etiam
3166 1722 3496 1780 intrinsecus

1896 1820 2129 1875 mundus
2165 1828 2272 1885 est,
2300 1818 2552 1874 videlicet
2584 1832 2709 1874 eum
2759 1816 2873 1886 agit
2911 1816 3027 1872 haec
3079 1824 3143 1872 ut
3184 1813 3498 1872 hominibus

184 1907 350 1963 omni
377 1908 788 1979 inquinamento
820 1910 1005 1966 cordis
1062 1910 1453 1967 conscientiam
1495 1908 1789 1966 custodire.
1821 1903 1869 1965 Β
1897 1911 2133 1985 placeat,
2163 1910 2259 1968 sed
2304 1920 2360 1967 et
2389 1910 2480 1966 illa
2510 1910 2721 1982 species
2764 1908 3104 1966 castimonia:
3149 1908 3492 1965 observanda

183 1997 411 2056 Bonum
432 2008 518 2057 est
545 2009 727 2057 autem
757 2010 811 2058 et
835 2002 1063 2073 puritati
1096 2002 1432 2059 conveniens
1472 2002 1639 2057 etiam
1667 2016 1794 2057 cor-

184 2106 303 2164 pus
328 2105 474 2163 aqua
499 2092 731 2150 diluere;
770 2093 982 2151 Bonum
1007 2108 1139 2150 vero
1162 2094 1284 2151 dico
1313 2109 1421 2150 non
1465 2092 1619 2165 quasi
1645 2091 1797 2163 prin-

185 2180 378 2252 cipale
407 2181 538 2238 illud
561 2183 619 2238 in
640 2199 748 2254 quo
767 2199 926 2241 mens
941 2183 1280 2256 purificatur,
1315 2182 1409 2239 sed
1431 2181 1575 2255 quod
1601 2197 1795 2254 seque-

186 2272 238 2329 la
277 2272 353 2329 sit
373 2272 519 2330 illius
543 2275 671 2332 boui
694 2275 821 2343 hoc,
843 2276 900 2332 in
929 2292 1039 2347 quo
1064 2290 1191 2331 caro
1212 2275 1458 2341 diluitur,
1485 2275 1627 2331 sicut
1649 2274 1798 2330 enim

187 2375 249 2422 et.
329 2364 595 2439 Magister
654 2377 844 2426 noster
923 2367 1191 2440 quosdam
1273 2366 1672 2423 Pharisaeorum
1742 2373 1802 2422 et

188 2454 546 2523 Scribarum,
572 2457 662 2528 qui
698 2458 1025 2515 videbantur
1067 2473 1190 2515 esse
1212 2457 1425 2515 caeteris
1474 2456 1726 2514 meliores
1744 2465 1800 2511 et

188 2563 220 2604 a
257 2548 430 2621 vulgo
455 2550 714 2621 separati,
752 2550 1088 2623 increpabat,
1120 2552 1308 2608 dicens
1337 2566 1432 2607 eos
1463 2551 1797 2623 hypocritas,

191 2638 323 2710 quia
351 2652 425 2695 eo
474 2638 814 2698 solummodo
837 2657 961 2714 qua:
988 2642 1297 2702 hominibus
1326 2642 1668 2709 videbantur,
1701 2658 1798 2712 puo

192 2728 509 2794 riﬁcabant,
535 2731 699 2787 corda
723 2746 875 2800 vero,
899 2747 1022 2804 quae
1039 2732 1187 2789 solus
1211 2733 1355 2790 Deus
1380 2732 1595 2805 aspicit,
1619 2732 1801 2804 inqui-

194 2829 328 2880 nata
386 2821 768 2896 relinquebant
818 2834 876 2883 et
938 2826 1157 2884 sordida
1214 2825 1453 2901 (Matth.
1502 2842 1663 2893 χχιιι,
1707 2824 1805 2893 25,

1902 2011 2010 2069 est,
2051 2003 2129 2058 uti
2169 2019 2238 2059 ne
2266 2003 2468 2074 passim
2511 2010 2568 2058 et
2612 2000 2853 2057 libidinis
2883 1999 3053 2056 solius
3084 2012 3251 2056 causa
3280 1997 3497 2056 feminis

1902 2106 2060 2153 coeat
2101 2095 2246 2167 quis,
2289 2095 2384 2152 sed
2428 2093 2766 2167 posteritatis
2807 2092 3124 2165 reparanda“:
3152 2091 3347 2165 gratia,
3376 2106 3498 2165 quae

1901 2189 2387 2248 observantia'eum
2400 2188 2564 2243 etiam
2580 2188 2634 2243 in
2649 2187 2923 2244 nonnullis
2935 2184 3233 2259 pecudibus
3250 2185 3494 2243 iuveniao

1903 2290 2014 2349 tur,
2044 2281 2268 2354 pudoris
2289 2290 2373 2336 est
2399 2281 2446 2335 si
2473 2295 2580 2336 non
2615 2279 2684 2335 ab
2709 2279 2963 2336 omnibus
3000 2276 3419 2334 rationabilibus
3443 2284 3500 2332 et

1905 2373 2078 2429 Deum
2123 2372 2426 2430 colentibus
2453 2374 2794 2429 observetur.
2846 2372 2990 2444 Ergo
3025 2385 3217 2428 omnes
3240 2383 3501 2442 peccave—

1907 2474 2053 2530 runt,
2081 2473 2138 2519 et
2156 2472 2320 2534 egent
2338 2463 2540 2520 auxilio
2562 2463 2678 2520 Dei.
2705 2462 2940 2535 Propter
2968 2461 3139 2534 quod,
3166 2457 3496 2527 ebarissimi,

1905 2558 2190 2614 sectamini
2221 2574 2437 2629 semper
2464 2559 2788 2615 cbaritatem
2814 2568 2870 2615 et
2894 2556 3227 2613 aamulamini
3271 2554 3500 2611 meliora

1905 2658 1960 2705 et
1988 2651 2310 2720 spiritualia,
2370 2660 2426 2707 et
2479 2650 2732 2721 adjuvate
2759 2666 2857 2707 vos
2885 2650 3140 2718 invicem,
3163 2658 3226 2706 ut
3270 2647 3499 2706 Domino

1905 2758 2120 2815 semper
2145 2744 2201 2801 in
2247 2745 2499 2802 omnibus
2521 2744 2735 2817 placere
2757 2743 3005 2801 valeatis.
3036 2744 3233 2800 Amen.

622 3146 1130 3277 EPISTOLA
1192 3146 1594 3242 QUINTA
1660 3142 2027 3226 SANCTI
2118 3141 2712 3223 CLEMENTIS
2795 3140 3076 3221 PAPIE

541 3329 632 3393 De
660 3332 972 3395 communi
1001 3331 1160 3407 vita,
1191 3331 1457 3415 reliquis
1485 3332 1620 3394 suis
1648 3327 1987 3413 discipulis
2016 3331 2261 3412 scripta
2295 3331 2881 3415 Hierosolymisque
2910 3330 3171 3394 directa.

272 3520 659 3578 Dilectissimis
688 3520 966 3587 fratribus,
1002 3531 1057 3579 et
1077 3521 1459 3594 condiscipulis
1483 3520 1793 3595 Hierosoly-
1820 3516 1867 3581 C
1898 3524 2087 3578 domos
2121 3520 2208 3576 vel
2244 3535 2405 3592 agros
2424 3519 2775 3591 possidebant
2796 3518 3103 3575 vendebant
3122 3533 3237 3587 eos,
3260 3528 3314 3576 et
3329 3522 3503 3593 pretia

199 3617 309 3673 mis
324 3631 453 3673 cum
476 3616 798 3673 charissimo
813 3616 979 3674 fratre
990 3617 1190 3674 Jacobo
1210 3618 1530 3690 coepiseOpO
1547 3619 1809 3674 habitam"

205 3710 377 3775 tibus,
400 3709 657 3767 Canens
675 3712 979 3783 episcOpus.

272 3800 598 3857 Communis
620 3801 752 3867 vita,
781 3801 997 3869 fratres,
1015 3803 1265 3859 omnibus
1292 3805 1595 3861 necessaria
1618 3814 1720 3869 est,
1743 3814 1798 3860 et

202 3891 448 3948 maxime
476 3891 560 3947 his
595 3891 688 3962 qui
719 3892 828 3948 Deo
864 3892 1410 3964 irreprehensibilitcr
1435 3895 1668 3950 militare
1707 3911 1801 3951 eu-

205 3984 392 4054 piunt,
415 3989 474 4038 et
496 3985 662 4039 vitam
688 3984 1050 4055 apostolorum
1081 4001 1380 4058 eorumque
1412 3987 1798 4060 discipulorum

204 4074 417 4129 imitari
447 4074 654 4129 volunt.
696 4075 1010 4133 Communis
1038 4077 1181 4132 enim
1232 4092 1362 4134 usus
1405 4079 1648 4135 omnium
1679 4096 1801 4151 qua:

206 4175 340 4221 sunt
378 4166 432 4221 in
460 4167 563 4223 hoc
587 4168 788 4224 mundo
818 4169 1070 4226 omnibus
1098 4182 1219 4226 esse
1246 4170 1553 4227 hominibus
1596 4172 1799 4240 debuit,

206 4258 304 4314 sed
334 4273 434 4328 per
475 4258 815 4329 iniquitatem
860 4259 998 4316 alius
1028 4276 1187 4316 suum
1230 4276 1351 4318 esse
1382 4262 1538 4328 dixit,
1586 4262 1802 4319 ctalius

204 4347 383 4413 istud,
406 4355 461 4405 et
494 4351 573 4404 sic
605 4350 747 4407 inter
769 4352 1027 4409 mortales
1050 4352 1189 4409 facta
1215 4355 1408 4411 divisio
1431 4365 1531 4411 est.
1561 4356 1804 4428 Denique

207 4441 530 4498 Grzecorum
564 4443 782 4513 quidem
839 4445 1291 4516 sapientissimus,
1345 4448 1461 4503 luce
1509 4448 1581 4502 ita
1627 4449 1805 4505 sciens

204 4547 362 4597 esse,
391 4533 464 4587 ait
513 4535 825 4590 communia
857 4536 1053 4593 debere
1084 4552 1207 4594 esse
1256 4538 1556 4594 amicorum
1600 4542 1837 4597 omnia..

206 4624 266 4680 ln
298 4624 554 4680 omnibus
583 4634 764 4681 autem
821 4636 945 4683 sunt
990 4628 1107 4684 sine
1139 4628 1302 4684 dubio
1323 4639 1378 4685 et
1421 4628 1697 4702 eonjuges.
1741 4632 1806 4687 Et

207 4718 365 4773 sicut
391 4732 494 4773 non
522 4726 727 4788 potest,
760 4718 955 4790 inquit,
1002 4719 1165 4775 dividi
1204 4735 1299 4774 aer
1339 4737 1515 4793 neque
1556 4722 1811 4793 splendor

208 4810 375 4874 solis,
396 4810 466 4865 ita
494 4824 596 4865 nec
632 4810 836 4882 reliqua
866 4827 986 4882 qua:
1007 4814 1367 4869 communiter
1389 4815 1444 4869 in
1477 4814 1581 4871 hoc
1609 4816 1808 4874 mundo

1896 3630 2083 3672 eorum
2098 3624 2152 3670 et
2166 3613 2399 3684 reliquas
2415 3627 2502 3668 res
2516 3627 2653 3683 quas
2664 3612 2957 3677 habebant,
2976 3609 3276 3667 all‘erebant
3299 3626 3503 3683 ponen-

1900 3717 1982 3764 tes
1996 3717 2122 3763 ante
2135 3710 2297 3779 pedes
2314 3705 2682 3778 apostolorum
2706 3705 2845 3777 (Act.
2869 3720 2945 3771 IV,
2963 3703 3052 3771 52,
3068 3704 3162 3772 5d,
3180 3705 3294 3776 '55),
3318 3725 3338 3758 ι
3362 3706 3506 3762 sicut

1898 3800 2181 3857 nobiseum
2195 3799 2412 3871 quidam
2426 3805 2667 3855 vestrum
2694 3807 3061 3869 cognoverunt
3080 3805 3136 3852 et
3147 3797 3423 3864 viderunt;
3450 3804 3507 3853 et

1900 3892 2211 3948 dividebant
2224 3890 2467 3962 singulis,
2485 3899 2647 3961 prout
2658 3890 2853 3961 cuique
2865 3903 3004 3958 opus
3015 3886 3194 3959 erat(l
3204 3888 3334 3953 οἱα..
3351 3886 3498 3957 55).)

1899 3984 2142 4039 Ananias
2175 3990 2357 4040 autem
2384 3984 2471 4038 vir
2512 3990 2784 4048 austeras,
2825 3989 2879 4037 et
2926 3980 3161 4051 Zaphira
3189 3994 3326 4036 uxor
3359 3977 3504 4049 ejus,

1902 4077 1996 4149 qui
2032 4077 2243 4132 mentiti
2293 4085 2420 4133 sunt
2446 4075 2706 4149 apostolis
2754 4076 2821 4131 de
2861 4075 3040 4147 pretio
3073 4088 3329 4145 agrorum
3373 4088 3503 4131 suo-

1903 4187 2024 4226 rum
2041 4186 2176 4242 quos
2190 4171 2567 4236 vendiderant,
2583 4168 2739 4226 nobis
2759 4166 3118 4240 praesentibus
3140 4167 3195 4222 in
3211 4174 3505 4238 conspectu

1904 4263 2146 4319 omnium
2182 4263 2499 4328 astantimn,
2551 4278 2583 4317 a
2623 4271 2918 4332 conspectu
2965 4260 3335 4331 apostolorum
3380 4275 3507 4331 pro-

1905 4364 2029 4426 pter
2061 4365 2343 4425 peccatum
2367 4370 2554 4410 eorum
2574 4396 2590 4420 ,
2618 4364 2672 4411 et
2694 4354 3034 4410 mendacium
3066 4353 3210 4423 quod
3239 4352 3505 4418 fecerunt,

1906 4448 2106 4503 mortui
2130 4447 2295 4503 delati
2321 4455 2451 4503 sunt
2483 4446 2644 4503 ambo
2688 4446 2829 4519 (Act.
2869 4461 2924 4512 v,
2956 4446 2983 4501 1
3017 4457 3065 4500 et
3102 4444 3257 4517 seq.).
3300 4445 3509 4501 Caetera

1910 4554 2031 4610 qua:
2055 4540 2122 4595 de
2154 4540 2351 4596 talibus
2379 4541 2732 4611 cognovimus
2757 4548 2812 4596 et
2840 4539 3093 4605 vidimus,
3123 4553 3226 4594 nec
3256 4539 3509 4595 recorda-

1913 4632 2083 4699 tione,
2125 4647 2225 4689 nee
2276 4632 2740 4689 demonstratione
2786 4633 2946 4704 digna
2994 4642 3138 4689 sunt.
3165 4631 3510 4703 Quapropter

1911 4722 2028 4777 haec
2056 4720 2210 4777 vobis
2234 4723 2472 4778 cavenda
2501 4723 2842 4789 mandamus,
2866 4731 2922 4777 et
2949 4723 3212 4778 doctrinis
3254 4731 3310 4777 et
3333 4736 3509 4777 exem-

1911 4812 2016 4885 plis
2046 4813 2419 4884 apostolorum
2466 4813 2690 4869 obedire
2738 4813 3106 4883 praecipimus,
3138 4812 3266 4883 quia
3313 4811 3369 4867 hi
3415 4810 3509 4881 qui

208 4900 468 4955 omnibus
516 4900 644 4955 data
675 4910 802 4956 sunt
829 4902 899 4957 ad
924 4901 1232 4958 habendum
1259 4904 1425 4960 dividi
1457 4906 1679 4973 debere,
1712 4908 1808 4964 sed
1835 4889 1889 4951 Ῑ)
1913 4906 2165 4961 mandata
2221 4920 2409 4963 eorum
2462 4916 2811 4977 postponunt,
2867 4924 2975 4964 non
3025 4907 3199 4962 solum
3240 4906 3356 4971 rei,
3413 4905 3507 4961 sed

208 4991 466 5046 habenda
509 5007 632 5047 esse
660 4995 991 5049 communia.
1023 4993 1175 5050 Unde
1196 5004 1251 5050 et
1277 4996 1535 5053 Dominus
1562 5014 1659 5070 per
1682 5016 1809 5071 pro-

205 5084 434 5155 phetam
450 5083 707 5154 loquitur,
724 5086 935 5141 dicens:
959 5105 978 5139 ι
1003 5088 1138 5142 Ecce
1153 5102 1313 5157 quam
1334 5089 1553 5157 bonum,
1581 5087 1634 5146 ἐι
1650 5106 1813 5162 quam

201 5172 538 5245 jucundum,
552 5175 799 5229 habitare
813 5174 1007 5231 fratres
1026 5177 1077 5230 in
1102 5194 1265 5232 unum
1283 5176 1457 5251 (Psal.
1474 5195 1683 5248 cxxxu,
1701 5180 1775 5253 l),
1789 5202 1810 5236 ι

207 5272 276 5321 et
304 5265 528 5336 reliqua.
555 5264 717 5321 Istius
752 5268 895 5322 enim
948 5268 1353 5324 consuetudinis
1381 5285 1531 5326 more
1574 5280 1805 5340 retento,

213 5358 392 5414 etiam
413 5358 648 5431 apostoli
673 5374 972 5429 eorumque
993 5360 1241 5430 discipuli
1267 5360 1348 5435 (ut
1362 5363 1678 5433 praedictum
1702 5365 1807 5437 est)

212 5469 338 5510 una
351 5455 630 5513 nobiseum
652 5465 707 5512 et
725 5454 1007 5512 vobiscum
1032 5471 1372 5513 communem
1395 5458 1560 5514 vitam
1582 5459 1803 5525 duxere,

214 5547 374 5604 unde
392 5550 472 5621 (ut
496 5551 634 5607 bene
677 5547 871 5619 nostis)
907 5567 927 5601 ‹
962 5559 1079 5605 erat
1118 5549 1475 5608 multitudinis
1502 5567 1689 5609 eorum
1714 5569 1810 5610 cor

216 5654 396 5696 unum
416 5649 471 5698 et
508 5641 849 5707 anima'una,
891 5656 992 5698 nec
1029 5641 1317 5714 quisquam
1353 5657 1542 5699 eorum
1583 5653 1677 5702 aut
1716 5663 1815 5704 no-

220 5740 404 5789 strum
430 5732 602 5790 dehis
631 5747 753 5804 qua:
776 5732 1085 5804 possidebat
1106 5734 1310 5806 aliquid
1348 5750 1505 5792 suum
1528 5751 1649 5793 esse
1671 5737 1816 5793 dice-

223 5822 463 5887 bat,sed
488 5823 671 5879 omnia
695 5822 801 5879 illis
843 5832 898 5879 et
942 5825 1100 5882 nobis
1143 5835 1297 5881 erant
1351 5828 1680 5895 communia,
1714 5844 1817 5886 nec

222 5910 521 5986 quisquam
547 5928 715 5989 egens
742 5923 862 5974 erat
910 5916 1054 5975 inter
1092 5931 1209 5974 nos.
1254 5917 1455 5975 Omnes
1482 5928 1679 5994 autem
1722 5921 1817 5993 qui

1916 5004 2167 5053 extorres
2195 4996 2351 5052 fiunt.
2399 4997 2530 5065 Quae
2558 5013 2664 5053 non
2705 4997 2880 5054 solani
2919 4996 3075 5054 nobis
3113 4997 3375 5064 cavenda,
3414 4996 3508 5053 sed

1916 5087 2170 5142 clunibus
2200 5088 2542 5158 praedicanda
2578 5098 2726 5144 sunt.
2894 5076 2899 5081 ’

1990 5178 2239 5236 Relatum
2263 5190 2347 5236 est
2379 5183 2699 5253 etiamquod
2723 5184 2939 5253 quidam
2970 5184 3022 5238 in
3051 5184 3246 5240 vestris
3266 5183 3509 5254 partibus

1917 5279 2339 5341 commorantes,
2353 5274 2709 5330 adversantur
2730 5276 3174 5344 sanis-doctrinis,
3191 5277 3511 5347 etprouteis

1915 5360 2151 5428 videtur,
2212 5379 2320 5419 non
2373 5365 2666 5421 secundum
2698 5367 3071 5439 traditionem
3118 5368 3360 5435 Patrum,
3414 5368 3509 5422 scd

1910 5451 2066 5524 juxta
2095 5470 2314 5512 sensum
2344 5472 2500 5513 suum
2549 5458 2746 5515 docere
2797 5458 3072 5515 videntur.
3123 5459 3319 5515 Multas
3359 5458 3506 5513 enim

1916 5548 2158 5619 quidam,
2174 5560 2234 5606 ut
2250 5552 2572 5617 audivimus,
2593 5562 2901 5609 vestrarum
2925 5554 3186 5626 partium,
3211 5554 3507 5610 secundum

1916 5640 2190 5713 ingenium
2217 5644 2493 5701 hominum
2520 5662 2585 5703 ex
2616 5648 2699 5704 his
2732 5663 2854 5721 quae
2881 5648 3087 5722 legunt,
3140 5648 3511 5704 verisimilitu-

1917 5733 2071 5789 dines
2098 5738 2338 5807 capiunt,
2382 5748 2437 5794 ct
2475 5741 2595 5798 ideo
2629 5744 2914 5817 diligenter
2961 5746 3361 5802 observandum
3402 5756 3507 5812 est,

1918 5833 1976 5880 ut
2000 5835 2055 5882 et
2080 5826 2163 5881 lex
2194 5827 2285 5882 Dei
2312 5844 2435 5885 cum
2463 5831 2609 5904 legit,
2644 5851 2750 5892 non
2779 5839 3077 5894 secundum
3105 5840 3382 5911 propriam
3427 5838 3511 5894 in-

1919 5918 2065 5990 genii
2091 5919 2504 5996 intelligentiam
2529 5926 2740 6000 legatur
2765 5931 2851 5989 vel
2881 5932 3159 5993 doceatur.
3194 5932 3331 5993 Sunt
3362 5932 3508 5997 enim
