4012 6518
521 403 595 483 59
1445 420 1739 479 APPEND.
1778 419 1871 476 AD
1910 419 2066 479 SAEC
2104 421 2195 479 ιχ.
2234 421 2582 481 -ΙΒΙΒΟΚΙ
2608 422 3054 482 MERCATORIS
3734 427 3809 483 00

522 534 693 592 multa
718 535 879 592 verba
911 535 967 592 in
993 534 1289 605 Scripturis
1318 532 1514 588 divinis
1538 548 1658 603 qum
1692 541 1920 604 possunt
1969 533 2109 588 trahi
2141 541 2185 600 Α
2214 551 2338 606 pus,
2369 536 2591 592 senibus
2618 547 2800 592 autem
2823 537 2935 606 jam
2962 552 3061 593 nec
3099 537 3362 597 incertum
3388 546 3499 605 est.
3526 552 3634 594 non
3655 539 3803 597 enim

524 627 593 683 ad
634 643 757 683 eum
785 643 1004 683 sensum
1027 640 1187 697 quem
1214 627 1314 681 sibi
1350 626 1719 695 unusquisque
1746 633 1943 696 Sponte
1972 640 2113 695 prae-

525 721 776 789 sumpsit,
809 720 903 776 sed
935 722 1049 776 ﬁeri
1100 735 1205 775 non
1259 728 1471 790 oportet
1511 734 1526 772 :
1570 732 1673 773 non
1701 721 1845 772 enim
1897 734 2115 774 sensum

524 826 684 885 quem
733 814 1072 868 extrinsecus
1128 811 1486 876 adulteratis,
1553 810 1787 865 alienum
1839 818 1894 864 et
1936 818 2129 864 extra-.

523 916 683 962 neum
730 907 937 961 debetis
960 918 1224 975 quaerere,
1254 912 1346 959 aut
1370 904 1639 974 quomodo
1662 902 1835 973 ipsum
1862 917 1928 957 ex
1960 900 2111 958 Scri-

523 1006 805 1070 pturarum
838 999 1162 1052 auctoritate
1189 996 1548 1061 coniirmetis,
1572 996 1666 1051 sed
1702 1010 1765 1049 ex
1798 995 1932 1065 ipsis
1968 994 2125 1049 Scri-.

521 1092 696 1164 pluris
712 1100 928 1146 sensum
956 1102 1149 1160 capere
1170 1090 1437 1145 veritatis.
1479 1088 1546 1144 Et
1569 1090 1689 1144 ideo
1725 1098 1937 1160 oportet
1961 1089 2029 1143 ab
2049 1103 2123 1145 eo

523 1182 933 1254 intelligentiam
972 1182 1182 1237 discere
1233 1182 1636 1251 Seripturarum
1668 1185 1758 1252 qui
1784 1197 1905 1235 eam
1936 1197 1965 1235 ε
1997 1197 2120 1235 ma-

515 1272 730 1346 joribus
788 1275 1087 1330 secundant
1131 1275 1415 1329 veritatem
1460 1273 1562 1329 sibi
1615 1272 1866 1327 traditam
1911 1281 2119 1339 servat,

519 1376 656 1422 utet
692 1368 805 1438 ipse
843 1366 1014 1437 possit
1048 1378 1115 1422 ea
1138 1378 1261 1436 qua:
1289 1373 1435 1421 recte
1482 1366 1720 1435 suscepit
1745 1373 2117 1434 competenter

521 1465 784 1514 asserere.
850 1459 985 1514 Cum
1036 1459 1180 1513 enim
1240 1472 1306 1513 ex
1375 1457 1571 1513 divinis
1626 1457 1924 1527 Scripturis
1970 1456 2111 1512 inte-

519 1560 671 1620 gram
709 1550 832 1620 quis
868 1558 924 1604 et
959 1549 1169 1604 firmam
1212 1548 1456 1620 regulam
1496 1547 1744 1604 veritatis
1784 1548 2106 1616 susceperit,

520 1642 813 1698 absurdum
838 1658 945 1698 non
996 1643 1124 1707 erit,
1154 1642 1197 1697 si
1230 1642 1432 1713 aliquid
1477 1642 1642 1697 etiam
1686 1658 1754 1696 ex
1807 1641 2111 1696 eruditione

518 1736 790 1790 communi
825 1746 889 1789 ac
912 1733 1227 1790 liberalibus
1246 1733 1439 1789 studiis
1477 1746 1599 1803 qua:
1620 1731 1758 1787 forte
1792 1732 1846 1787 in
1877 1730 2110 1803 pueritia

520 1823 729 1897 attigit,
768 1827 835 1879 ad
866 1826 1221 1881 assertionem
1250 1824 1364 1880 veri
1412 1825 1679 1896 dogmatis
1724 1823 2001 1888 conl'erat,
2033 1823 2107 1878 ita

2221 629 2496 683 dubitatur
2520 631 2649 699 quin
2671 640 3147 700 quantumcunque
3176 639 3261 686 est
3287 631 3430 699 quod
3456 640 3676 700 putatur
3704 647 3799 686 su-

2218 735 2438 790 peresse
2478 722 2642 777 breve
2669 724 2758 777 sit.
2806 723 2875 777 Et
2900 722 3021 779 ideo
3057 733 3166 778 tam
3194 723 3426 792 juvenes
3453 737 3615 793 quam
3648 740 3806 781 senes

2220 822 2431 884 oportet
2484 816 2551 872 de
2595 817 2952 873 conversione
2998 824 3051 873 et
3103 816 3422 887 pteniteutia
3484 816 3641 872 valde
3685 832 3807 872 esse

2219 908 2496 970 sollicitos.
2524 918 2579 964 et
2603 911 2737 965 satis
2765 925 2925 982 agere
2952 918 3010 964 ut
3034 911 3101 965 de
3124 910 3331 980 reliquo
3352 918 3550 971 ornent
3568 909 3804 964 animant

2219 1017 2370 1056 suam
2399 1001 2736 1057 ornamentis
2755 1002 3108 1073 dignissimis,
3144 1002 3197 1057 id
3227 1012 3311 1057 est
3340 1001 3687 1072 dogmatibus
3718 1017 3805 1055 vc-

2222 1095 2417 1160 ritatis,
2442 1094 2637 1149 decore
2660 1094 2949 1163 pudicitia},
2976 1094 3267 1164 splendore
3279 1093 3527 1164 justitiaa,
3559 1093 3803 1148 candore

2217 1186 2454 1259 pietatis,
2483 1185 2710 1255 aliisque
2758 1185 3035 1247 munibus.
3080 1186 3279 1255 quibus
3318 1194 3589 1254 comptam
3642 1184 3802 1239 decet

2215 1290 2334 1333 esse
2364 1277 2739 1333 rationabilem
2768 1287 3023 1333 mentem.
3060 1276 3231 1342 Unde,
3268 1276 3556 1339 consilium
3587 1275 3805 1342 dantes,

2214 1376 2451 1423 vestram
2489 1369 2738 1438 pudicam
2779 1366 3122 1439 prudentiam
3148 1367 3449 1430 hortamur,
3475 1374 3534 1421 ut
3579 1366 3648 1421 ab
3681 1380 3810 1436 apo.

2216 1459 2391 1515 tolicis
2431 1460 2628 1531 regulis
2659 1474 2765 1515 non
2808 1459 3095 1525 recedatis,
3127 1459 3220 1514 sed
3265 1473 3607 1513 communem
3637 1459 3808 1511 vitam

2214 1552 2472 1606 ducentes
2524 1560 2578 1605 et
2634 1550 2943 1621 Scripturas
2984 1559 3208 1607 sanctas
3248 1549 3635 1620 intelligenles,
3684 1565 3811 1619 qua:

2213 1643 2441 1699 Domino
2468 1643 2715 1709 vovistis,
2757 1641 3056 1712 adimplere
3096 1642 3376 1713 salagatis.
3409 1642 3476 1697 Et
3523 1657 3646 1705 cum
3679 1657 3811 1697 ora-

2212 1738 2358 1792 tione
2385 1736 2606 1791 assidua
2653 1735 2899 1792 obtinere
2925 1735 3255 1798 merueritis,
3290 1745 3440 1801 tunc,
3472 1734 3590 1789 sine
3627 1733 3811 1804 suspi-

2211 1830 2367 1885 cione
2412 1827 2540 1881 mali
2564 1826 2837 1891 interitus,
2865 1834 2987 1881 vota
3015 1823 3227 1895 possint
3269 1824 3535 1881 celebrari
3580 1821 3805 1887 festiva.

522 1920 702 1971 tamen
734 1924 795 1971 ut
816 1916 905 1972 ubi
954 1928 1083 1972 vera
1126 1916 1335 1981 didicit.
1366 1916 1498 1972 falsa
1540 1924 1597 1971 et
1638 1915 1889 1971 simulata
1942 1914 2107 1972 decli-
2137 1920 2184 1984 Β
2210 1919 2354 1977 Deus
2381 1927 2562 1974 autem
2593 1918 2744 1990 pacis
2773 1917 2987 1973 sitcum
3017 1916 3272 1983 omnibus
3297 1914 3469 1970 vobis.
3501 1913 3700 1970 Amen.

514 2013 628 2061 bet.
673 2005 944 2063 Incertum
970 2015 1055 2063 est
1097 2007 1242 2063 enim
1289 2007 1456 2062 etiam
1495 2004 1792 2075 juvenibus
1826 2006 1951 2063 vitae
1978 2016 2107 2061 tem.

526 2128 2007 2174 Ηὶυ--ι--ψ--η--ι-

2040 2132 3779 2160 W

1159 2302 1718 2385 INCIPIUNT
1771 2297 2225 2378 DECRETA
2296 2291 2801 2373 ANACLETI
2890 2287 3176 2365 PAPIE

513 2478 600 2547 De
630 2482 1030 2565 oppressione
1052 2482 1513 2565 episcoporum,
1548 2485 1604 2565 et
1634 2476 1705 2539 de
1738 2476 2137 2565 ᾳροίιεᾳείρηε
2167 2474 2631 2565 episcoporum,
2662 2475 2722 2529 et
2751 2467 2825 2528 de
2862 2464 3264 2565 ordinatione
3288 2458 3815 2544 archiepiscopo-

1124 2550 1290 2638 rum,
1312 2568 1367 2623 et
1398 2559 1472 2621 de
1491 2550 1875 2640 primatibus
1902 2562 1959 2616 et
1991 2556 2063 2618 de
2090 2550 2479 2636 patriarcha
2510 2566 2843 2629 eorumque
2866 2550 3200 2608 ministris.

1368 2728 1484 2790 (Hic
1506 2726 1598 2780 fuit
1612 2740 1739 2779 anno
1754 2726 1947 2781 Christo
1986 2723 2098 2788 104,
2122 2728 2350 2786 tempore
2388 2715 2586 2782 Traiani
2626 2715 2977 2780 imperatoris).

579 3058 919 3122 Amoenus,
955 3070 1143 3112 servus
1167 3052 1370 3111 Christi
1399 3052 1548 3119 Jesu,
1583 3052 1636 3108 in
1686 3049 1814 3107 sede
1844 3046 2103 3119 apostoli-

507 3171 569 3212 ca
595 3153 824 3210 Domino
854 3151 1124 3217 serviens,
1176 3149 1444 3221 episcopis
1473 3146 1756 3213 omnibus,
1794 3153 1852 3199 et
1886 3141 2100 3198 cmten‘s

507 3248 718 3305 cunctis
753 3246 998 3303 ﬁdelibus
1046 3245 1136 3315 qui
1204 3243 1532 3314 corequalem
1588 3240 1869 3295 nobiscum
1922 3234 2097 3291 sortiti

508 3350 633 3399 sunt
684 3341 866 3405 ﬁdem,
908 3338 1084 3410 gratia
1120 3338 1274 3394 vobis
1328 3344 1383 3393 et
1423 3352 1548 3407 pax,
1599 3340 1761 3404 atque
1797 3329 2097 3388 consolatio

509 3431 894 3504 multiplicetur
913 3447 945 3487 a
974 3430 1202 3485 Domino
1234 3431 1285 3485 in
1310 3428 1527 3484 szecula.

577 3524 901 3581 Benedictus
934 3522 1072 3578 Deus
1099 3532 1155 3577 et
1181 3521 1341 3577 Pater
1368 3518 1579 3577 Domini
1601 3516 1771 3574 nostri
1792 3514 1918 3572 Jesu
1942 3514 2102 3572 Chri-

506 3629 598 3684 su,
632 3620 725 3689 qui
756 3615 1053 3673 secundum
1086 3626 1335 3687 magnam
1367 3612 1796 3669 misericordiam
1824 3626 1975 3665 suam
2009 3625 2099 3666 re-

494 3708 785 3782 generavit
819 3722 918 3763 nos
966 3707 1019 3762 in
1061 3723 1212 3777 spem
1262 3706 1460 3768 vivam,
1507 3719 1603 3775 per
1643 3701 2100 3758 resurrectionem

508 3801 634 3858 )esu
660 3800 862 3856 Christi
909 3814 977 3854 ex
1024 3798 1254 3853 mortuis
1283 3798 1336 3853 in
1366 3796 1739 3852 limreditatcm
1769 3790 2100 3861 incorrupti-

510 3894 703 3959 bilem,
728 3900 785 3948 et
818 3892 1300 3947 incontaminatam
1331 3898 1386 3945 et
1409 3885 1938 3951 immarcessibilem,
1964 3897 2101 3939 eon-

508 3994 781 4044 servatam
824 3986 877 4040 in
909 3984 1085 4052 cmiis,
1111 3984 1162 4039 in
1191 3983 1344 4039 vobis
1365 3982 1456 4052 qui
1489 3981 1542 4036 in
1568 3979 1768 4035 virtute
1790 3978 1884 4033 Dei
1919 3985 2106 4032 custo-

509 4079 700 4134 dimini
737 4092 835 4149 per
882 4077 1039 4133 iidem
1097 4077 1151 4131 in
1190 4076 1422 4131 salutem
1478 4082 1721 4142 paratam
1767 4068 1999 4125 revelari
2047 4068 2104 4127 in

516 4178 764 4241 tempore
818 4169 1135 4232 novissimo,
1192 4168 1245 4222 in
1290 4181 1400 4236 quo
1439 4163 1802 4227 exsultabitis,
1833 4161 2105 4216 modicum

510 4277 654 4317 nunc
686 4263 730 4318 si
770 4270 984 4332 oportet
1002 4259 1317 4315 contristari
1351 4259 1403 4312 in
1436 4255 1603 4310 variis
1638 4252 2107 4317 tribulationibus,

488 4362 569 4408 .ut
593 4353 838 4423 probatio
864 4360 1059 4407 vestra:
1105 4349 1229 4404 lidei
1267 4347 1437 4403 multo
1497 4344 1788 4417 pretiosior
1826 4344 1898 4398 sit
1948 4357 2106 4407 auro,

508 4445 727 4516 quando
786 4459 884 4515 per
939 4443 1118 4513 ignem
1154 4436 1489 4510 probatura
1528 4436 1670 4491 Patr.
1722 4451 1761 4501 ι,
1811 4434 1918 4488 Eiet
1947 4425 2107 4504 δρψ),

508 4541 553 4593 si
581 4547 788 4593 tantum
816 4534 1256 4592 tribulationibus
1279 4532 1485 4601 experti
1503 4529 1715 4599 probati
1733 4524 2105 4582 inveniamiui.

515 4632 617 4703 ιθ
649 4651 668 4683 ι
708 4631 982 4687 Patientes
1009 4639 1179 4683 estote
1202 4627 1341 4694 (Jac.
1368 4640 1422 4689 v,
1449 4624 1522 4696 '1),
1555 4644 1574 4675 ι
1595 4621 1947 4684 dilectissimi,
1985 4619 2112 4691 quia

515 4725 821 4796 «patientia
873 4721 1251 4794 probationem
1308 4725 1610 4787 Operatur,
1670 4714 1918 4784 probatio
1983 4725 2112 4765 vero

2207 3046 2384 3110 distis,
2417 3043 2673 3115 quoniam
2703 3043 3015 3099 misericors
3035 3050 3092 3100 et
3113 3042 3400 3100 miserator
3430 3044 3695 3101 Dominus
3729 3054 3820 3103 est

2204 3139 2396 3210 (Ibid,
2447 3137 2678 3211 10-42).
2719 3156 2740 3189 ι
2793 3137 3193 3193 Tribulationes
3219 3146 3428 3192 vestras
3473 3138 3813 3205 audivimus,

2203 3229 2420 3294 fratres,
2454 3237 2563 3284 tam
2593 3245 2691 3301 per
2718 3237 2932 3283 nostros
2956 3238 3120 3298 Quam
3147 3236 3201 3284 et
3216 3236 3320 3300 per
3344 3230 3573 3285 aliorum
3596 3234 3820 3302 apocri-

2203 3325 2398 3389 sarios,
2423 3338 2588 3394 super
2617 3323 2814 3391 quibus
2844 3320 3001 3378 valde
3034 3321 3301 3389 dolemus,
3350 3323 3613 3393 vobisque
3660 3340 3819 3381 com-

2125 3439 2169 3501 ρ
2202 3415 2458 3486 patimur,
2493 3422 2548 3468 et
2575 3414 2836 3468 auxilium
2865 3403 3040 3479 ferre,
3062 3404 3224 3484 prout
3253 3413 3368 3485 ipse
3396 3414 3625 3487 largitus
3648 3414 3821 3472 fuerit

2210 3508 2302 3577 qui
2331 3521 2430 3578 pro
2451 3507 2606 3563 nobis
2632 3521 2737 3562 non
2764 3505 2938 3561 solum
2976 3506 3287 3572 tribulatus,
3341 3508 3433 3563 sed
3478 3509 3642 3564 etiam
3689 3527 3827 3581 pas-

2212 3616 2305 3655 sus
2334 3607 2437 3664 est,
2479 3598 2653 3670 parati
2701 3614 2904 3654 sumus.
2954 3617 2973 3649 ι
3002 3596 3179 3655 Nolite
3221 3601 3431 3669 mirari,
3479 3603 3822 3671 charissimi,

2213 3691 2302 3760 qui
2335 3692 2742 3761 perseeutiones
2768 3690 3037 3761 patimini,
3071 3692 3225 3762 quasi
3266 3695 3388 3747 novi
3426 3692 3578 3749 vobis
3605 3693 3822 3766 aliquid

2213 3784 2529 3854 contingat;
2578 3783 2670 3836 sed
2726 3783 3191 3839 communicantes
3235 3784 3438 3840 Christi
3469 3788 3827 3856 passionibus

2214 3877 2460 3949 gaudete,
2500 3884 2558 3930 ut
2588 3876 2641 3929 in
2672 3875 3000 3950 revelatione
3044 3876 3230 3949 gloria:
3262 3877 3378 3949 ejus
3408 3879 3695 3949 gaudeatis
3718 3898 3821 3936 cx-

2215 3969 2498 4025 snltantes.
2532 3967 2590 4024 Si
2621 3967 3020 4039 exprobramini
3061 3969 3112 4024 in
3152 3972 3367 4026 nomine
3402 3970 3631 4038 Christi,
3673 3972 3829 4028 beati

2216 4065 2389 4129 eritis,
2422 4064 2675 4134 quoniam
2705 4065 2847 4135 quod
2874 4072 2957 4121 est
2997 4064 3241 4131 honoris,
3278 4067 3483 4137 gloriae,
3511 4076 3567 4122 et
3595 4068 3829 4122 virtutis

2217 4155 2452 4221 Domini,
2477 4164 2532 4209 et
2553 4155 2643 4226 qui
2668 4164 2750 4210 est
2776 4153 2892 4224 ejus
2914 4155 3157 4226 spiritus,
3183 4172 3343 4226 super
3373 4173 3469 4213 vos
3498 4158 3830 4227 requiescit.

2217 4246 2389 4301 Nemo
2428 4254 2607 4300 autem
2659 4253 2899 4299 vestrum
2943 4246 3183 4315 patiatur
3210 4249 3363 4316 quasi
3398 4248 3692 4310 homicida,
3728 4260 3836 4305 aut

2219 4337 2327 4401 fur,
2359 4346 2451 4392 aut
2494 4335 2792 4401 maleﬁcus,
2824 4344 2917 4391 aut
2945 4336 3242 4392 alienorum
3278 4339 3563 4408 appetitor.
3623 4338 3682 4394 Si
3725 4356 3838 4395 au-

2222 4437 2331 4483 tem
2360 4437 2419 4481 ut
2449 4426 2808 4492 Christianus,
2838 4442 2944 4481 non
2976 4428 3273 4491 erubescat,
3329 4428 3590 4498 gloriﬁcet
3635 4439 3836 4485 autem

2222 4523 2509 4578 Dominum
2537 4522 2590 4576 in
2643 4522 2747 4577 isto
2785 4523 3023 4590 nomine,
3070 4525 3325 4593 quoniam
3373 4533 3583 4594 tempus
3623 4536 3711 4582 est
3771 4536 3843 4583 ut

2224 4616 2718 4688 incipiatjudicium
2753 4620 2819 4675 de
2851 4620 3011 4676 domo
3036 4621 3266 4675 Domini.
3313 4620 3368 4676 Si
3399 4632 3577 4676 autem
3607 4637 3635 4675 a
3662 4624 3844 4681 nobis

2224 4712 2480 4781 primmn,
2503 4713 2625 4782 quis
2653 4712 2774 4767 ﬁnis
2798 4728 2983 4767 eorum
3011 4715 3101 4784 qui
3122 4730 3226 4768 non
3257 4714 3485 4767 credunt
3515 4714 3604 4768 Dei
3636 4713 3842 4769 Etan-

508 4831 682 4885 spem,
738 4829 867 4884 spes
926 4822 1106 4866 autem
1159 4825 1262 4865 non
1322 4806 1603 4862 confundit
1652 4803 1824 4873 (Rom.
1873 4819 1934 4868 v;
1987 4802 2107 4857 lac.
2135 4802 2405 4877 Dgclio?
2449 4804 2513 4858 Et
2553 4805 2596 4859 si
2635 4805 2718 4858 vix
2744 4805 2925 4873 justus
2961 4805 3273 4867 salvabitur,
3314 4806 3512 4875 impius
3550 4815 3605 4859 et
3634 4821 3845 4874 pecca-

511 4920 551 4972 l,
577 4908 651 4977 ὃ).
684 4926 704 4960 ο
769 4928 788 4957 ι
822 4906 961 4961 Ecce
985 4902 1222 4975 agricola
1242 4907 1520 4968 exspectat
1546 4898 1840 4969 pretiosum
1876 4892 2113 4950 fructum

511 5008 697 5068 terrae,
731 5000 1000 5070 patienter
1030 4996 1231 5057 ferens,
1257 4993 1431 5049 donec
1457 4992 1682 5061 accipiat
1706 5000 2115 5060 temporaneum

511 5100 569 5147 et
601 5092 898 5147 serotinum
932 5087 1070 5159 (Jac.
1105 5102 1158 5150 v,
1197 5080 1276 5156 7).
1308 5103 1327 5135 ι
1386 5083 1444 5137 Si
1484 5082 1732 5153 agricola:
1767 5082 1882 5136 inec
1910 5081 2117 5149 patien-

514 5193 597 5238 ter
628 5183 807 5239 i’erunt
828 5196 925 5252 pro
953 5177 1339 5250 temporalibus
1377 5174 1663 5238 fructibus,
1695 5182 1898 5242 quanto
1941 5172 2112 5243 magis

470 5314 474 5319 ρ
512 5290 612 5329 vos
644 5289 742 5345 pro
771 5270 988 5327 aeternis
1015 5268 1282 5340 patientes
1319 5280 1440 5321 esse
1479 5262 1686 5318 debetis
1714 5263 1736 5316 ?
1770 5261 1955 5317 Estote
1983 5275 2113 5332 ergo

513 5367 802 5438 patientes,
827 5371 884 5419 et
915 5360 1235 5418 coutirmate
1264 5358 1429 5413 corda
1459 5364 1633 5412 vestra
1660 5395 1675 5421 ,
1705 5363 1765 5409 ut
1794 5355 2115 5409 adveniente

510 5460 695 5527 judice
725 5457 965 5520 Christo,
990 5454 1097 5510 ΙεΒιί
1126 5461 1180 5507 et
1207 5449 1423 5522 probati
1453 5463 1577 5504 esse
1598 5448 1842 5502 valeatis.
1890 5466 1908 5498 ‹
1939 5444 2115 5501 Nolite

518 5550 876 5621 ingemiscere
901 5547 954 5601 in
985 5546 1327 5606 alterutrum,
1354 5549 1413 5595 ut
1441 5555 1548 5594 non
1579 5536 1922 5606 judicemini.
1973 5535 2116 5591 Ecce

420 5632 421 5635 “
513 5642 681 5714 judex
714 5652 838 5695 ante
856 5637 1076 5708 januam
1108 5634 1333 5692 assistit.
1370 5630 1683 5702 Exemplum
1710 5628 1961 5700 accipite,
1993 5627 2122 5681 cha-

525 5732 754 5812 rissimi,
779 5731 979 5787 laboris
1007 5739 1062 5784 et
1083 5726 1355 5799 patientia)
1392 5725 1705 5803 prophetas,
1741 5722 1833 5793 qui
1871 5720 2031 5776 locuti
2067 5719 2122 5775 in

518 5824 744 5911 ﬁumine
772 5822 983 5879 Domini
1018 5829 1163 5877 sunt.
1191 5820 1268 5874 En
1304 5818 1679 5887 beatilicamus
1709 5832 1803 5872 eos
1832 5816 1925 5886 qui
1964 5815 2127 5872 susti-

524 5927 780 6025 puerunt.
801 5917 1178 5977 Sudereutiam
1196 5913 1298 5973 Job
1320 5914 1563 5980 audistis,
1578 5913 1806 5987 ett‘mem
1828 5912 2131 5968 Dominivi-

2225 4906 2310 4951 tor
2346 4896 2434 4950 ubi
2463 4896 2769 4965 parebunt?
2795 4895 2844 4967 (I
2901 4895 3047 4949 Petr.
3083 4911 3155 4960 iv,
3198 4896 3424 4969 12-18.)
3472 4918 3490 4951 ι
3532 4898 3722 4969 itaque
3777 4911 3847 4958 et

2222 4991 2279 5046 hi
2309 4992 2399 5061 qui
2430 4991 2727 5062 patiuntur,
2754 4989 2893 5045 ﬁdeli
2917 4990 3158 5046 Creatori
3185 4991 3566 5047 connuendent
3607 4993 3846 5050 anilitas

2224 5097 2351 5138 suas
2401 5082 2698 5137 secundum
2751 5083 3082 5138 voluntatem
3146 5081 3355 5137 Domini
3402 5084 3455 5137 iu
3498 5083 3843 5142 benefactis.

2224 5174 2358 5227 Nam
2388 5173 2473 5245 (ut
2512 5173 2587 5228 ait
2626 5175 2814 5228 beatus
2854 5173 3106 5229 Clemens
3144 5174 3456 5244 praedictus,
3507 5184 3852 5233 antecessor

2219 5266 2424 5337 noster)
2451 5266 2641 5321 similis
2669 5278 2753 5320 est
2777 5268 2954 5321 omnis
2978 5266 3220 5321 ecclesia:
3242 5275 3414 5322 status
3439 5269 3560 5323 navi
3586 5286 3849 5341 magnae,

2219 5372 2340 5427 quae
2367 5372 2464 5428 per
2486 5357 2749 5412 undosum
2774 5357 2993 5428 polagus
3024 5358 3252 5412 diversis
3273 5373 3302 5412 e
3334 5359 3468 5414 locis
3494 5369 3551 5413 et
3581 5361 3850 5432 regioni-

2219 5449 2321 5505 bus
2334 5449 2479 5503 viros
2493 5457 2689 5517 portat,
2714 5449 2778 5503 ad
2797 5465 2955 5504 unam
2973 5451 3208 5519 potentis
3233 5451 3379 5520 regni
3411 5452 3593 5505 urbem
3626 5467 3860 5524 prope-

2222 5556 2345 5596 rare
2372 5542 2671 5611 cupientes.
2733 5539 2816 5595 Sit
2861 5555 2992 5612 ergo
3037 5541 3188 5594 navis
3220 5552 3412 5597 auctor
3458 5540 3615 5610 hujus
3641 5546 3859 5601 omni-

2225 5643 2417 5706 potens
2453 5633 2566 5704 ipse
2597 5634 2759 5698 Deus,
2795 5634 3127 5705 gubernator
3155 5650 3282 5688 vero
3310 5635 3381 5690 sit
3408 5635 3674 5702 Christus,
3711 5645 3860 5696 tum

2229 5728 2421 5783 deinde
2446 5737 2675 5798 proretae
2703 5727 2932 5784 cilicium
2958 5730 3240 5799 episcopus
3264 5731 3501 5800 impleat,
3530 5734 3865 5805 presbyter

2231 5832 2542 5888 nautarum,
2583 5821 2793 5878 diaconi
2836 5823 3265 5892 dispensatorum
3294 5824 3467 5879 locum
3493 5834 3752 5894 teneant,
3791 5831 3864 5888 hi

2233 5917 2323 5987 qui
2381 5916 2722 5979 catechizaut
2782 5915 3083 5987 uautologis
3140 5916 3505 5979 conferantur.
3578 5917 3864 5985 Eoibatis
