3998 5416
145 322 215 389 σι
1304 382 1307 383 ν
1335 319 1824 379 DECRETAUUII
1869 319 2183 383 οοιιιιοτ
2186 322 2277 381 10.
3371 330 3444 389 ϐὶ

145 454 335 505 autem
361 445 530 503 totius
548 444 907 502 fraternitatis
931 442 1219 500 multitudo
1240 442 1310 499 sit
1330 442 1544 498 similis.
1572 443 1749 514 Ipsum
1781 447 1829 507 Α
1856 453 2037 499 autem
2068 444 2432 501 misericordia
2459 444 2722 516 judicium
2755 446 2895 521 (Jac.
2928 462 2988 517 ιι,
3010 448 3116 521 l0),
3150 466 3168 502 ι
3193 458 3250 508 et
3275 452 3457 509 Domi-

145 554 371 609 quoque
406 553 559 593 mare
588 537 675 593 hic
711 538 944 592 mundus
980 536 1266 591 habeatur.
1295 533 1593 591 Ventorum
1624 551 1755 590 vero

143 629 450 685 varietates
479 637 537 684 et
575 628 847 683 turbinum
874 628 1104 683 diversis
1142 627 1532 683 tentationibus
1572 627 1756 683 confe-

144 731 375 790 rantur;
442 722 876 792 persecutiones,
931 720 1306 777 tribulationes
1350 721 1465 777 sive
1517 720 1754 793 pericula

143 813 404 870 ﬂuctibus
434 821 819 884 exaequentur.
882 811 1107 868 Terreni
1142 828 1269 868 vero
1298 813 1523 883 spiritus
1545 814 1637 883 qui
1670 813 1755 869 vel

145 906 614 979 de_torreatibus,
663 904 747 959 vel
792 904 860 959 de
896 904 1233 960 convallibus
1266 905 1494 974 Spirant,
1528 905 1757 975 pseudo-

144 1002 544 1073 prophetarum
599 1005 655 1054 et
700 999 1045 1054 seductorum
1105 1014 1200 1054 seu
1251 1013 1432 1068 prava:
1494 998 1755 1054 doctrinae

147 1095 315 1151 verba
340 1093 641 1159 docentur;
665 1092 1037 1162 promontoria
1067 1107 1196 1148 vero
1218 1100 1273 1148 et
1294 1092 1409 1147 loca
1433 1089 1754 1161 confragosa

146 1188 200 1242 bi
251 1187 347 1257 qui
389 1186 447 1241 in
494 1187 855 1257 potestatibus
900 1186 1081 1241 saeculi
1122 1195 1249 1240 sunt
1270 1184 1502 1255 judices,
1531 1193 1585 1241 et
1613 1184 1758 1256 peri-

147 1278 265 1339 cula
299 1277 585 1333 minantur
612 1293 678 1333 ac
709 1287 944 1343 mortes;
982 1276 1278 1332 dithalassa
1321 1291 1451 1331 vero
1486 1276 1601 1332 loca
1632 1290 1757 1346 quas

147 1373 459 1443 duplicibus
503 1372 664 1428 unda:
709 1371 918 1427 fallacis
945 1373 1169 1426 testibus
1192 1372 1546 1427 verberantur
1572 1370 1753 1427 dubiis

147 1472 333 1520 mente
382 1470 439 1520 et
490 1464 561 1521 de
607 1464 1088 1533 reproutissionum
1150 1463 1381 1519 veritate
1436 1463 1753 1518 nutantibus

148 1540 520 1622 conferantur,
568 1568 730 1628 atque
772 1557 861 1612 his
897 1556 989 1626 qui
1038 1554 1395 1610 irrationabili
1441 1555 1601 1610 [idem
1650 1570 1751 1611 no-

154 1663 319 1708 stram
365 1651 582 1706 ratione
610 1649 926 1706 discutiunt.
959 1646 1267 1719 Hypocritze
1308 1659 1436 1702 vero
1480 1656 1534 1701 et
1578 1645 1751 1702 dolosi

154 1742 335 1813 piratis
356 1739 570 1797 similes
597 1739 918 1796 habeantur.
959 1738 1079 1795 iam
1117 1754 1247 1795 vero
1295 1738 1515 1810 rapidus
1561 1747 1751 1795 vertex

1856 551 1958 591 nus
2008 536 2121 590 ait:
2158 555 2176 587 ι
2210 535 2342 591 Nolo
2384 548 2610 594 mortem
2653 542 2987 609 peccatoris,
3037 541 3130 598 sed
3179 551 3240 598 ut
3279 545 3456 617 magis

1855 637 2223 693 convertatur,
2251 638 2306 684 et
2335 629 2477 684 vivat
2502 628 2720 702 (Each.
2748 648 2943 700 nam,
2973 634 3083 706 ll).
3117 653 3136 687 ι
3192 636 3259 691 Et
3289 637 3453 694 multa

1856 717 1985 790 talia
2024 717 2215 772 borum
2268 717 2488 774 similia.
2545 736 2563 772 t
2594 720 2763 778 Nemo
2791 724 2937 779 enim
2970 726 3170 797 (inquit
3224 726 3441 799 Aposto-

1856 806 1984 881 lus),
2014 817 2252 865 vestrum
2282 811 2382 865 sibi
2420 811 2575 877 vivit,
2618 823 2673 868 et
2700 829 2862 871 nemo
2902 816 3003 872 sibi
3035 818 3301 884 moritur;
3341 820 3457 876 sive

1853 914 1984 973 ergo
2007 902 2261 968 vivimus,
2288 902 2403 957 sive
2430 904 2708 968 morimur,
2756 906 2968 961 Domini
2992 922 3204 964 sumus.
3254 909 3312 965 lu
3353 911 3455 966 hoc

1854 993 2001 1048 enim
2032 993 2283 1049 Christus
2313 1004 2560 1050 mortuus
2583 1005 2741 1051 estet
2766 997 2983 1062 revixit,
3028 1007 3088 1054 ut
3121 1009 3179 1056 et
3212 1002 3459 1057 virorum

1853 1090 1910 1140 et
1954 1093 2291 1140 mortuorum
2333 1086 2662 1141 dominetur.
2715 1086 2794 1142 Tu
2842 1098 3022 1145 autem
3069 1088 3200 1160 quid
3241 1089 3457 1161 judicas

1854 1172 2076 1232 [mtrem
2112 1185 2283 1242 tuum,
2318 1185 2412 1231 aut
2443 1187 2497 1231 tu
2539 1192 2709 1248 quare
2746 1181 2958 1252 spernis
2984 1180 3211 1238 fratrem
3257 1185 3455 1239 tuum?

1854 1266 2053 1326 Omnes
2107 1268 2254 1323 enim
2300 1268 2521 1324 stabunt
2573 1281 2700 1325 ante
2748 1271 2982 1327 tribunal
3024 1273 3273 1340 Domini;
3319 1276 3459 1332 serio

1851 1371 2003 1432 ptum
2024 1369 2107 1418 est
2130 1363 2274 1417 enim
2310 1381 2324 1417 :
2361 1382 2381 1415 ι
2415 1364 2547 1421 Vivo
2566 1380 2687 1437 ego,
2720 1367 2853 1422 dicit
2886 1368 3176 1433 Dominus,
3198 1372 3455 1439 quoniam

1852 1454 2096 1510 ﬂectetur
2135 1457 2267 1512 mihi
2299 1470 2461 1514 omne
2484 1473 2649 1530 genu,
2671 1469 2727 1514 et
2754 1460 2932 1519 omnis
2960 1460 3137 1532 lingua
3174 1462 3458 1519 conﬁtebi-

1855 1555 1944 1602 tur
1991 1546 2240 1603 Domino.
2295 1547 2481 1619 Itaque
2533 1551 2904 1622 unusquisque
2955 1561 3196 1609 vestrum
3246 1567 3346 1623 per
3397 1568 3459 1610 se

1853 1639 2118 1693 rationem
2162 1640 2347 1695 reddet
2378 1640 2622 1696 Domino.
2667 1661 2683 1692 ι
2708 1641 2825 1698 Non
2874 1657 3006 1715 ergo
3050 1644 3283 1714 amplius
3323 1644 3461 1700 invi-

1852 1747 1969 1788 cem
1996 1731 2324 1801 iudicemus,
2359 1736 2454 1791 sed
2492 1736 2595 1791 hoc
2618 1734 2859 1805 iudicate
2890 1740 3082 1811 magis,
3115 1748 3215 1795 nec
3244 1739 3460 1810 ponatis

150 1840 200 1889 et
245 1840 489 1887 tartarea
535 1828 823 1903 charybdis
867 1837 925 1887 et
971 1830 1121 1886 saxis
1177 1828 1315 1885 illisa
1370 1827 1649 1900 naufragia
1687 1845 1752 1885 ac
1780 1816 2232 1883 Boﬂ‘endiculum
2252 1822 2406 1879 fratri
2431 1825 2515 1882 vel
2537 1827 2847 1887 scandalum
2869 1828 3047 1901 (Rom.
3074 1829 3451 1899 stv,ll-l3).t

147 1922 445 1979 mortiferae
473 1921 902 1988 submersiones,
936 1924 1065 1993 quid
1094 1923 1241 1980 aliud
1267 1922 1583 1978 :estimanda
1625 1933 1752 1979 sunt

145 2028 305 2087 quam
354 2014 635 2086 peccata?
693 2013 883 2070 Restat
924 2016 1090 2087 igitur
1143 2025 1203 2070 ut
1243 2015 1361 2071 haec
1390 2016 1548 2071 navis
1590 2030 1751 2072 cursu

142 2124 407 2181 prospero
431 2118 547 2165 tnta
578 2109 752 2180 possit
776 2119 995 2180 portum
1016 2109 1337 2166 desidentes
1358 2110 1507 2165 urbis
1525 2111 1747 2179 intrare,

141 2210 198 2259 et
231 2202 308 2257 ita
342 2200 575 2256 Domino
606 2216 795 2271 pacem
818 2200 1068 2267 fundere,
1091 2210 1148 2256 ut
1169 2202 1486 2273 navigantes
1506 2216 1750 2257 merean-

141 2302 230 2349 tur
266 2293 467 2349 audiri.
518 2292 816 2360 Audimus,
862 2292 1077 2357 fratres,
1120 2293 1261 2364 quod
1307 2293 1529 2364 quidam
1569 2295 1749 2349 detra-

141 2386 279 2442 hunt
322 2394 378 2441 et
418 2394 679 2442 accusant
714 2386 1026 2442 sacerdotes
1059 2385 1295 2452 Domini,
1343 2387 1623 2457 cupientes
1656 2398 1754 2443 eos

138 2477 417 2541 damnari,
446 2493 552 2532 non
586 2477 948 2548 intelligentes
988 2476 1213 2532 forsitan
1249 2479 1393 2548 quod
1431 2477 1627 2547 injuria
1665 2493 1752 2534 sas

139 2570 427 2625 eerdotnm
461 2569 525 2624 ad
553 2568 837 2625 Christum
868 2570 1126 2641 pertinet,
1167 2570 1323 2639 cujus
1360 2573 1476 2627 vice
1514 2572 1750 2644 fungun-

140 2668 246 2714 tur.
303 2658 414 2716 Nec
442 2661 543 2716 hoc
581 2662 855 2733 aspiciunt
882 2663 1027 2734 quod
1065 2663 1473 2720 beatus-Petrus
1497 2666 1751 2737 princeps

140 2750 533 2818 apostolorum,
582 2752 882 2808 instructor
931 2762 1137 2819 noster,
1171 2754 1248 2808 ait
1294 2769 1308 2807 :
1359 2774 1378 2807 ι
1408 2755 1752 2826 Deponentes

138 2842 301 2913 igitur
327 2856 548 2898 omnem
574 2843 858 2910 malitiam,
895 2852 951 2899 et
978 2859 1196 2901 omnem
1234 2846 1415 2902 dolum
1444 2856 1495 2905 et
1524 2846 1747 2904 simula-

141 2938 313 2990 tiones
352 2944 412 2990 et
448 2936 685 2992 invidias
705 2944 761 2991 et
785 2951 976 2994 omnes
1002 2938 1396 3005 detractiones,
1424 2940 1566 2995 sicut
1590 2941 1752 2997 modo

140 3027 297 3096 geniti
325 3025 585 3091 infantes,
606 3027 946 3093 rationabile,
974 3028 1092 3084 sine
1114 3030 1234 3085 dolo
1257 3030 1337 3086 lae
1359 3032 1746 3103 concupiscite,

146 3115 266 3167 utin
304 3129 374 3169 eo
398 3114 661 3169 crescatis
696 3116 748 3169 in
780 3114 1007 3171 salutem
1040 3115 1091 3186 (1
1125 3114 1266 3170 Patr.
1296 3133 1357 3181 ιι,
1390 3119 1459 3188 l),
1497 3137 1515 3169 ι
1555 3128 1609 3171 et
1636 3121 1745 3173 Do-

147 3206 313 3259 minus
343 3221 445 3276 per
481 3207 800 3277 prophetam
831 3209 1005 3277 inquit
1032 3225 1046 3262 :
1084 3228 1102 3259 ι
1134 3208 1235 3275 Qui
1279 3213 1391 3264 vult
1433 3212 1593 3265 vitam
1624 3212 1745 3266 dili-
1774 3188 1823 3251 δ

144 3312 255 3368 gere
279 3306 339 3352 et
368 3297 552 3352 videre
581 3299 697 3353 dies
722 3299 916 3365 bonos,
952 3311 1202 3356 coerceat
1237 3302 1472 3372 linguam
1521 3319 1675 3359 suam
1717 3319 1746 3358 a

142 3388 298 3456 malo,
328 3398 384 3444 et
424 3389 567 3444 labia
598 3390 717 3462 ejus
747 3406 813 3445 ne
841 3392 1132 3463 loquantur
1170 3393 1349 3448 dolum
1382 3394 1432 3466 (l
1464 3392 1611 3450 l’etr.
1659 3412 1743 3459 ιιι,

139 3481 245 3551 l0),
276 3501 296 3533 ι
340 3491 450 3537 etc.
508 3481 612 3549 Qui
641 3492 824 3538 autem
853 3483 952 3539 ista
985 3487 1476 3557 transgrediuntur,
1502 3487 1746 3556 profecto

140 3582 574 3645 transgressores
624 3573 756 3646 legis
795 3574 1007 3630 Domini
1047 3586 1101 3632 et
1142 3589 1543 3650 contemptores
1584 3589 1748 3651 atque

140 3666 516 3722 iuobedientes
554 3665 671 3736 ejus
700 3669 984 3739 praeceptis
1010 3669 1268 3725 existunt.
1305 3670 1455 3727 Unde
1482 3683 1534 3727 et
1558 3674 1749 3728 beatus

138 3756 372 3823 lacubus
397 3759 676 3830 apostolus
719 3760 836 3814 ait:
884 3779 902 3812 ι
931 3761 988 3815 Si
1036 3762 1260 3833 diligitis
1297 3764 1574 3833 proximos
1610 3764 1751 3819 sicut

141 3855 388 3923 vosipsos
414 3894 430 3913 ,
462 3853 601 3908 bene
639 3851 842 3908 facitis.
893 3852 949 3908 Si
978 3864 1157 3910 autem
1192 3870 1452 3925 personas
1481 3857 1747 3926 accipitis,

142 3958 430 4018 peccatum
472 3948 796 4017 operamini,
836 3948 1109 4018 redarguti
1150 3964 1181 4003 a
1221 3948 1337 4021 lege
1372 3950 1526 4019 quasi
1577 3960 1748 4005 trans-

141 4056 424 4112 gressorcs
464 4040 605 4110 (Jac.
654 4057 713 4105 ιι,
761 4042 838 4112 9),
871 4062 890 4095 ι
921 4052 1026 4097 etc.
1083 4042 1151 4097 Et
1210 4043 1400 4098 beatus
1448 4045 1750 4114 praedeces-

146 4152 237 4190 sor
266 4144 462 4190 noster
499 4133 768 4200 Clemens,
818 4135 902 4191 vir
945 4136 1272 4205 apostolicus
1323 4145 1377 4191 et
1428 4136 1620 4206 spiritu
1646 4136 1748 4191 Do-

143 4228 272 4282 mini
329 4227 560 4297 plenus,
599 4242 703 4282 una
735 4242 857 4285 cum
888 4227 1109 4297 reliquis
1134 4228 1341 4283 sanctis
1389 4226 1612 4299 collegis
1636 4228 1750 4284 suis

142 4318 351 4384 statuit,
408 4318 639 4373 dicens:
673 4317 980 4373 Accusandi
1026 4318 1111 4372 vel
1166 4318 1487 4374 testiﬁcandi
1532 4318 1747 4374 licentia

142 4411 442 4484 denegetur
476 4411 727 4469 omnibus
774 4412 866 4483 qui
899 4412 1224 4468 Christiana:
1256 4411 1531 4483 religionis
1559 4423 1615 4469 et
1648 4428 1748 4467 no~

140 4506 304 4560 minis
330 4502 675 4575 dignitatem,
702 4514 760 4561 et
783 4520 894 4559 suae
920 4503 1055 4572 legis
1081 4503 1164 4559 vel
1209 4504 1290 4559 sui
1328 4504 1589 4575 propositi
1625 4519 1749 4558 nor—

1778 4556 1828 4618 Β

1856 1915 2072 1971 Scimus
2135 1915 2281 1971 enim
2343 1918 2467 1986 quia
2534 1918 2763 1973 multum
2814 1920 3092 1992 derogatio
3146 1920 3401 1992 prtevalet
3437 1961 3455 1990 ,

1852 2010 2068 2080 quando
2094 2014 2383 2081 derogator
2404 2010 2645 2067 creditur
2672 2012 2777 2066 ﬁde
2808 2013 3031 2083 dignus;
3066 2012 3207 2079 ideo,
3235 2012 3457 2082 fratres,

1853 2104 2020 2160 variis
2061 2102 2491 2159 detractionibus
2532 2111 2588 2158 et
2627 2104 3068 2160 accusationibus
3100 2120 3207 2161 non
3243 2113 3465 2176 oportet

1853 2196 2167 2253 labefactari
2192 2196 2405 2267 judices
2433 2204 2490 2251 et
2517 2195 2778 2267 primates
2806 2195 3060 2252 Ecclesiae
3082 2238 3099 2262 ,
3144 2196 3240 2253 sed
3285 2197 3461 2268 magis

1853 2290 2221 2360 apostolorum
2260 2299 2317 2344 et
2359 2289 2644 2345 doctorum
2672 2287 2871 2360 regulis
2899 2287 3181 2344 informari
3210 2296 3266 2343 et
3294 2288 3455 2345 robo-

1853 2382 1984 2447 rari,
2014 2380 2155 2437 unde
2186 2381 2392 2453 justum
2433 2389 2518 2436 est
2560 2395 2752 2437 otnues
2795 2380 2852 2436 in
2899 2382 3150 2437 universo
3181 2380 3457 2437 Romano-

1854 2486 1973 2529 rum
2002 2473 2135 2529 orbe
2159 2472 2412 2529 doctores
2437 2470 2593 2541 legis,
2616 2486 2677 2526 ea
2704 2484 2826 2542 qua:
2847 2471 2980 2543 legis
3007 2482 3133 2528 Sunt
3170 2481 3317 2529 recta
3365 2488 3458 2528 sa-

1851 2578 1982 2633 pere
2010 2571 2065 2617 et
2099 2562 2335 2633 operari,
2386 2572 2440 2618 et
2482 2578 2589 2618 non
2642 2563 2855 2635 regulas
2897 2565 3172 2621 nascentis
3213 2563 3460 2621 ecclesia

1852 2654 2112 2711 confundi
2147 2686 2163 2720 ,
2199 2664 2291 2710 ant
2320 2655 2481 2710 ﬁdem
2507 2662 2604 2711 aut
2628 2656 2930 2712 doctrinam
2967 2656 3335 2727 apostolorum
3360 2666 3461 2712 Va-

1855 2749 1951 2805 riis
1972 2750 2242 2804 maculare
2273 2749 2556 2814 doctrinis,
2596 2764 2697 2805 nec
2724 2748 2923 2806 fratres
2961 2749 3237 2807 infestare.
3262 2749 3319 2806 Si
3360 2764 3458 2805 au-

1856 2851 1962 2898 tem
2008 2840 2274 2899 omniain
2316 2840 2418 2896 hoc
2464 2840 2663 2899 saeculo
2710 2842 2982 2897 vindicata
3026 2851 3228 2907 essent,
3276 2841 3455 2900 locum

1852 2934 2035 2993 divina
2062 2933 2263 3004 judicia
2317 2948 2421 2989 non
2461 2934 2748 3000 baberent,
2795 2936 3146 3006 supervacuis
3192 2935 3340 2995 enim
3387 2934 3459 2991 ad

1851 3025 2113 3081 beneﬁcia
2138 3024 2349 3081 laborat
2375 3026 2680 3096 impendiis,
2705 3026 2798 3097 qui
2830 3026 2998 3081 solent
3034 3036 3212 3085 certat
3241 3026 3457 3084 facibus

1853 3116 2138 3187 adjuvare;
2172 3118 2289 3173 ideo
2317 3118 2361 3172 si
2392 3118 2585 3188 aliquis
2621 3129 2775 3189 putat
2814 3119 3043 3176 Domino
3092 3122 3145 3175 in
3190 3122 3294 3177 hoc
3337 3121 3457 3191 pla-

1852 3225 1977 3265 cere
2003 3211 2146 3278 quod
2173 3225 2359 3264 servos
2380 3226 2509 3265 suos
2534 3221 2776 3277 accusat,
2810 3220 2868 3267 et
2907 3220 2966 3267 ut
2996 3212 3251 3268 meliores
3298 3212 3458 3278 ﬁant,

1852 3303 1981 3357 dicit
2018 3316 2078 3356 se
2110 3301 2212 3356 hoc
2247 3318 2427 3373 agere,
2459 3304 2513 3357 in
2543 3319 2735 3358 vanum
2766 3304 2978 3359 laborat
3003 3316 3059 3360 et
3084 3306 3207 3375 plus
3237 3305 3456 3362 invidiae

1850 3393 2088 3449 Stintulis
2130 3393 2364 3464 agitatur
2407 3409 2568 3464 quam
2614 3395 2922 3460 cbaritatis,
2967 3396 3227 3466 quoniam
3268 3396 3459 3468 gratim

1851 3485 2129 3556 plenitudo
2162 3483 2467 3553 adjectiune
2510 3500 2615 3540 non
2658 3487 2880 3558 indiget,
2932 3503 3034 3544 nec
3077 3488 3181 3543 ulla
3229 3490 3461 3559 requirit

1852 3577 2335 3651 commendationis
2388 3588 2696 3649 augmenta.
2760 3580 2983 3652 Erigttnt
3027 3596 3158 3653 ergo
3205 3582 3459 3639 doctores

1852 3669 2213 3747 conscientias
2250 3685 2393 3733 suas,
2430 3680 2486 3724 ct
2526 3670 2571 3726 si
2616 3671 2833 3742 quando
2879 3672 3103 3729 incertis
3150 3682 3455 3743 temporum

1853 3764 2069 3819 llaubns
2096 3775 2464 3835 opponuntur,
2490 3766 2756 3821 sustinent
2782 3765 2922 3821 mala
2947 3778 3067 3837 qua:
3090 3767 3305 3823 saculis
3334 3776 3455 3821 ma-

1850 3858 1935 3928 gis
1965 3865 2092 3911 sunt
2114 3857 2435 3912 ascribenda
2459 3872 2621 3928 quam
2665 3858 2890 3915 meritis.
2934 3859 3125 3915 Datam
3170 3860 3315 3915 enim
3348 3860 3458 3916 sci-

1851 3964 1977 4003 mus
1999 3946 2218 4002 Satanae
2246 3957 2591 4018 potestatem,
2622 3958 2682 4003 ut
2711 3965 2898 4007 servos
2931 3950 3132 4007 Christi
3164 3951 3454 4018 cribraret,

1853 4042 2082 4111 utquod
2112 4041 2177 4095 de
2214 4041 2393 4097 tritico
2422 4041 2652 4098 inveniri
2685 4052 2885 4113 posset,
2934 4044 3144 4101 horreis
3183 4046 3457 4118 ingerere-

1855 4138 1980 4197 tur;
2006 4139 2061 4184 et
2088 4131 2228 4200 quod
2259 4132 2324 4184 de
2352 4130 2541 4200 paleis,
2565 4147 2627 4187 ae
2656 4133 2859 4203 ignium
2889 4132 3144 4190 alimenta
3175 4137 3453 4193 transiret.

1856 4222 1938 4277 Ad
1967 4237 2065 4277 vos
2094 4220 2401 4292 specialiter
2428 4223 2631 4278 dictum
2652 4233 2774 4280 est:
2810 4242 2830 4276 ι
2858 4224 3037 4282 Nolite
3062 4228 3255 4284 timere
3283 4229 3454 4300 pusil-

1858 4312 1943 4368 lus
1991 4329 2145 4384 grex,
2198 4313 2402 4383 placuit
2449 4314 2597 4370 Patri
2653 4325 2833 4374 vestro
2874 4318 3009 4375 dare
3046 4320 3196 4377 vobis
3228 4337 3457 4392 regnum

1856 4404 2008 4474 (Luc.
2036 4422 2132 4472 xu,
2168 4405 2281 4477 52),
2314 4426 2334 4459 ι
2368 4408 2519 4462 venit
2548 4409 2690 4463 inter
2723 4422 2821 4467 vos
2846 4410 3055 4481 gladius
3099 4411 3454 4482 perﬁdorum,

1854 4511 1915 4556 ut
1951 4503 2191 4559 marcida
2233 4502 2488 4559 Ecclesia:
2527 4505 2765 4560 membra
2794 4514 3086 4571 resecem,
3116 4515 3171 4562 et
3197 4507 3265 4561 ad
3294 4507 3457 4563 cmleo

140 4613 285 4652 mam
322 4604 419 4651 aut
455 4597 782 4666 regulariter
806 4596 1079 4667 prohibita
1115 4595 1490 4667 neglexerunt.
1547 4594 1589 4652 Τ
1596 4611 1751 4652 rans-
1778 4594 1827 4618 "
1852 4604 1990 4651 stem
2014 4594 2242 4667 gloriam
2266 4596 2603 4666 perduceret.
2657 4595 2804 4663 Quos
2841 4599 3041 4655 habeat
3068 4600 3320 4655 Christus
3346 4600 3453 4653 ini—

138 4706 427 4764 gressores
455 4691 598 4746 enim
629 4700 825 4764 sponte
854 4690 989 4760 legis
1018 4706 1153 4756 suae,
1193 4692 1420 4762 ejusque
1456 4688 1747 4747 violatores

138 4793 196 4841 et
246 4783 582 4853 recedentes,
611 4791 873 4855 apostatte
938 4783 1304 4839 nominentur.
1365 4780 1556 4838 Omnis
1599 4781 1745 4837 enim

140 4885 389 4948 apostata
419 4874 734 4933 refutandus
761 4884 846 4933 est
875 4882 998 4931 ante
1026 4874 1393 4931 reversionem
1420 4887 1574 4929 suam
1594 4913 1608 4939 ,
1638 4888 1744 4928 non

142 4971 197 5025 in
227 4970 575 5026 accusatione
604 4977 754 5029 recte
780 4968 1080 5039 agentium,
1108 4976 1203 5023 aut
1229 4967 1540 5024 testimonio
1578 4966 1747 5023 susei-

140 5065 395 5135 piendus,
417 5064 543 5134 quia
572 5064 652 5118 vir
678 5062 877 5133 duplex
907 5062 1090 5118 animo
1110 5062 1425 5118 inconstans
1447 5070 1532 5118 est
1552 5061 1604 5117 in
1631 5076 1743 5117 etu-

141 5159 307 5215 nibus
332 5158 437 5213 viis
453 5158 586 5213 suis.
650 5176 669 5212 ι
701 5157 1024 5226 Quicunque
1048 5166 1228 5213 autem
1264 5156 1346 5226 (ut
1370 5156 1448 5211 ait
1473 5155 1748 5227 apostolus

140 5247 405 5321 Iacobus)
437 5256 605 5305 totam
631 5249 807 5319 legem
833 5249 1155 5315 servaverit,
1184 5244 1426 5304 oﬂendat
1463 5258 1646 5304 autem
1692 5247 1747 5303 in

142 5360 277 5409 uno,
310 5342 485 5399 factus
505 5351 587 5400 est
610 5358 738 5399 reus
764 5341 1031 5397 omnium.
1065 5341 1169 5409 Qui
1217 5350 1399 5398 autem
1444 5342 1602 5409 dixit,
1634 5340 1751 5397 Non

1856 4688 1997 4754 lites,
2041 4698 2319 4745 certamen
2367 4690 2624 4753 ostendit,
2655 4692 2747 4760 qui
2774 4692 3111 4762 triumphum
3141 4702 3458 4747 mereantur

1850 4770 1951 4852 per
1974 4780 2111 4836 bella
2135 4790 2555 4852 cognoscuntur.
2606 4779 2823 4839 Scimus
2851 4794 3034 4838 autem
3064 4781 3263 4837 multos
3296 4783 3368 4837 ob
3400 4781 3458 4836 id

1851 4872 2112 4929 infestare
2145 4872 2417 4937 doctores,
2447 4882 2507 4928 ut
2533 4886 2630 4930 eos
2659 4874 2890 4944 perdant
2920 4884 2977 4930 et
3006 4875 3237 4945 praprize
3271 4874 3460 4930 volun-

1850 4968 1984 5023 tatis
2005 4968 2201 5039 placita
2223 4966 2569 5038 adimpleant.
2609 4966 2729 5023 Non
2756 4980 3046 5040 propterea
3066 4978 3249 5025 tanien
3276 4973 3435 5039 docto

1852 5073 1941 5117 res
1988 5060 2302 5130 inquantum
2334 5058 2477 5116 vires
2522 5069 2815 5131 suppetunt
2842 5076 2874 5114 a
2907 5071 3053 5117 recta
3091 5062 3456 5122 simulationes

1852 5162 1911 5209 et
1950 5153 2092 5208 bona
2123 5150 2422 5210 intentione
2471 5155 2728 5209 recedere
2773 5152 2991 5219 debent,
3044 5154 3280 5211 scientes
3333 5156 3462 5223 quia

1858 5265 1882 5300 ι
1912 5245 2055 5303 beati
2078 5247 2171 5318 qui
2200 5246 2629 5317 persecutionem
2652 5246 2934 5317 patiuntur
2952 5257 3173 5320 propter
3188 5248 3458 5317 justitiam

1856 5336 2078 5410 (Matth.
2108 5354 2159 5405 ιι,
2191 5336 2301 5408 ιο).
2342 5355 2362 5389 ι
2392 5335 2537 5393 Nihil
2565 5346 2749 5394 autem
2784 5336 2875 5393 illo
2908 5348 2994 5397 est
3030 5344 3249 5409 pastore
3298 5338 3466 5394 mise-
