4012 6440
507 354 576 409 63
1347 353 1638 410 APPEND.
1669 351 1764 410 AD
1804 350 1981 413 sm.
2020 353 2113 411 IX.
2153 383 2222 397 ..-
2259 315 2512 412 lSlDOBl
2551 353 3000 414 MERCATORIS
3736 363 3808 420 64

502 467 658 526 Sicut
681 465 880 520 artium
923 463 977 520 in
1018 479 1116 522 suo
1153 479 1366 538 quoque
1405 481 1568 536 opere
1612 466 1884 522 invenitur
1925 477 2100 524 mater
2125 475 2176 534 Α
2201 468 2341 523 oculi
2368 468 2640 536 dicuntur,
2674 478 2730 524 et
2754 470 3134 538 subdiacouos,
3179 480 3341 544 alque
3370 475 3609 547 reliquos
3637 480 3808 536 mini.

502 559 794 624 instantia,
849 558 922 612 ita
974 573 1204 614 noverca
1253 557 1574 614 eruditionis
1623 567 1707 614 est
1755 558 2100 630 negligentia.

500 649 690 706 Nullus
725 665 853 720 ergo
895 648 1264 718 prrcjudieium
1306 647 1464 704 alteri
1512 647 1698 714 faciat,
1743 664 1919 720 neque
1962 651 2105 719 quod

502 743 606 798 sibi
637 740 754 797 ﬁeri
777 721 891 794 non
924 739 1038 794 vult
1075 747 1351 795 exerceat.
1401 737 1570 795 Nemo
1597 739 1802 795 dictum
1830 739 1896 795 de
1920 739 2106 810 aliquo

504 833 770 898 inveniat,
815 829 958 902 quod
1004 831 1058 885 in
1101 829 1218 900 ejus
1262 831 1474 887 actibus
1516 846 1621 886 non
1668 839 1942 903 agnoscat.
1991 831 2106 903 Ego

511 935 692 982 autem
715 922 1113 989 labefactatam,
1135 938 1242 978 non
1259 923 1431 979 solum
1455 923 1690 993 quietem
1714 938 1912 990 meam,
1935 923 2030 979 sed
2051 931 2109 979 et

502 1017 735 1075 salutem
767 1015 1109 1071 inimicorum
1134 1015 1444 1071 valetudine
1464 1025 1520 1071 et
1547 1031 1825 1071 rumorum
1852 1015 2107 1086 procellis

503 1123 754 1182 agnosco.
802 1088 1001 1162 Potens
1034 1114 1118 1162 est
1161 1106 1416 1161 divinitas
1460 1106 1726 1162 immensa
1767 1107 2106 1177 tempestatis

503 1199 712 1256 incerta
750 1199 892 1254 bono
921 1197 1230 1254 serenitatis
1275 1212 1547 1254 amovere.
1595 1199 1663 1254 Et
1711 1199 1842 1270 quid
1881 1200 2025 1255 aliud
2057 1199 2105 1256 si

510 1310 530 1345 ι
558 1291 809 1348 Christus
850 1306 1044 1362 passus
1094 1299 1178 1347 est
1224 1307 1323 1362 pro
1371 1291 1544 1357 nobis,
1598 1292 1752 1348 nobis
1794 1293 2106 1366 relinquens

499 1383 832 1454 exemplum,
873 1393 932 1438 ut
967 1397 1260 1454 sequamur
1295 1383 1523 1455 vestigia
1565 1381 1684 1453 ejus
1729 1383 1779 1456 (ι
1834 1383 1980 1440 Petr.
2039 1402 2104 1453 ιι,

499 1475 594 1548 21)
623 1515 638 1541 ,
673 1491 694 1528 t
725 1482 782 1531 et
821 1473 1051 1546 apostoli
1093 1474 1237 1546 passi
1267 1484 1412 1544 sunt,
1446 1485 1736 1546 sequentes
1766 1473 1884 1545 ejus
1915 1492 2103 1533 exem-

501 1569 672 1642 plum,
711 1577 767 1624 et
803 1567 996 1640 reliqui
1038 1576 1239 1639 patres,
1289 1568 1394 1624 nisi
1432 1577 1494 1624 ut
1540 1584 1835 1639 sequamur
1874 1571 2104 1642 vestigia

500 1659 636 1730 ejus,
683 1669 791 1715 tam
835 1659 1140 1716 doctrinam
1174 1673 1364 1715 eorum
1392 1675 1552 1730 quam
1575 1661 1904 1733 exemplum,
1929 1668 1986 1718 et
2012 1676 2107 1732 pa-

501 1753 702 1808 tiamur
725 1752 952 1808 adversa
981 1767 1081 1822 pro
1125 1751 1365 1818 Christo,
1399 1762 1452 1808 et
1489 1769 1612 1809 cum
1649 1753 1896 1825 patribus
1942 1765 2105 1824 atque

2206 570 2349 616 stros
2371 576 2552 615 secum
2589 561 2803 627 habeat,
2834 563 2924 633 qui
2961 565 3134 620 sacris
3171 567 3340 621 induti
3385 570 3726 626 vestimentis
3751 572 3807 629 in

2206 653 2384 710 fronte
2411 663 2464 709 et
2497 670 2526 708 a
2557 664 2728 726 tergo,
2757 665 2810 710 et
2840 657 3137 728 presbyteri
3169 675 3200 712 e
3234 661 3454 730 regione
3495 662 3689 718 dextra
3733 665 3816 721 le-
3848 653 3873 678 ⁸

2205 760 2403 817 vaque,
2435 747 2669 801 contrito
2699 747 2862 802 corde
2888 757 2944 802 et
2982 748 3264 805 humiliato
3293 753 3509 821 spiritu,
3539 769 3602 810 ac
3633 771 3810 826 prono

2203 848 2352 896 stent
2379 839 2549 906 vultu,
2576 841 2940 898 custodientes
2963 858 3086 898 eum
3119 859 3150 898 a
3179 845 3442 902 malivolis
3473 849 3808 917 hominibus,

2205 940 2262 988 et
2310 946 2632 988 consensum
2674 934 2792 1004 ejus
2827 935 3104 1004 prmbeant
3134 937 3426 1003 sacriﬁcio,
3462 949 3682 1009 peracta
3712 957 3811 995 auo

2208 1035 2318 1083 tem
2352 1027 2786 1095 consecratione,
2835 1043 3026 1084 omnes
3061 1031 3463 1087 communicent
3489 1033 3583 1104 qui
3621 1034 3813 1089 nolue-

2207 1118 2318 1174 rint
2363 1118 2746 1174 ecclesiasticis
2803 1133 2992 1175 carere
3046 1119 3341 1178 liminibus.
3413 1123 3505 1180 Sic
3555 1125 3701 1180 enim
3753 1133 3814 1181 et

2208 1209 2434 1281 apostoli
2461 1217 2798 1276 statuerunt,
2825 1220 2879 1266 et
2922 1221 3111 1266 sancta
3157 1211 3400 1268 Romana
3452 1223 3600 1271 tenet
3628 1215 3815 1271 Eccle-

2207 1301 2309 1356 sia.
2331 1318 2350 1351 ι
2373 1298 2613 1366 Servite,
2640 1318 2660 1352 ι
2688 1300 3134 1370 inquitDominus
3155 1308 3252 1372 per
3271 1305 3591 1374 prophetam
3614 1306 3812 1372 David,

2213 1409 2232 1445 t
2259 1393 2312 1446 in
2331 1391 2544 1458 timore,
2563 1401 2618 1446 et
2637 1393 2906 1449 exsultate
2925 1394 2975 1449 ei
2991 1409 3113 1449 cum
3135 1402 3374 1451 tremore
3391 1395 3562 1467 (Paul.
3584 1415 3642 1463 ιι,
3659 1399 3810 1468 Η),ι

2207 1483 2430 1540 adorate
2451 1498 2606 1554 pure,
2630 1499 2700 1538 ne
2723 1487 2940 1555 quando
2960 1486 3246 1554 irascatur,
3270 1497 3326 1544 et
3347 1491 3585 1559 pereatis
3607 1491 3675 1546 de
3702 1492 3814 1548 via.

2205 1573 2300 1631 llle
2339 1575 2486 1630 enim
2533 1590 2642 1630 non
2682 1577 2824 1648 perit
2863 1578 2932 1635 de
2979 1579 3068 1635 via
3114 1581 3208 1650 qui
3251 1590 3395 1638 recte
3443 1584 3709 1654 graditur,
3758 1591 3822 1640 et

2205 1674 2475 1737 prtecepta
2503 1668 2740 1724 custodit
2761 1669 3048 1740 majorum.
3076 1670 3268 1727 Doceri
3291 1688 3420 1745 ergo
3447 1689 3637 1729 omnes
3658 1689 3820 1744 opor-

2208 1765 2286 1814 tet
2335 1759 2429 1828 qui
2480 1759 2693 1816 Domini
2743 1763 3048 1818 saeerdotio
3096 1762 3415 1836 funguntur,
3480 1775 3538 1820 ut
3586 1776 3820 1823 caeteros

503 1861 627 1902 cum
660 1844 920 1901 fratribus
947 1859 1162 1900 crucem
1187 1855 1490 1916 portemus,
1533 1861 1834 1918 eorumque
1883 1846 2105 1902 tribula-
2132 1858 2180 1920 Β
2209 1853 2482 1909 instruant
2535 1862 2592 1908 et
2635 1853 2738 1909 sibi
2787 1855 3094 1925 proﬁciam,
3144 1858 3406 1928 scriptum
3447 1867 3531 1914 cst
3570 1869 3755 1915 autem
3801 1878 3816 1914 ε

501 1942 737 1999 tionibus
760 1942 1175 2013 eompatiamur,
1201 1949 1262 1996 ut
1285 1941 1488 1998 Christi
1531 1942 1647 1997 veri
1687 1941 1936 2012 discipuli
1967 1941 2116 1996 inve-

501 2037 736 2104 niamur,
769 2035 864 2107 qui
903 2036 1040 2092 dixit
1067 2052 1082 2090 :
1107 2035 1209 2104 Qui
1237 2036 1352 2091 vult
1379 2045 1504 2107 post
1530 2052 1616 2093 me
1651 2037 1852 2104 venire,
1887 2037 2116 2109 abneget

502 2131 854 2201 semetipsum
889 2171 904 2196 ,
955 2139 1012 2185 et
1064 2129 1219 2185 tollat
1271 2145 1490 2185 crucem
1549 2145 1702 2186 suam
1749 2138 1804 2185 et
1856 2137 2116 2201 sequatur

503 2239 591 2282 me
623 2223 776 2296 (Luc.
804 2239 882 2288 nt,
928 2222 1021 2293 25)
1050 2262 1065 2287 ,
1102 2241 1119 2275 ι
1159 2232 1215 2278 et
1239 2222 1488 2294 reliqua?
1534 2222 1890 2294 Praesumptio
1923 2231 2024 2281 .est
2067 2221 2115 2280 si

504 2317 850 2374 dominorum
872 2315 1134 2372 beneﬁcia
1157 2315 1345 2371 famuli
1373 2331 1480 2371 non
1512 2324 1827 2387 sequantur.

576 2408 910 2479 Obsequium
940 2423 1070 2477 ergo
1094 2408 1470 2464 aestimandum
1492 2417 1643 2479 puto,
1671 2407 1814 2480 quod
1837 2408 2116 2478 pariturus

507 2501 784 2574 impendo.
855 2500 996 2570 Quid
1036 2509 1120 2556 est
1166 2501 1334 2567 enim,
1372 2501 1516 2571 quod
1561 2501 1684 2572 plus
1729 2501 1972 2558 creditur
2019 2500 2116 2564 ﬁlii

505 2592 832 2650 vocabulum
857 2591 1038 2648 valere
1065 2607 1229 2662 quam
1261 2591 1602 2663 obsequium,
1635 2602 1689 2648 et
1715 2608 1821 2649 non
1846 2593 2117 2664 qumritur

507 2675 638 2757 quid
667 2687 721 2741 in
753 2686 956 2741 amoris
994 2685 1148 2742 lance
1176 2700 1521 2755 promoveas,
1551 2686 1644 2742 sed
1671 2685 1830 2758 quale
1871 2686 1938 2741 ad
1975 2701 2116 2758 prae-

504 2779 767 2853 judicimn
827 2779 1118 2835 aestimanti
1169 2794 1365 2836 nomen
1436 2793 1677 2850 apponas
1707 2821 1722 2846 ,
1789 2795 1910 2835 cum
1975 2780 2118 2851 apud

511 2873 806 2950 prudentes
849 2875 1052 2934 frustra
1100 2871 1340 2934 sobolem
1383 2872 1652 2944 diximus,
1703 2872 1809 2935 nisi
1861 2873 2115 2936 exhibeat

511 2969 657 3040 quod
714 2969 950 3026 videtur.
1016 2969 1129 3041 Ego
1170 2983 1302 3025 vero
1345 2968 1471 3026 nolo
1515 2984 1702 3026 errore
1753 2970 1878 3026 meo
1917 2968 2120 3026 alienas

513 3065 700 3136 culpas
746 3080 1012 3130 asserere,
1056 3074 1116 3120 ut
1169 3065 1371 3121 factum
1415 3069 1561 3139 quod
1618 3066 1772 3125 doleo
1829 3067 2118 3123 admisisse

510 3158 823 3213 convincar.
880 3176 898 3210 ι
928 3156 1122 3225 Odisti,
1148 3157 1324 3230 inquit
1349 3160 1610 3217 Dominus
1641 3175 1740 3232 per
1768 3162 2114 3233 prophetam,

2220 1964 2239 1998 t
2269 1944 2371 2012 Qui
2399 1946 2542 2002 docti
2576 1946 2794 2012 fuerint,
2833 1946 3116 2020 fulgebunt
3162 1951 3318 2020 quasi
3339 1951 3593 2022 splendor
3633 1953 3824 2007 ﬁrma-

2213 2037 2403 2102 menti,
2420 2045 2477 2092 et
2495 2038 2587 2108 qui
2601 2038 2668 2092 ad
2681 2037 2949 2107 justitiam
2971 2041 3226 2095 erudiunt
3246 2041 3466 2108 multos,
3481 2042 3635 2114 quasi
3649 2042 3824 2097 stella:

2215 2127 2270 2183 in
2293 2137 2580 2198 perpetuas
2596 2130 2926 2185 aeternitates
2939 2130 3102 2201 (Dan.
3125 2146 3224 2197 xu,
3241 2132 3351 2202 5).»
3374 2131 3437 2187 Et
3461 2132 3586 2187 atibi
3619 2150 3633 2186 :
3661 2152 3680 2185 ι
3715 2132 3828 2189 Ρο-

2214 2217 2371 2290 pulus
2397 2231 2577 2275 autem
2601 2220 2778 2276 sciens
2798 2221 3084 2277 Dominum
3108 2237 3264 2278 suum
3291 2222 3616 2279 obtinebitet
3632 2223 3822 2288 faciet,

2215 2323 2272 2368 et
2305 2312 2448 2369 docti
2474 2313 2528 2368 in
2561 2313 2758 2385 populo
2781 2314 3052 2370 docebunt
3071 2315 3332 2386 plurimos
3356 2316 3518 2388 (Dan.
3544 2316 3759 2386 xr,32).
3797 2336 3818 2370 ι

2214 2403 2335 2475 Ipsa
2364 2405 2508 2459 enim
2539 2406 2740 2460 veritas
2775 2405 2880 2478 14
2907 2422 3004 2477 per
3024 2422 3083 2463 se
3105 2406 3270 2462 infert
3298 2416 3354 2463 et
3380 2407 3511 2462 dicit
3534 2425 3548 2462 :
3573 2425 3592 2458 ς
3621 2407 3826 2465 Beatus

2216 2497 2309 2567 qui
2343 2513 2452 2552 non
2486 2495 2648 2552 fuerit
2677 2499 3079 2555 scandalizatus
3114 2499 3169 2554 in
3199 2515 3285 2555 tne
3317 2498 3470 2570 (Luc.
3507 2515 3606 2566 vn,
3631 2500 3759 2571 ‘25);
3795 2519 3817 2553 ι

2217 2589 2308 2644 ille
2334 2589 2523 2660 procul
2556 2590 2718 2646 dubio
2745 2591 3144 2647 scandalizatus
3164 2601 3249 2647 est
3283 2595 3336 2647 in
3369 2592 3533 2646 Deum
3561 2593 3650 2662 qui
3675 2603 3826 2648 recte

2217 2697 2324 2738 non
2342 2682 2519 2744 docet,
2547 2690 2601 2737 et
2615 2681 2847 2753 quiejus
2867 2683 3525 2755 scandalizatepiscopum
3541 2684 3624 2740 vel
3639 2701 3826 2740 sacer-

2218 2774 2422 2830 dotem.
2448 2774 2614 2846 lmpie
2642 2791 2876 2847 namque
2902 2788 3127 2848 agentes
3153 2788 3278 2834 sunt
3305 2779 3492 2849 impii,
3522 2794 3697 2850 neque
3735 2781 3823 2835 in-

2220 2867 2686 2944 tclliguntomnes
2712 2869 2882 2946 impii,
2913 2885 3074 2945 porro
3097 2871 3238 2931 docti
3271 2871 3600 2947 intelligent,
3628 2888 3825 2936 omnes

2219 2968 2366 3022 enim
2390 2967 2622 3023 invicem
2646 2968 3006 3024 humilitatem
3039 2969 3331 3035 insinuante,
3358 2989 3376 3021 ‹
3407 2972 3531 3039 quia
3564 2968 3707 3024 Deus
3731 2987 3827 3024 su-

2220 3061 2405 3132 perbis
2434 3061 2659 3125 resistit,
2687 3061 2980 3117 humilibus
3002 3071 3182 3117 autem
3211 3063 3303 3117 dat
3323 3063 3553 3133 gratiam
3584 3061 3643 3131 (1
3665 3060 3823 3116 Petr.

2220 3135 2278 3221 v,
2309 3155 2387 3227 5).
2425 3174 2444 3209 ›
2479 3175 2498 3208 ι
2529 3154 2726 3222 Nolite,
2751 3155 2924 3226 inquit
2948 3155 3184 3213 Joannes
3209 3158 3500 3228 apostolus,
3527 3158 3674 3212 omni
3706 3158 3826 3229 spi-

512 3265 703 3306 omues
725 3258 1013 3320 operantes
1042 3227 1404 3320 iniquitatem,
1437 3227 1941 3325 perdes-loquentes
1970 3269 2122 3310 men-
2147 3227 2194 3292 (ἶ
2228 3248 2357 3303 ritui
2403 3247 2656 3314 credere,
2687 3247 2782 3304 sed
2813 3247 3036 3318 probate
3077 3227 3300 3320 spiritus
3329 3249 3373 3304 si
3416 3264 3485 3304 ex
3531 3245 3642 3303 Deo
3672 3258 3824 3305 sunt.

515 3342 748 3396 dacium.
806 3339 996 3398 Virum
1036 3343 1358 3414 sanguinum
1401 3353 1456 3399 et
1489 3344 1732 3401 dolosum
1780 3346 2117 3402 abominabi-

512 3441 603 3488 tur
631 3433 924 3500 Dominus;
949 3449 1048 3506 ego
1074 3445 1254 3490 autem
1287 3436 1339 3491 in
1370 3437 1715 3495 multitudine
1737 3439 2124 3497 misericordiae

515 3533 621 3580 tuae
649 3524 882 3581 introibo
912 3525 966 3580 in
993 3526 1211 3581 domum
1242 3535 1386 3582 tuam
1414 3567 1430 3593 ,
1463 3528 1808 3600 adoraboque
1833 3530 1886 3584 in
1915 3530 2120 3600 templo

513 3627 705 3674 sancto
745 3625 860 3684 tuo,
901 3617 956 3673 in
997 3618 1325 3675 timore'tuo
1378 3617 1553 3692 (Psal.
1603 3637 1656 3686 v,
1708 3620 1784 3693 7).
1815 3640 1833 3674 ι
1869 3621 2118 3688 Domine,

511 3707 688 3765 deduc
718 3723 805 3764 me
843 3708 898 3763 in
931 3708 1143 3778 justitia
1173 3717 1263 3763 tua
1300 3718 1522 3780 propter
1546 3710 1917 3767 incantatores
1945 3727 2120 3778 meos,

515 3797 688 3867 dirige
738 3807 864 3853 ante
902 3796 1096 3853 faciem
1130 3807 1272 3853 tuam
1298 3799 1441 3853 viam
1484 3816 1682 3866 meam,
1725 3815 1830 3856 non
1867 3810 1950 3857 cst
1978 3803 2124 3858 enim

515 3893 571 3945 in
600 3904 696 3944 ore
723 3904 913 3945 eorum
951 3899 1161 3946 rectum
1183 3932 1196 3956 ,
1230 3890 1490 3946 interiora
1517 3905 1704 3946 eorum
1752 3893 1984 3948 insidiae.
2033 3893 2125 3948 Se-

516 3981 764 4053 pulcrum
792 3989 986 4052 patens
1005 3990 1092 4036 est
1113 3989 1299 4052 guttur
1324 3996 1534 4048 eorum,
1575 3981 1812 4053 linguam
1855 3998 2007 4039 suam
2045 3984 2125 4039 le-

518 4070 763 4127 niﬁcant.
807 4070 1120 4126 Condemna
1170 4085 1285 4138 eos,
1331 4072 1492 4138 Deus,
1526 4071 1776 4127 decidant
1823 4089 1854 4128 a
1885 4074 2126 4132 consiliis

515 4166 652 4232 suis;
672 4166 830 4236 juxta
859 4164 1256 4220 multitudinem
1283 4165 1548 4222 scelerum
1571 4180 1759 4222 eorum
1781 4166 1990 4237 expelle
2009 4183 2123 4234 eos,

513 4261 771 4332 quoniam
801 4267 1233 4330 provocaverunt
1282 4268 1352 4314 te.
1407 4259 1474 4314 Et
1517 4259 1766 4315 laetentur
1807 4275 1998 4315 omnes
2032 4259 2127 4332 qui

517 4361 738 4423 sperant
766 4351 820 4406 in
853 4360 924 4418 te,
962 4351 1017 4406 in
1045 4361 1305 4407 aeternum
1353 4351 1652 4407 laudabunt
1697 4367 1894 4408 nomen
1948 4363 2122 4408 tuum.

517 4442 586 4498 Et
612 4451 861 4514 proleges
883 4457 1000 4507 eos,
1031 4453 1086 4497 et
1109 4441 1438 4498 laetabuntur
1464 4444 1518 4498 in
1551 4453 1602 4498 te
1637 4445 1727 4514 qui
1755 4445 1985 4516 diligunt
2022 4460 2125 4499 no-

519 4548 644 4590 men
679 4541 850 4600 tuum,
901 4534 1158 4603 quoniam
1209 4543 1264 4588 tu
1312 4535 1600 4590 benedices
1649 4537 1818 4606 justo.
1878 4538 2125 4604 Domine,

519 4635 581 4681 ut
601 4626 754 4682 hasta
777 4625 1157 4696 placabilitatis
1179 4629 1466 4683 coronabis
1487 4643 1610 4683 eum
1628 4627 1838 4701 (Ibid.).
1858 4631 1967 4685 Deo
1985 4631 2127 4686 enim

521 4718 894 4774 sacrificantes
910 4715 1168 4788 perfecte,
1194 4733 1301 4774 non
1324 4719 1522 4774 debent
1548 4720 1756 4787 vexari,
1789 4721 1882 4776 sed
1905 4722 2132 4812 portari,

521 4811 814 4878 consolari,
852 4820 1015 4882 atque
1047 4811 1116 4866 ab
1155 4812 1466 4868 hominibus
1506 4815 1778 4869 venerari.
1819 4815 1924 4885 lpsi
1951 4811 2132 4872 autem

521 4902 738 4972 quando
768 4902 1000 4958 Domino
1047 4904 1359 4960 sacriﬁcant
1411 4921 1518 4959 non
1566 4906 1663 4961 soli
1707 4907 1808 4962 hoc
1845 4922 2008 4978 agere
2045 4909 2130 4964 de'

522 4994 797 5073 bent,\sed
822 5002 990 5050 testes
1016 5009 1202 5051 secum
1244 4996 1553 5062 adhibeant,
1602 5007 1660 5052 ut
1697 4999 1925 5054 Domino
1950 4999 2133 5069 perfe-

525 5095 613 5140 cte
648 5085 702 5140 in
738 5087 968 5142 sacratis
996 5088 1112 5142 Deo
1146 5087 1456 5143 sacriﬁcare
1501 5089 1634 5145 locis
1677 5091 1991 5160 probentur.
2033 5091 2126 5147 Ait

525 5192 761 5248 namque
785 5179 1081 5235 auctoritas
1120 5179 1252 5251 legis
1279 5180 1508 5236 divinae:
1549 5182 1682 5238 Vide
1712 5198 1779 5238 ne
1805 5182 2001 5240 offeras
2031 5185 2127 5239 ho-

525 5271 768 5327 locausta
802 5281 890 5326 tua
920 5273 974 5326 in
1002 5273 1148 5328 omni
1179 5272 1298 5328 loco
1329 5288 1489 5344 quem
1528 5274 1749 5342 videris,
1788 5277 1883 5332 sed
1923 5277 1977 5331 in
2011 5275 2127 5334 loco

527 5381 692 5436 quem
719 5365 880 5436 elegit
908 5365 1167 5422 Dominus
1201 5367 1342 5424 Deus
1379 5378 1522 5424 tuus.
1563 5369 1860 5440 Episc0pus
1900 5371 2128 5426 Domino

529 5457 867 5525 sacriﬁcans,
913 5467 1078 5514 testes
1107 5459 1190 5531 (ut
1214 5459 1494 5531 praeﬁxum
1521 5462 1624 5531 est)
1667 5476 1853 5517 secum
1903 5461 2125 5528 habeat,

529 5559 586 5605 et
615 5551 798 5626 plures
838 5566 1000 5621 quam
1034 5551 1173 5607 alius
1219 5555 1492 5609 sacerdos.
1535 5553 1688 5609 Sicut
1719 5555 1864 5609 enim
1906 5554 2128 5624 majoris

535 5643 762 5700 honoris
793 5643 960 5714 gradu
991 5641 1188 5699 fruitur
1210 5684 1224 5710 ,
1257 5646 1335 5700 sie
1374 5646 1595 5717 majoris
1629 5646 1921 5704 testimonii
1954 5647 2130 5703 incre-

539 5741 871 5797 mentatione
902 5741 1126 5812 indiget.
1173 5741 1229 5796 lu
1258 5742 1672 5800 solemnioribus
1701 5744 1898 5814 quippe
1938 5744 2129 5800 diebus

537 5843 634 5890 aut
668 5845 894 5911 septem,
920 5846 1010 5893 aut
1036 5837 1294 5908 quinque,
1326 5843 1420 5892 aut
1445 5843 1556 5893 tres
1582 5836 1860 5906 diaconos,
1890 5852 1983 5910 qut
2011 5851 2130 5908 ejus

2229 3341 2496 3409 Quoniam
2569 3340 3049 3411 pseudoprophetaa
3115 3342 3363 3396 exierunt
3435 3341 3489 3396 in
3559 3343 3826 3420 mundum

2229 3431 2278 3502 (Ι
2302 3433 2464 3488 Joan.
2494 3448 2577 3496 tv,
2609 3434 2672 3504 ι).
2704 3452 2723 3485 ι
2763 3432 2831 3487 Ει
2857 3433 2996 3488 idem
3026 3433 3141 3505 ipse
3169 3434 3293 3489 alibi
3320 3435 3433 3490 ait:
3481 3454 3500 3487 ι
3533 3433 3643 3491 Vos
3678 3437 3830 3506 quod

2227 3524 2458 3578 audistis
2485 3523 2554 3578 ab
2586 3524 2770 3590 initio,
2820 3524 2873 3578 in
2911 3525 3066 3581 vobis
3094 3535 3452 3596 permaneat;
3493 3527 3536 3582 si
3578 3527 3631 3580 iu
3668 3528 3831 3586 vobis

2226 3616 2592 3684 permanserit
2630 3615 2772 3686 quod
2817 3616 2886 3671 ab
2932 3616 3086 3672 initio
3115 3617 3365 3684 audistis,
3397 3626 3450 3674 et
3479 3633 3574 3672 vos
3604 3619 3658 3673 in
3686 3617 3831 3675 Filio

2227 3715 2283 3762 et
2329 3705 2494 3763 Patre
2541 3707 2849 3764 manebitis.
2901 3708 2970 3763 Et
3011 3710 3127 3765 haec
3155 3719 3240 3765 est
3279 3711 3626 3781 repromissio
3659 3727 3829 3782 quam

2228 3797 2343 3868 ipse
2370 3798 2642 3869 pollicitus
2671 3808 2756 3855 est
2776 3800 2930 3855 vobis
2958 3801 3123 3856 vitam
3150 3810 3432 3857 aeternam.
3471 3801 3597 3858 Haec
3627 3801 3830 3874 scripsi

2225 3889 2382 3944 vobis
2408 3888 2478 3943 de
2504 3888 2590 3944 his
2619 3889 2712 3958 qui
2755 3891 3022 3946 seducunt
3057 3906 3173 3947 vos.
3208 3891 3276 3947 Et
3313 3907 3410 3948 vos
3442 3893 3622 3948 unctio
3659 3908 3830 3962 quam

2229 3981 2518 4049 accepistis
2559 3982 2628 4036 ab
2668 3997 2766 4049 eo,
2813 3992 3030 4038 maneat
3073 3983 3128 4038 in
3159 3983 3332 4038 vobis.
3365 3985 3432 4040 Et
3466 4001 3570 4040 non
3599 4001 3833 4043 necesse

2227 4071 2442 4127 habetis
2470 4082 2529 4127 ut
2557 4072 2754 4142 aliquis
2779 4073 2972 4130 doceat
3005 4089 3122 4141 vos,
3153 4075 3248 4131 sed
3290 4076 3431 4131 sicut
3475 4075 3661 4131 unctio
3708 4075 3833 4146 ejus

2229 4165 2386 4219 docet
2415 4179 2512 4219 vos
2539 4165 2604 4219 de
2631 4166 2883 4220 omnibus
2909 4175 2964 4220 et
2991 4181 3176 4221 verum
3203 4177 3308 4232 est,
3337 4177 3393 4222 et
3419 4185 3523 4224 non
3554 4178 3637 4223 est
3674 4185 3832 4225 men-

2227 4255 2467 4322 dacium,
2495 4265 2552 4310 et
2578 4257 2720 4310 sicut
2744 4256 2924 4313 docuit
2957 4273 3082 4324 vos,
3119 4268 3332 4316 manete
3360 4260 3412 4315 in
3442 4276 3524 4316 eo.
3558 4260 3626 4315 Et
3657 4277 3831 4327 nunc,

2230 4346 2401 4410 ﬁlioli,
2435 4355 2651 4400 manete
2697 4347 2752 4401 in
2795 4363 2890 4414 eo,
2922 4357 2981 4404 ut
3013 4365 3134 4404 cum
3183 4352 3493 4420 apparuerit
3527 4352 3833 4409 habeamus

2230 4435 2506 4502 ﬁduciam,
2533 4445 2586 4492 et
2611 4453 2717 4494 non
2745 4439 3144 4495 confundamur
3162 4441 3230 4495 ab
3249 4456 3314 4496 eo
3342 4442 3394 4496 in
3425 4443 3663 4498 adventu
3685 4442 3831 4512 ejus.

2235 4529 2292 4585 Si
2322 4530 2474 4585 scitis
2504 4532 2757 4601 quoniam
2779 4533 2958 4604 justus
2988 4543 3094 4600 est,
3122 4537 3314 4591 scitote
3341 4538 3598 4606 quoniam
3631 4547 3687 4592 et
3709 4554 3834 4594 om-

2236 4626 2321 4682 nis
2348 4625 2440 4696 qui
2465 4625 2595 4682 facit
2613 4624 2904 4695 justitiam,
2931 4642 2998 4681 ex
3021 4627 3136 4696 ipso
3163 4637 3322 4684 natus
3348 4638 3450 4684 est.
3481 4627 3672 4685 Videte
3693 4645 3833 4699 qua-

2236 4719 2342 4775 lem
2372 4721 2692 4775 charitatem
2728 4721 2878 4775 dedit
2909 4721 3066 4776 nobis
3093 4721 3272 4788 Pater,
3303 4733 3363 4778 ut
3389 4724 3484 4778 ﬁlii
3525 4725 3618 4778 Dei
3652 4726 3836 4780 nomi-

2235 4829 2430 4870 nenmr
2457 4824 2510 4868 et
2534 4815 2725 4880 simus,
2753 4823 2973 4884 propter
3002 4816 3103 4870 hoc
3129 4816 3360 4871 mundus
3389 4831 3494 4871 non
3525 4817 3672 4871 novit
3705 4834 3831 4886 nos,

2233 4907 2359 4977 quia
2383 4922 2489 4961 non
2519 4906 2669 4960 novit
2694 4921 2838 4960 cum.
2861 4906 3200 4973 Charissimi,
3226 4923 3367 4963 nunc
3395 4908 3488 4962 ﬁlii
3519 4907 3610 4962 Dei
3637 4925 3831 4966 sumus

2233 5010 2289 5056 et
2318 5001 2556 5056 nondum
2602 5000 2850 5070 apparuit
2883 5001 3027 5068 quod
3070 5000 3296 5056 erimus.
3328 4999 3544 5055 Scimus
3569 5003 3830 5070 quoniam

2231 5107 2352 5146 cum
2381 5092 2714 5162 apparuerit,
2756 5091 2962 5146 similes
2992 5093 3042 5146 ei
3076 5092 3312 5158 erimus,
3338 5093 3594 5162 quoniam
3621 5094 3833 5150 videbi-

2231 5197 2352 5236 mus
2379 5198 2501 5238 eum
2533 5183 2691 5237 sicuti
2722 5193 2825 5237 est.
2871 5183 2935 5236 Et
2976 5184 3154 5238 omnis
3180 5183 3272 5252 qui
3304 5183 3469 5239 habet
3503 5200 3654 5254 spem
3684 5185 3831 5242 hanc

2231 5275 2286 5330 in
2312 5290 2398 5340 eo,
2431 5273 2736 5330 sanctiﬁcat
2759 5291 2838 5340 sc,
2875 5275 3013 5330 sicut
3044 5283 3100 5330 et
3132 5275 3218 5330 ille
3256 5285 3478 5332 sanctus
3501 5288 3604 5331 est.
3634 5276 3829 5335 Omnis

2231 5366 2324 5437 qui
2351 5366 2482 5422 facit
2505 5373 2810 5435 peccatum,
2840 5374 2895 5419 et
2917 5365 3256 5434 iniquitatem
3281 5365 3430 5433 facit,
3457 5375 3514 5422 et
3539 5381 3828 5438 peccatum

2233 5468 2317 5515 est
2343 5459 2622 5529 iniquitas.
2662 5457 2730 5513 Et
2761 5457 2913 5512 scitis
2941 5459 3064 5526 quia
3109 5457 3198 5513 ille
3235 5459 3483 5528 apparuit
3514 5469 3571 5512 ut
3602 5469 3826 5529 peccata

2232 5551 2468 5616 tolleret,
2500 5559 2557 5605 et
2578 5558 2860 5621 peccatum
2889 5550 2942 5604 in
2973 5565 3039 5604 eo
3071 5565 3177 5604 non
3208 5559 3309 5604 est.
3339 5550 3528 5605 Omnis
3556 5551 3647 5621 qui
3677 5551 3731 5605 in
3760 5566 3826 5606 eo

2232 5653 2434 5711 manet,
2468 5659 2572 5699 non
2602 5653 2816 5713 peccat,
2845 5651 2900 5698 et
2927 5644 3106 5699 omnis
3143 5645 3234 5715 qui
3274 5656 3498 5714 peccat,
3544 5662 3650 5701 non
3691 5645 3828 5700 vidit

2233 5753 2378 5802 eum,
2411 5751 2510 5791 nec
2535 5736 2787 5807 cognovit
2814 5750 2959 5790 eum.
2992 5734 3198 5799 Filioli,
3245 5750 3405 5792 nemo
3442 5751 3539 5792 vos
3577 5735 3823 5792 seducat.

2235 5832 2338 5902 Qui
2365 5829 2499 5888 facit
2521 5827 2786 5901 justitiam
2810 5827 2990 5898 justus
3020 5840 3123 5900 est,
3156 5830 3297 5886 sicut
3323 5838 3378 5886 ct
3408 5829 3496 5886 ille
3517 5826 3696 5900 justus
3721 5836 3824 5885 est.
