4012 6436
250 347 321 406 B5
1014 334 1033 349 ’
1433 339 1922 400 DECRETALIUM
1960 337 2362 396 COLLECTIO.
3458 341 3529 396 66

242 459 355 528 Qui
383 457 514 514 facit
538 463 821 528 peccatum
847 470 911 513 ex
941 456 1154 514 diabolo
1178 465 1283 523 est,
1310 458 1563 527 quoniam
1594 457 1662 514 ab
1689 454 1841 510 initio
1871 457 1914 517 Α
1944 453 2026 509 sui
2051 451 2359 509 Conditoris
2387 436 2701 519 amissa,'ad
2724 452 3008 510 informem
3030 434 3094 510 et.
3113 454 3539 513 irrationabilem

249 549 506 607 diabolus
528 561 741 620 peccat.
774 549 838 603 ιιι
882 550 984 605 hoc
1012 550 1270 619 apparuit
1300 548 1472 604 Filius
1500 548 1618 613 Dei,
1651 556 1710 602 ut
1737 548 1848 602 dis—

248 642 427 697 solvat
465 656 631 711 opera
661 640 886 696 diaboli.
932 640 1122 696 Omnis
1170 642 1260 712 qui
1306 653 1464 697 natus
1489 649 1573 697 est
1609 655 1675 695 ex
1700 639 1843 706 Deo,

242 741 538 803 peccatum
586 746 695 786 non
745 730 911 797 facit,
950 733 1205 802 quoniam
1253 748 1437 788 semen
1484 732 1656 803 ipsius
1686 732 1739 786 in
1783 746 1849 786 eo

250 832 464 889 manet,
489 830 547 877 et
571 838 676 877 non
699 833 880 894 potest
904 839 1147 892 peccare,
1177 824 1432 894 quoniam
1461 839 1523 878 ex
1553 823 1664 879 Deo
1690 833 1850 879 natus

243 923 350 969 est.
384 914 445 969 in
494 916 599 970 hoc
638 915 912 970 manifesti
960 924 1088 970 sunt
1128 915 1222 969 filii
1266 915 1355 970 Dei
1399 923 1455 971 et
1496 915 1590 970 filii
1625 915 1844 970 diaboli.

245 1004 446 1062 Omnis
487 1006 581 1075 qui
630 1022 735 1062 non
774 1017 859 1061 est
878 1006 1058 1075 justus
1079 1048 1093 1071 ,
1139 1024 1246 1062 non
1276 1017 1361 1063 est
1390 1022 1457 1062 ex
1489 1008 1632 1072 Deo,
1664 1016 1719 1062 et
1754 1008 1848 1077 qui

246 1112 356 1152 non
388 1098 571 1168 diligit
610 1096 837 1152 fratrem
880 1113 1036 1152 suum
1057 1139 1072 1163 ,
1103 1101 1359 1167 quoniam
1386 1098 1501 1154 haec
1529 1107 1615 1154 est
1639 1115 1850 1153 annun-

249 1188 432 1253 tiatio,
464 1204 629 1259 quam
660 1189 889 1244 audistis
935 1190 1005 1244 ab
1050 1190 1237 1255 initio,
1280 1201 1348 1245 ut
1376 1190 1663 1262 diligamus
1689 1190 1849 1245 alter-

246 1291 459 1343 utrum,
490 1296 596 1334 non
625 1280 765 1336 sicut
791 1280 924 1336 Cain
949 1282 1039 1351 qui
1062 1297 1128 1337 ex
1156 1282 1390 1354 maligno
1408 1291 1546 1347 erat,
1571 1291 1626 1338 et
1649 1282 1850 1337 occidit

253 1373 489 1427 fratrem
527 1388 706 1435 suum,
735 1382 787 1427 et
814 1384 1035 1444 propter
1051 1375 1165 1429 hoc
1190 1375 1390 1429 occidit
1415 1391 1560 1439 eum,
1591 1375 1846 1446 quoniam

243 1480 413 1534 opera
445 1463 567 1534 ejus
597 1465 830 1535 maligna
855 1474 1035 1531 erant,
1068 1465 1255 1521 fratris
1277 1476 1456 1522 autem
1482 1468 1649 1538 justa.
1674 1466 1849 1522 Nolite

248 1557 467 1619 mirari,
497 1555 719 1622 fratres,
752 1558 796 1612 si
818 1558 932 1612 odit
963 1574 1058 1614 vos
1077 1559 1329 1614 mundus.
1360 1559 1469 1615 Nos
1495 1561 1696 1616 scimus
1717 1576 1847 1629 quo-

242 1647 391 1701 niam
438 1646 694 1700 translati
728 1662 916 1701 sumus
944 1646 1213 1703 de-tnorte
1237 1650 1304 1704 ad
1334 1650 1531 1713 vitam,
1568 1651 1696 1720 quia
1728 1649 1851 1704 dili-

236 1738 428 1805 gimus
454 1736 681 1792 fratres.
712 1736 814 1805 Qui
852 1754 958 1794 non
1000 1739 1175 1810 diligit
1206 1748 1390 1795 manet
1416 1741 1467 1794 in
1500 1749 1702 1807 morte;
1732 1756 1849 1795 om-

243 1828 330 1882 nis
373 1828 473 1897 qui
519 1828 633 1883 odit
667 1828 889 1885 fratrem
930 1846 1109 1896 suum,
1142 1831 1409 1887 homicida
1439 1844 1546 1887 eat.
1588 1832 1658 1887 Et
1695 1832 1847 1887 scitis
1881 1802 1921 1860 Β

243 1925 509 1988 quoniam
539 1921 717 1976 onmis
746 1922 1020 1977 homicida
1056 1938 1161 1978 non
1191 1924 1355 1980 habet
1383 1925 1548 1979 vitam
1586 1934 1844 1980 aeternam

245 2011 302 2064 in
338 2011 637 2080 semetipso
686 2025 1015 2069 manentem.
1052 2014 1109 2070 In
1150 2015 1252 2070 hoc
1291 2017 1645 2086 cognovimus
1672 2016 1849 2072 chari-

238 2111 419 2158 Atatem
471 2103 595 2168 Dei,
634 2106 890 2175 quoniam
943 2106 1033 2161 ille
1063 2122 1163 2176 pro
1212 2108 1369 2162 nobis
1409 2108 1645 2162 animam
1693 2123 1846 2164 suam

234 2195 457 2261 posuit,
481 2204 538 2249 et
563 2212 663 2251 nos
686 2197 946 2252 debemus
972 2211 1070 2266 pro
1102 2198 1361 2254 fratribus
1386 2198 1599 2253 animas
1618 2212 1844 2267 ponere.

243 2285 353 2353 Qui
402 2287 660 2342 habuerit
709 2289 1068 2343 substantiam
1120 2289 1279 2358 hujus
1323 2292 1531 2355 mundi,
1556 2301 1607 2346 et
1652 2291 1848 2347 viderit

249 2374 479 2432 fratrem
513 2393 669 2432 suum
698 2379 1075 2435 necessitatem
1108 2382 1341 2449 habere,
1378 2392 1435 2438 et
1475 2383 1731 2439 clauserit
1764 2384 1844 2440 vi-

252 2483 405 2522 scera
431 2484 532 2523 sua
565 2470 633 2524 ab
655 2485 742 2536 eo,
772 2474 1045 2541 quomodo
1066 2474 1309 2530 charitas
1330 2475 1429 2531 Dei
1453 2486 1632 2531 manet
1662 2478 1717 2532 in
1746 2478 1849 2533 eo?

250 2557 450 2623 Filioli,
483 2575 590 2613 non
615 2559 905 2631 diligamus
933 2563 1116 2627 verbo,
1142 2580 1317 2635 neque
1341 2565 1545 2637 lingua,
1568 2566 1662 2621 sed
1683 2581 1849 2637 opere

246 2654 304 2698 et
334 2644 589 2699 veritate.
624 2644 681 2700 in
710 2647 814 2701 hoc
846 2650 1197 2719 cognovimus
1230 2652 1486 2721 quoniam
1518 2668 1582 2709 ex
1615 2654 1847 2708 veritate

253 2752 462 2804 sumus,
495 2746 553 2791 et
584 2738 637 2793 in
680 2749 975 2809 conspectu
1023 2739 1139 2809 ejus
1178 2744 1524 2799 suadebimus
1553 2744 1709 2800 cordi
1754 2761 1848 2801 uo-

250 2837 386 2892 stro,
428 2830 688 2900 quoniam
737 2832 783 2886 si
829 2833 1239 2902 reprehenderit
1282 2851 1380 2892 nos
1424 2852 1522 2893 cor
1568 2833 1846 2907 nostrum,

252 2920 427 2990 major
454 2929 543 2976 est
571 2921 714 2977 Deus
743 2923 907 2978 corde
943 2935 1129 2980 nostro
1148 2966 1163 2989 ,
1192 2934 1246 2979 et
1281 2927 1429 2982 novit
1457 2928 1659 2984 omnia.
1702 2919 1847 2986 Cha-

253 3012 473 3073 rissinti,
504 3012 551 3067 si
579 3026 676 3067 eor
713 3022 959 3069 nostrum
991 3030 1097 3069 non
1141 3017 1489 3087 reprehendit
1532 3034 1665 3084 nos,
1707 3018 1847 3075 fidu-

252 3106 391 3161 ciam
420 3105 687 3162 habemtts
711 3106 778 3161 ad
808 3108 997 3174 Deum,
1027 3116 1082 3163 et
1104 3110 1364 3180 quidquid
1389 3111 1727 3181 petierimus,
1756 3128 1847 3168 ac-

248 3196 515 3267 cipiemus
545 3197 614 3253 ab
648 3213 733 3264 eo,
765 3199 809 3254 si
840 3199 1094 3254 mandata
1124 3200 1240 3270 ejus
1269 3200 1626 3268 custodimus,
1664 3210 1721 3258 et
1757 3217 1842 3268 ea,

239 3303 367 3357 qua:
395 3287 748 3359 suntplaeita
772 3305 955 3345 coram
977 3304 1062 3357 eo,
1092 3290 1337 3346 facimus.
1367 3292 1433 3347 Et
1457 3293 1556 3348 hoc
1584 3301 1668 3349 est
1688 3309 1844 3349 man-

250 3380 441 3433 datum
486 3379 641 3448 ejus,
683 3390 743 3435 ut
770 3382 1059 3438 credamus
1090 3382 1151 3437 in
1182 3383 1404 3439 nomine
1433 3384 1529 3439 filii
1557 3384 1673 3453 ejus
1717 3385 1845 3442 Jesu

245 3469 459 3524 Christi
488 3479 547 3524 et
576 3469 865 3541 diligamus
899 3472 1244 3536 alterutrum,
1270 3473 1418 3529 sicut
1442 3474 1591 3530 dedit
1617 3476 1845 3531 manda-

244 3567 365 3612 tum
414 3558 592 3615 nobis.
625 3560 693 3615 Et
716 3562 809 3633 qui
838 3573 1019 3618 servat
1047 3564 1301 3620 mandata
1330 3563 1561 3635 ejus,in
1603 3566 1691 3622 illo
1733 3581 1848 3621 ma-

252 3659 364 3713 net,
396 3659 452 3704 et
484 3649 601 3720 ipse
631 3652 682 3705 in
714 3666 810 3717 eo,
840 3660 895 3707 et
923 3652 976 3707 in
1002 3653 1112 3708 hoc
1140 3654 1344 3710 scimus
1371 3656 1626 3726 quoniam
1664 3666 1848 3711 manet

255 3742 307 3796 in
330 3744 488 3798 nobis
508 3744 575 3798 de
603 3742 806 3813 Spiritu
829 3760 989 3815 quem
1011 3746 1161 3801 dedit
1182 3748 1335 3803 nobis
1357 3747 1408 3818 (1
1427 3746 1592 3803 Joan.
1609 3765 1676 3812 tt,
1692 3748 1803 3822 24).
1820 3769 1840 3804 ι

250 3834 321 3889 Et
347 3836 490 3891 sicut
521 3835 663 3892 Deus
684 3836 913 3892 Creator
936 3841 1028 3907 qui
1056 3839 1326 3894 hominem
1350 3840 1418 3895 ad
1438 3840 1846 3896 similitudinem

259 3941 407 3980 suam
437 3927 666 3992 creavit,
690 3937 774 3983 est
794 3929 1051 3996 Charitas,
1071 3939 1155 3986 est
1176 3931 1367 3997 bonus,
1387 3929 1587 4000 justus,
1611 3931 1844 4001 patiens,

254 4024 417 4087 atque
447 4017 597 4073 ruitis
621 4026 677 4074 et
703 4019 1035 4085 misericors,
1073 4031 1128 4076 et
1154 4031 1351 4077 caetera
1382 4031 1696 4078 sanctarum
1737 4022 1849 4079 vir—

263 4117 431 4162 tutum
463 4109 717 4181 insignia,
753 4126 875 4181 qua:
909 4112 976 4167 de
1008 4128 1074 4168 eo
1103 4112 1370 4184 leguntur,
1406 4114 1480 4169 ita
1508 4114 1672 4169 homo
1696 4128 1848 4169 erea-

263 4206 344 4254 tus
389 4208 500 4265 est,
530 4209 605 4269 ,ιιι
649 4202 972 4257 cbaritatem
1004 4203 1261 4268 haberet,
1309 4212 1369 4258 ut
1416 4204 1596 4260 bonus
1618 4213 1766 4259 esset
1794 4214 1849 4259 et

253 4287 446 4356 justus,
485 4298 545 4344 ut
569 4290 779 4360 patiens
805 4299 967 4361 atque
991 4292 1159 4359 mitis,
1182 4293 1433 4359 mundus,
1462 4302 1517 4348 et
1541 4294 1846 4349 misericors

256 4377 412 4436 foret.
463 4379 610 4446 Quas
650 4382 880 4437 virtutes
916 4391 1119 4453 quanto
1152 4383 1271 4453 plus
1307 4385 1538 4455 quisque
1579 4385 1632 4440 in
1668 4385 1848 4455 seipso

258 4470 439 4532 habet,
472 4482 626 4528 tanto
655 4473 873 4544 propior
910 4486 993 4530 est
1039 4475 1150 4531 Deo
1193 4485 1250 4531 et
1292 4476 1465 4547 major
1507 4485 1610 4543 est,
1656 4492 1718 4533 ac
1761 4477 1842 4532 sui

259 4561 568 4620 Conditoris
584 4566 729 4636 gerit
766 4568 1195 4624 similitudinem.
1239 4568 1295 4624 Si
1324 4585 1456 4624 vero
1485 4571 1650 4640 (quod
1680 4569 1843 4641 absit)

259 4654 456 4726 aliquis
486 4672 584 4725 per
618 4658 774 4712 devia
811 4659 1063 4713 vitiorum
1094 4669 1149 4714 et
1187 4660 1416 4716 divortia
1462 4661 1750 4716 criminum
1781 4662 1848 4717 ab

263 4746 361 4802 hac
399 4747 736 4803 nobilissima
773 4750 855 4804 sui
885 4749 1194 4806 Conditoris
1238 4751 1589 4806 similitudine
1617 4754 1851 4822 degener

258 4840 497 4905 aberrat,
525 4851 653 4896 tunc
682 4841 777 4897 fiet
801 4844 868 4898 de
896 4857 961 4897 eo
986 4844 1128 4913 quod
1170 4842 1430 4912 scriptum
1458 4851 1583 4898 est:
1619 4862 1638 4894 ι
1676 4841 1849 4898 Homo

257 4947 375 4987 cum
407 4934 463 4987 in
495 4933 703 4988 hono‘re
733 4942 879 4989 esset
907 4950 1014 4989 non
1061 4934 1355 5000 intellexit,
1385 4944 1732 5004 comparatus
1767 4944 1850 4990 est

254 5019 515 5092 iumentis
538 5022 935 5091 insipientibus,
955 5031 1010 5078 et
1033 5023 1225 5078 similis
1246 5022 1419 5079 factus
1443 5034 1524 5078 est
1544 5024 1651 5079 illis
1674 5023 1845 5095 (Psal.

258 5128 443 5178 sunt,
471 5113 586 5185 23).
621 5132 639 5166 ι
676 5113 811 5181 Quis
847 5113 1019 5182 major
1063 5114 1236 5169 honor
1264 5116 1438 5185 potuit
1479 5116 1682 5171 homini
1728 5130 1847 5171 esse

258 5218 416 5273 quam
448 5213 507 5258 ιιι
532 5205 599 5260 ad
632 5205 1040 5261 similitudinem
1076 5206 1156 5261 sui
1187 5204 1410 5261 factoris
1439 5207 1765 5261 conderetur
1793 5216 1848 5259 et

251 5296 458 5353 iisdem
503 5296 768 5350 virtutum
814 5295 1153 5351 vestimentis
1190 5306 1507 5361 ornaretur,
1554 5296 1752 5365 quibus
1795 5304 1851 5350 et

255 5385 559 5443 Conditor?
598 5387 673 5443 De
715 5404 823 5459 quo
848 5388 1076 5460 legitur:
1113 5408 1131 5441 ι
1164 5388 1426 5445 Dominus
1467 5388 1727 5460 regnavit.
1756 5387 1850 5442 de—

252 5495 436 5534 corem
468 5480 684 5534 indutus
704 5490 789 5535 est
813 5478 996 5552 (Psal.
1028 5496 1157 5546 xcu,
1190 5479 1279 5550 1),
1328 5502 1346 5535 ι
1383 5482 1437 5535 id
1465 5490 1569 5547 est,
1607 5480 1848 5536 omnium

257 5574 517 5627 virtutum
547 5573 833 5644 splendore
862 5582 917 5629 et
947 5574 1112 5631 totius
1158 5576 1416 5632 bonitatis
1460 5577 1655 5631 decore
1691 5592 1853 5630 orna—

258 5673 363 5727 tus,
395 5664 499 5729 vel,
531 5664 675 5734 quod
706 5664 879 5733 majus
906 5665 1110 5721 homini
1141 5675 1315 5737 potest
1342 5684 1461 5724 esse
1499 5667 1733 5723 dedecus
1760 5676 1855 5723 aut

258 5752 526 5812 infelicior
566 5755 809 5822 miseria,
852 5772 1015 5827 quam
1050 5760 1240 5816 uthac
1276 5760 1643 5817 similitudinis
1681 5760 1855 5832 gloria

580 5846 857 5910 PLTROL.
919 5847 1187 5912 CXXX.

1944 544 2747 615 hrutorumrjumentorumque
2778 544 3187 602 similitudinem
3217 545 3543 604 delabatur?

1949 636 2290 708 Quapropter
2313 637 2543 711 quisque
2572 637 2880 708 diligentius
2910 637 3155 692 attendat
3183 638 3369 707 primte
3406 653 3541 695 con-

1951 728 2171 783 ditionis
2229 742 2340 783 suae
2388 726 2788 792 excellentiam,
2820 735 2877 782 et
2929 727 3286 782 venerandam
3339 737 3543 784 sanctae

1951 818 2233 875 Trinitatis
2255 819 2307 874 in
2335 819 2515 889 seipso
2543 819 2832 891 imaginem
2856 826 3138 889 agnoscat,
3170 819 3542 892 honoremque

1949 911 2318 967 similitudinis
2346 911 2542 967 divina:
2572 910 2637 965 ad
2667 925 2828 981 quam
2854 919 3072 966 creatus
3099 918 3184 966 est
3202 911 3540 968 nobilitatem

1952 1016 2189 1065 morum,
2212 1000 2616 1057 exsecutionem
2644 1001 2929 1066 virtutum,
2971 1000 3288 1071 dignitatem
3317 1002 3541 1057 merito-

1951 1113 2072 1151 rum
2104 1097 2304 1151 habere
2341 1095 2652 1159 contendat,
2693 1102 2752 1149 ut
2777 1095 2993 1165 quando
3022 1094 3334 1165 apparuerit
3362 1094 3542 1166 qualis

1949 1186 2043 1250 sit,
2075 1194 2203 1242 tunc
2234 1185 2429 1241 similis
2452 1185 2500 1240 ei
2525 1193 2787 1256 appareat
2813 1184 2905 1254 qui
2932 1199 2991 1239 se
3017 1184 3340 1240 mirabiliter
3369 1184 3541 1240 adesi-

1950 1276 2305 1333 militudinem
2336 1292 2490 1332 suam
2521 1276 2571 1331 in
2602 1274 2972 1346 primoAdam
3003 1277 3270 1343 condidit,
3319 1276 3543 1333 mirabi-

1951 1367 2162 1435 liusque
2192 1367 2243 1421 in
2274 1368 2511 1424 secundo
2534 1366 3083 1424 rofonnavit.-Omnis
3111 1385 3239 1440 ergo
3265 1370 3428 1425 homo
3444 1369 3540 1441 qui

1949 1461 2017 1515 ad
2064 1462 2350 1532 imaginem
2401 1461 2495 1516 Dei
2544 1461 2717 1516 factus
2753 1469 2873 1527 est,
2922 1461 3069 1517 illum
3104 1461 3262 1518 debet
3308 1463 3540 1530 imitari,

1949 1552 2103 1621 cujus
2130 1555 2198 1609 ad
2244 1554 2532 1627 imaginem
2563 1555 2814 1611 conditus
2842 1564 2959 1622 est,
3002 1555 3143 1611 illius
3188 1557 3349 1613 debet
3385 1559 3538 1629 sequi

1949 1642 2174 1713 vestigia
2195 1683 2209 1707 ,
2238 1643 2328 1713 qui
2361 1660 2483 1699 eum
2515 1645 2581 1701 ad
2614 1646 2907 1718 imaginem
2936 1648 3019 1701 sui
3056 1647 3315 1702 condidit.
3344 1644 3542 1703 Consi-

1951 1735 2165 1790 liarium
2190 1752 2319 1791 vero
2350 1753 2414 1793 ac
2437 1749 2803 1807 protectorem
2842 1738 3122 1795 meliorem
3161 1740 3402 1810 reperire
3434 1755 3540 1795 non

1950 1827 2168 1896 poterit,
2199 1841 2360 1897 quam
2408 1828 2556 1882 illum
2583 1828 2673 1898 qui
2705 1844 2827 1885 eum
2856 1830 2922 1884 ad
2950 1830 3238 1900 imaginem
3284 1830 3367 1886 sui
3404 1846 3536 1887 con-

1949 1916 2116 1981 didit,
2162 1918 2252 1987 qui
2283 1933 2406 1972 eum
2451 1918 2691 1989 pretioso
2736 1919 2997 1991 sanguine
3031 1934 3131 1974 suo
3174 1919 3441 1987 redemit,
3486 1931 3544 1975 et

1948 2017 2168 2077 propter
2208 2023 2332 2063 eum
2360 2008 2524 2087 homo
2560 2009 2675 2066 fieri
2726 2025 2835 2064 non
2870 2018 2951 2065 est
2982 2010 3342 2081 dedignatus:
3377 2026 3539 2082 quem

1949 2098 2137 2167 procul
2169 2099 2333 2155 dubio
2363 2099 2602 2156 inveniet
2636 2100 2684 2156 si
2728 2101 2782 2155 in
2828 2115 2948 2157 eum
2991 2110 3160 2157 totam
3193 2116 3342 2173 spem
3383 2101 3541 2171 juxta

1948 2189 2250 2246 Psalmistae
2294 2206 2483 2247 vocem
2530 2190 2851 2261 projecerit;
2899 2192 2975 2248 ait
3014 2207 3286 2263 namque,
3332 2194 3540 2264 projice

1953 2299 1973 2332 ι
2004 2295 2167 2350 super
2194 2281 2477 2336 Dominum
2513 2296 2700 2337 curam
2744 2291 2913 2347 tuam,
2954 2293 3011 2338 et
3046 2282 3160 2353 ipse
3190 2291 3240 2339 te
3269 2284 3540 2349 enutriet,

1950 2386 2050 2427 nec
2076 2371 2227 2426 dabit
2258 2372 2309 2426 in
2339 2380 2600 2426 teternum
2629 2372 3035 2429 fluctuationem
3054 2372 3202 2443 justo
3223 2372 3533 2444 (PutL-Li".

1947 2461 2069 2533 25).
2102 2481 2121 2515 ι
2150 2460 2339 2518 Omnis
2358 2463 2502 2518 enim
2530 2463 2691 2519 homo
2715 2464 2767 2518 in
2791 2479 2885 2518 sua
2919 2479 3080 2520 causa
3104 2464 3386 2525 deficiens.
3406 2466 3541 2521 etin

1947 2555 2062 2609 suis
2083 2554 2340 2609 haesitans
2365 2554 2605 2609 consiliis
2625 2555 2821 2625 qurerit
2842 2555 2942 2612 sibi
2958 2556 3205 2611 amicum
3234 2555 3466 2623 fidelem,
3486 2557 3540 2611 in

1949 2646 2104 2715 cujus
2132 2645 2375 2701 consiliis
2397 2645 2653 2710 confidat,
2681 2646 2771 2717 qui
2803 2647 2855 2701 in
2881 2646 2996 2703 suis
3015 2645 3285 2702 diffidebat
3306 2685 3322 2712 ,
3366 2655 3424 2702 et
3459 2657 3544 2701 ta-

1941 2738 2055 2793 \cm
2092 2736 2348 2793 fiduciam
2394 2737 2557 2793 habet
2597 2738 2652 2793 in
2695 2737 2819 2804 illo,
2867 2747 2928 2795 ut
2954 2753 3120 2795 omne
3156 2746 3425 2794 secretum
3447 2738 3542 2793 sui
3588 2760 3597 2770 ·

1951 2829 2188 2899 pectoris
2212 2828 2260 2884 ei
2289 2831 2487 2899 pandat
2511 2839 2566 2884 et
2596 2830 2825 2901 aperiat.

2022 2919 2160 2987 Quid
2190 2918 2400 2975 dulcius
2426 2928 2507 2974 est
2534 2935 2698 2990 quam
2741 2930 2804 2974 ut
2842 2920 3047 2977 habeas
3088 2920 3238 2976 illum
3274 2934 3398 2978 cum
3427 2934 3539 2989 quo

1950 3011 2131 3066 omnia
2160 3012 2337 3081 possis
2368 3011 2513 3081 loqui
2543 3020 2603 3066 ut
2629 3011 2839 3067 tecum?
2861 3010 2919 3069 Si
2942 3012 3042 3069 ista
3074 3028 3197 3069 cum
3227 3011 3537 3068 hominibus

1953 3102 2109 3169 fiunt,
2138 3113 2341 3173 quanto
2368 3104 2541 3173 magis
2569 3104 2697 3159 cum
2723 3104 2834 3160 Deo
2860 3106 2964 3161 hoc
2991 3116 3076 3162 est
3112 3106 3412 3177 agendum,
3442 3104 3537 3173 qui

1948 3208 2138 3249 omnes
2164 3194 2277 3248 vult
2310 3194 2490 3251 salvos
2524 3194 2639 3252 fieri
2671 3203 2726 3251 et
2760 3196 3028 3254 neminem
3060 3195 3461 3268 .perire?l\‘am,
3492 3194 3540 3250 si

1949 3287 2220 3342 veraciter
2247 3287 2416 3343 Deum
2447 3290 2743 3355 crralimus,
2781 3305 3015 3363 eumque
3040 3291 3314 3363 diligimus
3353 3300 3414 3345 ut
3440 3290 3540 3346 de—

1947 3378 2159 3441 bemus,
2192 3386 2247 3432 et
2280 3379 2566 3449 proximos
2592 3381 2734 3435 sicut
2755 3380 3139 3450 nosmetipsos,
3170 3381 3223 3435 in
3248 3395 3372 3437 eum
3405 3394 3542 3451 quo-

1948 3480 2055 3534 que
2081 3474 2247 3520 totam
2284 3480 2434 3538 spem
2460 3468 2849 3537 projecerimus
2878 3478 3142 3533 nostram,
3169 3469 3283 3538 ipse
3310 3482 3410 3524 nos
3435 3469 3543 3526 eri-

1948 3559 2061 3628 pia
2092 3567 2143 3614 et
2183 3558 2571 3614 consolabitur.
2620 3558 2717 3623 Et,
2766 3559 2907 3614 sicut
2946 3572 3053 3629 .per
3085 3557 3333 3629 angelum
3380 3574 3538 3615 suum

1946 3650 2202 3707 llahacuc
2247 3651 2562 3722 prophetam
2602 3665 2724 3705 cum
2753 3652 2982 3721 prandio
3017 3651 3071 3706 in
3104 3650 3276 3707 lacum
3318 3651 3537 3708 leonum
3592 3664 3599 3671 ‘

1949 3741 2016 3796 ad
2067 3740 2341 3799 Dauiclem
2385 3752 2561 3797 vatem
2611 3742 2868 3806 misit,-et
2904 3740 3234 3812 Philippum,
3263 3759 3429 3799 unum
3468 3745 3540 3798 de

1947 3839 2153 3901 septem
2205 3831 2545 3898 diaeonibus,
2570 3832 2640 3887 ad
2686 3832 3029 3895 Eunuchum,
3074 3832 3149 3887 ita
3194 3833 3345 3888 dabit
3379 3833 3537 3889 nobis

1945 3922 2372 3978 consolationem
2401 3931 2458 3979 et
2489 3923 2882 3980 liberationem.
2913 3923 3040 3982 Haec
3067 3927 3371 3993 sectamini,
3401 3929 3536 3984 cba-

1949 4013 2169 4080 rissimi,
2205 4021 2260 4069 et
2287 4013 2415 4069 nulli
2448 4029 2687 4085 unquam
2722 4023 2933 4071 nocete.
2958 4014 3185 4072 Fratres
3222 4018 3376 4084 estis,
3403 4018 3541 4073 invi—

1948 4122 2066 4161 cem
2117 4120 2213 4161 vos
2259 4106 2468 4177 diligite
2498 4115 2559 4162 ut
2584 4106 2697 4164 veri
2727 4107 2820 4163 Dei
2864 4108 3109 4178 discipuli
3151 4108 3288 4165 edici
3330 4126 3542 4169 mena-

1949 4198 2102 4251 mini.
2133 4196 2268 4252 Nam
2299 4200 2391 4268 qui
2431 4198 2649 4254 rancida
2686 4199 2856 4254 corda
2894 4200 3132 4255 virorum
3156 4201 3352 4268 inficit,
3380 4204 3541 4259 mali-

1948 4288 2078 4341 tiam
2104 4288 2248 4344 inter
2278 4288 2523 4343 homines
2556 4289 2788 4360 spargit,
2828 4297 2882 4345 et
2920 4291 3012 4360 qui
3050 4290 3539 4350 detrahitfratrem

1949 4395 2140 4446 suum,
2182 4380 2274 4436 hic
2314 4380 2583 4435 homicida
2626 4391 2728 4437 est.
2768 4382 2836 4436 Et
2881 4383 2973 4453 qui
3019 4384 3305 4447 abstulerit
3335 4386 3539 4458 aliquid

1942 4470 2087 4540 patri
2129 4464 2213 4525 vel
2261 4472 2453 4537 matri,
2502 4471 2741 4542 dicitque
2769 4474 2873 4529 hoc
2900 4486 3180 4544 peceatum
3230 4492 3336 4534 non
3384 4494 3538 4541 esse.

1949 4565 2232 4620 homicida:
2253 4566 2526 4636 particeps
2547 4575 2651 4622 est.
2677 4566 2838 4622 Pater
2863 4576 3050 4624 noster
3074 4570 3189 4627 sine
3216 4572 3377 4628 dubio
3395 4572 3541 4629 Deus

1946 4666 2054 4722 est,
2090 4657 2181 4726 qui
2227 4672 2327 4712 nos
2354 4657 2597 4722 creavit;
2643 4667 2817 4711 mater
2852 4667 3038 4713 nostra
3084 4674 3213 4713 vero
3258 4660 3496 4715 Ecclesia
3523 4702 3538 4726 ,

1946 4764 2067 4818 qua:
2096 4763 2195 4804 uos
2235 4747 2289 4801 in
2315 4748 2584 4819 baptismo
2614 4747 2969 4819 spiritualiter
3008 4751 3366 4821 rcgeueravit.
3396 4752 3544 4823 Ergo

1947 4839 2039 4909 qui
2084 4839 2284 4895 Christi
2331 4841 2590 4910 pecunias
2629 4851 2684 4896 et
2721 4841 2976 4898 Ecclesiae
3002 4845 3174 4915 rapit,
3207 4845 3415 4911 aufert,
3452 4848 3540 4903 vel

1948 4930 2181 4992 fraudat,
2218 4931 2491 4986 homicida
2533 4941 2637 4998 est,
2664 4942 2827 5003 atque
2856 4934 3124 4989 homicida
3156 4944 3281 4991 ante
3307 4952 3538 5010 conspe-

1948 5029 2093 5077 ctum
2114 5021 2247 5093 justi
2275 5019 2483 5078 iudicis
2503 5038 2627 5079 esse
2655 5024 3032 5095 deputabitur;
3076 5026 3166 5095 qui
3201 5028 3339 5097 rapit
3375 5043 3540 5099 pecu-

1950 5112 2095 5167 niam
2141 5113 2372 5183 proximi
2402 5113 2505 5180 sui,
2539 5114 2880 5185 iniquitatem
2910 5124 3188 5186 operatur,
3223 5119 3314 5189 qui
3353 5129 3535 5175 autem

1949 5208 2232 5279 pecuniam
2281 5207 2366 5262 vel
2414 5223 2501 5264 res
2544 5208 2801 5265 Ecclesiae
2830 5210 3143 5274 abstulerit,
3193 5209 3535 5284 sacrilegium

1951 5296 2099 5354 facit.
2153 5296 2439 5368 Privilegia
2490 5298 2632 5353 enim
2684 5297 3051 5354 Ecelesiarum
3097 5311 3152 5356 et
3196 5301 3538 5356 sacerdotum

1952 5388 2124 5443 sancti
2155 5387 2381 5458 apostoli
2402 5387 2556 5455 jussu
2595 5386 2891 5445 Salvatoris
2925 5387 3243 5445 intemerata
3280 5398 3336 5444 et
3367 5389 3538 5446 invio.

1953 5480 2060 5534 lata
2089 5481 2341 5535 omnibus
2370 5481 2723 5541 decreverunt
2746 5496 2964 5536 manere
2988 5482 3338 5551 temporibus.
3359 5481 3534 5553 Leges

1953 5573 2210 5630 Ecclesia:
2256 5570 2547 5644 apostolica
2602 5576 2877 5649 firmamus
2926 5575 3248 5629 auctoritate
3278 5582 3337 5629 et
3376 5584 3537 5645 pere-

1954 5665 2109 5735 grina
2146 5664 2349 5736 judicia
2380 5665 2795 5743 submoveinus,'
2824 5664 2973 5743 unde
3008 5670 3063 5719 et
3094 5662 3353 5718 Dominus
3381 5679 3535 5721 men-

1956 5760 2159 5816 tionem
2188 5756 2391 5817 faciens
2416 5759 2584 5835 ,Lo’th’
2613 5754 2708 5832 per
2740 5738 2964 5831 iidysen
2996 5758 3263 5830 loquitur,
3310 5756 3533 5818 dicens:

2892 5850 2933 5914 3
