4012 6512
510 425 581 480 67
1329 430 1619 487 APPEND.
1664 432 1756 487 AD
1795 430 1965 488 SIEC.
2006 432 2095 486 ix.

2201 461 2207 473 -
2244 430 2497 489 lSlDORl
2533 432 2814 490 MERCAT
2826 473 2851 491 κ,
2865 434 2975 493 ιιιδ

3710 443 3796 503 68

518 562 540 596 ι
577 543 853 613 Ingressus
882 558 941 600 es
977 543 1218 615 (quidam
1264 544 1533 617 inquiunt)
1571 556 1630 601 ut
1671 546 1875 601 advena
1894 587 1909 612 ,
1960 563 2095 600 nutt-
2123 553 2168 610 Λ
2200 561 2362 602 carne
2384 550 2741 617 ambulantes,
2765 568 2872 608 non
2900 532 3194 610 secundum
3222 569 3439 612 carnem
3462 556 3786 617 militamus.

512 635 645 706 quid
685 644 745 690 ut
778 634 1033 703 judices?
1063 634 1217 708 (Gen.
1249 653 1365 703 nx,
1394 637 1472 709 9.)
1512 658 1529 689 ι
1587 638 1931 709 Unaquaeque
1972 654 2096 708 pro~

516 727 697 783 vincia
727 735 836 781 tam
871 726 1027 796 juxta
1064 727 1462 784 ecclesiasticas
1505 744 1666 799 quam
1713 727 1868 797 juxta
1919 729 2096 784 smculi

512 819 662 892 leges
690 835 816 875 suos
838 820 994 875 debet
1011 819 1186 889 justos
1205 830 1261 877 et
1282 837 1389 877 non
1414 822 1627 893 iniquos
1654 820 2095 891 baberejudices,

513 920 572 968 et
598 927 704 967 non
756 922 1026 978 externos,
1064 914 1168 969 nisi
1203 913 1512 985 apostolica:
1543 912 1698 970 Sedis
1728 913 1886 983 hujus
1915 914 2102 969 decre-

513 1005 658 1059 verit
681 1005 994 1071 auctoritas,
1025 1014 1292 1077 quatenus
1322 1006 1631 1077 quicunque
1655 1020 1877 1061 causam
1904 1005 2101 1060 habue-

513 1097 589 1152 rit
631 1097 771 1166 apud
814 1112 942 1154 suos
970 1097 1182 1168 judices
1215 1098 1508 1170 judicetur,
1539 1107 1594 1154 et
1640 1114 1746 1154 non
1785 1098 1854 1153 ad
1890 1098 2097 1153 alienos

514 1203 680 1243 causa
703 1190 933 1259 vagandi
956 1190 1270 1246 stimulante
1304 1202 1524 1262 propter
1553 1206 1705 1247 suam
1736 1191 1900 1246 vitam
1925 1190 2100 1261 despi-

513 1284 665 1339 ciens
694 1284 927 1353 patriam
965 1293 1226 1341 transeat.
1275 1283 1381 1342 Sed
1416 1286 1483 1340 ad
1527 1285 1810 1340 duodecim
1857 1284 2100 1356 ejusdem

512 1376 805 1445 provincia;
827 1374 1056 1445 judices,
1084 1378 1150 1433 ad
1177 1392 1405 1448 quorum
1434 1377 1694 1448 judicium
1716 1393 1906 1433 omnes
1925 1393 2101 1433 causa:

515 1466 794 1521 civitatum
827 1467 1166 1534 referuntur,
1196 1468 1474 1524 deferatur
1507 1469 1801 1540 negotium.
1836 1467 2099 1524 Si'autem

514 1555 680 1612 fuerit
729 1557 1128 1613 ecclesiasticus
1183 1560 1322 1629 apud
1374 1561 1675 1630 episcopos,
1712 1560 2101 1616 interveniente

513 1653 767 1723 primate,
790 1652 1054 1722 siquidem
1083 1652 1256 1723 major
1280 1669 1443 1709 causa
1469 1653 1662 1720 fuerit;
1693 1655 1737 1709 si
1763 1669 1890 1709 vero
1926 1655 2102 1708 minor

496 1742 961 1812 metropolitano;
994 1742 1037 1798 si
1062 1757 1190 1798 vero
1217 1742 1380 1797 fuerit
1405 1743 1685 1809 smculare,
1701 1743 1839 1813 apud
1861 1742 2099 1814 ejusdem

514 1836 722 1890 ordinis
747 1836 895 1891 viros
914 1835 1117 1905 judicio
1148 1845 1257 1891 tam
1297 1838 1692 1908 episcoporum,
1723 1853 1846 1892 cum
1873 1837 2099 1907 Aposto-

2197 641 2362 694 Arma
2391 640 2534 695 enim
2564 641 2769 697 militiae
2794 652 3015 719 nostra},
3048 660 3156 705 non
3185 645 3448 714 carnalia,
3470 648 3565 703 sed
3589 658 3794 719 poten-

2201 730 2271 785 tia
2316 732 2426 787 Deo
2464 731 2531 786 ad
2565 732 2986 789 destructionem
3033 736 3395 791 munitionum
3429 737 3654 794 consilia
3693 741 3796 798 de-

2198 832 2470 880 struentes
2497 834 2553 879 et
2578 841 2795 881 omnem
2820 828 3206 885 exaltationem
3235 831 3578 887 extollentem
3607 848 3667 889 se
3694 836 3797 890 ad-

2198 932 2389 973 versus
2417 918 2697 973 scientiam
2730 918 2850 985 Dei,
2892 928 2949 975 et
2991 921 3043 975 in
3079 922 3442 992 captivitatem
3475 925 3798 997 redigentes

2198 1011 2847 1083 omnem,cogitationem,
2889 1014 2940 1068 in
2970 1013 3287 1086 obsequium
3327 1017 3544 1074 Christo
3582 1019 3796 1090 perdu-

2198 1112 2382 1159 centes
2408 1102 2492 1173 (Il
2521 1102 2644 1159 Cur.
2677 1121 2732 1170 χ,
2759 1106 2833 1178 5).
2876 1125 2894 1158 ι
2933 1125 2951 1158 ι
2979 1107 3057 1163 De
3083 1120 3298 1174 caetero,
3326 1110 3540 1175 fratres,
3574 1113 3800 1171 confor-

2201 1194 2387 1249 tamini
2434 1195 2487 1249 in
2543 1194 2769 1252 Domino
2813 1205 2869 1253 et
2920 1198 2973 1253 in
3021 1200 3259 1269 potentia
3296 1200 3632 1259 fortitudinis
3664 1205 3795 1276 ejus

2200 1283 2416 1354 (Ephes.
2448 1286 2665 1359 v1.10),
2707 1306 2725 1339 ι
2769 1297 2827 1343 ut
2872 1303 2991 1357 pax.
3022 1291 3177 1347 vobis
3219 1292 3387 1348 multa
3436 1303 3491 1349 et
3531 1297 3707 1367 gratia
3756 1313 3794 1352 a

2199 1374 2312 1431 Deo
2361 1385 2416 1432 et
2467 1376 2693 1435 Domino
2747 1391 2932 1435 nostro
2985 1379 3111 1436 Jesu
3157 1380 3374 1440 Christo
3420 1386 3793 1444 ministretur.

2198 1467 2586 1536 Amplectimur
2605 1477 2659 1523 et
2677 1469 2984 1525 osculamur
3001 1487 3065 1527 ac
3085 1472 3129 1527 si
3153 1484 3443 1542 prasentes
3462 1477 3797 1535 charitatem

2198 1566 2436 1614 vestram
2481 1561 2534 1615 in
2582 1561 2793 1617 unitate
2822 1563 3076 1633 spiritus,
3126 1565 3180 1619 in
3221 1567 3436 1622 vinculo
3494 1569 3680 1638 pacis,
3733 1583 3799 1626 et

2200 1652 2482 1708 clraritatis
2518 1651 2742 1709 Christi.
2779 1674 2797 1707 ι
2829 1654 3059 1726 Propter
3105 1657 3277 1726 quod,
3312 1659 3651 1726 charissimi,
3683 1678 3795 1717 ex-

2200 1754 2511 1814 spectantes
2530 1785 2544 1811 ,
2569 1745 2799 1817 satagite
2837 1746 3169 1803 immaculati
3198 1757 3252 1802 et
3279 1748 3519 1806 inviolati
3551 1751 3799 1808 inveniri

2201 1836 2256 1891 in
2288 1852 2452 1906 pace,
2498 1845 2553 1892 et
2583 1837 2795 1892 Domini
2840 1839 3008 1893 nostri
3049 1839 3511 1911 longanimitatem
3554 1842 3796 1899 salutent

513 1924 600 1980 lus
624 1926 957 1996 privatorum
978 1926 1411 1983 Christianorum
1436 1943 1627 1983 causas
1649 1927 1821 1998 magis
1844 1926 2098 1982 Ecclesiis
2130 1916 2173 1975 Β
2201 1928 2558 1983 arbitramini.
2602 1926 2753 1983 Sicut
2779 1936 2836 1983 et
2869 1929 3222 1985 charissimus
3248 1941 3433 1986 noster
3470 1930 3671 1987 Paulus
3703 1949 3801 1990 se-

513 2017 750 2085 deferri,
791 2026 848 2073 et
881 2018 1079 2074 ibidem
1107 2019 1427 2075 sacerdotali
1465 2018 1669 2089 judicio
1696 2018 1978 2073 terminari
2006 2033 2098 2072 vo.

510 2111 631 2167 luit.
682 2111 872 2168 Omnis
914 2113 1059 2167 enim
1105 2126 1396 2182 oppressus
1432 2111 1600 2167 libere
1644 2109 2003 2174 sacerdotum,
2052 2109 2098 2165 si

511 2201 779 2270 voluerit,
812 2203 1044 2274 appellet
1078 2201 1345 2273 judicium
1384 2212 1441 2259 et
1468 2218 1498 2257 a
1536 2201 1682 2257 nullo
1715 2201 2096 2272 prohibeatur,

513 2294 610 2349 sed
638 2295 707 2349 ab
733 2294 819 2350 his
849 2294 1101 2350 fulciatur
1128 2304 1185 2349 et
1207 2294 1484 2350 iiberetur.
1536 2292 1595 2349 Si
1643 2303 1820 2349 autem
1860 2292 2101 2349 difﬁciles

512 2402 695 2442 causa:
722 2394 816 2441 aut
840 2387 1047 2459 majora
1080 2388 1291 2460 negotia
1327 2396 1448 2442 orta
1480 2386 1709 2453 fuerint,
1742 2386 1810 2441 ad
1839 2384 2098 2456 majorem

516 2480 702 2536 sedem
730 2480 1069 2547 referantur,
1115 2490 1172 2537 et
1205 2481 1251 2537 si
1287 2480 1397 2537 illic
1429 2479 1589 2535 facile
1615 2479 1848 2536 discerni
1877 2495 1983 2536 non
2011 2495 2103 2550 po-

515 2572 721 2627 tuerint
755 2580 848 2627 aut
888 2571 1034 2642 juste
1065 2572 1377 2639 terminari,
1419 2571 1512 2627 ubi
1560 2569 1725 2627 fuerit
1766 2585 2099 2627 summorum

508 2671 842 2734 congregata
873 2661 1241 2734 congregatio,
1266 2676 1387 2732 qua}
1414 2674 1513 2731 per
1536 2660 1774 2732 singulos
1809 2674 1980 2715 annos
2018 2659 2103 2715 bis

516 2754 639 2810 fieri
672 2754 808 2811 solet
848 2763 904 2810 et
932 2755 1115 2822 debet,
1141 2753 1285 2825 juste
1314 2762 1369 2810 et
1408 2755 1520 2809 Deo
1546 2754 1742 2825 placite
1784 2768 1966 2809 coram
2008 2768 2102 2824 pa-

514 2845 760 2901 triarcha
791 2853 885 2900 aut
909 2846 1143 2916 primate
1174 2844 1545 2901 ecclesiastico
1581 2854 1634 2898 et
1657 2859 1841 2900 coram
1872 2843 2102 2914 patricio

511 2935 763 2991 smeulari
814 2933 1130 3006 judicentur
1169 2936 1386 3007 negotia
1431 2934 1486 2990 in
1528 2949 1836 2991 commune.
1875 2933 2027 3001 Quod
2056 2933 2099 2989 si

515 3026 848 3082 difﬁciliores
872 3036 1007 3083 orta:
1037 3027 1240 3083 fuerint
1265 3026 1591 3097 qumstiones
1613 3035 1708 3081 aut
1729 3026 2101 3097 episcoporum

478 3131 483 3137 ’
513 3114 598 3172 vel
633 3115 900 3187 majorum
932 3115 1134 3185 judicia
1169 3125 1262 3171 aut
1285 3105 1524 3189 'majores
1566 3132 1741 3173 causa:
1770 3116 1989 3180 fuerint,
2036 3115 2104 3171 ad

514 3207 712 3264 Sedem
743 3209 1118 3281 apostolicam,
1143 3205 1188 3265 si
1210 3208 1530 3281 appellatum
1559 3207 1741 3277 fuerit,
1773 3207 2098 3274 referantur,

2201 2019 2435 2075 cundum
2473 2017 2656 2074 datam
2686 2019 2788 2075 sibi
2829 2019 3147 2089 sapientiam
3195 2021 3414 2091 scripsit
3453 2022 3605 2079 vobis
3644 2023 3803 2078 sicut

2199 2115 2258 2162 et
2287 2107 2340 2162 in
2362 2107 2614 2163 omnibus
2637 2106 2877 2178 epistolis
2915 2108 3142 2179 loquens
3167 2109 3221 2164 in
3249 2110 3327 2164 eis
3355 2111 3421 2165 de
3450 2110 3555 2177 his,
3583 2113 3639 2166 in
3666 2112 3802 2184 qui-
3848 2130 3855 2135 ί

2201 2196 2302 2254 bus
2328 2205 2457 2253 sunt
2483 2198 2730 2268 quasdam
2764 2197 3001 2253 diilicilia
3026 2199 3321 2265 intellectu,
3352 2216 3473 2271 qua:
3495 2201 3699 2257 indocti
3737 2212 3802 2257 et

2202 2290 2480 2347 instabiles
2504 2293 2818 2360 depravant,
2848 2290 2989 2347 sicut
3018 2300 3074 2348 et
3111 2301 3335 2348 caeteras
3371 2294 3688 2363 scripturas,
3719 2295 3799 2350 ad

2202 2397 2357 2437 suam
2403 2382 2779 2452 perditionem.
2829 2380 2939 2438 Vos
2979 2397 3126 2452 ergo,
3177 2382 3392 2450 fratres,
3432 2384 3801 2455 prmscientes

2203 2475 2470 2532 custodite
2500 2490 2567 2531 ne
2590 2473 2956 2545 insipientium
2986 2489 3172 2530 errore
3203 2475 3433 2530 traducti
3461 2475 3731 2531 excidatis
3762 2492 3797 2531 a

2204 2567 2421 2640 propria
2465 2567 2744 2622 ﬁrmitate.
2801 2565 3042 2623 Crescite
3092 2581 3224 2622 vero
3267 2569 3318 2622 in
3363 2568 3534 2639 gratia
3587 2576 3645 2624 et
3697 2584 3799 2626 co-

2204 2650 2444 2734 gnitione
2486 2660 2699 2716 Domini
2749 2660 2919 2715 nostri
2962 2658 3087 2717 Jesu
3139 2660 3343 2716 Christi
3388 2670 3444 2718 et
3488 2661 3800 2720 Salvatoris

2205 2753 2292 2826 (11
2318 2753 2463 2807 Petr.
2494 2753 2706 2824 111.14).
2730 2771 2749 2805 ι
2773 2771 2791 2805 ‹
2821 2750 2926 2808 Vos
2948 2762 3146 2819 autem,
3170 2752 3493 2821 charissimi,
3518 2770 3800 2812 memores

2204 2854 2378 2902 estote
2419 2845 2730 2912 verborum,
2774 2860 2895 2914 qua:
2943 2845 3199 2915 praedicta
3252 2854 3378 2901 sunt
3416 2847 3483 2902 ab
3530 2848 3800 2916 apostolis

2204 2937 2418 2993 Domini
2448 2937 2616 2992 nostri
2644 2935 2773 2991 Jesu
2801 2936 3026 3002 Christi,
3059 2936 3151 3006 qui
3178 2934 3428 2991 dicebant
3462 2938 3615 2993 vobis
3650 2952 3798 3008 qun-

2157 3054 2177 3074 ο
2205 3027 2351 3082 niam
2389 3026 2442 3080 in
2477 3025 2770 3082 novissimo
2802 3033 3041 3096 tempore
3069 3025 3286 3081 venient
3325 3024 3574 3080 illusores
3596 3040 3803 3080 secun-

2205 3118 2333 3174 dum
2363 3116 2630 3173 desideria
2657 3131 2751 3172 sua
2779 3116 3119 3172 ambulantes
3146 3116 3200 3170 in
3230 3116 3525 3186 impietate.
3567 3116 3632 3171 Hi
3664 3127 3803 3172 sunt

2206 3209 2300 3280 qui
2322 3218 2611 3280 segregant
2632 3207 2972 3278 semetipsos,
2988 3206 3268 3273 animales,
3288 3208 3535 3278 spiritum
3561 3222 3669 3262 non
3699 3209 3803 3263 La-

514 3299 772 3370 quoniam
805 3300 1035 3371 apostoli
1063 3301 1164 3356 hoc
1188 3308 1497 3357 statuerunt
1516 3300 1758 3371 jussione
1781 3300 2098 3367 Salvatoris,
2128 3285 2173 3346 Ο
2204 3302 2412 3369 bentes,
2440 3317 2535 3357 vos
2558 3311 2757 3366 autem,
2787 3300 3115 3367 charissimi,
3145 3300 3637 3371 super-aiditicantes
3668 3317 3797 3356 vos-

511 3402 575 3448 ut
597 3392 832 3463 majores
858 3402 916 3450 et
945 3392 1186 3450 ditiiciles
1215 3393 1542 3464 quaestiones
1568 3408 1781 3464 semper
1808 3392 1874 3448 ad
1905 3391 2100 3447 Sedem

514 3484 833 3540 deferantur
860 3484 1244 3555 apostolicam,
1293 3498 1458 3553 super
1500 3498 1660 3554 quam
1708 3482 1958 3538 Christus
1989 3481 2104 3537 uni-

511 3593 730 3634 versam
749 3577 1053 3634 construxit
1072 3576 1390 3643 Ecclesiam,
1421 3576 1634 3631 dicente
1657 3576 1771 3645 ipso
1794 3576 1861 3629 ad
1884 3574 2100 3628 beatum

509 3671 813 3742 principem
861 3670 1230 3741 apostolorum
1276 3668 1537 3724 Petrum:
1585 3688 1603 3720 ι
1643 3667 1722 3721 Tu
1767 3683 1826 3723 es
1862 3665 2100 3737 (inquit)

513 3761 741 3830 Petrus,
773 3769 829 3818 et
869 3776 1033 3833 super
1072 3762 1212 3816 hanc
1254 3769 1468 3830 petram
1509 3757 1790 3813 aediﬁcabo
1815 3756 2102 3813 ecclesiam

514 3870 693 3911 meam
724 3854 1198 3926 (Matth.xvt,l8),
1220 3873 1239 3906 ι
1261 3861 1316 3909 et
1339 3852 1566 3922 reliqua.
1595 3850 1679 3905 Sit
1709 3865 1858 3922 ergo,
1882 3848 2100 3916 fratres,

512 3946 821 4000 constantia
851 3952 1038 4001 nostra
1070 3945 1332 3999 adversus
1375 3941 1750 3998 contentiones
1783 3955 1970 3996 eorum
2010 3942 2102 4010 qui

514 4034 748 4091 adversa
777 4036 994 4105 sapiunt
1018 4042 1074 4089 et
1103 4048 1211 4090 non
1234 4048 1356 4104 quae
1380 4033 1476 4089 Dei
1511 4040 1638 4088 sunt
1662 4030 1898 4102 sapiunt,
1921 4038 1978 4086 et
1999 4030 2106 4084 erit

515 4125 711 4181 fortior
749 4135 901 4196 petra
945 4125 1249 4182 constantia
1284 4132 1492 4192 nostra,
1522 4124 1665 4179 sicut
1693 4122 1958 4192 scriptum
1986 4128 2100 4188 est,

514 4233 586 4273 ne
613 4216 907 4273 timueritis
928 4218 997 4274 ab
1018 4218 1119 4284 eis,
1142 4232 1319 4288 neque
1348 4214 1662 4272 terreamini
1692 4229 1723 4269 a
1747 4213 1887 4269 facie
1913 4227 2102 4270 eorum

515 4310 609 4380 qui
653 4324 855 4381 corpus
900 4310 1187 4375 occidunt,
1237 4308 1477 4365 animam
1527 4316 1705 4362 autem
1744 4320 1850 4361 non
1879 4311 2106 4376 possunt

514 4404 788 4460 occidere.
821 4402 977 4472 Quod
1001 4411 1182 4459 autem
1217 4402 1272 4457 in
1301 4415 1434 4457 aure
1461 4399 1682 4464 auditis,
1719 4398 2010 4469 prwdicate
2047 4396 2101 4451 in

520 4494 744 4561 lumine,
777 4493 925 4550 illum
957 4493 1206 4549 timentes
1232 4492 1324 4562 qui
1358 4497 1535 4562 potest
1559 4488 1798 4543 animam
1829 4494 1885 4541 et
1909 4499 2106 4555 corpus

518 4584 790 4653 occidere,
817 4594 873 4642 et
898 4585 1114 4642 mittere
1143 4584 1196 4639 in
1223 4582 1545 4654 gehennam.
1573 4578 1799 4635 Fratres
1827 4578 1956 4641 mei,
1995 4594 2015 4628 ι
2048 4576 2103 4631 in

2204 3395 2462 3465 metipsos
2488 3394 2843 3449 sanctissima:
2878 3402 3072 3450 vestra:
3110 3394 3230 3449 fidei
3273 3397 3326 3449 in
3368 3394 3573 3465 Spiritu
3600 3405 3804 3450 saneto

2201 3495 2441 3541 orantes.
2479 3484 2629 3554 Ipsos
2654 3500 2750 3540 vos
2772 3485 2826 3539 in
2851 3484 3141 3540 dilectione
3181 3485 3395 3541 Domini
3428 3493 3663 3551 servate,
3693 3502 3802 3541 ex-

2201 3585 2510 3647 spectantes
2540 3575 2966 3631 misericordiam
2997 3575 3206 3631 Domini
3233 3577 3399 3632 nostri
3432 3576 3559 3631 Jesu
3585 3577 3804 3633 Christi

2202 3667 2257 3722 in
2286 3668 2449 3720 vitam
2479 3676 2764 3721 aeternam.
2796 3666 2863 3720 Et
2889 3667 2989 3721 hos
3018 3666 3233 3736 quidem
3267 3667 3477 3738 arguite
3496 3666 3801 3736 judicatos,

2203 3756 2323 3813 illos
2353 3755 2455 3827 15
2487 3770 2618 3811 vero
2641 3755 2845 3813 salvate
2874 3757 2942 3812 de
2971 3756 3096 3829 igne
3124 3757 3423 3829 rapientes,
3459 3758 3580 3813 aliis
3608 3767 3805 3813 autem

2202 3845 2533 3902 miseremini
2563 3846 2618 3902 in
2645 3847 2860 3912 timore,
2882 3846 3129 3903 odientes
3152 3862 3268 3902 eam
3304 3861 3423 3917 quae
3446 3846 3683 3903 carnalis
3712 3857 3805 3903 est

2203 3937 2528 3993 maculatam
2568 3937 2829 3993 tunicam.
2871 3937 2933 3993 Ei
2982 3947 3164 3994 autem
3213 3939 3305 4010 qui
3354 3949 3547 4009 potens
3584 3947 3671 3993 est
3701 3954 3804 3995 vos

2203 4046 2527 4090 conservare
2554 4030 2673 4087 sine
2698 4039 2940 4101 peccato,
2974 4040 3030 4088 et
3054 4032 3391 4088 constituere
3416 4040 3541 4088 ante
3565 4048 3804 4103 conspe-

2203 4130 2349 4178 ctum
2377 4120 2561 4192 gloriae
2591 4136 2703 4176 suae
2740 4120 3115 4177 immaculatos
3152 4122 3206 4176 in
3229 4121 3611 4181 (exsultatione
3633 4162 3648 4183 .
3693 4123 3802 4176 soli

2206 4212 2317 4268 Deo
2347 4211 2621 4267 Salvatori
2646 4221 2833 4268 nostro
2864 4225 2960 4281 per
2985 4210 3169 4267 Iesum
3196 4211 3470 4268 Christum
3502 4212 3801 4267 Dominum

2204 4311 2450 4360 nostrum
2481 4302 2676 4374 gloria,
2710 4303 3111 4375 magnificentia
3132 4344 3147 4371 ,
3184 4311 3237 4360 et
3267 4304 3550 4374 imperium
3573 4344 3588 4369 ,
3619 4312 3674 4357 et
3702 4320 3805 4373 po-

2205 4401 2373 4449 testas
2400 4401 2527 4447 ante
2550 4392 2732 4447 omnia
2765 4391 2983 4459 sascula,
3013 4408 3157 4448 nunc
3184 4403 3238 4449 et
3262 4409 3364 4475 per
3386 4393 3572 4449 omnia
3594 4393 3802 4447 smcula

2205 4484 2546 4541 saeculorum.
2576 4485 2748 4539 Amen
2783 4483 2933 4556 (Jnd.
2959 4500 2997 4551 ι,
3028 4484 3137 4555 t7).
3169 4504 3187 4538 ι
3238 4508 3243 4511 -

1469 4827 1669 4891 ΙΤΕΜ
1711 4823 2106 4888 EPISTOLA
2149 4822 2549 4887 ANACLETI
2591 4823 2842 4885 PAPIE.

519 5002 605 5063 De
636 4998 1030 5064 ordinatione
1058 4966 1678 5075 archicpiscdporum
1713 4996 1768 5050 et
1816 4985 2206 5128 reliquorum
2235 4987 2696 5076 episcoporum,
2725 4993 2906 5064 atque
2932 4977 3347 5042 sacerdotum.
3379 4981 3466 5044 De
3497 4979 3641 5063 fide,
3681 5001 3800 5045 ca-

1935 5084 2176 5128 crtsaue
2204 5084 2436 5128 causis.
3328 5113 3338 5126 .

1935 5084 2176 5147 erisque
2204 5084 2436 5129 causis.

589 5268 910 5323 Auacwrus
951 5261 1233 5333 episc0pus
1262 5255 1531 5355 universis
1555 5254 1821 5328 episcopis
1858 5253 1933 5327 in,
1954 5252 2102 5327 italia
2132 5238 2183 5297 Ῐ)
2210 5253 2416 5308 honore
2448 5258 2505 5306 et
2529 5248 2820 5307 sanctitate
2848 5248 3090 5305 minores
3116 5263 3259 5316 esse,
3291 5255 3346 5304 et
3368 5258 3654 5320 propterea
3680 5263 3800 5303 om-

520 5357 851 5418 constitutis.
1298 5409 1305 5416 .
1398 5378 1413 5405 9
1448 5414 1453 5419 ,
1882 5392 1887 5393 ν

589 5448 857 5518 Quoniam
907 5444 1211 5518 apostolica:
1252 5422 1695 5521 Statii/debitam
1751 5426 2107 5521 reverentiam

520 5564 647 5621 erga
682 5560 771 5602 me
799 5543 1042 5600 charitas
1070 5548 1249 5596 vestra
1288 5514 1403 5621 ςκίξξ

1432 5535 1596 5599 ibuit,
1631 5532 1757 5603 quia
1782 5512 2098 5605 pluranuin,

521 5564 647 5621 erga
682 5560 771 5602 me
799 5545 1042 5600 charitas
1070 5548 1249 5596 vestra
1288 5545 1596 5681 ,(lisg‘q‘tbutt,
1631 5547 1757 5603 quia
1782 5545 2098 5625 pturmrnpi,

521 5636 826 5695 charissimi
862 5634 991 5721 ﬁlii,
1031 5620 1357 5719 praaljuistis.
1450 5642 1534 5680 am
1584 5618 2100 5721 licetiEcclelsiarni-n

474 5794 479 5801 ,
521 5747 628 5802 qua
660 5737 878 5786 sanctus
1216 5712 1461 5785 residens
1489 5717 1671 5774 docuit
1707 5700 2102 5802 qugd-“munitijlo

1794 5778 1821 5797 φ

523 5767 628 5802 ιιυ..
660 5767 878 5786 sum...”
907 5767 1460 5813 ..,......£...-._.-.._----
1493 5767 1668 5774 νην--
1711 5767 1833 5797 ,λγ
1936 5798 2001 5809 ,ω
2028 5767 2047 5810 ι

523 5818 621 5879 nos
666 5817 1023 5890 gubernat‘ulu
1077 5806 1381 5881 tcu‘cat'ntts,
1415 5820 1592 5866 tamen
1643 5784 2113 5879 pl‘OlilCM‘~nQ§__

2210 5346 2340 5401 nino
2392 5344 2741 5410 festinamus,
2789 5350 2848 5397 ut
2890 5343 2957 5398 ad
3016 5342 3242 5413 gloriam
3288 5341 3407 5411 ejus
3448 5342 3800 5396 beatitudinis

2209 5434 2492 5505 pervenire
2543 5434 2828 5505 possimus.
2870 5432 3038 5503 Igitur
3081 5431 3562 5487 consultationibus
3602 5432 3800 5486 vestris

2209 5529 2421 5600 plenius
2449 5526 2913 5598 respondissemus
2955 5525 2998 5580 si
3039 5523 3299 5590 licuisset,
3328 5524 3422 5579 sed
3465 5523 3798 5577 infirmitatis

2210 5636 2274 5675 ac
2310 5619 2639 5688 reliquarum
2677 5615 3088 5689 oppressionum
3118 5628 3281 5670 onere
3307 5614 3502 5685 pressi,
3531 5615 3795 5678 breviter,

2210 5717 2371 5787 prout
2409 5696 2668 5784 Dominus
2692 5710 2903 5775 tribuit,
2926 5716 2981 5763 et
3009 5716 3125 5763 uta
3166 5708 3323 5762 beato
3360 5707 3524 5763 Petro
3552 5706 3796 5777 principe

2178 5800 2197 5887 δ’
2215 5794 2579 5866 apostolorum
2624 5818 2811 5860 sumus
2851 5801 3138 5870 instructi,
3190 5815 3219 5856 a
3260 5816 3365 5871 quo
3413 5809 3469 5856 ct
3512 5799 3794 5870 presbyter
