4012 6442
276 482 348 539 59
1419 473 1905 533 DECRETALIUM
1939 473 2337 532 COLl.ECTlO.
3472 482 3541 535 Ἠ

274 609 399 651 sum
439 591 736 658 ordinatus,
763 593 1002 650 scribere
1047 593 1230 659 vobis,
1279 592 1423 649 sicut
1459 594 1704 663 petistis,
1749 608 1852 646 non
1884 589 2189 659 Ajudicate
2234 594 2405 663 magis
2455 605 2522 649 ne
2564 594 2774 663 ponatis
2820 594 3195 655 oﬂ‘emllcumiu
3257 602 3410 661 fratri
3460 610 3541 664 vel

274 683 685 752 denegavimus.
715 682 1096 739 Ordinationes
1136 684 1509 754 episcoporum
1540 684 1860 738 auctoritate

273 770 578 841 apostolica
626 771 694 826 ab
734 772 985 828 omnibus
1024 773 1115 842 qui
1160 774 1212 827 in
1259 775 1445 847 eadem
1492 773 1694 827 fuerint
1737 789 1862 843 pro-

272 860 453 914 vincia
483 861 773 931 episcopis,
803 872 931 917 sunt
955 862 1305 919 celebranda.
1339 864 1438 930 Qui
1480 865 1642 920 simul
1668 880 1864 920 conve-

272 951 490 1007 nientes
518 953 835 1007 scrutinium
859 954 1141 1023 diligenter
1162 964 1325 1025 agant
1342 952 1713 1026 jejuniumque
1739 971 1861 1011 eum

270 1042 535 1097 omnibus
573 1042 851 1098 celebrent
894 1045 1249 1113 precibus,‘et
1276 1061 1466 1101 manus
1497 1062 1621 1101 cum
1660 1045 1864 1100 sanctis

269 1132 604 1203 Evangeliis,
636 1148 754 1203 quae
795 1135 1140 1204 praedicaturi
1187 1147 1334 1203 sunt,
1375 1139 1733 1208 imponentes,
1762 1138 1866 1191 Do-

272 1228 476 1281 min-ica
508 1230 595 1283 die
620 1229 753 1285 hora
799 1211 954 1285 te'rtia
981 1244 1223 1298 orantes,
1266 1249 1527 1305 sacraque
1573 1236 1824 1290 unctione
1846 1277 1861 1300 ,

266 1319 527 1390 exetnplo
551 1323 935 1389 prophetarum
961 1332 1017 1379 et
1052 1339 1236 1394 regum
1273 1326 1449 1396 capita
1478 1340 1689 1392 eorum,
1713 1341 1864 1383 more

271 1412 666 1480 apostolorum,
685 1422 740 1467 et
763 1412 962 1484 Moysis
990 1426 1269 1485 augentes,
1300 1418 1425 1485 quia
1454 1417 1632 1473 omnis
1661 1419 1864 1474 sancti-

269 1501 456 1556 ficatio
487 1512 701 1558 constat
739 1504 793 1558 in
844 1504 1046 1576 Spiritu
1092 1517 1303 1572 sancto,
1345 1507 1498 1577 cujus
1526 1511 1697 1564 virtus
1725 1510 1864 1564 invi-

268 1593 448 1648 sibilis
499 1604 687 1650 sancto
728 1596 1011 1651 chrismati
1062 1605 1145 1652 est
1194 1599 1475 1668 permista,
1511 1609 1567 1654 et
1611 1600 1714 1655 hoc
1757 1602 1862 1655 ritu

264 1683 570 1739 solemnem
618 1686 892 1742 celebrent
936 1688 1352 1745 ordinationem.
1403 1689 1556 1756 Quod
1613 1690 1659 1745 si
1705 1690 1863 1745 simul

264 1790 464 1830 omnes
487 1777 779 1833 convenire
808 1779 1029 1834 minime
1058 1782 1354 1851 potuerint,
1379 1797 1658 1837 assensum
1682 1792 1861 1837 tamen

267 1867 384 1921 suis
442 1869 697 1936 precibus
746 1872 1065 1940 praebeant,
1120 1882 1181 1928 ut
1229 1873 1299 1928 ab
1355 1874 1467 1944 ipsa
1520 1874 1863 1930 ordinatione

1963 683 2275 740 scandalum
2347 683 2532 755 (Rom.
2583 701 2705 751 xw,
2756 687 2881 758 15).
2946 709 2964 742 ι
3022 691 3087 751 Et
3137 693 3393 753 Dominus
3448 716 3544 770 per

1961 775 2278 843 prophetam
2323 774 2495 844 inquit
2548 793 2560 827 :
2617 795 2633 827 ι
2683 777 2781 844 Qui
2834 794 2927 833 vos
2984 783 3177 853 tangit,
3229 788 3397 856 tangit
3444 805 3546 859 pu-

1962 864 2143 933 pillam
2176 863 2317 918 oculi
2344 864 2447 917 mei
2477 863 2661 935 (lacn.
2691 883 2750 930 ιι,
2780 867 2855 938 8).
2894 888 2911 919 ι
2942 868 3075 924 Nam
3104 873 3148 927 si
3179 874 3373 944 aliquis
3400 895 3543 935 nunc

1964 955 2018 1008 in
2057 954 2255 1009 malum
2299 954 2486 1010 oculos
2525 955 2751 1026 alicujus
2777 959 3038 1030 principis
3072 963 3262 1034 incipit
3290 977 3542 1035 tractare,

1965 1043 2247 1100 manifeste
2284 1058 2409 1100 rcus
2448 1044 2747 1113 majestatis
2778 1046 3070 1119 judicatur,
3105 1062 3159 1109 et
3190 1055 3405 1114 infamis
3435 1060 3548 1116 ριιι-

1962 1134 2122 1199 citur,
2167 1142 2260 1188 aut
2302 1135 2481 1204 potius
2522 1136 2738 1206 capitali
2785 1142 3068 1196 sententia:
3102 1145 3362 1213 subjacet.
3396 1149 3541 1214 Haec,

1963 1221 2179 1289 fratres,
2212 1223 2365 1279 valde
2390 1228 2625 1280 cavenda
2657 1237 2803 1293 sunt,
2827 1239 2881 1284 et
2908 1233 3051 1300 quod
3088 1235 3331 1292 homines
3357 1240 3548 1297 nolunt

1964 1317 2064 1372 sibi
2099 1317 2216 1373 fieri
2245 1318 2354 1372 Deo
2396 1320 2621 1374 deorum
2668 1336 2773 1376 non
2805 1323 3003 1378 debent
3033 1326 3254 1396 inferre,
3294 1347 3364 1387 ne
3406 1332 3549 1388 forte

1966 1409 2232 1464 irascatur
2260 1409 2539 1476 Dominus,
2567 1420 2621 1466 et
2644 1411 2807 1468 faciat
2829 1415 3120 1472 vindictam
3142 1435 3349 1488 eorum,
3380 1427 3545 1483 etiam

1963 1502 2017 1556 in
2047 1517 2141 1557 eos
2183 1502 2274 1572 qui
2325 1519 2432 1558 non
2483 1516 2873 1575 peccaverunt,
2904 1511 3028 1579 quia
3073 1516 3217 1583 perit
3252 1520 3549 1588 saepissime

1956 1594 2134 1665 justus
2160 1611 2258 1666 pro
2287 1596 2471 1668 impio.
2498 1597 2793 1655 imitandus
2825 1611 2910 1657 cst
2931 1605 3093 1663 etiam
3122 1610 3408 1680 propheta,
3448 1629 3548 1684 per

1962 1703 2122 1759 quem
2173 1689 2431 1745 Dominus
2471 1691 2547 1746 ait
2588 1692 3030 1753 :Perambulabo
3090 1701 3146 1756 in
3202 1704 3551 1776 simplicitate

1963 1779 2141 1835 cordis
2164 1780 2292 1845 mei,
2326 1781 2380 1835 iu
2407 1782 2584 1837 medio
2615 1783 2809 1840 domus
2856 1802 3007 1854 mete,
3038 1806 3145 1845 non
3182 1800 3550 1865 proponebant

1965 1888 2148 1927 coram
2172 1872 2341 1929 oculis
2353 1874 2487 1929 meis
2503 1875 2725 1931 verbum
2747 1877 2933 1945 Belial,
2958 1882 3325 1942 detrahentem
3351 1888 3404 1945 in
3426 1892 3551 1947 abs-

265 1959 454 2013 animo
476 1973 584 2013 non
609 1959 801 2017 desint.
824 1961 994 2017 Porro
1016 1972 1070 2017 et
1092 1962 1627 2035 llierosolymitarum
1654 1964 1861 2033 primus
1894 1950 1937 2009 Β
1965 1964 2183 2019 condito
2230 1964 2467 2019 sodalem
2497 1981 2686 2033 suum,
2731 1968 2873 2025 hunc
2918 1971 3306 2033 interﬁciebam
3328 2019 3344 2046 ,
3384 1990 3440 2036 et
3492 1983 3545 2038 hi

264 2051 713 2123 archiepiscopus
740 2053 931 2111 beatus
962 2053 1198 2112 Iacobus
1221 2057 1314 2126 qui
1350 2055 1530 2124 justus
1556 2056 1850 2121 dicebatur,

264 2151 321 2196 et
352 2143 653 2197 secundum
678 2158 919 2211 carnem,
950 2147 1162 2202 Domini
1193 2156 1534 2217 nuncupatus
1561 2157 1636 2204 εει
1665 2146 1854 2215 frater,

267 2245 297 2284 a
342 2230 533 2296 Petro,
563 2229 766 2288 Jacobo
805 2243 854 2288 et
891 2234 1100 2291 Joanne
1143 2237 1398 2307 apostolis
1441 2246 1526 2293 est
1554 2237 1854 2304 ordinatus,

266 2320 677 2377 successoribus
724 2322 972 2379 videlicet
1017 2325 1207 2379 dantes
1256 2324 1485 2380 formam
1531 2340 1756 2391 eorum,
1799 2335 1858 2380 ut

264 2426 376 2464 non
432 2411 617 2466 minus
667 2428 829 2482 quam
877 2430 906 2468 a
955 2414 1129 2471 tribus
1172 2416 1474 2486 episcopis,
1530 2416 1858 2487 reliquisque

266 2503 524 2558 omnibus
574 2519 854 2559 assensum
889 2507 1251 2576 przebentibus
1280 2508 1548 2564 ullatenus
1575 2509 1859 2579 episcopus

263 2590 583 2655 ordinetur,
633 2603 688 2648 et
732 2596 1008 2650 communi
1057 2603 1183 2652 voto
1217 2598 1489 2653 ordinatio
1534 2596 1854 2654 celebretur.

265 2677 486 2749 Reliqui
526 2677 657 2736 vero
688 2684 1000 2741 sacerdotes
1049 2702 1080 2741 a
1118 2688 1340 2758 proprio
1385 2689 1706 2744 ordinentur
1743 2689 1857 2760 epi-

266 2784 457 2839 scopo,
495 2771 569 2826 ita
597 2781 655 2827 ut
680 2774 824 2830 cives
860 2783 915 2830 et
939 2776 1028 2831 alii
1073 2779 1386 2835 sacerdotes
1415 2795 1694 2836 assensum
1725 2796 1860 2851 pne-

263 2858 453 2925 beant,
477 2860 851 2931 etjejunantcs
870 2858 1265 2925 ordinationem
1286 2870 1583 2939 celebrent,
1607 2872 1859 2929 similiter

267 2957 323 3002 et
342 2949 556 3006 diaconi
580 2954 917 3012 ordinentur.
931 2955 1260 3014 Cteterorum
1283 2969 1462 3017 autem
1488 2962 1751 3041 graduum
1779 2963 1861 3018 di-

269 3040 583 3097 stributioni
608 3044 768 3099 trium
790 3049 1060 3104 veracium
1082 3050 1451 3107 testimonium
1474 3040 1596 3108 cum
1617 3053 1859 3126 episcopi

269 3131 478 3187 scilicet
507 3134 824 3203 probatione
847 3138 1091 3195 sufficere
1109 3149 1305 3211 potest.
1332 3143 1623 3199 Accusatio
1646 3158 1860 3216 quoque

271 3237 459 3279 eorum
492 3241 658 3297 super
685 3244 792 3299 qua
839 3246 937 3287 nos
981 3234 1262 3291 consulere
1307 3236 1573 3305 voluistis,
1599 3254 1706 3294 non
1750 3239 1856 3295 nisi

1961 2052 2185 2108 cavendi
2215 2063 2359 2119 sunt,
2391 2055 2459 2110 de
2487 2056 2681 2126 quibus
2705 2056 2961 2115 Salomon
2982 2062 3095 2117 ait:
3128 2082 3147 2116 ι
3179 2065 3329 2123 Sicut
3354 2070 3546 2129 noxius

1960 2150 2043 2199 est
2074 2144 2166 2214 qui
2210 2144 2375 2199 mittit
2402 2145 2618 2202 lanceas
2657 2156 2711 2203 et
2738 2152 2963 2222 sagittas
2991 2153 3047 2207 in
3078 2164 3326 2225 mortem,
3358 2161 3437 2217 sic
3467 2164 3552 2219 vir

1960 2234 2052 2304 qui
2100 2233 2472 2290 fraudulenter
2513 2246 2674 2295 nocet
2715 2241 2890 2296 amico
2936 2258 3056 2310 suo,
3110 2253 3165 2299 et
3212 2263 3335 2304 cum
3386 2251 3551 2309 fuerit

1960 2324 2347 2394 deprehensus,
2379 2326 2512 2382 dicit
2541 2341 2557 2380 :
2582 2327 2796 2385 Ludens
2830 2329 2954 2386 feci.
2989 2332 3142 2390 Sicut
3175 2339 3437 2396 carbones
3479 2344 3548 2397 ad

1959 2429 2183 2484 prunas,
2213 2424 2268 2471 et
2294 2416 2440 2488 ligna
2469 2418 2536 2472 ad
2582 2418 2759 2489 ignem
2785 2459 2801 2487 ,
2830 2421 2912 2477 sic
2947 2423 3111 2481 homo
3141 2426 3431 2486 iracundus
3459 2447 3551 2488 su-

1960 2507 2119 2562 scitat
2147 2506 2314 2572 rixas,
2337 2507 2500 2563 verba
2528 2512 2836 2566 susurronis
2864 2516 3020 2583 quasi
3049 2516 3331 2588 simplicia,
3350 2530 3405 2577 et
3432 2524 3548 2593 ipsa

1959 2598 2282 2669 perveniunt
2318 2600 2385 2654 ad
2428 2601 2614 2655 intima
2642 2604 2844 2658 ventris
2864 2605 3045 2674 (Prov.
3074 2624 3201 2663 xxv:
3223 2650 3238 2676 ,
3270 2611 3376 2683 18).
3422 2634 3441 2668 ι
3481 2617 3544 2672 Et

1961 2690 2007 2746 si
2037 2690 2368 2746 detractores
2397 2707 2734 2764 quorumque
2776 2699 3016 2768 graviter
3042 2700 3353 2770 judicantur
3393 2718 3449 2763 et
3487 2711 3540 2765 in

1960 2781 2277 2852 perditionis
2306 2781 2557 2852 laqueum
2581 2787 2801 2852 cadunt,
2827 2791 2996 2843 multo
3023 2793 3193 2865 magis
3219 2795 3549 2857 laceratores

1963 2883 2018 2926 et
2046 2871 2382 2928 detractores
2409 2882 2572 2944 atque
2601 2887 2946 2936 accusatores
2975 2894 3395 2943 memoratorum
3426 2890 3542 2962 ejus

1961 2960 2284 3044 famulorum
2304 2973 2466 3036 atque
2494 2978 2903 3037 persecuturum
2925 2972 3269 3043 damnantur,
3291 2988 3346 3033 et
3372 2980 3421 3034 in
3452 2960 3548 3036 ba-

1962 3062 2204 3122 ratrum,
2235 3055 2340 3111 nisi
2388 3070 2448 3112 se
2495 3060 2834 3116 correxerint
2878 3072 2934 3117 et
2976 3078 3072 3134 per
3109 3081 3295 3123 eorum
3332 3071 3550 3126 satisfa-

1962 3146 2195 3202 ctionem
2248 3148 2568 3221 condignam
2617 3153 2830 3221 egerint
2871 3156 3276 3228 paenitentiam,
3330 3163 3545 3220 indubi-

1964 3246 2144 3294 tanter
2199 3238 2404 3296 vadunt
2461 3251 2516 3297 et
2578 3244 2882 3304 vindicibus
2939 3247 3171 3308 flammis
3221 3267 3544 3313 exuruntur.

267 3315 338 3370 ab
388 3317 601 3373 idoneis
642 3328 695 3373 et
728 3322 1122 3391 probatissimis
1149 3325 1315 3392 viris,
1361 3328 1455 3398 qui
1504 3337 1561 3384 et
1600 3329 1860 3401 suspicio-
1887 3331 1932 3393 C
1964 3330 2304 3419 Quapropter
2349 3343 2561 3405 oportet
2595 3352 2787 3396 omnes
2831 3342 2900 3397 ab
2930 3343 3014 3400 his
3062 3361 3285 3415 cavere,
3335 3359 3391 3405 et
3439 3369 3547 3409 non

269 3403 430 3459 nibus
455 3413 511 3460 et
531 3406 822 3465 sceleribus
841 3420 1084 3479 careant,
1112 3412 1230 3470 fieri
1253 3415 1430 3482 debet,
1447 3418 1573 3487 quia
1602 3417 1860 3475 Dominus

269 3493 412 3548 sacri
440 3495 526 3550 sui
554 3498 800 3567 corporis
830 3507 1151 3560 traetatores
1173 3519 1205 3559 a
1233 3505 1427 3562 vilibus
1449 3516 1507 3563 et
1532 3508 1775 3578 reprobis
1805 3518 1862 3564 et

270 3600 376 3640 non
404 3586 617 3643 idoneis
643 3591 889 3659 personis
923 3592 1175 3651 infamari
1210 3597 1385 3657 noluit
1411 3614 1513 3654 nec
1539 3599 1857 3656 calumniari

270 3676 537 3746 permisit,
568 3680 665 3736 scd
709 3680 823 3751 ipse
864 3687 1082 3756 proprio
1116 3686 1327 3759 flagello
1368 3700 1655 3762 peccantes
1681 3709 1859 3750 sacer-

273 3766 429 3823 dotes
472 3785 505 3824 a
540 3772 742 3845 templo
766 3773 947 3845 ejecit,
992 3779 1133 3834 unde
1179 3779 1347 3851 liquet
1377 3784 1519 3853 quod
1547 3785 1741 3841 summi
1775 3801 1861 3842 sa-

277 3859 549 3926 cerdotes,
581 3861 635 3917 id
663 3872 768 3930 est,
792 3866 1049 3938 episcopi,
1083 3885 1114 3923 a
1136 3871 1247 3926 Deo
1276 3883 1402 3927 sunt
1419 3874 1722 3945 judicandi,
1752 3869 1858 3933 ndn

279 3950 345 4004 ab
387 3951 642 4010 humanis
687 3964 780 4011 aut
824 3973 1005 4028 pravae
1040 3961 1165 4017 vitae
1209 3963 1516 4022 hominibus
1564 3966 1857 4036 lacerandi,

280 4041 371 4096 sed
417 4043 601 4113 potius
646 4045 714 4101 ab
762 4047 1074 4108 hominibus
1116 4052 1363 4111 fidelibus
1410 4058 1696 4126 portandi,
1744 4060 1862 4129 ipso

279 4131 508 4191 Domino
549 4138 853 4210 exemplum
905 4142 1102 4209 dante,
1132 4147 1349 4215 quando
1396 4162 1495 4219 per
1539 4150 1775 4220 seipsum
1805 4159 1863 4206 et

281 4241 382 4281 non
411 4243 513 4297 per
547 4228 713 4285 alium
743 4234 1038 4292 vendentes
1071 4247 1122 4292 et
1155 4248 1397 4296 ementes
1427 4240 1588 4310 ejecit
1615 4243 1682 4299 de
1726 4252 1861 4299 tem-

278 4317 385 4388 plo,
414 4328 470 4374 et
493 4336 711 4378 mensas
736 4326 1216 4384 nummulariorum
1244 4340 1298 4385 et
1318 4332 1603 4390 cathedras
1625 4335 1863 4390 venden-

281 4408 408 4464 tium
439 4413 663 4482 proprio
696 4417 890 4471 evertit
923 4416 1131 4491 ﬂagello
1167 4429 1221 4476 et
1248 4423 1409 4495 ejccit
1450 4426 1515 4483 de
1546 4426 1761 4497 templo.
1794 4427 1862 4482 Et

279 4498 417 4554 sicut
447 4500 576 4555 alibi
610 4502 688 4557 ait
725 4518 740 4558 :
771 4525 788 4557 ι
822 4506 962 4563 Deus
1008 4509 1158 4564 stetit
1203 4510 1256 4565 in
1291 4527 1563 4585 synagoga
1604 4517 1859 4585 deorum,

279 4587 330 4643 in
360 4590 537 4646 medio
567 4601 744 4648 autem
774 4595 903 4651 deos
925 4596 942 4662 (
964 4598 1107 4654 Paul.
1135 4616 1322 4668 LXXXI,
1365 4603 1418 4675 1)
1450 4624 1469 4657 ι
1505 4605 1767 4661 decernit.
1796 4607 1862 4662 Et

1961 3421 2136 3477 solum
2187 3440 2292 3478 non
2324 3424 2537 3493 facere,
2569 3429 2662 3483 sed
2702 3447 2803 3487 nec
2850 3433 3172 3495 facientibus
3217 3446 3545 3511 consentire,

1960 3513 2086 3583 quia
2143 3529 2252 3569 non
2297 3515 2469 3570 solum
2516 3520 2607 3588 qui
2657 3519 2865 3578 faciunt
2908 3525 3266 3597 damnantur,
3315 3536 3408 3589 sed
3455 3539 3547 3604 qui

1961 3607 2308 3662 consentiunt
2354 3607 2707 3679 facientibus;
2739 3615 2805 3669 de
2837 3615 3034 3672 talibus
3064 3629 3119 3675 et
3168 3623 3255 3679 his
3284 3625 3550 3682 similibus

1959 3696 2076 3768 ipsa
2109 3696 2318 3756 Veritas
2343 3701 2421 3756 ait
2446 3718 2460 3756 :
2496 3721 2514 3755 ι
2547 3702 2743 3774 Vulpes
2771 3705 2952 3763 foveas
2983 3709 3201 3778 habent,
3229 3724 3284 3769 et
3304 3716 3551 3774 volucres

1958 3789 2082 3845 coeli
2129 3793 2313 3860 nidos,
2362 3792 2529 3850 Filius
2580 3806 2761 3854 autem
2807 3799 3042 3858 hominis
3090 3820 3195 3860 non
3249 3807 3412 3864 habet
3454 3811 3547 3866 ubi

1960 3890 2123 3951 caput
2150 3897 2306 3938 suum
2338 3886 2561 3942 reclinet
2587 3887 2799 3960 (Matth.
2821 3908 2942 3958 vni,
2965 3894 3069 3961 20;
3102 3896 3232 3954 Luc.
3265 3914 3336 3963 ix,
3371 3899 3487 3971 58),
3519 3922 3538 3954 ι

1962 3973 2017 4028 id
2059 3982 2162 4041 est,
2208 3976 2263 4032 in
2316 3978 2512 4036 talibus
2547 3997 2654 4038 non
2704 3983 2912 4041 habitat
2959 3987 3253 4058 Dominus,
3298 4010 3399 4050 nec
3444 3996 3546 4066 ipsi

1961 4073 2184 4121 manent
2229 4067 2285 4122 in
2316 4084 2412 4138 eo;
2446 4078 2500 4126 et
2533 4070 2787 4130 Salomon
2823 4075 3063 4146 loquitur
3110 4081 3293 4138 dicens
3335 4101 3348 4136 :
3389 4103 3407 4137 ι
3444 4086 3545 4152 Qui

1961 4155 2098 4212 fodit
2136 4158 2365 4225 foveam,
2398 4162 2599 4219 incidet
2637 4165 2688 4219 in
2718 4180 2861 4233 eam,
2897 4177 2953 4223 et
2995 4171 3086 4241 qui
3115 4172 3282 4227 volvit
3317 4173 3548 4244 lapidem

1964 4260 2262 4309 revertetur
2290 4255 2356 4309 ad
2385 4270 2528 4311 eum.
2579 4257 2786 4330 Lingua
2826 4260 2991 4318 fallax
3021 4281 3127 4320 non
3171 4274 3319 4321 amat
3356 4269 3550 4323 verita-

1963 4350 2100 4407 tem,
2145 4354 2202 4397 et
2245 4359 2306 4399 os
2352 4345 2615 4402 lubricum
2658 4359 2913 4418 operatur
2960 4354 3142 4409 ruinas
3172 4354 3364 4427 (Prov.
3395 4374 3542 4420 xxvi,

1959 4430 2072 4502 27).
2106 4451 2124 4483 ι
2159 4430 2335 4489 Grave
2363 4443 2447 4490 est
2489 4452 2679 4491 saxum
2724 4449 2780 4493 et
2820 4456 3048 4498 onerosa
3097 4459 3283 4509 arena,
3332 4446 3424 4501 sed
3471 4449 3550 4503 ira

1961 4522 2109 4578 stulti
2160 4534 2391 4595 utroque
2442 4529 2680 4599 gravior,
2716 4530 2991 4587 hominem
3045 4535 3136 4603 qui
3185 4536 3545 4592 calumniatur

1962 4614 2156 4669 anima:
2180 4619 2527 4688 sanguinem,
2561 4621 2605 4677 si
2636 4639 2806 4694 usque
2836 4626 2902 4680 ad
2935 4626 3110 4683 lacum
3142 4627 3356 4701 fugerit,
3392 4646 3551 4686 nemo

282 4679 402 4793 alibi
437 4699 453 4735 ³
505 4700 524 4733 ⁸
579 4682 691 4754 Εεο
735 4686 868 4753 (ίίκίν
905 4688 976 4743 dii
1027 4691 1159 4746 CSliS
1204 4702 1260 4747 el
1295 4693 1388 4748 ίὶιὶἱ
1432 4694 1632 4751 excelSi
1677 4712 1866 4753 omnes
1894 4686 2230 4776 I)sustinet;
2259 4679 2350 4779 qvui
2377 4679 2937 4783 sejactatctldilatat,
2959 4718 3137 4789 jurgia
3167 4679 3430 4787 cgncitat;
3458 4725 3553 4793 qui

282 4770 297 4793 ι
357 4771 431 4793 __.
490 4789 652 4793 ψη-
952 4778 984 4793 ι.
1159 4782 1171 4793 .
1287 4784 1297 4793 .
1543 4785 1605 4793 ..
1760 4790 1771 4793 -
2368 4790 2369 4793 η

281 4767 451 4840 (Ρςαι.
489 4789 676 4839 LXXXI,
709 4775 784 4848 6);
823 4797 842 4829 ι
877 4778 1053 4835 nullus
1085 4782 1229 4836 enim
1281 4784 1374 4854 (ut
1407 4785 1561 4858 reor)
1593 4786 1867 4844 invenitur

281 4866 420 4922 inter
449 4884 550 4925 nos
576 4871 668 4941 qui
705 4872 831 4928 velit
877 4889 1031 4929 suum
1065 4891 1281 4933 servum
1320 4880 1390 4935 ab
1417 4879 1524 4936 alio
1551 4896 1712 4952 quam
1744 4897 1773 4936 a
1805 4897 1866 4939 se

273 4953 526 5025 iudicari.
551 4959 705 5028 Quod
735 4961 782 5016 si
810 4978 1197 5037 praesumptum
1229 4967 1411 5036 fuerit,
1444 4981 1536 5027 aut
1559 4973 1728 5028 multa
1750 4973 1865 5044 ipse

280 5047 650 5121 indignatione
697 5052 967 5122 irascitur,
1018 5065 1110 5111 aut
1154 5060 1337 5128 potius
1373 5061 1631 5118 ultionem
1672 5065 1864 5134 quaerit

279 5156 437 5213 super
478 5158 564 5198 eo.
615 5142 671 5199 Si
721 5161 851 5202 vero
897 5148 1001 5204 hoc
1046 5149 1187 5206 inter
1215 5153 1462 5210 homines
1503 5156 1702 5227 agitur,
1730 5157 1858 5227 quid

278 5233 478 5300 putatis
510 5232 670 5290 faciet
716 5236 858 5293 Deus
901 5239 1146 5308 deorum,
1180 5252 1236 5299 et
1278 5245 1539 5302 Dominus
1571 5249 1859 5304 dominan-

277 5322 431 5391 tium,
458 5325 552 5396 qui
582 5326 840 5384 ultionem
865 5345 1082 5387 suorum
1105 5335 1351 5404 promisit
1378 5353 1485 5392 non
1507 5336 1722 5394 differre
1744 5355 1859 5395 ser-

278 5416 507 5470 vorum?
537 5414 686 5473 Unde
731 5428 786 5474 et
835 5422 949 5491 ipse
991 5439 1090 5494 per
1133 5425 1457 5497 Prophetam
1483 5429 1741 5499 loquitur,
1772 5432 1857 5487 di-

279 5519 425 5562 cens.
475 5524 495 5559 ‹
544 5508 686 5565 Deus
734 5510 996 5569 ultionum
1046 5515 1341 5583 Dominus,
1396 5521 1538 5575 Deus
1590 5520 1854 5579 ultionum

280 5595 445 5654 libere
483 5600 594 5672 egit
639 5602 808 5674 (Psal.
842 5621 994 5672 xcnt,
1028 5608 1103 5678 l),
1143 5629 1160 5661 ι
1197 5618 1251 5664 et
1280 5611 1505 5682 reliqua.
1536 5613 1600 5668 Et
1633 5615 1863 5685 Aposto-

282 5688 393 5756 lus,
439 5692 651 5763 iuquit:
682 5714 700 5746 ι
737 5696 815 5751 Tu
845 5698 967 5767 quis
996 5715 1054 5755 es
1095 5703 1186 5772 qui
1222 5703 1434 5773 judicas
1468 5720 1683 5762 servum
1733 5709 1862 5765 alie-

285 5782 442 5836 num?
477 5799 575 5840 suo
613 5785 757 5840 enim
794 5789 1018 5846 Domino
1065 5800 1174 5847 stat
1216 5804 1309 5849 aut
1355 5796 1501 5851 cadit
1526 5796 1711 5869 (Rom.
1738 5817 1857 5875 inv,

282 5867 362 5942 4),
411 5883 514 5930 iet
557 5875 706 5945 ipse:
740 5896 758 5929 ι
804 5876 977 5935 Nolite
1014 5880 1256 5951 judicare
1306 5867 1567 5956 invicem,
1614 5891 1706 5945 sed
1738 5870 1859 5950 hoc

1966 4808 2152 4870 sperat
2181 4801 2233 4855 in
2269 4790 2515 4870 Domino,
2562 4805 2880 4874 sanabitur;
2909 4809 2999 4877 qui
3044 4810 3266 4864 confidit
3302 4810 3355 4865 in
3388 4790 3553 4867 cor-de

1968 4907 2066 4948 suo
2101 4891 2298 4948 stultus
2321 4901 2426 4958 est,
2456 4894 2570 4976 qui.
2596 4906 2776 4951 autem
2821 4899 3064 4967 graditur
3109 4898 3408 4969 sapienter,
3439 4901 3553 4971 ipse

1966 4981 2294 5049 salvabitur;
2326 4985 2416 5053 qui
2447 4985 2659 5042 fortiter
2691 4990 2889 5059 premit
2931 4991 3096 5045 ubera
3126 4991 3191 5045 ad
3229 4991 3549 5048 eliciendum

1963 5072 2078 5138 lac,
2118 5075 2375 5143 exprimit
2421 5077 2708 5150 butyrum;
2755 5081 2844 5150 qui
2893 5081 3242 5137 vehementer
3288 5085 3547 5152 emungit,

1966 5163 2114 5219 elicit
2158 5164 2514 5237 sanguinem,
2560 5176 2616 5222 et
2658 5170 2749 5238 qui
2797 5180 3056 5240 prevocat
3112 5172 3251 5240 iras,
3304 5174 3554 5245 producit

1967 5256 2288 5312 discordias.

2483 5350 2627 5406 Ordo
2665 5358 3036 5411 accusationis.

2040 5437 2167 5494 llaec
2185 5448 2239 5495 et
2268 5439 2370 5495 alia
2402 5443 2698 5511 periculosa
2723 5447 3129 5505 considerantes
3160 5448 3408 5518 aposwli,
3439 5458 3551 5504 sta-

1968 5535 2206 5595 tuerunt,
2238 5545 2307 5585 ne
2340 5530 2497 5587 facile
2539 5546 3008 5592 commoverentur
3036 5547 3130 5593 aut
3175 5538 3547 5594 lacerarentur

1965 5621 2051 5675 vel
2077 5631 2466 5678 accusarentur
2486 5623 2749 5681 columna:
2771 5638 2975 5683 sancta:
3004 5629 3096 5685 Dei
3120 5629 3398 5695 Ecclesiae,
3429 5644 3549 5698 quae

1966 5711 2190 5780 apostoli
2220 5723 2275 5768 et
2320 5729 2663 5773 successores
2691 5734 2875 5775 eorum
2914 5737 3022 5777 non
3060 5722 3330 5777 immerito
3356 5721 3547 5778 dicun-

1964 5810 2072 5857 tur.
2106 5801 2211 5866 Sed
2258 5804 2302 5859 si
2346 5807 2471 5876 quis
2499 5808 2757 5868 adversus
2798 5827 2889 5867 eos
2932 5813 3015 5867 vel
3058 5814 3328 5869 Ecclesias
3356 5829 3543 5869 eorum

1963 5904 2265 5957 commotus
2310 5896 2492 5972 fuerit,
2524 5910 2614 5959 aut
2641 5919 2831 5963 causas
2871 5904 3139 5977 habuerit,
3180 5907 3330 5976 prius
3356 5906 3423 5961 ad
3452 5922 3546 5960 eos
