3998 5416
532 337 585 391 ll
1325 332 1617 390 APPEND.
1656 333 1748 389 AD
1789 331 1964 388 ΒΕΘ.
2007 330 2098 385 lx.
2131 362 2201 372 ——-
2237 328 2487 388 lSlDORl
2526 328 2969 389 MERCATORIS
3728 337 3805 391 ’τὶ

524 459 771 511 recurrat
797 449 1079 509 charitatis
1100 449 1296 518 studio,
1319 461 1379 506 ut
1400 450 1653 505 familiari
1677 447 1943 519 colloquio
1964 461 2111 502 com-
2136 450 2184 507 Α
2215 442 2431 515 Moysen
2460 461 2474 499 :
2506 462 2525 496 ι
2556 442 2754 516 Accipe
2781 446 2998 516 (inquit)
3027 447 3207 507 Aaron
3255 458 3313 503 et
3357 449 3496 508 alios
3545 452 3694 523 ejus,
3742 464 3802 508 et

521 544 713 601 moniti
740 559 804 600 ea
848 551 1044 598 sanent
1072 558 1191 612 quae
1219 542 1456 597 sananda
1492 548 1640 605 sunt,
1682 548 1739 595 et
1781 538 2105 594 charitative

524 636 810 692 emendent
833 650 953 705 qua:
967 632 1111 704 juste
1130 632 1464 689 emendanda
1484 632 1820 704 agnoverint.
1845 629 1903 685 Si
1925 638 2105 685 autem

524 726 693 797 aliqui
739 739 854 790 eos,
897 724 1207 795 priusquam
1240 723 1450 794 egerint
1493 723 1628 788 haec,
1660 720 1920 785 lacerare,
1952 734 2107 774 accu-

525 837 669 887 sare,
691 835 784 875 aut
808 818 1063 873 infestare
1088 815 1550 887 prtesumpserint,
1573 812 2108 883 excommunicentur

523 919 578 967 et
603 909 824 964 minime
847 905 1196 962 absolvantur
1220 913 1508 974 antequam
1536 919 1633 973 per
1656 901 2104 967 satisfactionem,

525 1002 720 1070 utojam
748 1000 948 1054 dictum
992 1005 1098 1063 est,
1124 996 1443 1067 condignam
1471 995 1679 1064 egerint
1707 993 2104 1065 paenitentiam,

525 1093 779 1160 quoniam
810 1090 1003 1161 injuria
1030 1104 1217 1144 eorum
1254 1088 1320 1142 ad
1346 1088 1619 1143 Christum
1665 1087 1921 1157 pertinet,
1951 1083 2105 1153 cujus

526 1184 796 1254 rogatione
820 1179 1139 1252 funguntur,
1162 1195 1260 1235 nec
1282 1181 1386 1235 hoc
1409 1180 1624 1243 mirum,
1654 1178 1779 1248 quia
1806 1177 1852 1232 si
1880 1177 2109 1247 quisque

528 1286 774 1331 nostrum
820 1274 1034 1329 cuidam
1088 1287 1366 1328 servorum
1399 1271 1722 1342 legationem
1771 1269 2107 1340 iujungeret,

528 1373 586 1420 et
620 1380 650 1418 a
697 1378 969 1434 quoquam
1000 1363 1352 1433 impediretur
1381 1370 1473 1416 aut
1518 1361 1852 1416 subditorum
1888 1374 2108 1414 suorum

530 1457 923 1526 despiceretur,
955 1469 1080 1509 mox
1117 1453 1425 1524 indignatus
1471 1452 1814 1516 irasceretur,
1842 1458 1936 1505 aut
1961 1448 2105 1513 talia,

531 1557 692 1619 prout
734 1557 935 1619 posset,
974 1546 1297 1611 vindicaret,
1323 1553 1378 1600 et
1405 1544 1471 1600 ad
1515 1543 1765 1614 injuriam
1809 1542 1877 1597 ad
1914 1551 2107 1597 contu-

532 1645 749 1699 meliam
776 1658 927 1699 suam
964 1641 1067 1697 hoc
1103 1641 1303 1696 factum
1332 1647 1627 1709 reputaret,
1667 1644 1722 1690 et
1757 1636 2032 1700 talionem,
2062 1635 2109 1690 si

527 1750 583 1788 in
610 1732 859 1804 praesenti
889 1747 991 1786 non
1021 1738 1224 1801 posset,
1254 1728 1449 1784 futuris
1477 1727 1806 1798 temporibus
1837 1726 2104 1781 redderet.

2214 536 2509 605 applicabis
2540 539 2607 592 ad
2626 538 2822 591 ostium
2852 539 3185 594 tabernaculi
3216 542 3529 598 testimonii.
3554 543 3805 615 Cumque

2213 629 2413 685 laveris
2440 639 2647 702 patrem
2676 645 2799 686 cum
2837 629 2961 686 filiis
2989 647 3148 702 aqua,
3178 633 3370 690 indues
3416 634 3599 691 Aaron
3628 638 3801 691 vesti-

2213 722 2412 777 mentis
2430 722 2559 788 suis,
2580 723 2632 777 id
2654 731 2758 788 est,
2786 722 2985 779 lineam
3013 724 3250 779 tunicam
3272 734 3328 781 et
3352 729 3801 796 superliunierafe

2211 822 2265 869 et
2289 815 2545 871 rationale
2565 816 2707 885 quod
2737 816 3078 888 constringes
3104 815 3302 885 balteo,
3330 828 3385 874 et
3411 835 3580 891 pones
3605 823 3804 880 tiaram

2213 904 2265 958 in
2291 905 2467 974 capite
2493 905 2629 975 ejus,
2654 913 2711 960 et
2735 904 2991 960 laminam
3020 915 3260 962 sanctam
3311 923 3473 979 super
3504 910 3718 975 tiaram,
3746 921 3806 967 et

2211 995 2388 1050 oleum
2420 996 2693 1051 unctionis
2723 994 2914 1052 fundes
2960 1011 3123 1069 super
3145 1008 3306 1070 caput
3329 1000 3468 1071 ejus,
3502 1010 3670 1073 atque
3698 1003 3806 1059 hoc

2214 1087 2319 1142 ritu
2352 1088 2758 1143 consecrabitur
2791 1088 3040 1145 Domino.
3080 1090 3244 1147 Filios
3288 1108 3503 1164 quoque
3534 1095 3681 1151 illius
3700 1111 3803 1167 ap-

2212 1177 2438 1247 plicabis
2485 1187 2541 1234 et
2591 1178 2783 1234 indues
2826 1181 3022 1237 tunicis
3065 1181 3220 1237 lineis
3261 1184 3553 1256 cingesque
3624 1187 3805 1242 balteo

2212 1268 2390 1323 Aaron
2417 1276 2472 1323 et
2497 1267 2698 1325 liberos
2729 1268 2846 1338 ejus
2887 1279 2942 1325 et
2979 1271 3220 1342 impones
3249 1275 3438 1330 mitras
3479 1276 3581 1340 eis,
3614 1286 3806 1332 erunt-

2214 1372 2320 1427 que
2342 1359 2651 1415 sacerdotes
2687 1361 2818 1415 mihi
2848 1362 3102 1434 religione
3129 1374 3388 1434 perpetua
3420 1366 3622 1438 (Exod.
3650 1384 3804 1431 xm,

2213 1446 2290 1517 4).
2327 1465 2346 1498 ι
2381 1447 2499 1513 Quo
2526 1448 2645 1503 loco
2679 1450 3027 1520 contemplari
3058 1462 3273 1522 oportet
3307 1454 3488 1510 Aaron
3530 1471 3806 1511 summum

2213 1539 2570 1605 sacerdotem,
2615 1540 2669 1594 id
2718 1550 2803 1595 est
2844 1542 3152 1613 episcopum
3199 1543 3398 1612 fuisse,
3446 1561 3613 1615 porro
3671 1547 3810 1602 lilios

2212 1627 2330 1698 ejus
2349 1628 2789 1701 presbyterorum
2813 1632 3212 1689 demonstrasse
3236 1634 3482 1706 figuram.
3513 1635 3633 1692 Hoc
3662 1637 3809 1692 enim

2213 1719 2316 1776 fuit
2362 1722 2507 1776 inter
2531 1722 2712 1777 Aaron
2758 1739 3026 1780 summum
3074 1727 3408 1781 sacerdotem
3436 1736 3489 1783 et
3521 1727 3665 1783 lilios
3693 1724 3810 1798 ejus

526 1803 684 1887 Nam,
717 1825 760 1880 si
815 1824 867 1878 in
910 1822 1144 1878 hominis
1183 1836 1348 1877 causa
1391 1821 1507 1875 haec
1553 1818 1716 1884 lium,
1743 1818 1871 1887 quid
1909 1817 2112 1887 putatis
2141 1803 2188 1862 Β
2216 1812 2307 1882 qui
2354 1812 2662 1869 sacerdotes
2705 1824 2890 1880 erant,
2933 1816 3075 1885 quod
3117 1816 3300 1872 Aaron
3350 1832 3516 1889 super
3568 1819 3810 1875 tunicam

532 1916 671 1969 Deus
697 1912 859 1968 faciet
905 1912 971 1967 de
1002 1912 1114 1967 suis
1156 1912 1247 1982 qui
1292 1925 1393 1965 nec
1423 1908 1672 1980 capillum
1702 1908 1896 1977 capitis
1928 1921 2114 1961 eorum

528 2005 713 2074 perire
740 2003 977 2059 dixerit?
1008 2001 1151 2057 unde
1192 2009 1247 2056 et
1294 1999 1555 2056 Dominus
1598 2014 1695 2069 per
1733 1996 1945 2052 Nahum
1987 2011 2117 2066 pro-

531 2096 752 2165 phetam
798 2093 1038 2165 loquitur
1071 2093 1296 2148 dicens:
1328 2109 1348 2143 ι
1398 2092 1542 2147 Deus
1569 2089 1850 2145 aemulator
1887 2096 1943 2143 et
1983 2087 2120 2143 ulci-

532 2198 690 2240 scens
713 2185 992 2250 Dominus,
1018 2193 1073 2239 et
1100 2184 1307 2239 habens
1349 2181 1620 2247 furorem;
1645 2179 1910 2236 ulciscens
1937 2177 2119 2234 Domi-

533 2290 634 2330 nus
680 2275 734 2330 in
781 2275 965 2330 hostes
989 2286 1150 2339 suos,
1178 2281 1235 2328 et
1274 2272 1518 2327 irascens
1558 2271 1672 2341 ipse
1698 2269 1931 2325 inimicis
1970 2267 2115 2333 suis;

535 2376 659 2420 ante
706 2363 897 2421 faciem
948 2364 1331 2434 indignationis
1374 2360 1491 2431 ejus
1530 2361 1652 2433 quis
1697 2360 1885 2426 stabit,
1915 2368 1970 2415 et
1998 2360 2120 2429 quis

517 2456 750 2511 resistet
785 2455 838 2509 in
865 2456 945 2510 ira
978 2453 1177 2510 furoris
1202 2452 1355 2523 ejus?
1377 2451 1681 2523 Indignatio
1705 2449 1823 2519 ejus
1845 2448 2013 2505 effusa
2038 2455 2120 2504 est

532 2547 675 2602 sicut
702 2546 839 2617 ignis
864 2554 920 2601 et
947 2555 1115 2617 petrae
1151 2544 1426 2600 dissolutae
1452 2552 1579 2598 sunt
1602 2543 1671 2598 ab
1711 2557 1795 2597 eo.
1825 2540 2008 2597 Bonus
2035 2548 2123 2595 est

523 2638 799 2695 Dominus
825 2645 881 2693 et
906 2636 1219 2693 confortans
1243 2636 1299 2691 in
1338 2633 1425 2689 die
1468 2632 1831 2688 tribulationis
1856 2639 1911 2687 et
1939 2628 2121 2686 sciens

538 2737 825 2799 sperantes
851 2728 909 2783 in
929 2742 987 2782 se
1010 2725 1273 2797 (Nattam.
1299 2741 1341 2789 ι,
1365 2724 1450 2794 2),
1479 2744 1497 2777 ι
1525 2732 1578 2779 et
1604 2722 1831 2792 reliqua.
1863 2721 2121 2789 Quasdam

532 2828 717 2875 autem
757 2833 826 2875 ex
871 2818 957 2874 his
992 2817 1106 2886 jam
1148 2817 1270 2873 aliis
1310 2815 1571 2872 fratribus
1618 2813 1958 2885 scripsimus,
2001 2825 2122 2882 qua:

538 2909 701 2964 toties
741 2919 870 2964 sunt
908 2907 1215 2978 replicanda
1256 2908 1506 2978 quotiens
1551 2905 1751 2962 fuerint
1790 2903 2117 2977 necessaria.

528 3000 874 3072 .Ejectionem
902 3013 1117 3069 quoque
1136 2998 1230 3070 (ut
1263 3013 1423 3068 supra
1452 3003 1809 3053 memoratum
1834 2995 1949 3066 est)
1978 3007 2123 3048 sum-

540 3109 754 3149 morum
801 3092 1144 3149 sacerdotum
1185 3090 1289 3149 sibi
1333 3090 1593 3146 Dominus
1633 3087 1953 3152 reservavit,
1995 3085 2123 3140 licet

530 3184 858 3240 electionem
886 3198 1074 3239 eorum
1102 3183 1260 3239 bonis
1282 3180 1651 3237 sacerdotibus
1672 3189 1729 3236 et
1754 3177 2120 3248 spiritualibus
2146 3154 2192 3219 (ἶ

534 3275 751 3346 populis
772 3275 1153 3331 concessisset.
1180 3273 1510 3329 Electionem
1534 3271 1677 3326 enim
1705 3270 1917 3325 illorum
1944 3268 2124 3323 taliter

544 3366 820 3437 apostolus
840 3366 955 3421 ﬁeri
972 3364 1156 3434 jubet:
1184 3383 1203 3417 ‹
1234 3365 1290 3420 Si
1311 3364 1431 3434 quis
1452 3363 1571 3418 sine
1590 3362 1817 3418 crimine
1838 3368 1941 3426 est,
1964 3360 2123 3415 unius

541 3456 732 3512 uxoris
755 3456 928 3511 virum
960 3455 1098 3510 lilios
1132 3454 1418 3510 habentem
1451 3452 1658 3519 ﬁdeles,
1681 3468 1786 3507 non
1814 3451 1869 3506 in
1896 3464 2120 3506 accusa-

538 3545 686 3601 tione
711 3545 955 3611 luxuriaa,
983 3554 1077 3600 aut
1113 3560 1218 3600 non
1256 3545 1498 3601 subditos
1532 3542 1660 3615 (Tit.
1690 3559 1727 3610 ι,
1749 3542 1828 3614 6),
1862 3561 1880 3593 ι
1905 3550 1960 3597 et
2001 3541 2123 3596 reli-

542 3650 670 3705 qua.
704 3635 760 3691 Si
789 3636 934 3692 enim
963 3636 1079 3691 sine
1101 3636 1330 3691 crimine
1361 3635 1617 3690 sacerdos
1644 3633 1767 3704 eligi
1790 3632 2120 3704 praecipitur,

544 3725 851 3780 nullatenus
885 3726 953 3780 ab
996 3725 1304 3780 hominibus
1333 3723 1653 3779 criminibus
1693 3724 1937 3779 irretitus
1966 3739 2126 3779 accu-

544 3814 652 3867 sari
681 3824 775 3868 aut
819 3812 1138 3869 calumniari
1165 3813 1528 3883 permittitur,
1567 3829 1667 3870 nec
1712 3813 1780 3868 ab
1809 3813 1930 3870 aliis
1960 3829 2124 3885 quam

540 3903 610 3957 ab
654 3902 738 3958 bis
797 3903 888 3972 qui
934 3903 1049 3958 sine
1093 3903 1319 3959 crimine
1377 3911 1523 3970 sunt,
1568 3913 1624 3959 et
1647 3903 1796 3973 justa
1839 3903 2122 3969 electione,

538 3999 583 4054 si
621 3998 919 4053 necessitas
956 3995 1151 4064 fuerit,
1190 4007 1285 4052 aut
1328 3997 1429 4068 ipsi
1472 3998 1701 4054 valendo
1744 3996 1970 4053 Domino
2011 4012 2123 4053 ser-

543 4087 661 4143 vire
715 4086 996 4158 elegerint,
1021 4086 1441 4157 sacerdotesque
1486 4087 1602 4143 sine
1650 4087 1878 4143 crimine
1923 4086 2040 4142 fieri
2069 4096 2125 4142 et

543 4180 786 4236 ordinari
815 4181 1124 4250 possint,et
1168 4181 1303 4237 tales
1349 4196 1446 4251 per
1491 4181 1671 4237 omnia
1713 4180 1912 4235 fuerint
1936 4180 2124 4252 quales

542 4271 666 4341 eligi
715 4272 1024 4328 sacerdotes
1039 4271 1317 4341 jubentur.
1347 4272 1519 4327 Porro
1542 4281 1598 4326 et
1622 4270 1788 4343 Moysi
1815 4272 2125 4343 praecipitur

540 4372 602 4418 ut
622 4363 786 4434 eligat
825 4365 1192 4435 presbyteros,
1220 4365 1360 4420 unde
1383 4373 1441 4419 et
1476 4364 1531 4420 in
1562 4363 1869 4420 Proverbiis
1902 4364 2122 4428 dicitur,

495 4496 504 4511 .
539 4454 709 4525 gloria
735 4469 923 4510 senum
949 4455 1193 4510 canities.
1224 4454 1351 4512 Haec
1376 4471 1505 4512 vero
1533 4456 1760 4512 canities
1799 4456 2121 4526 sapientiam

537 4543 818 4614 designat,
850 4543 914 4598 de
960 4559 1067 4613 qua
1111 4544 1373 4614 scriptum
1417 4553 1518 4601 est.
1560 4543 1800 4601 Canities
1846 4546 2121 4601 hominum

538 4636 823 4706 prudentia
852 4642 931 4691 csl
952 4678 967 4702 ,
999 4650 1231 4705 cumque
1260 4645 1558 4707 nongentos
1593 4644 1653 4691 et
1691 4635 1923 4706 amplius
1952 4651 2125 4691 annos

541 4727 608 4781 ab
634 4727 804 4783 Adam
840 4740 1011 4797 usque
1053 4726 1120 4782 ad
1150 4726 1423 4782 Abraham
1460 4727 1658 4783 vixisse
1694 4728 1938 4783 homines
1977 4727 2124 4799 lege-

540 4819 733 4885 rimus,
764 4819 943 4874 nullus
977 4820 1118 4875 alius
1143 4819 1351 4888 primus
1393 4818 1690 4889 appellatus
1715 4827 1797 4873 est
1822 4820 2126 4891 presbyter,

542 4910 597 4963 id
626 4921 711 4966 est
756 4912 955 4975 senior,
990 4911 1096 4966 nisi
1142 4909 1415 4965 Abraham
1445 4904 1536 4980 qui
1583 4911 1753 4965 multo
1784 4912 2128 4981 paucioribus

541 5003 741 5058 vixisse
782 5004 938 5059 annis
965 5002 1345 5059 convincitur:
1385 5018 1489 5057 non
1517 5017 1646 5074 ergo
1677 5012 1898 5074 propter
1935 5004 2124 5059 decre-

539 5097 708 5164 pitam
736 5105 1090 5160 senectutem,
1115 5095 1209 5150 sed
1233 5103 1455 5165 propter
1474 5095 1798 5165 sapientiam
1823 5097 2124 5169 presbyteri

2219 1902 2517 1973 accipiebat
2563 1903 2840 1973 poderem,
2893 1906 3084 1960 stolam
3139 1916 3405 1972 sanctam,
3452 1916 3509 1965 et
3546 1923 3807 1964 coronam

2219 2007 2462 2060 auream,
2492 1994 2710 2049 mitram
2740 2005 2791 2050 et
2838 2011 3032 2052 zonam
3063 2013 3305 2065 auream,
3351 2008 3408 2055 et
3449 2001 3809 2071 superbume-

2218 2083 2350 2147 rale,
2383 2095 2440 2139 et
2468 2084 2673 2154 reliqua
2699 2101 2819 2156 quae
2845 2088 3064 2158 praefixa
3095 2097 3219 2145 sunt
3244 2109 3258 2145 :
3292 2089 3385 2146 lilii
3415 2101 3595 2145 autem
3623 2091 3807 2146 Aaron

2219 2189 2382 2246 super
2424 2178 2637 2232 tunicas
2677 2177 2845 2235 lineas
2885 2180 3048 2237 cincti
3101 2184 3469 2240 tantummodo
3520 2192 3577 2239 et
3622 2184 3808 2239 tiarati

2220 2265 2544 2322 assistebant
2571 2269 2839 2324 sacrificio
2868 2270 3079 2327 Domini
3107 2289 3121 2339 ;
3156 2273 3211 2328 in
3235 2273 3385 2330 Novo
3409 2282 3588 2329 autem
3621 2273 3809 2329 Testa-

2220 2366 2401 2412 mento
2447 2366 2568 2428 post
2612 2358 2888 2415 Christum
2937 2360 3225 2418 Dominum
3276 2372 3521 2418 nostrum
3567 2378 3599 2418 a
3647 2363 3809 2419 Petro

2221 2452 2572 2508 sacerdotalis
2599 2454 2762 2525 coepit
2789 2457 2944 2521 ordo,
2976 2457 3101 2527 quia
3132 2458 3230 2530 ipsi
3260 2458 3439 2529 primo
3461 2458 3806 2531 pontiﬁcatus

2223 2544 2277 2599 in
2311 2533 2548 2600 Ecclesia
2595 2545 2797 2601 Christi
2844 2548 3003 2604 datus
3049 2558 3153 2617 est,
3202 2551 3415 2608 dicente
3460 2553 3692 2607 Domino
3739 2550 3807 2606 ad

2223 2651 2347 2692 eum
2379 2654 2392 2691 :
2425 2656 2443 2689 ι
2481 2636 2561 2692 Tu
2591 2652 2651 2693 es
2682 2639 2899 2714 (inquit)
2928 2641 3120 2699 Petrus
3147 2652 3202 2699 et
3230 2661 3393 2716 super
3432 2647 3576 2701 hanc
3601 2655 3805 2716 petram

2222 2729 2502 2786 aedificato
2554 2730 2851 2788 Ecclesiam
2904 2750 3114 2804 meam,
3169 2743 3225 2791 et
3271 2746 3440 2808 portxe
3489 2736 3650 2792 inferi
3702 2752 3805 2792 non

2220 2821 2585 2893 prmvalebunt
2613 2823 2873 2880 adversus
2916 2840 3073 2894 eam,
3098 2835 3152 2882 et
3180 2827 3273 2884 tibi
3305 2829 3443 2884 dabo
3480 2828 3664 2884 claves
3707 2827 3809 2900 16

2224 2914 2375 2983 regni
2405 2913 2666 2969 etelorum
2699 2913 2915 2988 (Matth.
2949 2933 3070 2982 ενι,
3105 2920 3216 2989 18).
3248 2939 3268 2973 ι
3303 2919 3398 2975 llic
3425 2936 3557 2993 ergo
3608 2920 3806 2990 ligandi

2223 3016 2385 3077 atque
2412 3007 2652 3064 solvendi
2682 3017 2999 3079 potestatem
3030 3012 3236 3082 primus
3262 3013 3472 3083 accepit
3497 3029 3529 3068 a
3556 3013 3809 3076 Domino.

2224 3098 2541 3169 primusque
2568 3100 2633 3154 ad
2658 3100 2818 3156 fidem
2852 3102 3103 3172 populum
3131 3106 3303 3176 gratia
3334 3105 3452 3172 Dei,
3475 3105 3682 3161 virtute
3700 3120 3810 3160 suae

2222 3186 2625 3256 praedicationis
2673 3190 2917 3246 adduxit.
2971 3191 3165 3248 Caeteri
3226 3209 3356 3250 vero
3410 3194 3643 3266 apostoli
3689 3210 3809 3251 cum

2222 3279 2411 3335 eodem
2459 3280 2577 3351 pari
2607 3284 2883 3340 consortio
2916 3284 3177 3341 honorem
3203 3297 3259 3342 et
3302 3296 3630 3359 potestatem
3660 3302 3809 3343 acce-

2221 3380 2440 3441 perunt,
2472 3371 2754 3444 ipsumque
2796 3374 3096 3446 principem
3136 3391 3324 3432 eorum
3351 3391 3473 3433 esse
3502 3377 3806 3434 voluerunt.

2223 3461 2324 3528 Qui
2354 3463 2540 3529 etiam,
2587 3463 2809 3534 jubcute
2859 3465 3112 3533 Domino,
3153 3467 3205 3522 in
3252 3477 3364 3524 toto
3409 3468 3543 3525 orbe
3581 3468 3810 3539 dispersi

2223 3551 2571 3624 Evangelium
2621 3554 3082 3625 praedicaverunt,
3130 3557 3258 3629 ipsis
3293 3573 3509 3630 quoque
3543 3559 3811 3615 deceden-

2226 3640 2371 3696 tibus
2402 3642 2453 3695 in
2501 3640 2677 3698 locum
2722 3658 2910 3700 eorum
2958 3646 3339 3703 successerunt
3371 3649 3633 3719 episcopi,
3681 3663 3810 3717 quo-

2227 3745 2345 3785 rum
2373 3732 2649 3789 ordinatio
2673 3743 2970 3804 prtetaxato
2996 3735 3111 3792 ﬁeri
3133 3738 3297 3810 ~debet
3322 3739 3513 3793 ordine
3534 3747 3591 3794 et
3619 3740 3807 3807 modo:

2226 3835 2361 3890 quos
2403 3822 2493 3893 qui
2527 3824 2715 3893 recipit
2759 3835 2814 3879 et
2841 3827 3008 3882 verba
3037 3842 3247 3893 eorum,
3276 3828 3565 3883 Dominum
3596 3828 3807 3899 recipit.

2224 3912 2326 3982 Qui
2370 3924 2550 3970 autem
2597 3931 2692 3972 eos
2737 3920 2965 3989 spernit,
2994 3935 3116 3975 eum
3163 3935 3193 3973 a
3237 3935 3344 3991 quo
3394 3921 3544 3975 missi
3586 3931 3732 3983 sunt,
3758 3920 3812 3974 et

2224 4005 2380 4077 cujus
2421 4008 2720 4079 funguntur
2753 4010 3019 4082 legatione
3068 4015 3274 4084 spernit
3319 4022 3375 4069 et
3420 4014 3538 4085 ipse
3600 4014 3811 4070 indulii~

2227 4104 2404 4155 tanter
2432 4107 2719 4170 spernetur
2744 4116 2773 4155 a
2807 4102 3052 4156 Domino.

2304 4186 2553 4243 Videntes
2579 4197 2758 4244 autem
2785 4191 2885 4262 ipsi
2910 4190 3134 4263 apostoli
3160 4206 3390 4247 messem
3415 4207 3534 4247 esse
3584 4191 3808 4247 multam

2226 4285 2281 4332 et
2304 4279 2583 4348 operarios
2620 4294 2855 4350 paucos,
2901 4292 3227 4353 rogaverunt
3271 4283 3559 4338 Dominum
3621 4284 3810 4340 messis

2232 4378 2293 4424 ut
2323 4370 2561 4424 mitteret
2606 4372 2884 4443 operarios
2911 4373 2965 4427 in
2991 4389 3222 4430 messem
3254 4390 3428 4430 suam.
3471 4374 3629 4430 Unde
3656 4375 3811 4431 electi

2228 4468 2353 4514 sunt
2378 4461 2446 4515 ab
2479 4462 2558 4517 eis
2608 4464 2949 4534 septuaginta
3006 4463 3277 4535 discipuli,
3331 4480 3564 4535 quorum
3627 4474 3809 4537 typum

2229 4560 2425 4619 gerunt
2451 4551 2777 4622 presbyteri,
2804 4563 2967 4623 atque
2995 4552 3051 4607 in
3076 4568 3264 4609 eorum
3301 4553 3479 4609 locum
3524 4564 3654 4608 sunt
3683 4570 3810 4610 con-

2227 4641 2396 4695 stituti
2426 4642 2478 4696 in
2516 4641 2776 4706 Ecclesia,
2824 4644 2892 4699 de
2934 4659 3167 4714 quorum
3210 4646 3574 4709 ordinatione,
3602 4656 3656 4700 et
3690 4645 3811 4701 reli-

2186 4764 2189 4767 ν
2228 4746 2458 4801 quorum
2484 4732 2880 4801 ministrorum,
2901 4735 3102 4791 dixisse
3145 4751 3308 4808 supra
3339 4736 3594 4793 sulliciat.
3645 4737 3811 4793 Porro

2228 4822 2370 4892 quod
2394 4822 2680 4892 epi5c0pus
2710 4839 2817 4878 non
2840 4825 2907 4880 ab
2934 4842 3060 4893 uno,
3092 4828 3185 4883 sed
3211 4843 3243 4882 a
3269 4830 3506 4895 cunctis,
3544 4846 3809 4886 consensu

2231 4923 2326 4969 aut
2389 4910 2677 4984 praesentia
2736 4919 3271 4987 comprovincialium
3319 4929 3404 4977 est
3453 4922 3807 4987 ordinandus,

2226 5016 2282 5059 et
2320 5006 2625 5062 nullatenus
2652 5007 2831 5063 minus
2866 5024 3028 5079 quam
3057 5026 3088 5065 a
3118 5012 3293 5068 tribus
3342 5014 3559 5070 caeteris
3584 5030 3811 5071 consen-

2230 5096 2490 5152 tientibus
2519 5100 2751 5161 cunctis,
2777 5099 3003 5164 idcirco,
3055 5103 3372 5160 iustitueute
3400 5105 3668 5171 Domino,
3699 5106 3807 5161 ﬁeri
