4012 6436
199 452 264 508 75
1373 447 1866 506 oscusrauuu
1901 447 2302 509 COLLECTIO.
2556 410 2564 419 ’
3402 459 3471 518 7t

200 565 376 624 muli
404 580 473 623 ac
495 563 669 638 prima
698 562 989 635 iudiciaria
1019 569 1286 636 potestas,
1312 566 1379 620 ad
1408 578 1549 635 quos
1568 563 1661 635 qui
1684 579 1782 634 per
1811 567 1855 626 A
1890 569 2119 621 tenenda
2154 567 2492 639 temporibus
2540 569 2827 638 mittimus,
2856 582 2911 630 et
2953 573 3176 647 reliquis
3207 575 3471 637 fratribus

200 659 437 729 reliquas
457 659 706 714 civitates
719 658 1217 723 commorabantnr,
1238 656 1453 726 quando
1465 657 1545 711 eis
1566 670 1789 711 necesse

197 757 312 805 erat
330 749 424 817 qui
458 748 527 803 ad
549 747 726 803 aulam
758 746 1169 817 imperatorum,
1199 755 1258 802 ut
1286 761 1471 817 regum
1496 746 1790 818 confugere

208 856 312 896 non
341 847 622 910 poterant,
651 839 737 896 vel
757 839 956 909 quibus
994 841 1319 909 permissum
1349 856 1455 895 uon
1486 849 1627 904 erat,
1654 856 1788 896 con~

200 931 481 1003 fugiebant
533 946 632 1002 pro
687 931 1129 1003 oppressionibus
1176 933 1341 1013 suis,
1374 933 1461 989 vel
1511 933 1790 1005 iniustitiis

202 1027 326 1089 suis,
359 1027 620 1098 ipsosque
644 1027 1019 1097 appellabant,
1065 1029 1278 1098 quoties
1302 1043 1439 1099 opus
1464 1038 1614 1095 erat,
1647 1029 1790 1085 sicut

204 1120 252 1174 in
281 1119 404 1191 lege
431 1134 623 1175 eorum
655 1129 985 1189 praeceptum
1009 1127 1151 1185 erat,
1172 1119 1306 1190 ipsis
1326 1135 1547 1191 quoque
1567 1121 1622 1175 in
1652 1121 1789 1176 civi-

207 1211 414 1266 tatibus
439 1208 682 1265 vellocis
732 1210 962 1275 nostris,
1007 1210 1353 1279 patriarchas
1396 1212 1482 1267 vel
1526 1212 1791 1283 primates

204 1304 289 1373 qui
317 1317 482 1359 unam
513 1302 746 1357 formam
777 1311 987 1367 tenent,
1015 1303 1144 1360 licet
1165 1304 1378 1361 diversa
1409 1306 1521 1362 sint
1544 1307 1786 1375 nomina,

206 1398 345 1467 leges
400 1398 599 1454 divinae
640 1406 701 1453 et
763 1398 1148 1455 ecclesiastica:
1203 1401 1330 1470 poni
1365 1409 1423 1457 et
1470 1415 1590 1455 esse
1622 1398 1790 1469 iussae

205 1498 344 1556 sunt,
368 1490 439 1545 ad
463 1504 601 1559 quos
616 1490 876 1561 episcopi,
898 1491 943 1546 si
967 1506 1187 1547 necesse
1208 1491 1394 1559 fuerit,
1417 1491 1788 1564 confugerent,

209 1599 403 1654 eosque
451 1582 810 1655 appellarent,
857 1592 913 1639 et
939 1584 1043 1653 ipsi
1072 1585 1371 1655 primatum
1419 1587 1639 1641 nomine
1682 1584 1791 1640 fre-

213 1684 415 1739 rentur,
454 1683 514 1729 et
564 1690 672 1730 non
704 1674 817 1729 alii.
874 1675 1120 1746 Reliquae
1176 1692 1311 1733 vero
1361 1678 1792 1747 metropolitame

210 1766 468 1830 civitates,
503 1780 625 1835 quae
653 1766 899 1822 minores
936 1766 1152 1835 iudices
1183 1768 1475 1831 habebant,
1510 1769 1639 1823 licet
1670 1783 1790 1824 ma-

208 1854 349 1922 iores
419 1855 715 1910 comitibus
765 1866 973 1922 essent,
1012 1853 1280 1911 haberent
1341 1856 1792 1927 metropolitanos

1890 660 2258 731 pmdicanda,
2327 676 2393 717 ac
2435 663 2648 720 cunctis
2700 664 2949 723 ﬁdelibus
3002 668 3262 726 tradenda
3314 689 3473 730 man-

1891 752 2104 815 damus,
2129 767 2199 807 ne
2236 761 2514 823 pastorum
2559 755 2829 826 imperitia
2862 758 2954 828 qui
2999 770 3304 830 sequuntur
3324 764 3472 821 dete-

1890 846 2065 903 riores
2093 846 2243 910 ﬁant,
2269 848 2483 904 dicente
2513 850 2741 905 Domino
2792 866 2890 921 per
2917 854 3236 924 prophetam
3266 870 3283 910 :
3318 874 3338 908 ι
3366 856 3472 928 ipsi

1889 947 2137 1011 pastores
2155 941 2542 1011 ignoraverunt
2564 941 2971 1015 intelligentiam
2991 944 3148 1015 (Isai.
3172 962 3282 1013 Lvr,
3306 943 3418 1020 li),
3448 969 3468 1003 ι

1889 1046 2026 1103 quos
2045 1046 2234 1088 rursus
2258 1031 2519 1088 Dominus
2539 1033 2865 1101 detestatur,
2888 1036 3073 1091 dicens
3099 1054 3113 1091 :
3143 1056 3162 1089 ι
3194 1038 3262 1093 Ει
3287 1048 3477 1095 tenen-

1889 1133 1974 1180 tes
2021 1124 2193 1197 legem
2234 1125 2546 1181 nescierunt
2573 1140 2658 1181 me
2682 1126 2701 1198 (
2722 1127 2835 1182 Jer.
2860 1143 2921 1195 ιι.
2945 1129 3041 1198 8).
3072 1148 3091 1182 ι
3122 1130 3328 1186 Nesctri
3346 1147 3477 1201 ergo

1891 1218 2097 1275 veritas
2122 1233 2182 1275 se
2202 1219 2272 1275 ab
2295 1219 2376 1274 eis
2394 1219 2751 1289 conqueritur
2766 1260 2782 1285 ,
2811 1228 2865 1274 et
2891 1221 3100 1277 nescire
3121 1238 3180 1277 se
3199 1224 3477 1293 principa-

1890 1319 2004 1366 tum
2035 1311 2389 1366 nescientium
2410 1318 2763 1381 protestatur,
2792 1312 2921 1382 quia
2945 1312 3187 1383 profecto
3208 1314 3262 1368 hi
3287 1313 3376 1383 qui
3411 1329 3482 1369 ea

1891 1414 2014 1469 quae
2056 1408 2184 1456 sunt
2208 1398 2422 1455 Domini
2476 1400 2746 1470 nesciunt,
2778 1417 2807 1456 a
2838 1403 3067 1458 Domino
3121 1405 3467 1469 nesciuntur,
3496 1408 3499 1427 τ

1892 1490 2059 1547 Paulo
2101 1499 2415 1558 attestante,
2442 1492 2536 1562 qui
2577 1491 2694 1547 ait:
2733 1511 2754 1547 ι
2797 1493 3001 1564 Siquis
3032 1495 3263 1565 ignorat,
3316 1482 3499 1568 igno-'

1893 1588 2105 1643 rabitur
2156 1586 2210 1657 (Ῑ
2250 1585 2374 1642 Cor.
2402 1602 2513 1651 xrv,
2563 1586 2654 1657 58)
2681 1604 2695 1641 :
2727 1607 2746 1639 ι
2781 1588 2910 1645 hinc
2944 1597 2999 1644 et
3049 1588 3337 1644 Psalmista
3370 1605 3495 1646 non'

1891 1678 2129 1749 Optantis
2151 1679 2353 1744 animo,
2385 1678 2479 1734 sed
2506 1680 2887 1748 prophetantis
2946 1681 3227 1752 mysterio,
3258 1681 3470 1737 denun~

1893 1769 2012 1836 tiat,
2030 1768 2246 1823 dicens:
2270 1786 2290 1820 ί
2316 1767 2690 1824 Obscurentur
2709 1768 2851 1823 oculi
2872 1784 3059 1824 eorum
3079 1771 3409 1836 nevideant‘,
3425 1780 3488 1827 et

1893 1859 2111 1916 dorsum
2128 1873 2317 1915 eorum
2345 1874 2560 1930 semper
2597 1859 2818 1915 incurva
2842 1859 3015 1929 (Paul.
3057 1877 3245 1924 vam,
3270 1861 3363 1931 24)
3398 1879 3413 1929 ;
3454 1881 3477 1915 ι

212 1962 350 2013 suos,
377 1948 467 2017 qui
498 1947 772 2016 prmdictis
794 1945 938 2015 iuste
964 1946 1251 2004 obedirent
1274 1948 1620 2018 primatibus,
1652 1950 1793 2005 sicut
1822 1945 1867 2004 Β
1894 1954 2199 2010 obscuratis
2246 1969 2377 2025 ergo
2406 1953 2601 2017 oculis,
2640 1954 2863 2008 dorsum
2907 1952 3146 2009 flectitur
3166 1996 3180 2022 ,
3222 1955 3483 2025 quoniam

210 2040 263 2094 in
288 2040 489 2111 legibus
526 2039 712 2095 saeculi
746 2039 873 2095 olim
899 2040 1211 2096 ordinatum
1242 2048 1384 2108 erat,
1424 2041 1514 2111 qui
1544 2057 1650 2096 non
1679 2043 1790 2112 pri-

210 2142 426 2195 matum,
486 2133 581 2189 sed
617 2139 712 2187 aut
766 2132 1326 2202 metropolitanorum,
1379 2141 1475 2188 aut
1515 2134 1788 2204 archiepi-

210 2237 489 2291 scoporum
519 2221 738 2277 nomine
768 2220 1072 2289 fuerentur;
1105 2233 1162 2278 et
1190 2222 1315 2278 licet
1343 2222 1567 2294 singulae
1596 2231 1792 2279 metro-

211 2314 353 2384 poles
397 2315 649 2371 civitates
699 2330 827 2371 suas
876 2314 1189 2384 provincias
1247 2315 1508 2381 habeant,
1560 2324 1615 2371 et
1662 2331 1791 2371 suos

215 2406 653 2475 metropolitanos
687 2404 901 2474 iudices
953 2406 1156 2461 habere
1210 2407 1444 2462 debeant
1479 2406 1784 2476 episcopos,

217 2497 351 2553 sicut
384 2499 532 2570 prius
558 2496 1239 2569 metropolitanosjudices
1261 2498 1532 2555 habebant
1561 2498 1787 2557 sarcula-

219 2607 320 2653 res.
334 2594 588 2663 primates
612 2601 813 2657 tamen,
830 2600 889 2647 ut
910 2591 1190 2661 praeﬁxum
1213 2598 1317 2657 est,
1343 2600 1399 2646 et
1422 2600 1548 2646 tunc
1570 2598 1625 2646 et
1649 2607 1792 2646 nunc

220 2684 409 2741 habere
428 2683 595 2754 iussae
631 2690 779 2749 sunt,
810 2682 877 2738 ad
909 2698 1045 2753 quos
1079 2690 1203 2754 post
1232 2682 1415 2738 sedem
1440 2682 1791 2753 apostolicam

220 2788 418 2828 summa
466 2773 684 2844 negotia
734 2773 1080 2839 conveniant,
1125 2768 1196 2826 ἰιι
1245 2772 1445 2827 ibidem
1476 2771 1674 2841 quibus
1699 2786 1793 2827 ne-

220 2878 365 2919 cesse
402 2865 586 2929 fuerit,
635 2865 972 2939 releventur,
1019 2870 1075 2920 et
1108 2863 1254 2934 iuste
1302 2864 1685 2928 restituantur,
1738 2870 1795 2919 et

218 2954 275 3009 hi
324 2956 412 3026 qui
476 2955 678 3025 iniuste
742 2956 1144 3027 opprimuntur,
1218 2954 1366 3025 iuste
1427 2952 1795 3009 reformentur

219 3056 373 3118 atque
396 3048 710 3115 fulciantur,
735 3048 1224 3120 episcenorumqne
1254 3060 1452 3112 causae,
1468 3054 1525 3100 et
1549 3060 1793 3101 summo-

219 3155 336 3194 rum
382 3141 727 3213 negotiorum
785 3139 984 3209 iudicia
1018 3137 1219 3211 (salva
1268 3136 1579 3206 apostolicae
1632 3134 1791 3191 Sedis

218 3232 552 3305 auctoritate)
580 3229 886 3301 iustissime
944 3228 1333 3294 terminentur.
1388 3225 1519 3285 Haec
1550 3225 1619 3281 ab
1652 3225 1794 3280 anti-

217 3324 358 3391 quis,
386 3324 496 3381 haec
525 3326 601 3380 ab
629 3322 912 3396 apostolis,
939 3323 1053 3377 haec
1076 3336 1105 3376 a
1134 3318 1338 3376 sanctis
1362 3317 1608 3390 patribus
1633 3331 1791 3372 acce-
1822 3305 1867 3367 C

220 3414 409 3483 pimus,
435 3415 698 3486 vobisque
730 3415 815 3487 (ut
836 3409 1176 3486 postulastis)
1209 3409 1460 3467 rimauda
1506 3417 1562 3465 et
1590 3405 1793 3463 futuris

1888 2061 2012 2101 cum
2034 2044 2213 2099 lumen
2237 2044 2480 2100 scientiae
2503 2044 2732 2115 perdunt
2761 2045 2853 2115 qui
2875 2055 3141 2115 praeeunt,
3172 2046 3290 2102 sine
3316 2046 3486 2102 dubio

1889 2138 1954 2194 ad
1985 2138 2253 2209 portanda
2277 2146 2624 2207 peccatorum
2669 2153 2836 2193 onera
2858 2138 3190 2195 inclinantur
3241 2155 3480 2212 sequen-

1888 2238 1992 2286 tes.
2050 2229 2151 2285 Hic
2198 2244 2328 2301 ergo
2396 2229 2539 2284 inter
2600 2244 2794 2285 manus
2840 2229 3136 2294 latronum.
3184 2238 3240 2286 et
3287 2231 3481 2287 dentes

1891 2324 2185 2380 furentium
2210 2324 2462 2396 luporum
2512 2331 2788 2392 utcunque
2812 2337 3115 2379 versamur.
3139 2324 3264 2379 ideo
3287 2326 3485 2379 docere

1889 2418 2027 2473 alios
2055 2428 2109 2472 et
2133 2418 2401 2486 nosipsos,
2432 2426 2595 2487 prout
2634 2417 2896 2471 Dominus
2926 2417 3159 2482 dederit,
3192 2417 3483 2487 providere

1892 2510 2177 2565 debemus.
2210 2508 2358 2564 Sane
2391 2522 2683 2578 percussor
2740 2506 2832 2563 ille
2897 2507 3098 2563 dicitur
3147 2508 3358 2571 doctor,
3390 2505 3484 2577 qui

1891 2613 2145 2655 sermone
2176 2598 2351 2653 inutili
2402 2597 2793 2653 conscientiam
2843 2599 3081 2668 percutit
3118 2598 3481 2654 inﬁrmorum.

1890 2697 2018 2753 ideo
2058 2704 2248 2751 tenere
2276 2709 2375 2751 vos
2418 2702 2475 2750 et
2528 2709 2719 2749 omnes
2769 2693 2957 2749 ﬁdeles
2999 2702 3214 2764 oportet
3240 2694 3485 2764 eumqui

1890 2788 2186 2846 secundum
2212 2786 2517 2843 doctrinam
2546 2793 2631 2841 est
2678 2784 2892 2840 ﬁdelem
2932 2800 3268 2851 sermonem,
3297 2794 3358 2841 ut
3383 2801 3485 2857 po-

1893 2890 2014 2937 tens
2039 2881 2110 2936 sit
2130 2877 2400 2935 consolari
2425 2876 2480 2932 in
2506 2876 2754 2935 doctrina
2779 2883 2992 2941 sancta,
3015 2884 3072 2931 et
3100 2876 3484 2932 contradicen-

1893 2982 1976 3030 tes
2001 2971 2350 3041 redarguere,
2373 2978 2431 3026 et
2455 2976 2602 3025 recte
2631 2967 2875 3022 viventes
2906 2975 3071 3038 atque
3094 2976 3297 3023 rectam
3320 2965 3483 3022 ﬁdem

1894 3076 2139 3124 tenentes
2157 3062 2520 3122 consolidare.
2542 3061 2653 3117 illis
2677 3075 2807 3133 ergo
2819 3060 2910 3131 qui
2935 3060 3127 3116 dicunt
3146 3059 3291 3132 quod
3318 3058 3486 3117 Filius
3536 3114 3537 3117 η

1894 3161 1948 3216 in
2003 3174 2071 3214 eo
2123 3157 2305 3213 minor
2353 3162 2458 3221 est,
2523 3154 2650 3223 quia
2702 3153 2964 3223 prOpheta
3004 3151 3203 3223 inquit,
3257 3151 3484 3207 verbum

1896 3250 2059 3307 faciet
2080 3247 2343 3304 Dominus
2369 3245 2675 3302 breviatum
2698 3243 2959 3302 universo
2979 3243 3123 3311 orbi,
3149 3243 3224 3300 ita
3250 3256 3479 3313 respon~

1899 3341 2135 3397 dendum
2163 3345 2248 3395 est
2267 3336 2466 3394 divinis
2494 3334 2847 3395 testimoniis.

393 3695 498 3756 DE
538 3692 966 3769 EPISCOPIS,
998 3693 1101 3754 ET
1127 3688 1617 3755 PRIMATIBUS
1676 3688 1779 3748 ET
1823 3678 2365 3747 PATRIARCHIS
2402 3676 2849 3752 EORUMQUE
2876 3672 3303 3739 MINISTRIS.

293 3862 520 3918 Verbum
568 3860 879 3917 breviatum
922 3857 1066 3930 quod
1120 3856 1381 3911 Dominus
1434 3851 1597 3910 faciet
1630 3865 1793 3922 super

232 3965 416 4011 terram
456 3970 564 4012 non
589 3953 948 4009 minutionem
989 3950 1210 4006 deitatis
1239 3949 1290 4002 in
1323 3947 1460 4004 Filio
1487 3945 1584 4000 Dei
1627 3943 1796 4014 signi-

235 4046 367 4112 ﬁcat,
385 4046 475 4103 sed
501 4044 958 4116 dispensationem
987 4048 1252 4111 suscepta:
1274 4037 1456 4094 carnis
1479 4036 1792 4102 annuntiat;

237 4135 284 4189 in
306 4137 439 4206 quali
507 4134 912 4205 dispensatione
967 4147 1074 4188 non
1129 4130 1304 4187 solum
1360 4138 1512 4199 patre
1562 4126 1798 4183 hominis

238 4226 404 4289 ﬁlium.
433 4228 527 4283 sed
550 4228 715 4291 etiam
738 4224 944 4298 angelis
965 4223 1216 4296 legimus,
1247 4223 1600 4286 minoratum,
1628 4218 1798 4273 Paulo

236 4327 500 4385 attestante
559 4318 820 4389 apostolo.
879 4317 1016 4372 Eum
1057 4326 1272 4379 autem,
1313 4313 1522 4384 inquit,
1584 4300 1799 4367 modice

237 4412 398 4468 minus
425 4412 493 4467 ab
527 4411 739 4483 angelis
764 4411 1093 4466 minoratum
1146 4408 1382 4463 vidimus
1426 4406 1634 4471 Jesum,
1667 4419 1795 4476 pro-

236 4515 339 4574 pter
365 4508 666 4577 passionem
710 4503 901 4561 mortis
930 4502 1099 4575 gloria
1129 4509 1183 4555 et
1208 4501 1415 4556 honore
1454 4508 1794 4556 coronatum.

238 4595 293 4651 Et
329 4597 462 4652 infra
500 4595 774 4667 :Propter
821 4608 983 4664 quam
1028 4607 1250 4649 causam
1302 4606 1408 4646 non
1450 4590 1799 4646 confunditur

239 4684 413 4742 fratres
460 4702 556 4742 eos
608 4699 803 4741 vocare
831 4725 845 4750 ,
896 4683 1082 4739 dicens
1114 4701 1125 4737 :
1159 4682 1508 4738 Annuntiabo
1547 4699 1566 4733 ι
1600 4696 1796 4735 nomen

238 4786 367 4832 tuum
415 4778 683 4834 fratribus
736 4776 891 4840 meis,
943 4776 997 4831 in
1037 4775 1216 4831 medio
1262 4773 1519 4830 Ecclesiae
1567 4772 1798 4829 laudabo

238 4876 279 4924 te
304 4869 466 4938 (Paul.
499 4886 611 4933 χχι,
641 4868 756 4940 23),
791 4887 809 4920 ι
839 4878 894 4923 et
916 4869 1177 4940 propheta
1202 4868 1420 4937 inquit:
1456 4886 1475 4919 ι
1521 4864 1799 4920 Minorasti

234 4974 336 5016 eum
374 4962 536 5033 paulo
576 4962 756 5017 minus
788 4961 855 5015 ab
886 4959 1111 5031 angelis,
1142 4959 1310 5031 gloria
1338 4970 1393 5015 et
1423 4960 1627 5014 honore
1647 4974 1803 5015 coro-

231 5054 354 5108 nasti
385 5069 509 5107 eum
545 5050 734 5121 (Hebr.
766 5067 805 5106 ιι
828 5092 842 5114 .
868 5050 942 5122 7),
987 5069 1003 5102 ι
1039 5057 1093 5105 et
1118 5058 1179 5105 ut
1207 5049 1428 5105 verbum
1479 5049 1574 5105 Dei
1621 5049 1798 5105 Patris

1896 3863 2019 3904 esse
2053 3847 2359 3912 doceretur,
2394 3845 2604 3909 intulit,
2628 3842 2817 3919 dicens
2849 3858 2863 3895 :
2904 3859 2923 3893 ε
2959 3839 3183 3895 Paravit
3216 3837 3477 3893 Dominus

1896 3938 2179 3995 brachium
2201 3945 2447 3993 sanciunt
2480 3952 2635 3993 suum
2665 3935 2716 3989 in
2743 3931 2917 3988 oculis
2943 3930 3183 3986 omnium
3214 3928 3481 3999 gentium,

1897 4042 1952 4088 et
1974 4031 2234 4087 videbunt
2265 4045 2453 4086 omnes
2506 4028 2640 4083 ﬁnes
2693 4034 2849 4082 teme
2903 4022 3140 4078 salutare
3189 4017 3484 4097 eius(I.sai,

1897 4140 1993 4189 ut,
2036 4122 2145 4195 10).
2192 4143 2209 4175 ι
2243 4121 2378 4176 Nam
2406 4129 2461 4177 et
2483 4121 2538 4175 in
2569 4118 2869 4174 novissimo
2901 4124 3142 4184 tempore
3172 4113 3261 4168 hic
3292 4124 3487 4166 sensus

1898 4231 2006 4271 non
2038 4215 2272 4269 inaniter
2300 4212 2499 4283 poterit
2525 4210 2794 4281 coaptari,
2849 4208 2903 4262 in
2932 4220 3039 4275 quo
3086 4214 3327 4272 tempore
3379 4199 3480 4254 Do-

1900 4305 2079 4361 minus
2122 4320 2191 4359 ει
2241 4301 2448 4358 caelesti
2494 4301 2615 4356 aula
2659 4315 2723 4355 ac
2756 4296 2998 4367 empireo
3045 4291 3321 4349 domicilio
3362 4304 3485 4360 pes-

1900 4398 2023 4455 simi
2068 4395 2330 4453 daemonis
2372 4395 2485 4467 iam
2535 4392 2681 4447 ferre
2727 4390 3023 4461 dedignans
3070 4384 3405 4458 tyrannidem
3431 4382 3487 4437 in

1899 4497 2180 4546 creaturas
2230 4503 2359 4544 suas
2426 4485 2800 4543 crudelissime
2873 4482 3180 4538 saevientem
3236 4475 3487 4548 plasmati

1899 4580 2212 4645 condolens,
2264 4595 2328 4635 ac
2353 4594 2464 4636 suae
2510 4578 2787 4633 immensae
2835 4573 3120 4629 charitalis
3169 4570 3485 4625 thesaurum

1899 4686 2148 4728 reserare
2176 4669 2470 4737 volens,,in
2496 4666 2818 4724 castissima;
2866 4664 3093 4737 virginis
3133 4660 3483 4733 purissimum

1898 4773 2113 4818 uterum
2170 4762 2347 4817 omnis
2413 4761 2519 4816 tori
2580 4759 2752 4815 virilis
2816 4758 3059 4813 nescium
3134 4751 3487 4810 ineuerrabili

1901 4852 2183 4925 mysterio,
2231 4868 2332 4923 pro
2390 4851 2759 4921 redemptione
2808 4856 2992 4904 nostra
3040 4860 3268 4909 carnem,
3306 4844 3485 4900 susci-

1900 4945 2056 5016 piens
2110 4943 2360 5011 advenit,
2417 4951 2477 4998 ut
2537 4951 2594 4998 et
2649 4941 2798 4997 illum
2854 4940 2948 5011 qui
3010 4936 3245 4995 habebat
3296 4936 3490 4992 mortis

1902 5037 2186 5108 imperium
2253 5051 2351 5091 sua
2425 5042 2600 5090 morte
2669 5035 2993 5097 destrueret,
3061 5038 3117 5086 et
3178 5044 3275 5086 eos
3345 5045 3484 5099 quos

230 5143 514 5200 hminum,
549 5143 602 5196 ίη
634 5142 775 5196 Filio
826 5119 932 5197 "0'"
972 5156 1094 5198 esse
1129 5142 1439 5206 doceamus,
1485 5141 1625 5196 hanc
1651 5140 1802 5197 ιερίω
1826 5124 1880 5184 Ι)
1908 5130 1960 5184 in
1987 5127 2223 5183 tenebris
2249 5135 2305 5182 et
2333 5126 2524 5181 umbra
2547 5124 2738 5180 mortis
2763 5122 3004 5192 captivos
3029 5121 3333 5191 subegerat,
3370 5119 3483 5172 vir—

228 5235 492 5305 propheta:
508 5231 782 5287 volumine
803 5231 1165 5301 approbemus
1185 5230 1531 5285 sententiam.
1548 5228 1800 5299 Nunquid

230 5323 564 5379 abbreviatus
597 5322 772 5378 factus
800 5329 885 5376 est
924 5334 1103 5376 sermo
1129 5334 1300 5385 meus,
1337 5328 1432 5373 aut
1462 5319 1535 5375 ita
1576 5333 1799 5390 parvus,

230 5423 280 5468 ut
304 5430 407 5470 non
438 5413 641 5483 possim
663 5412 955 5476 redimere,
981 5418 1075 5465 aut
1103 5425 1206 5466 non
1231 5420 1312 5466 est
1341 5411 1396 5466 in
1424 5424 1510 5466 me
1536 5411 1710 5465 virtus
1733 5408 1801 5464 ad

231 5502 573 5568 liberandum,
608 5501 739 5557 dicit
766 5501 1024 5555 Dominus
1068 5500 1429 5570 omnipotens,
1477 5507 1531 5554 et
1563 5499 1797 5553 iterum:

232 5591 344 5650 Haec
393 5593 530 5650 dicit
577 5593 842 5647 Dominus
894 5592 1281 5661 omnipotens:
1315 5590 1564 5662 Nunquid
1613 5591 1806 5646 abbre-

233 5687 363 5743 viata
387 5696 474 5742 est
510 5701 707 5741 manus
746 5699 886 5751 mea,
928 5693 989 5740 ut
1018 5683 1228 5740 salvare
1283 5698 1390 5738 non
1418 5682 1674 5753 possim?
1698 5681 1806 5736 Aut

237 5792 329 5833 non
357 5784 537 5847 potest
560 5774 844 5831 viviﬁcare
874 5790 970 5831 cor
1004 5773 1289 5829 humilium
1319 5783 1376 5829 et
1402 5773 1651 5844 spiritum
1680 5788 1807 5829 con-

240 5866 501 5925 tritorum?
521 5865 588 5923 Et
606 5866 957 5924 utbrachium
972 5863 1152 5920 Patris
1172 5879 1290 5936 quae
1307 5877 1497 5922 manus
1515 5862 1802 5922 estFilium

1906 5222 2038 5278 tutis
2060 5236 2172 5276 suae
2200 5219 2463 5291 potentia,
2493 5219 2546 5274 in
2585 5218 2700 5288 ipso
2720 5232 2888 5287 parvo
2915 5223 2970 5270 et
2994 5215 3193 5287 exiguo
3227 5212 3489 5282 temporis

1906 5313 2103 5384 spatio,
2122 5310 2395 5367 liberaret.
2420 5309 2497 5365 De
2518 5310 2619 5364 hoc
2641 5307 3027 5377 etiam,exiguo
3049 5314 3292 5377 tempore
3314 5302 3482 5357 disci-

1906 5404 2064 5476 pulos
2090 5400 2556 5466 instruebat,dum
2582 5414 2677 5454 eos
2699 5398 2751 5453 in
2780 5397 2955 5453 lucem
2978 5398 3120 5469 (cum
3145 5394 3322 5449 adhuc
3345 5401 3486 5447 tem-

1906 5511 2007 5565 pus
2028 5492 2312 5565 baberent)
2339 5493 2587 5549 incedere
2603 5491 2989 5561 praemonebat.
3023 5507 3043 5540 ι
3081 5486 3239 5542 Pueri
3263 5483 3483 5554 (inquit)

1906 5586 2201 5642 novissima
2216 5585 2347 5640 hora
2364 5591 2447 5639 est
2468 5581 2519 5655 (I
2535 5581 2695 5636 Joan.
2718 5581 2804 5651 tt),
2825 5601 2844 5633 ι
2869 5598 2888 5632 ι
2910 5581 3033 5635 dum
3053 5578 3224 5633 lucem
3249 5574 3482 5637 habetis,

1906 5678 2179 5735 ambulate
2209 5677 2263 5732 in
2286 5675 2491 5739 lucem,
2533 5688 2602 5729 ne
2623 5689 2730 5741 “vos
2763 5673 2999 5729 tenebrae
3020 5666 3488 5739 comprehendant

1906 5771 2087 5843 (Joan.
2115 5786 2215 5836 xu,
2251 5767 2363 5839 35).
2401 5786 2420 5820 ι
2457 5767 2523 5822 Ει
2552 5767 2607 5823 in
2638 5765 2912 5823 canonicis
2939 5761 3319 5833 Apostolorum
3347 5757 3483 5828 legi-

1909 5869 1998 5917 tur
2020 5859 2263 5933 epistolis
2295 5872 2310 5913 :
2338 5856 2531 5927 Filioli,
2557 5855 2850 5915 novissima
2879 5854 3013 5910 hora
3042 5859 3149 5920 est,
3171 5851 3296 5922 quia
3327 5847 3480 5906 multi
