3998 5416
483 328 551 380 7?;
1306 322 1593 389 APPEND.
1637 322 1727 376 AD
1768 322 1940 378 S.EC.
1983 322 2075 378 IX.
2117 355 2187 365 —
2223 321 2477 379 ISIDORI
2516 320 2961 380 MERCATORIS
3232 326 3239 333 ’
3681 331 3749 388 76

483 438 987 510 pseudo-prophetae
1009 436 1277 502 exierunt,
1305 437 1357 491 in
1385 438 1527 492 hunc
1556 437 1809 492 mundum
1836 436 1887 510 (1
1901 437 2061 493 Joan.
2092 441 2143 501 Α
2171 437 2225 493 in
2246 441 2433 493 servos
2455 451 2606 493 meos
2626 437 2938 508 prophetas,
2961 453 3088 496 ecce
3108 439 3321 498 adsum.
3349 442 3414 497 Et
3441 443 3583 500 alius
3624 463 3751 517 pro-

486 553 551 593 n.
578 533 675 599 18;
698 548 769 597 tv,
796 530 868 602 l).
900 550 919 582 ι
946 529 1014 584 Ει
1041 528 1240 584 Paulus
1271 528 1581 599 apostolus:
1612 547 1632 581 ι
1663 529 1901 598 Tempus
1921 529 2066 584 enim

487 628 658 682 breve
713 632 796 680 est
827 622 879 695 (Ι
913 621 1037 677 Cor.
1067 637 1167 687 vu,
1211 622 1326 692 29).
1374 641 1394 674 ι
1436 620 1505 676 Et
1548 621 1746 677 iterum
1777 635 1792 676 :
1818 620 2067 677 Praeterit

487 718 642 773 enim
704 715 875 788 ﬁgura
924 714 1083 785 hujus
1146 713 1328 768 mundi
1377 712 1725 785 (Ibid.,3i):
1773 732 1793 766 ι
1845 714 1912 769 ΕΙ.
1961 713 2067 768 ite-

483 823 605 863 rum
640 827 657 861 :
692 805 883 863 Omnia
918 806 986 860 ad
1026 804 1418 861 correctionem
1446 814 1689 860 nostram
1738 803 1878 860 facta
1918 814 2065 872 sunt,

485 902 540 957 in
568 915 705 971 quos
731 899 866 955 ﬁnes
895 898 1213 955 saeculorum
1245 897 1609 953 obvenerunt.
1637 895 1773 952 Nam
1807 896 2068 952 Dominus

459 995 538 1050 vin
569 995 684 1065 ipsa
724 993 968 1050 oratione
1017 992 1299 1047 Dominica
1348 990 1616 1046 breviavit
1666 990 1824 1045 nobis
1862 1003 2066 1046 sermo-

485 1102 632 1152 nem,
650 1086 778 1141 dum
798 1100 898 1140 nos
923 1099 953 1138 a
980 1082 1319 1153 multiloquio
1338 1080 1654 1152 prohibens,
1672 1095 1844 1153 pauca
1871 1082 2071 1137 docue-

489 1179 562 1233 rit
590 1192 710 1248 qum
738 1177 1013 1247 pertinent
1052 1174 1119 1229 ad
1169 1173 1422 1230 salutem.
1465 1171 1600 1228 Cum
1633 1173 1804 1229 oratis
1826 1170 2065 1244 (inquit),

498 1287 516 1320 ι
553 1269 718 1325 nolite
745 1267 971 1323 multum
998 1267 1145 1338 loqui
1174 1264 1390 1337 (Matth.
1414 1281 1488 1332 vr,
1516 1264 1592 1337 7).
1616 1284 1635 1318 ›
1663 1264 1729 1320 Ει
1754 1263 1892 1320 infra
1920 1282 1933 1318 :
1962 1264 2072 1319 Vos

492 1373 674 1416 autem
691 1376 813 1417 cum
825 1360 1019 1426 oratis,
1031 1360 1225 1415 dicite:
1247 1379 1264 1412 ι
1292 1358 1453 1414 Pater
1466 1367 1651 1413 noster
1669 1357 1758 1427 qui
1777 1372 1837 1412 es
1851 1356 1903 1410 in
1919 1354 2070 1411 cmlis

489 1452 657 1519 1bid.,
678 1452 759 1523 9),
784 1472 803 1505 ι
822 1462 929 1509 etc.
955 1450 1070 1507 Non
1097 1452 1243 1508 enim
1266 1451 1529 1524 propheta
1550 1449 1747 1505 Filium
1770 1449 1865 1505 Dei
1889 1448 1942 1503 in
1970 1447 2072 1504 hoc

486 1544 724 1614 capitulo
746 1544 1079 1599 minoratum
1113 1542 1416 1615 designavit
1459 1541 1513 1598 in
1566 1541 1754 1607 verbo,
1812 1538 2071 1610 quoniam

486 1638 605 1706 ipse
652 1635 704 1691 in
755 1636 1035 1707 prophetis
1087 1645 1235 1691 retro
1284 1642 1527 1704 tempore
1574 1633 1918 1703 loquebatur,
1978 1630 2072 1703 qui

486 1728 649 1783 etiam
677 1743 821 1783 nunc
845 1742 942 1799 per
971 1726 1243 1798 apostolos
1267 1735 1323 1782 et
1349 1722 1678 1796 apostolicos
1706 1723 1853 1778 viros
1886 1722 2073 1778 novis-

2168 530 2370 600 pheta:
2409 548 2427 583 ι
2464 528 2618 586 Sicut
2643 539 2726 587 est
2748 531 2815 587 ab
2838 531 2991 587 initio
3015 540 3188 605 usque
3239 533 3295 589 in
3325 537 3604 605 saeculum,
3654 555 3747 597 ne-

2168 638 2274 693 que
2296 622 2560 695 adjectum
2588 632 2671 680 est
2689 624 2760 691 ei,
2791 640 2968 696 neque
2984 628 3260 683 minuetur
3287 629 3357 684 illi
3393 630 3588 703 (Eu-li.
3614 649 3750 699 xw,

2166 713 2282 786 2|),
2321 734 2339 766 ι
2388 716 2642 785 quoniam
2700 717 2814 787 ipse
2859 728 2943 774 est
2997 720 3258 776 Dominus
3308 733 3575 779 creatum
3618 740 3748 779 suae.

2168 806 2307 863 Ecce
2329 808 2490 878 quale
2508 810 2734 866 verbum
2758 810 3058 867 breviatum
3094 812 3222 868 fecit
3257 813 3521 871 Dominus
3544 817 3598 871 in
3621 818 3753 873 orbe

2171 909 2459 966 terrarum,
2474 916 2582 957 non
2610 903 2759 973 quia,
2777 913 2836 958 ut
2861 903 2932 958 illi
2954 913 3164 974 putant,
3184 905 3493 963 inferiorem
3509 909 3654 964 Patri
3679 911 3756 965 ἰη-

2171 992 2390 1048 timaret
2445 993 2755 1049 hominibus
2808 994 3029 1062 Filium,
3069 997 3165 1052 sed
3219 999 3343 1069 quia
3402 1000 3755 1056 novissimum

2170 1080 2286 1152 ejus
2330 1084 2674 1139 annuntiaret
2714 1086 3026 1140 adventum.
3059 1086 3116 1142 Si
3146 1103 3299 1158 ergo,
3334 1098 3394 1144 ut
3432 1091 3755 1160 prmdictum

2169 1184 2277 1235 est.
2326 1174 2510 1231 Aaron
2546 1174 2639 1231 ﬁlii
2693 1177 3133 1247 presbyterorum
3180 1180 3403 1253 ﬁguram
3445 1184 3757 1253 gestabant,

2171 1271 2226 1318 et
2250 1264 2431 1318 Aaron
2461 1266 2661 1320 summi
2686 1266 2986 1322 sacerdotis
3006 1308 3022 1333 ,
3053 1268 3107 1323 id
3152 1278 3233 1325 est
3259 1270 3522 1341 episcopi,
3547 1271 3761 1343 Moyses

2173 1353 2544 1410 indubitanter
2564 1355 2762 1413 Christi
2788 1359 3007 1414 tenebat
3022 1358 3269 1427 formam,
3286 1362 3543 1431 quoniam
3567 1363 3670 1418 fuit
3689 1366 3761 1420 si.

2174 1446 2423 1503 militudo
2448 1447 2764 1504 mediatoris
2787 1448 3001 1505 Domini
3022 1450 3141 1518 Dei,
3163 1453 3256 1522 qui
3286 1462 3372 1508 est
3415 1454 3561 1510 inter
3582 1455 3754 1510 Deum

2171 1548 2227 1596 et
2244 1540 2517 1598 hominem
2541 1541 2701 1599 Jesus
2713 1540 2983 1608 Christus,
3001 1546 3092 1615 qui
3114 1554 3197 1601 est
3218 1561 3380 1601 verus
3403 1547 3509 1602 dux
3532 1546 3759 1617 populo-

2175 1650 2318 1701 rum,
2335 1642 2391 1690 et
2410 1649 2574 1691 verus
2594 1635 2844 1706 princeps
2861 1638 3219 1702 sacerdotum,
3236 1647 3289 1693 et
3311 1638 3573 1694 Dominus
3590 1640 3767 1710 ponti.

2178 1724 2362 1791 ticum,
2389 1729 2477 1781 cui
2504 1734 2591 1783 est
2616 1727 2791 1784 honor
2818 1735 2872 1782 et
2896 1727 3066 1797 gloria
3106 1728 3159 1784 in
3189 1729 3384 1786 sarcula
3413 1731 3760 1788 saeculorum.

486 1820 625 1875 simo
667 1831 909 1892 tempore
943 1819 1206 1890 loquitur.
1241 1819 1355 1890 Ego
1405 1815 1626 1890 (inquit)
1667 1816 1761 1886 qui
1803 1814 2070 1885 loquebar
2098 1812 2144 1873 Β
2173 1817 2349 1874 Amen

1319 2081 1679 2144 EIUSDEM
1713 2079 2117 2143 ANACLETI
2153 2079 2539 2143 EPISTOLA
2580 2080 2923 2145 ALTERA.

491 2256 572 2315 De
604 2251 990 2332 patriarchis
1027 2257 1080 2312 et
1116 2246 1496 2310 "rimatibus
1530 2266 1601 2311 ac
1635 2246 1899 2340 reliquis
1929 2246 2240 2386 epichoplis
2260 2267 2283 2338 ς
2332 2254 2387 2308 et
2429 2247 2598 2339 quod
2632 2247 2916 2309 Ecclesia
2944 2247 3222 2308 Romanu
3252 2247 3441 2309 cardo
3478 2256 3535 2310 et
3572 2259 3765 2332 caput

1723 2344 1996 2386 omnium
2062 2346 2155 2386 «σε
2187 2344 2455 2386 estarum
2482 2334 2587 2386 stt.

1723 2334 1996 2388 omnium
2031 2334 2455 2389 Ecclest'arum
2482 2334 2587 2387 sit.

564 2499 884 2553 Axscwrus
912 2508 1102 2551 servus
1125 2492 1325 2550 Christi
1353 2491 1502 2559 Jesu,
1535 2491 1587 2546 in
1613 2489 1903 2562 apostolica
1935 2489 2076 2546 Sede

492 2604 523 2644 a
563 2588 790 2644 Domino
832 2586 1180 2647 constitutus,
1215 2592 1269 2640 et
1295 2599 1324 2638 a
1361 2591 1551 2639 sancto
1597 2581 1760 2637 Petro
1808 2580 2075 2652 apostolo-

490 2694 611 2735 rum
636 2666 878 2750 principe
925 2677 1213 2748 presbyter
1237 2676 1542 2739 ordinatus,
1587 2673 1840 2728 omnibus
1866 2671 2076 2743 episco-

494 2771 584 2841 pis
610 2785 675 2824 ac
703 2768 927 2837 reliquis
954 2766 1156 2823 Christi
1184 2765 1564 2821 sacerdotibus
1583 2763 1836 2820 salutem.

574 2877 592 2910 ι
634 2859 959 2914 Benedictus
997 2857 1158 2922 Deus,
1191 2864 1247 2912 et
1283 2855 1446 2911 Pater
1488 2856 1700 2911 Domini
1752 2855 1920 2911 nostri
1946 2852 2075 2910 Jesu

498 2951 720 3015 Christi,
768 2950 860 3021 qui
918 2948 1197 3005 benedixit
1244 2962 1348 3003 nos
1393 2949 1449 3003 in
1492 2948 1642 3004 omni
1697 2947 2076 3004 benedictione

493 3041 757 3112 spirituali
783 3042 836 3097 in
872 3038 1186 3096 cmlestihus
1216 3040 1269 3094 iu
1293 3038 1533 3095 Christo.
1589 3038 1741 3095 Sicut
1788 3038 1950 3111 elegit
1976 3055 2076 3096 nos

494 3135 550 3189 in
579 3134 696 3204 ipso
720 3141 846 3187 ante
874 3131 1057 3187 mundi
1094 3131 1562 3198 constitutionem,
1583 3139 1644 3187 ut
1665 3144 1911 3187 essemus
1954 3146 2077 3187 san-

496 3225 570 3279 eti
598 3232 655 3279 et
697 3222 1028 3279 immaculati
1072 3223 1126 3277 in
1176 3230 1471 3291 conspectu
1519 3221 1637 3292 ejus
1683 3222 1737 3276 in
1783 3221 2073 3287 charitate,

492 3316 888 3384 prmdestinans
910 3329 1010 3370 nos
1042 3313 1094 3367 in
1132 3312 1477 3382 adoptionem
1509 3311 1743 3367 ﬁliorum
1772 3326 1867 3383 per
1891 3310 2074 3367 Jesum

500 3408 797 3472 Christum,
827 3408 878 3462 in
908 3408 1080 3478 ipsum
1112 3406 1406 3462 secundum
1458 3405 1794 3475 propositum
1830 3404 2076 3460 volunta-

499 3500 569 3555 tis
597 3515 727 3566 suae,
754 3500 806 3555 in
833 3498 1044 3555 laudem
1083 3497 1288 3571 gloriae,
1319 3498 1508 3569 gratim
1532 3512 1665 3561 sure,
1696 3497 1746 3552 in
1778 3511 1881 3567 qua
1906 3496 2076 3566 grati-

498 3594 695 3650 ﬁcatns
714 3601 795 3650 est
815 3593 970 3648 nobis
998 3593 1051 3648 in
1079 3592 1275 3648 dilecto
1295 3590 1432 3645 Filio
1455 3606 1571 3657 suo,
1596 3591 1651 3645 in
1677 3602 1783 3659 quo
1813 3588 2077 3643 habemus

500 3687 923 3757 redemptionem
972 3700 1071 3756 per
1122 3685 1437 3756 sanguinem
1496 3683 1640 3754 ejus,
1700 3681 2074 3737 remissionem

2178 2505 2208 2545 a
2235 2489 2397 2545 beato
2433 2488 2599 2545 Petro
2651 2490 2972 2562 apostolico,
2996 2498 3054 2546 et
3090 2506 3117 2546 a
3160 2489 3383 2562 reliquis
3426 2491 3760 2563 apostolicis,

2175 2596 2241 2637 ac
2264 2597 2294 2637 a
2318 2582 2477 2638 beato
2498 2581 2777 2640 Clemente
2824 2592 3014 2640 nostro
3062 2594 3252 2640 sancto
3284 2586 3687 2655 prtedecessore
3709 2596 3767 2643 et

2175 2682 2416 2747 martyre
2444 2676 2696 2733 novimus
2722 2685 3008 2742 statutum,
3035 2677 3307 2749 denegare
3332 2678 3492 2734 vobis
3533 2680 3761 2736 minime

2174 2782 2482 2837 possumus.
2527 2766 2596 2823 Et
2645 2768 2769 2839 quis
2822 2776 2906 2824 est
2947 2769 3039 2839 qui
3084 2769 3455 2839 quaerentibus
3498 2760 3763 2827 fratribus

2175 2858 2444 2929 denegare
2490 2857 2667 2929 possit
2715 2857 3101 2925 dubitationes,
3130 2857 3216 2914 vel
3262 2859 3623 2917 necessitates
3669 2876 3760 2918 eo-

2178 2966 2296 3005 rum
2326 2951 2351 3004 ?

2248 3038 2618 3107 Sacerdotum,
2644 3039 2860 3106 fratres,
2887 3041 3021 3097 ordo
3058 3040 3345 3112 hipertitus
3381 3051 3496 3108 est,
3533 3049 3591 3099 et
3621 3043 3763 3100 sicut

2175 3128 2434 3185 Dominus
2458 3129 2604 3185 illum
2641 3132 2940 3198 constituit,
2978 3147 3009 3187 a
3040 3131 3185 3188 nullo
3230 3133 3390 3189 debet
3430 3135 3765 3205 perturbari-

2176 3220 2340 3276 Scitis
2388 3227 2571 3276 autem
2617 3236 2647 3275 a
2702 3220 2931 3277 Domino
2980 3223 3252 3293 apostolos
3290 3239 3411 3280 esse
3456 3224 3661 3281 electos
3714 3234 3764 3280 et

2175 3311 2529 3377 constitutos,
2579 3320 2635 3367 et
2674 3319 2862 3382 postea
2908 3328 3007 3384 per
3050 3312 3295 3370 diversas
3338 3316 3647 3386 provincias
3698 3316 3765 3370 ad

2174 3401 2573 3473 praedicandum
2599 3401 2893 3472 dispersos.
2924 3402 3059 3459 Cum
3096 3418 3227 3460 vero
3269 3405 3461 3461 messis
3506 3407 3767 3477 cmpisset

2176 3488 2443 3557 crescere,
2471 3492 2660 3548 videns
2696 3507 2898 3563 paucos
2946 3508 3069 3550 esse
3109 3497 3417 3566 operarios,
3467 3498 3535 3552 ad
3574 3514 3766 3553 eorum

2176 3580 2540 3650 ndjumentum
2569 3584 2910 3652 septuaginta
2956 3583 3116 3656 eligi,
3141 3586 3399 3657 praecepit
3446 3587 3760 3657 discipulos.

2176 3672 2424 3742 Episcopi
2469 3688 2597 3729 vero
2624 3673 2837 3729 Domini
2870 3676 3268 3746 apostolorum,
3296 3677 3601 3748 presbyteri
3627 3694 3764 3747 quo-

492 3786 842 3847 peccatorum
890 3774 1186 3831 secundum
1234 3774 1452 3829 divitias
1519 3772 1706 3843 gratim
1749 3770 1887 3841 ejus,
1956 3786 2077 3840 quae
2105 3769 2146 3829 C
2178 3778 2285 3833 que
2312 3766 2646 3835 septuaginta
2669 3766 3056 3838 discipulorum
3082 3770 3258 3826 locum
3282 3778 3482 3825 tenent.
3516 3770 3764 3841 Episcopi

494 3868 791 3923 abundavit
812 3869 863 3922 in
893 3866 1070 3931 nobis,
1101 3866 1154 3921 in
1181 3865 1328 3921 omni
1360 3863 1648 3935 sapientia,
1689 3872 1744 3917 et
1767 3863 2075 3932 prudentia,

494 3967 554 4011 ut
577 3967 760 4013 notum
785 3958 940 4014 nobis
960 3957 1170 4013 faceret
1198 3964 1599 4010 sacramentum
1631 3953 1923 4008 voluntatis
1967 3968 2078 4009 sua:

498 4049 799 4105 sebuudum
832 4048 1232 4119 beneplacitum
1263 4047 1403 4117 ejus,
1432 4046 1572 4117 quod
1594 4045 1875 4116 proposuit
1900 4044 1951 4099 in
1987 4058 2075 4110 eo,

501 4139 559 4193 in
583 4138 989 4209 dispensatione
1034 4137 1385 4210 plenitudinis
1420 4144 1743 4205 temporum,
1775 4136 2077 4191 instaurare

494 4230 674 4284 omnia
737 4230 789 4285 in
836 4229 1072 4293 Christo,
1133 4244 1255 4300 qua:
1301 4232 1353 4283 in
1398 4226 1561 4294 caelo,
1603 4234 1659 4281 et
1698 4242 1817 4295 quae
1845 4226 1897 4279 in
1932 4234 2077 4280 terra

494 4331 621 4376 sunt
646 4322 699 4376 in
740 4323 876 4393 ipso.
907 4322 964 4377 In
1000 4338 1106 4392 quo
1134 4321 1295 4377 etiam
1318 4328 1463 4375 sorte
1494 4318 1670 4375 vocati
1701 4334 1909 4382 sumus,
1940 4333 2078 4389 prte-

495 4412 749 4467 destinati
782 4414 1077 4469 secundum
1109 4412 1447 4482 propositum
1483 4409 1600 4480 ejus
1633 4409 1723 4480 qui
1747 4410 1928 4465 omnia
1950 4424 2078 4479 ope-

498 4510 651 4554 ratur
674 4503 967 4558 secundum
999 4502 1282 4558 consilium
1328 4501 1618 4557 voluntatis
1656 4515 1790 4561 sum.
1821 4509 1880 4554 ttt
1906 4499 2079 4554 simus

496 4591 551 4645 in
582 4591 794 4647 laudem
825 4593 1010 4665 gloria:
1035 4592 1153 4661 ejus
1182 4592 1271 4661 qui
1309 4602 1435 4647 ante
1460 4593 1796 4662 speravimus
1831 4591 1885 4645 in
1918 4589 2077 4646 Chri-

494 4688 579 4736 sto
621 4679 836 4752 (Ephrs.
869 4699 909 4749 ι,
932 4683 1111 4751 5-12).
1162 4701 1181 4735 ι
1222 4683 1296 4737 De
1345 4681 1690 4753 primatibus,
1744 4680 2074 4744 charissimi,

495 4786 659 4839 super
703 4772 900 4840 quibus
931 4786 1016 4826 me
1063 4770 1284 4842 quidam
1317 4779 1559 4824 vestrum
1602 4768 1995 4824 consuluerunt
2022 4776 2075 4822 et

498 4860 809 4927 aposmlicm
854 4860 1198 4916 auctoritatis
1247 4858 1373 4928 (qua
1418 4858 1544 4913 licet
1600 4857 1804 4930 indigni
1850 4856 2077 4912 Domino

498 4950 845 5018 dispensante
887 4948 1179 5022 fungimur)
1209 4951 1483 5004 decretum
1515 4948 1941 5019 postulaverunt,
1984 4955 2078 5000 aut

500 5043 546 5097 si
572 5057 692 5097 esse
722 5043 1000 5107 deberent,
1029 5051 1121 5098 aut
1143 5058 1270 5108 non,
1299 5051 1557 5113 quantum
1605 5042 1869 5096 hactenus
1895 5039 1960 5093 de
1990 5038 2075 5092 his

2183 3864 2360 3911 autem
2388 3857 2567 3911 nonin
2591 3857 2848 3925 castellis,
2878 3870 2971 3914 aut
2993 3861 3216 3918 modicis
3245 3861 3550 3917 civitatibus
3569 3862 3767 3916 debent

2183 3948 2460 4013 constitui,
2496 3949 2590 4005 sed
2636 3950 2935 4022 presbyteri
2980 3967 3078 4022 per
3123 3950 3365 4018 castella,
3412 3960 3466 4007 et
3524 3952 3762 4007 modicas

2182 4037 2427 4093 civitates
2466 4046 2630 4108 atque
2676 4037 2830 4094 villas
2869 4040 3066 4095 debent
3093 4041 3163 4095 ah
3203 4042 3469 4112 episcopis
3523 4042 3762 4097 ordinari

2181 4140 2236 4185 et
2264 4131 2407 4199 poni,
2451 4130 2642 4200 singuli
2695 4139 2873 4185 tamen
2904 4145 2997 4201 per
3037 4132 3274 4201 singulos
3314 4133 3498 4188 titulos
3519 4148 3667 4187 suos.
3699 4132 3765 4187 Et

2180 4221 2465 4290 episcopus
2491 4236 2594 4274 non
2627 4220 2692 4274 ab
2718 4235 2845 4284 uno,
2875 4221 2968 4276 sed
2995 4236 3024 4275 a
3046 4222 3290 4292 pluribus
3314 4222 3476 4278 debet
3500 4223 3762 4294 episc0pis

2181 4311 2449 4377 ordinari,
2478 4321 2554 4376 et,
2585 4320 2645 4364 ut
2689 4311 2894 4366 dictum
2930 4321 3035 4379 est,
3083 4330 3189 4368 non
3219 4317 3285 4369 ad
3332 4314 3602 4370 modicam
3632 4315 3762 4370 civi-

2182 4415 2368 4472 tatem,
2400 4422 2468 4461 ne
2501 4405 2726 4462 vilescat
2772 4423 2967 4463 nomen
2997 4410 3259 4480 episcopi,
3290 4420 3385 4466 aut
3427 4410 3648 4476 alicubi,
3674 4410 3763 4465 sed

2179 4497 2247 4552 ad
2292 4496 2658 4552 honorabilem
2707 4498 2810 4569 17
2839 4499 3027 4555 urbem
3078 4500 3371 4556 titulandus
3419 4509 3474 4556 et
3519 4500 3765 4556 denomi-

2178 4587 2385 4643 nandus
2420 4596 2522 4643 est.
2554 4588 2845 4660 Presbyter
2892 4605 3020 4646 vero
3066 4593 3132 4645 ad
3174 4607 3555 4663 quemcunque
3574 4592 3761 4647 locum

2179 4677 2264 4737 vel
2310 4678 2593 4733 ecclesiam
2637 4679 2690 4733 in
2740 4695 2805 4735 eo
2857 4681 3206 4736 constitutam
3237 4690 3320 4737 est
3362 4683 3759 4753 praeﬁciendus,

2179 4776 2342 4838 atque
2386 4770 2440 4823 in
2487 4785 2549 4825 ea
2603 4769 2791 4825 diebus
2835 4771 2961 4827 vitae
3005 4788 3114 4827 sua:
3166 4774 3488 4840 ducaturus;
3535 4772 3767 4845 amplius

2178 4876 2338 4931 quam
2373 4861 2461 4916 isti
2489 4862 2596 4916 duo
2618 4861 2835 4919 ordines
2865 4864 3205 4920 sacerdotum
3226 4903 3242 4930 ,
3280 4879 3381 4920 nec
3410 4864 3568 4919 nobis
3593 4879 3622 4918 a
3656 4865 3768 4919 Deo

2178 4951 2356 5007 collati
2399 4960 2546 5019 sunt,
2576 4970 2673 5009 nec
2702 4955 2926 5025 apostoli
2958 4958 3277 5012 docuerunt.
