4012 6442
176 380 232 433 ’Π
1366 379 1760 437 ΒΕΟΒΕΤΔΗ

1846 379 1854 434 [
1883 378 2282 437 COLLECTIO.
2976 378 2981 385 ’
3349 381 3430 440 78'

175 506 369 563 ponam.
416 499 512 544 aut
563 491 1119 562 metmpolitanorum,
1147 499 1201 547 et
1249 508 1354 546 non
1402 494 1737 561 patriareha-
1771 496 1815 555 Α
1844 492 2025 548 citudo
2071 493 2389 563 pertineret.
2444 489 2578 545 Nam
2629 499 2684 546 et
2733 490 2877 547 inter
2926 492 3112 547 beatos
3150 491 3420 563 apostolos

178 582 305 671 min,
350 591 445 635 aut
494 582 792 651 primatum
843 590 1063 636 utantur
1100 583 1427 648 nominibus,
1466 586 1592 653 quia
1631 585 1744 640 lucc
1846 581 2094 652 quaedam
2134 581 2236 636 fuit
2281 581 2556 637 discretio.
2598 581 2666 635 Et
2690 580 2819 637 licet
2846 596 3036 637 omnes
3063 588 3244 637 essent
3291 596 3422 652 apo-

176 672 346 726 eadem
380 680 431 725 et
462 673 611 742 leges
639 672 819 727 saeculi
861 672 913 726 in
945 674 1057 727 suis
1086 674 1365 729 continent
1389 675 1742 744 principibus,
1846 671 1990 736 stoli,
2031 670 2192 727 Petro
2222 679 2401 726 tamen
2433 686 2464 724 a
2500 670 2739 726 Domino
2753 679 2838 727 est
2863 685 3204 737 concessum,
3231 678 3287 726 et
3319 670 3423 741 ipsi

177 762 281 815 alia:
331 769 513 815 autem
544 761 734 832 primae
760 763 1005 817 civitates
1034 777 1169 831 quas
1210 763 1362 817 vobis
1412 764 1746 835 conscriptas
1846 762 1990 818 inter
2041 776 2099 818 se
2149 762 2379 831 idipsum
2430 761 2735 828 voluerunt,
2793 770 2853 816 ut
2904 761 3126 833 reliquis
3171 761 3424 819 omnibus

177 854 223 907 in
236 851 461 922 quodam
479 863 628 908 torno
642 853 1191 918 mittimus,asanctis
1205 854 1569 924 apostoliseta
1586 854 1746 913 beato
1845 861 2102 925 praeesset
2123 852 2400 923 apostolis,
2441 861 2495 906 et
2535 850 2764 922 Cephas,
2793 853 2847 908 id
2873 862 3164 924 est-eaput,
3191 863 3247 909 et
3274 854 3426 924 prin—
3527 893 3533 899 ρ

176 945 453 1009 Clemente,
478 945 597 1000 sive
625 961 654 999 a
688 946 866 1012 nobis,
889 946 1150 1016 primates
1184 947 1567 1018 prtedicatores
1593 961 1747 1001 acce-
1847 943 2046 1014 cipium
2073 951 2283 999 teneret
2331 940 2682 1012 apostolatus.
2716 941 2816 1008 Qui
2845 950 2899 996 et
2921 942 3167 998 eamdem
3197 942 3445 1000 formam-

177 1044 370 1106 perunt.
401 1035 532 1111 Haec
561 1052 689 1092 vero
716 1046 1062 1093 sacrosancta
1108 1035 1349 1092 Romana
1376 1043 1429 1091 et
1454 1037 1746 1106 apostolica
1846 1037 1959 1091 suis
1998 1034 2404 1092 successoribus
2452 1041 2508 1089 et
2555 1033 2772 1102 reliquis
2816 1035 3085 1105 episcopis
3140 1036 3448 1091 tenendam-

180 1124 391 1179 Ecclesia
407 1141 518 1181 non
534 1127 604 1183 ab
619 1127 999 1197 apostolis,sed
1013 1126 1211 1197 abipso
1230 1126 1454 1182 Domino
1469 1125 1747 1183 Salvatore
1849 1126 2088 1180 tradidit.
2120 1124 2187 1180 Et
2210 1139 2316 1180 non
2345 1122 2517 1180 solum
2546 1122 2649 1178 hoc
2674 1123 2728 1177 in
2775 1122 2923 1179 Novo
2957 1124 3302 1183 Testamento
3342 1136 3430 1184 est

177 1232 341 1280 nostro
370 1225 669 1295 primatum
695 1227 950 1294 οιηίηυίι,
978 1236 1034 1282 ει
1068 1226 1418 1283 eminentiam
1455 1227 1746 1297 potestatis
1847 1216 2224 1281 coustitutmn,
2247 1215 2341 1271 sed
2362 1214 2526 1269 etiam
2550 1213 2604 1269 in
2626 1214 2807 1270 Veteri
2834 1214 2953 1269 fuit.
2985 1215 3137 1272 Unde
3164 1218 3428 1287 scriptum

178 1330 319 1386 super
340 1316 631 1372 universas
656 1316 945 1382 Ecclesias,
966 1332 1032 1372 ac
1057 1325 1224 1372 totum
1251 1316 1545 1372 Christiani
1566 1316 1745 1386 populi

1845 1316 1931 1362 est
1961 1321 1977 1361 :
2026 1324 2044 1359 ι
2091 1305 2302 1377 Moyses
2330 1314 2386 1361 et
2409 1304 2590 1359 Aaron
2628 1304 2681 1357 in
2709 1304 3084 1360 sacerdotibus
3106 1303 3221 1373 ejus
3250 1304 3425 1377 (Psal.

177 1418 368 1475 gregem
396 1414 656 1461 assecuta
682 1414 786 1473 est,
818 1406 958 1461 sicut
986 1407 1099 1477 ipse
1123 1407 1280 1462 beato
1307 1406 1470 1462 Petro
1505 1406 1748 1477 apostolo
1846 1414 2036 1465 XCVIII.
2076 1397 2156 1469 6),
2211 1416 2229 1449 ι
2286 1397 2337 1451 id
2384 1405 2469 1452 est
2520 1394 2681 1467 ρτῐηιί
2734 1396 2878 1451 inter
2933 1410 3026 1450 005
3073 1396 3308 1458 fuerunt.
3362 1399 3432 1460 Et

177 1495 334 1549 dixit:
366 1514 386 1549 ι
428 1495 511 1551 Tu
557 1511 622 1553 es
650 1498 859 1565 Petrus,
894 1507 949 1562 et
972 1513 1138 1569 super
1163 1498 1304 1554 hanc
1332 1508 1547 1569 petram
1579 1497 1749 1553 aedili-
1847 1488 2094 1561 quamvis
2146 1488 2218 1545 ita
2263 1487 2570 1546 ordinatum
2613 1484 2801 1557 fuerit,
2844 1506 3005 1548 nemo
3052 1500 3230 1548 tamen
3287 1493 3435 1563 quod

175 1588 290 1646 cabo
316 1590 624 1648 Ecclesia")
652 1606 847 1660 meam’
874 1602 929 1648 el
956 1602 1125 1663 ροισιεε
1162 1592 1320 1649 inferi
1350 1607 1455 1648 non
1491 1592 1748 1662 pmvale-
1846 1598 2000 1636 suum
2029 1591 2131 1646 est,
2155 1593 2379 1651 quaerat,
2405 1582 2498 1637 sed
2521 1582 2664 1653 quod
2687 1582 2927 1664 alterius,
2965 1582 3107 1639 unde
3148 1584 3226 1639 ait
3243 1586 3444 1641 beatus-

174 1683 291 1737 bunt
314 1682 585 1740 adversus
605 1699 745 1748 eam,
792 1694 849 1741 ει
876 1684 972 1740 ubi
1016 1685 1156 1740 dabo
1182 1683 1363 1740 claves
1392 1685 1542 1754 regni
1578 1684 1745 1740 οωιο-
1846 1672 2120 1744 apostolus
2151 1673 2349 1728 Paulus
2382 1691 2397 1730 :
2447 1693 2466 1726 ι
2516 1673 2899 1746 Unusquisque
2940 1676 3153 1747 placeat
3185 1678 3435 1748 proximo

175 1790 293 1829 rum.
338 1775 407 1830 Et
454 1791 800 1847 quacunque
858 1777 1110 1850 ligaveris
1140 1792 1303 1848 super
1334 1784 1556 1843 terram,
1587 1784 1748 1833 erunt

1851 1782 1945 1822 suo
1968 1768 2021 1821 in
2052 1768 2254 1823 bonum
2301 1769 2366 1821 ad
2401 1768 2813 1823 mdilicationem
2853 1767 3028 1841 (Rom.
3072 1785 3160 1835 xiv,
3190 1768 3269 1841 2).
3306 1788 3324 1822 ι
3368 1767 3435 1822 Et

175 1866 317 1937 ligata
372 1862 448 1923 ei
480 1868 541 1922 in
605 1869 764 1936 εοειο,
813 1877 869 1926 ει
924 1884 1258 1940 quaecunque
1308 1869 1536 1927 solveris
1590 1886 1752 1942 super
1782 1854 1825 1913 Β
1854 1859 1996 1914 sicut
2024 1859 2138 1929 ipse
2170 1858 2421 1914 Salvator
2449 1859 2564 1913 suis
2601 1858 2678 1914 ait
2723 1859 3000 1930 discipulis
3032 1878 3046 1914 :
3083 1879 3103 1912 ι
3133 1859 3234 1927 Qui
3261 1858 3436 1928 major

177 1967 372 2023 terram,
404 1968 580 2015 erunt
602 1959 781 2016 soluta
814 1968 870 2016 et
898 1961 951 2016 in
987 1960 1127 2018 caelo
1156 1959 1375 2034 (Manli.
1405 1977 1516 2028 xw,
1561 1961 1673 2034 l8).
1728 1981 1745 2014 ι

1852 1960 1937 2007 est
1959 1958 2223 2015 vestrum,
2244 1948 2349 2004 erit
2371 1949 2618 2007 minister
2639 1960 2819 2006 vester
2836 1949 3049 2022 (Matth.
3072 1966 3230 2018 χχιιι,
3259 1951 3373 2021 ll),
3408 1970 3431 2003 ι

178 2048 403 2106 Adhibita
425 2059 513 2107 est
537 2053 710 2108 etiam
747 2053 979 2110 societas
1027 2053 1080 2109 in
1108 2055 1297 2110 eadem
1330 2055 1573 2111 Romana
1619 2057 1754 2112 urbe
1852 2050 1907 2097 οι
1949 2042 2176 2112 reliqum
2208 2041 2275 2096 Et
2304 2041 2429 2097 licet
2470 2055 2635 2112 super
2683 2042 2768 2097 his
2808 2041 2995 2113 aliqua
3032 2042 3176 2097 dicta
3213 2041 3434 2107 fuerim.

175 2141 447 2198 beatissimi
477 2144 714 2215 apostoli
738 2142 887 2200 Pauli
916 2146 1061 2201 vasis
1080 2145 1380 2213 electionis,
1401 2147 1491 2217 qui
1515 2162 1622 2202 uno
1643 2146 1748 2213 die,

1855 2141 2169 2205 repetentes
2192 2142 2372 2189 tamen
2418 2132 2635 2202 saepius,
2665 2132 3021 2189 admonemus
3053 2143 3115 2188 ut
3136 2147 3348 2202 semper
3374 2133 3437 2187 in

179 2246 267 2288 uno
298 2249 510 2306 quoque
562 2246 825 2308 tempore,
878 2237 1112 2311 gloriosa
1166 2248 1361 2305 mone,
1419 2254 1544 2294 cum
1593 2239 1753 2296 beam
1853 2226 2124 2294 omnibus,
2155 2225 2304 2282 etab
2327 2226 2577 2282 omnibus
2597 2225 2839 2281 vitentur
2866 2225 3129 2283 elationes
3158 2226 3355 2281 mentis
3380 2236 3438 2282 et

180 2320 337 2394 Petro,
361 2328 462 2382 sub
485 2328 747 2399 principe
769 2328 982 2386 Nerone
1011 2330 1305 2402 agonizans
1330 2340 1623 2387 coronatus
1645 2341 1761 2398 est,

1933 2317 2116 2387 rporis.
2148 2315 2215 2371 Et
2234 2323 2436 2388 quanto
2461 2312 2634 2385 major
2660 2317 3031 2387 unusquisque
3057 2317 3270 2373 videtur
3292 2333 3435 2380 esse.
3511 2348 3517 2356 -

182 2416 388 2473 cumba
408 2428 671 2476 sanciam
692 2419 996 2475 Romanam
1019 2420 1313 2477 Ecclesia,“
1338 2432 1750 2489 consecratum,
1856 2415 2005 2463 tanto
2037 2408 2108 2464 sit
2142 2407 2421 2474 humilior,
2470 2406 2615 2463 sicut
2659 2407 2918 2464 Dominus
2952 2408 3204 2466 Salvator
3252 2419 3441 2465 noster

183 2506 380 2578 aliisque
426 2510 694 2566 omnibus
720 2511 965 2577 urbibus,
997 2511 1049 2566 in
1091 2513 1348 2569 universo
1378 2513 1601 2579 mundo,
1631 2528 1752 2570 eam
1852 2515 1961 2556 ηοῐι
1991 2499 2141 2555 "en"
2170 2499 2491 2566 ministrari,
2534 2500 2627 2554 sed
2667 2499 2997 2555 ηιὶηίειητθο
3031 2499 3123 2565 Et.
3172 2500 3218 2556 Si
3265 2498 3440 2556 frater

183 2613 257 2652 sua
296 2600 589 2669 [tangentia
617 2609 779 2671 atque
825 2601 1135 2658 venerando
1183 2602 1461 2673 triumpho
1502 2603 1753 2673 prauum-
1856 2593 2055 2665 aliquis
2083 2601 2498 2664 prmoccupatus
2542 2591 2708 2649 fuerit
2749 2593 2803 2648 in
2853 2592 3039 2664 aliquo
3078 2594 3294 2661 delicto,
3340 2611 3437 2651 vos

185 2697 303 2741 runt.
330 2688 411 2753 Et.
440 2689 581 2746 licet
608 2704 707 2759 pro
743 2690 997 2747 omnibus
1033 2692 1249 2747 assidua
1297 2695 1436 2763 apud
1465 2694 1752 2749 Dominum
1853 2688 1943 2758 qui
1965 2686 2273 2759 spirituales
2294 2686 2448 2753 estis,
2470 2687 2717 2742 mstruite
2739 2702 2861 2742 cum
2886 2687 2938 2741 in
2964 2688 3151 2759 spiritu
3174 2689 3437 2747 lenitatis.

184 2779 394 2835 omnium
420 2788 746 2836 sanctorum
787 2781 1043 2839 fundatur
1082 2784 1279 2849 oratio,
1308 2785 1394 2840 his
1430 2794 1607 2841 tamen
1634 2802 1754 2842 ver-
1854 2778 1911 2834 Si
1943 2794 2063 2850 quae
2092 2792 2219 2835 vero
2257 2778 2376 2834 alite
2415 2792 2594 2834 causae
2619 2777 2945 2847 diulciliores
2989 2781 3132 2836 inter
3159 2797 3255 2837 vos
3304 2792 3438 2839 ortze

187 2870 251 2926 bis
275 2874 461 2930 Paulus
508 2875 867 2931 beatissimus
916 2876 1191 2947 apostolus
1239 2876 1498 2933 Romanis
1531 2880 1753 2951 proprio
1853 2870 2072 2940 fuerint,
2104 2871 2171 2927 ad
2200 2870 2358 2940 hujus
2385 2880 2585 2926 sanctze
2624 2870 2780 2928 Sedis
2817 2872 3021 2943 apicem
3066 2888 3160 2930 eas
3186 2876 3340 2945 quasi
3368 2876 3437 2931 ad

187 2963 521 3037 chirographo
558 2966 864 3036 pollicetur,
891 2968 1076 3024 dicens
1107 2987 1121 3023 :
1182 2988 1202 3021 ι
1240 2968 1418 3026 Testis
1445 2973 1590 3027 enim
1620 2975 1749 3030 mihi

1853 2969 2015 3031 caput
2067 2960 2284 3027 referte,
2346 2970 2404 3015 ut
2456 2960 2753 3031 apostolico
2804 2963 3159 3020 terminentur
3206 2965 3433 3036 judicio,

190 3058 428 3126 estDeus,
475 3059 577 3116 cui
612 3060 794 3117 senio
844 3060 900 3116 in
947 3061 1139 3131 spiritu
1192 3077 1317 3117 meo
1367 3063 1420 3117 in
1458 3064 1752 3137 Εναηεριεο
1852 3053 1979 3122 quia
2028 3053 2107 3107 sic
2138 3052 2422 3109 Dominum
2461 3052 2595 3107 velle
2644 3052 2713 3108 ab
2746 3067 2919 3124 eoque
2967 3054 3040 3109 ita
3079 3057 3433 3113 constitutum

188 3146 263 3202 lilii
318 3150 473 3221 ejus,
568 3152 711 3221 quod
778 3152 896 3207 sine
954 3152 1356 3209 intermissione
1433 3158 1750 3213 memoriam
1853 3160 1974 3201 esse
2024 3144 2313 3200 antedictis
2357 3143 2679 3199 testimoniis
2735 3144 3064 3203 declaratur.
3114 3146 3241 3202 Haec
3304 3164 3439 3204 vero

186 3241 322 3296 restri
370 3241 525 3299 facio
582 3258 799 3314 semper
851 3244 904 3299 in
967 3245 1308 3301 orationibus
1367 3247 1502 3302 meis
1567 3247 1746 3318 (Rom.
1778 3244 1822 3307 C
1856 3236 2151 3307 apostolica
2214 3235 2382 3293 Sedes
2440 3237 2607 3292 Cardo
2670 3243 2728 3291 θῑ
2782 3245 2946 3306 caput
3002 3237 3202 3292 Γπειυῐη
3255 3247 3355 3293 93L
3402 3255 3440 3293 =1

189 3346 218 3396 ι,
250 3334 316 3405 9).
360 3355 379 3389 ι
1857 3328 2133 3393 Domino,
2195 3336 2251 3382 et
2311 3342 2416 3383 non
2481 3327 2549 3382 ab
2609 3325 2714 3382 alio
2778 3328 3112 3393 constituta,
3181 3338 3239 3385 et
3297 3330 3443 3387 sicut

697 3428 773 3483 De
800 3429 921 3483 aede
950 3428 1206 3484 ﬂuuiana,
1242 3446 1262 3465 ι
1855 3420 2077 3475 cardine
2112 3419 2309 3475 ostium
2345 3418 2569 3490 regitur.
2599 3416 2691 3473 Sic
2724 3417 2883 3488 hujus
2910 3428 3111 3474 sanctie
3157 3418 3314 3475 Sedis
3341 3436 3437 3475 au-

241 3517 400 3576 Prima
453 3536 595 3592 ergo
645 3523 802 3578 sedes
837 3532 922 3578 es;
971 3522 1178 3579 cales“
1233 3522 1500 3580 beneﬁcio
1548 3525 1750 3581 Roma-
1854 3510 2104 3566 etoritate
2145 3525 2333 3565 onmes
2362 3509 2639 3576 Ecclesiae,
2694 3509 2922 3565 Domino
2969 3509 3309 3580 disponente,
3351 3528 3438 3567 re—

189 3623 255 3664 nte
296 3609 568 3677 Ecclesia),
613 3628 777 3683 quam
830 3614 934 3684 (ut
979 3624 1338 3669 memoratum
1382 3614 1513 3688 est)
1548 3616 1750 3672 beatis-
1855 3610 2079 3674 Βυηιυῐ·

190 3701 287 3755 simi
312 3701 525 3770 Petrus,
554 3712 610 3760 et
642 3703 862 3768 Paulus,
894 3719 993 3759 suo
1023 3705 1284 3775 martyrio
1331 3715 1747 3761 consecrarunt.

1922 3694 2283 3749 Accusatores
2312 3700 2495 3747 autem
2543 3699 2601 3746 et
2648 3699 2813 3747 testes
2860 3706 2982 3748 esse
3021 3707 3128 3748 non
3187 3704 3433 3763 possunt,

191 3790 265 3848 Sic
307 3794 498 3863 Roma,
524 3811 647 3867 quin
694 3797 844 3867 prius
893 3805 1011 3851 erat
1075 3797 1470 3853 cacodmmonis
1519 3798 1755 3855 artiﬁcio
1852 3785 1944 3857 qui
1984 3795 2109 3841 ante
2162 3783 2474 3841 hesternum
2513 3783 2656 3838 diem
2701 3792 2793 3839 aut
2819 3785 3207 3841 nudiustertius
3230 3785 3436 3844 inimici

190 3884 394 3941 onmium
447 3902 712 3942 errorum
770 3895 946 3942 mater
982 3895 1038 3943 et
1076 3887 1262 3954 altrix,
1310 3890 1553 3945 excussis
1604 3898 1752 3946 tene-

1852 3877 2072 3954 fucrint,
2120 3893 2187 3934 ne
2237 3876 2364 3932 irati
2414 3888 2612 3933 nocere
2653 3877 2898 3948 cupiant,
2956 3878 3038 3933 vel
3086 3878 3197 3934 laesi
3248 3879 3436 3935 ulcisci

192 3970 300 4041 bris,
311 3987 359 4033 et
376 3979 538 4034 vanis
560 3980 1005 4049 superstitionum
1030 3979 1221 4035 ritibus
1247 3978 1493 4049 abjectis,
1516 3980 1745 4038 filiorum

1852 3970 2037 4026 velint.
2086 3968 2383 4024 Inoiiensus
2430 3968 2595 4040 igitur
2644 3976 3024 4024 accusatorum
3097 3979 3154 4024 ct
3209 3970 3432 4025 testium

193 4062 291 4133 Dei,
313 4078 506 4125 emno
531 4069 647 4126 sole
671 4070 916 4142 justium,
944 4069 1085 4126 facta
1112 4079 1194 4127 es;
1220 4072 1438 4143 copiosa
1487 4088 1746 4145 propaga.
1853 4061 2076 4117 all‘cctus
2103 4060 2426 4132 quaerendus
2469 4068 2576 4125 est,
2613 4069 2669 4115 ct
2714 4075 2820 4116 non
2867 4069 3168 4130 suspectus.
3200 4060 3432 4116 Causam

194 4157 295 4212 trix.
1851 4154 1994 4208 enim
2015 4162 2251 4207 vestram
2267 4152 2443 4208 alieno
2477 4153 2644 4208 nolite
2670 4153 3008 4208 committere
3029 4153 3254 4222 judicio,
3280 4154 3443 4209 valde

653 4252 730 4308 De
751 4254 871 4308 sede
895 4252 1276 4310 Alexandrina.
1851 4246 1994 4301 enim
2023 4246 2262 4316 iniquum
2287 4254 2371 4301 cst
2392 4253 2452 4301 ut
2470 4244 2686 4301 omissis
2706 4245 2943 4310 suis,alii
2966 4245 3189 4316 quilibet
3206 4245 3440 4300 aliorum

246 4340 479 4401 Secunda
529 4355 710 4401 autem
773 4344 929 4400 sedes
978 4347 1120 4415 apud
1167 4347 1551 4403 Alexandriam
1605 4350 1750 4405 beati
1852 4356 1911 4396 se
1939 4340 2118 4395 causis
2146 4338 2507 4403 immisceant,
2537 4338 2792 4409 quoniam
2823 4337 2983 4392 nullis
3012 4337 3064 4392 in
3107 4337 3241 4392 locis
3271 4337 3431 4406 spiri-

194 4428 310 4487 Petri
337 4435 558 4492 nomine
592 4450 622 4489 a
665 4434 847 4509 Marco
877 4435 993 4505 ejus
1016 4437 1281 4507 discipulo
1305 4447 1468 4508 atque
1502 4439 1747 4513 Evange-
1853 4431 2013 4486 lualis
2053 4445 2183 4484 cura
2235 4429 2436 4496 deﬁcit,
2491 4429 2586 4484 sed
2616 4444 2673 4484 se
2709 4443 2809 4499 per
2844 4429 3050 4494 omnia,
3092 4443 3198 4498 qua
3237 4443 3437 4483 nomen

193 4520 293 4581 lista
314 4536 633 4586 consecrata
653 4536 760 4594 est,
792 4528 924 4598 quia
954 4529 1070 4599 ipse
1092 4538 1149 4585 et
1174 4532 1225 4585 iu
1249 4530 1486 4603 Λῖςγριο
1510 4534 1747 4603 primum
1786 4601 1799 4603 _
1855 4524 2064 4593 Domini
2091 4523 2434 4594 praedicatur,
2462 4522 2726 4578 extendit.
2765 4522 3099 4577 Studendum
3130 4532 3214 4578 est
3257 4522 3433 4577 omni-

195 4618 387 4674 rerbum
448 4619 699 4675 veritatis
747 4621 981 4675 directus
1042 4637 1072 4675 a
1119 4620 1281 4676 Petro
1330 4601 1644 4691 p'raadicavit
1696 4633 1751 4678 et
1783 4601 1827 4658 ί)
1856 4619 1976 4681 bus,
2008 4633 2076 4671 ne
2105 4615 2358 4687 (utsunt)
2394 4614 2763 4670 aemulationes
2815 4613 2991 4679 malae,
3035 4613 3130 4668 sed
3179 4613 3280 4682 piae
3320 4612 3433 4666 sint

194 4707 449 4775 gloriosum
479 4712 722 4783 suscepit
749 4712 1092 4783 martyrium.
1132 4712 1230 4769 Cui
1272 4716 1599 4772 venerabilis
1629 4733 1752 4773 suc-
1853 4711 1996 4764 inter
2016 4724 2113 4764 vos
2133 4707 2468 4772 dilectiones,
2499 4707 2624 4777 quia
2656 4707 2709 4760 iu
2754 4706 2856 4760 hoc
2892 4719 2985 4759 vos
3005 4719 3193 4759 omnes
3222 4702 3435 4758 Domini

195 4803 577 4859 cessitAbilius.
1853 4799 2145 4872 discipulos
2168 4814 2288 4855 esse
2318 4813 2478 4853 veros
2502 4799 2765 4863 noverint,
2792 4797 2836 4852 si
2866 4797 3205 4851 dilectionem
3237 4795 3437 4850 habue-

652 4897 733 4952 De
769 4897 890 4952 sede
929 4899 1273 4952 Antiochena.
1855 4891 1976 4946 ritis
2023 4891 2347 4946 adinvicem.
2403 4889 2481 4942 Et
2531 4889 2677 4943 omni
2735 4903 2865 4959 ergo
2922 4902 3119 4958 genere
3172 4886 3434 4955 plurimos

250 4985 417 5044 Tertia
464 4998 645 5044 autem
672 4989 831 5044 sedes
858 4989 995 5058 apud
1022 4987 1364 5045 Antiochiam
1410 4988 1668 5058 ejusdem,
1701 4992 1750 5047 id
1858 4983 1998 5037 Deus
2050 4982 2302 5051 dignam"
2352 4979 2669 5042 “llrahel‘e.
2725 4994 2863 5049 quos
2917 4978 3095 5045 θκίιυβ
3149 4976 3216 5032 de
3270 4985 3432 5047 Ροιθ·

196 5086 265 5132 est
292 5080 424 5136 beati
465 5081 613 5136 Petri
662 5081 887 5151 apostoli
939 5081 1168 5135 habetur
1213 5081 1564 5147 honorabilis,
1621 5083 1750 5153 quia
1854 5083 1994 5130 state
2081 5075 2427 5129 tenebrarum
2521 5071 2813 5127 transferat
2900 5071 2952 5124 in
3030 5085 3253 5139 regnum
3341 5070 3434 5125 lilii

197 5164 308 5235 illic,
330 5172 640 5242 priusquam
671 5170 899 5227 Romam
926 5170 1154 5238 veniret,
1202 5172 1486 5237 habitavit,
1509 5183 1563 5228 et
1588 5172 1747 5243 igua-
1853 5165 2136 5220 charitatis
2164 5179 2299 5231 sum,
2346 5172 2401 5220 et
2430 5165 2494 5219 de
2538 5165 2684 5218 vasis
2716 5164 2806 5216 ira:
2842 5161 3007 5215 faciat
3037 5175 3162 5215 vasa
3213 5160 3432 5216 miseri-

200 5258 310 5316 tium
338 5266 643 5338 episcopum
691 5266 992 5333 constituit,
1041 5274 1096 5321 et
1142 5266 1251 5321 illic
1280 5268 1517 5337 primum
1547 5281 1746 5322 nomen
1852 5257 2068 5312 cordia?-

196 5345 594 5410 Cbristianorum
624 5356 850 5412 novella:
876 5357 1052 5428 gentis
1077 5366 1325 5412 exortum
1354 5366 1455 5413 est.
1490 5357 1757 5428 Reliquas.

1926 5346 2079 5403 Unde
2127 5348 2283 5401 nobis
2320 5360 2661 5415 summopere
2708 5343 3030 5399 studendum
3077 5350 3181 5407 est,
3235 5349 3296 5396 ut
3329 5356 3435 5396 ico-

199 5450 325 5506 vero,
358 5453 415 5497 ut
438 5446 802 5513 prtediximus,
834 5446 888 5500 in
923 5446 1156 5517 quodam
1188 5456 1354 5524 tomo,
1385 5448 1748 5518 prolixitatem
1852 5440 2539 5510 operatoressimusgratiae
2563 5438 2814 5507 Dei,quia
2831 5437 2896 5491 ad
2914 5436 3014 5492 hoc
3035 5435 3408 5490 vocatisumur-

197 5529 404 5590 vitantes
436 5538 694 5609 epistnlm,
720 5539 875 5593 vobis
897 5539 1234 5608 conscriptas
1260 5541 1572 5595 direximus.
1620 5539 1748 5595 Inde
1854 5533 2079 5604 ejusque
2130 5534 2381 5589 familiari
2432 5532 2701 5599 colloquio
2757 5531 2968 5595 sociati,
3017 5538 3071 5584 ει
3124 5527 3435 5582 sacerdotes

200 5636 405 5695 nnmque
432 5640 484 5685 et
510 5631 651 5686 beati
691 5632 933 5700 Apostoli
967 5633 1106 5686 inter
1134 5648 1192 5686 se
1219 5638 1525 5685 statuerunt
1553 5640 1609 5684 ut
1634 5632 1747 5702 epi-
1853 5628 2069 5691 sacrati,
2124 5632 2184 5680 ut
2230 5624 2534 5679 fructuosos
2581 5622 2654 5676 illi
2717 5622 3017 5690 manipulos
3075 5626 3429 5689 reportemus,

199 5716 324 5784 scopi
372 5720 693 5792 singularum
735 5723 940 5777 scirent
984 5723 1244 5791 gentium,
1292 5722 1413 5791 quis
1460 5721 1602 5775 inter
1652 5736 1746 5774 eos
1852 5727 2175 5789 cooperante
2201 5717 2372 5787 gratia
2419 5716 2553 5785 ejus.
2578 5714 2807 5769 Necesse
2832 5721 2913 5768 est
2933 5712 3077 5767 enim
3108 5720 3166 5764 ut
3196 5719 3438 5765 rectores

203 5801 382 5871 primus
406 5819 879 5885 essctzquatenus
903 5812 966 5868 ad
1006 5826 1129 5877 eum
1161 5810 1335 5882 potior
1363 5825 1550 5868 eorum
1596 5808 1744 5866 solli-
1851 5826 1882 5867 a
1931 5810 2161 5867 subditis
2211 5809 2525 5874 timeantur,
2579 5806 2644 5862 ab
2698 5804 2953 5878 ipsisque~
2979 5800 3359 5871 corrigantur,
3376 5807 3451 5853 ut
