4012 6464
478 470 561 525 79»
1327 474 1619 531 ΑΡΡΕΝΙ).
1660 476 1752 532 AD
1791 476 1961 533 SEC.
1989 476 2080 534 IX.
2109 511 2173 523 —
2204 482 2456 541 lSlDORl
2480 483 2922 543 MERCATORIS
3674 486 3751 542 κο

477 584 715 641 humana
740 581 1030 641 formidine
1049 598 1277 655 peccare
1308 594 1574 652 metuant,
1604 587 1695 657 qui
1723 587 1901 642 divina
1925 585 2067 657 judi-
2093 599 2141 656 Α
2170 612 2293 651 cum
2320 596 2420 651 ista
2450 606 2603 651 extra
2628 574 2731 653 nos
2752 597 2878 661 sint,
2909 596 2997 652 illa
3032 610 3160 652 vero
3186 590 3238 651 in
3264 597 3439 653 nobis.
3466 596 3751 653 Sententia

481 678 574 738 cia
587 691 703 733 non
716 676 1038 734 formidant:
1064 679 1359 735 deteriores
1386 681 1587 752 quippe
1610 688 1737 735 sunt
1760 681 1852 751 qui
1873 682 2063 737 docto-

479 782 601 823 rum
626 767 816 835 vitam,
850 783 1145 839 moresque
1159 780 1533 839 corrumpunt,
1565 772 1651 826 his
1685 772 1776 841 qui
1812 772 2065 827 substan-

483 858 589 914 tias
611 858 859 927 aliorum,
878 860 1188 932 praediaque
1215 861 1494 933 diripiunt,
1519 863 1621 935 ipsi
1652 873 1832 919 autem
1862 878 1925 919 ea
1947 878 2067 935 quae

478 961 638 1009 extra
664 969 781 1019 nos,
807 954 933 1011 licet
952 952 1139 1012 nostra
1171 957 1305 1026 sint,
1344 957 1614 1022 auferunt,
1649 959 1819 1013 nostri
1848 973 2068 1029 quoque

488 1044 831 1103 detractores'
862 1056 917 1103 et
967 1063 1177 1104 morum
1228 1057 1575 1120 corruptores
1604 1057 1914 1105 nostrorum
1954 1050 2069 1105 sive

483 1137 576 1205 qui
606 1137 867 1195 adversus
895 1155 995 1196 nos
1033 1150 1336 1208 armantur,
1376 1141 1594 1212 proprie
1625 1142 1874 1212 nosipsos
1918 1142 2068 1197 deci-

482 1226 658 1296 piunt.
697 1228 769 1284 Et
818 1230 939 1287 ideo
976 1230 1122 1301 juste
1167 1232 1398 1289 infames
1441 1242 1598 1301 sunt,
1649 1243 1706 1289 et
1756 1234 1950 1289 merito
2002 1233 2070 1290 ab

484 1317 729 1375 Ecclesia
760 1331 1008 1379 extorres
1038 1323 1195 1380 ﬁunt.

554 1407 665 1466 Pro
691 1412 897 1468 meritis
917 1428 1047 1485 ergo
1072 1414 1245 1485 plebis
1265 1429 1408 1487 saepe
1436 1424 1682 1485 pastores
1712 1417 2073 1488 depravantur

487 1502 767 1573 Ecclesiae,
794 1516 854 1561 ut
881 1493 1175 1577 proclivius
1214 1517 1471 1565 corruant
1495 1509 1586 1579 qni
1615 1518 1931 1580 sequuntur.
1962 1506 2067 1563 Ca-

487 1595 605 1667 pite
641 1598 892 1655 videlicet
931 1600 1330 1673 languescente,
1352 1603 1565 1659 facilius
1598 1602 1809 1672 reliqua
1833 1601 2074 1657 membra

490 1692 735 1761 corporis
765 1691 1097 1762 inliciuntur,
1132 1705 1192 1752 ut
1215 1696 1476 1768 scriptum
1502 1705 1625 1753 est:
1663 1715 1682 1748 ι
1717 1694 1890 1752 Omne
1914 1700 2079 1765 caput

491 1781 821 1855 languidum,
855 1793 911 1842 et
956 1801 1121 1844 omne
1153 1803 1251 1844 cor
1291 1802 1548 1853 moerens,
1604 1804 1636 1844 a
1690 1788 1873 1861 planta
1920 1786 2076 1859 pedis

458 1889 673 1945 iusque
704 1876 783 1931 ad’
804 1878 1066 1935 verticem
1113 1880 1329 1951 capitis,
1384 1895 1491 1936 non
1543 1890 1629 1937 est
1667 1882 1722 1937 in
1776 1895 1841 1937 eo
1869 1880 2075 1935 sanitas

2166 702 2395 759 quoque
2428 688 2599 763 Cham
2666 688 2762 743 ﬁlii
2811 686 2922 745 Noe
2975 689 3322 755 damnantur,
3384 689 3475 760 qui
3526 700 3748 745 suorum

2166 781 2445 837 doctorum
2476 779 2563 835 vel
2607 780 3019 851 praepositorum
3062 781 3276 851 culpam
3321 782 3579 852 produnt,
3606 763 3753 835 sicui

2166 869 2337 927 Cllam
2364 872 2454 941 qui
2490 871 2662 941 patris
2690 870 2942 941 pudenda
2993 884 3101 925 non
3152 869 3388 939 operuit,
3437 869 3534 924 sed
3574 869 3754 940 magis

2168 960 2461 1015 deridenda
2528 960 2871 1015 monstravit.
2922 961 3125 1015 Doctor
3180 968 3364 1014 autem
3426 959 3512 1014 vel
3563 968 3757 1030 pastor

2168 1052 2442 1118 Ecclesite,
2481 1051 2525 1105 si
2578 1067 2608 1105 a
2653 1050 2758 1105 ﬁde
2797 1050 3214 1111 exorbitaverit,
3258 1049 3366 1105 erit
3423 1064 3454 1103 a
3503 1048 3759 1104 ﬁdelibus

2169 1144 2538 1215 corrigendus,
2587 1143 2680 1199 sed
2719 1159 2818 1215 pro
2865 1138 3120 1214 reprobis'
3160 1142 3404 1199 moribus
3447 1143 3621 1219 magis
3670 1150 3761 1197 est

2172 1235 2484 1291 tolerandus
2512 1219 3127 1307 quam‘distringendus,
3157 1236 3281 1304 quia
3305 1244 3543 1291 rectores
3575 1233 3763 1289 Eccle-

2172 1326 2266 1381 sia:
2285 1340 2314 1379 a
2345 1324 2741 1395 Deojudicandi
2768 1334 2909 1389 sunt,
2958 1326 3098 1380 sicut
3120 1326 3196 1380 ait
3221 1318 3487 1394 Propheta
3518 1341 3531 1378 :
3568 1343 3586 1376 ι
3615 1324 3765 1379 Deus

2173 1418 2327 1473 stetit
2370 1417 2423 1472 in
2471 1433 2739 1489 synagoga
2773 1417 3019 1483 deorum,
3071 1417 3126 1471 in
3178 1418 3358 1472 medio
3406 1424 3589 1473 autem
3628 1415 3766 1471 deos

2175 1508 2432 1577 dijudicat
2476 1507 2649 1579 (Paul.
2696 1508 2993 1581 1.xxxr,l);
3031 1529 3050 1560 ι
3103 1508 3246 1563 unde
3301 1514 3515 1578 oportet
3564 1521 3769 1560 unum-

2176 1611 2444 1670 quemque
2472 1597 2706 1664 ﬁdelem,
2756 1600 2803 1655 si
2852 1599 3049 1660 viderit
3095 1607 3191 1652 aut
3235 1597 3551 1669 cognoverit
3577 1589 3770 1666 plebes

2177 1707 2303 1748 suas
2326 1692 2584 1748 adversus
2608 1697 2882 1762 pastorem
2906 1705 3061 1746 suum
3092 1696 3412 1753 tumescere,
3437 1680 3531 1742 aut
3554 1687 3767 1743 clerum

2178 1785 2573 1842 detractoribus
2611 1800 2825 1852 vacare,
2856 1785 2960 1840 hoc
2984 1785 3172 1839 vitium
3200 1799 3301 1855 pro
3324 1767 3530 1837 viribus
3554 1780 3765 1835 exstir-

2178 1892 2309 1947 pare
2335 1877 2746 1947 prudenterque.
2758 1875 3034 1946 corrigere
3058 1870 3292 1945 satagat,
3316 1888 3417 1928 nec
3450 1873 3528 1926 eis
3552 1870 3608 1925 in
3641 1870 3773 1940 qui-

491 1962 649 2033 (Isai.
681 1981 718 2030 r,
750 1966 829 2038 5).
861 1986 883 2020 ι
935 1967 1280 2040 Quapropter
1315 1970 1658 2026 manifestum
1686 1965 2073 2026 est'diabolum
2106 1957 2150 2016 Β
2178 1970 2499 2039 buscunque
2525 1964 2758 2035 negotiis
2799 1966 3123 2051 misceri,'si
3146 1962 3544 2033 incorrigibi‘les
3590 1976 3767 2031 appa-

494 2053 609 2123 (qui
637 2055 778 2111 sicut
802 2056 886 2113 leo
918 2059 1140 2129 rugiens
1180 2060 1397 2126 circuit,
1428 2076 1678 2130 quzerens
1706 2075 1869 2131 quem
1903 2060 2077 2131 possit

493 2145 779 2219 devorare)
829 2149 1082 2206 cordibus
1128 2150 1365 2222 plebium
1418 2153 1665 2216 suadere,
1712 2140 1783 2207 ut"
1829 2153 2079 2208 doctores

494 2244 669 2304 atque»
716 2245 965 2306 pastores
1030 2254 1160 2295 suos
1228 2240 1630 2298 detractoribus
1690 2243 1934 2314 i’rrogent
1994 2242 2079 2297 vel

470 2336 754 2381 accusent
807 2336 866 2383 ut
925 2329 1173 2398 plebibus
1229 2331 1726 2403 languescentibus,
1790 2333 1874 2389 vel
1935 2334 2076 2389 mala

495 2418 781 2488 agentibus
821 2458 838 2485 ,
928 2434 1037 2475 non
1127 2422 1436 2477 tenentibus
1532 2423 1842 2493 pastoribus
1926 2423 2077 2478 frena

495 2521 684 2561 eorum
728 2506 1017 2564 lasciviant
1063 2520 1227 2582 atque
1264 2512 1317 2566 in
1341 2513 1449 2567 ima
1480 2522 1664 2567 ruant.
1696 2512 1921 2568 Multum
1948 2528 2079 2568 vero

498 2596 703 2654 distant
724 2599 918 2655 damna
940 2616 1150 2658 morum
1180 2618 1211 2658 a
1237 2603 1450 2661 damnis
1472 2619 1654 2661 rerum
1679 2606 2088 2677 temporalium,

2176 2062 2387 2118 ruerint
2410 2070 2701 2130 antequam
2727 2075 2827 2116 suo
2855 2059 3275 2115 reconcilientur
3297 2054 3527 2118 doctori,
3553 2069 3771 2125 praesu-

2178 2161 2333 2218 mat,
2380 2152 2637 2222 quoniam
2671 2159 2779 2205 tam
2809 2149 3121 2205 sacerdotes
3172 2163 3333 2219 quam
3361 2144 3551 2215 reliqui
3583 2141 3778 2198 ﬁdeles

2181 2258 2369 2300 omnes
2396 2243 2591 2298 debent
2642 2243 2842 2297 habere
2879 2227 3145 2298 sbmmam
3186 2254 3374 2295 curam
3419 2237 3488 2292 de
3538 2235 3625 2290 his
3674 2232 3778 2303 qui

2182 2342 2433 2408 pereunt,
2470 2343 2737 2403 quatenus
2781 2347 2969 2388 eorum
3016 2331 3414 2402 redargutione,
3454 2333 3549 2381 aut
3585 2321 3764 2377 corri-

2184 2437 2379 2501 gantur
2402 2443 2431 2482 a
2459 2427 2715 2500 peccatis,
2764 2435 2857 2480 aut
2894 2425 2942 2482 si
2968 2423 3363 2495 incorrigibiles
3387 2413 3779 2491 apparueriiit,

2186 2520 2256 2576 ab
2291 2519 2531 2576 Ecclesia
2558 2526 2907 2591 separentur.

821 2893 928 2954 DE
970 2894 1380 2997 SUBIECTIS
1430 2897 1568 2974 QUI
1615 2900 1847 2964 AMICI
1882 2902 2080 2965 sum
2123 2901 2460 2964 INIMICIS
2502 2857 3060 2964 EPISCOPORUM
3105 2856 3477 2961 SUORUM.‘

570 3078 663 3134 Ait
702 3050 830 3152 ergo
860 3081 1052 3137 beatus
1094 3085 1346 3155 princeps
1375 3084 1738 3152 apostolorum
1778 3092 1980 3147 Petrus
2013 3091 2086 3149 de
2110 3070 2154 3133 (ἶ
2187 3089 2351 3145 etiam
2393 3088 2571 3144 omnis
2622 3087 2817 3154 ﬁdelis,
2866 3103 2936 3143 ne
2979 3087 3288 3159 deregando
3316 3086 3459 3157 quod
3489 3070 3588 3141 .in'
3613 3084 3783 3141 domo

500 3178 690 3225 sancto
729 3173 1128 3241 praedecessore
1166 3184 1350 3231 nostro
1373 3175 1651 3232 Clemente
1680 3177 1925 3247 plebibus
1948 3194 2086 3250 prte-

501 3260 753 3327 di'cando,
779 3264 994 3332 quando
1025 3264 1252 3320 docebat
1281 3281 1377 3323 eas
1409 3268 1644 3338 qualiter
1671 3271 1719 3324 ei
1744 3271 1965 3326 obedire
1996 3271 2090 3325 de-

499 3357 716 3423 berent,
731 3372 964 3429 eumque
984 3360 1275 3417 observare
1297 3361 1438 3417 inter
1462 3371 1678 3427 caetera,
1700 3363 1776 3420 ait
1796 3383 1808 3418 :
1830 3364 1886 3419 Si
1913 3364 2091 3419 inimi-

500 3458 700 3504 cusest
729 3450 886 3506 alicui
918 3467 1015 3522 pro
1037 3453 1249 3508 actibus
1274 3454 1406 3516 suis,
1436 3469 1531 3509 vos
1556 3455 1719 3513 nolite
1747 3464 2085 3525 exspectare,

499 3552 562 3596 ut
592 3542 705 3611 ipse
730 3543 881 3598 vobis
925 3544 1088 3611 dicat,
1112 3559 1235 3599 cum
1281 3545 1373 3601 illo
1418 3546 1584 3603 nolite
1628 3547 1795 3603 amici
1814 3563 1957 3613 esse,
1995 3549 2087 3602 sed

500 3633 797 3703 prudenter
820 3636 1113 3692 observare
1131 3637 1361 3699 debetis,
1384 3646 1439 3693 et
1462 3639 1722 3694 voluntati
1748 3638 1864 3709 eius
1888 3640 2089 3711 absque

503 3725 994 3780 communicatione
1016 3726 1407 3791 obsecundare,
1435 3737 1490 3783 et
1511 3736 1758 3785 avertere
1782 3746 1876 3784 vos
1907 3731 1974 3784 ab
2001 3744 2086 3796 co,

504 3812 600 3867 cui
614 3813 787 3883 ipsum
810 3814 1024 3868 sentitis
1044 3815 1355 3881 adversum,
1382 3816 1475 3889 sed
1501 3833 1597 3872 nec
1619 3818 1763 3888 loqui
1787 3819 1871 3874 liis
1893 3820 2090 3889 quibus

503 3902 621 3970 ipse
651 3918 757 3957 non
797 3902 1037 3973 loquitur
1066 3921 1079 3958 :
1113 3913 1169 3958 ut
1198 3906 1566 3977 unusquisque
1591 3908 1684 3977 qui
1730 3908 1819 3963 hic
1850 3909 1901 3963 in
1935 3910 2089 3977 culpa

503 4004 608 4057 est,
640 3992 766 4047 dum
797 3994 946 4064 cupit
974 3995 1213 4049 omnium
1240 3997 1414 4051 virum
1454 3998 1721 4053 amicitias
1747 3998 1908 4066 ferre,
1941 4000 2089 4056 festi-

503 4094 598 4140 nct
622 4085 783 4140 citius
815 4088 1147 4142 reconciliari
1180 4089 1227 4143 ei
1264 4090 1356 4160 qui
1384 4085 1635 4145 omnibus
1655 4103 1869 4162 praeest,
1912 4102 1967 4147 et
1993 4109 2090 4163 per

500 4178 607 4233 hoc
635 4179 820 4232 redeat
856 4182 922 4235 ad
964 4180 1213 4246 salutem,
1246 4197 1368 4237 cum
1413 4182 1636 4239 obedire
1691 4186 1919 4253 coeperit
1968 4202 2085 4240 mo-

501 4268 635 4323 nitis
687 4271 1044 4338 praesidentis.
1082 4270 1140 4327 Si
1189 4288 1319 4329 vero
1372 4274 1492 4343 quis
1540 4275 1748 4329 amicus
1797 4273 1961 4331 fuerit
2002 4277 2089 4333 his

503 4360 701 4427 quibus
727 4361 1065 4432 ipseamicus
1093 4378 1199 4419 non
1224 4373 1327 4429 est,
1350 4374 1406 4420 et
1432 4366 1642 4421 locutus
1664 4367 1825 4422 fuerit
1846 4368 1931 4423 bis
1973 4370 2085 4438 qui-
2115 4406 2122 4438 ;

502 4448 606 4504 bus
628 4450 744 4520 ipse
767 4466 879 4506 non
900 4452 1154 4521 loquitur,
1187 4465 1325 4509 unus
1350 4464 1433 4511 est
1461 4474 1473 4509 :
1504 4467 1557 4511 et
1590 4457 1703 4526 ipse
1737 4473 1801 4513 ex
1853 4459 1956 4514 illis
1992 4427 2084 4529 qui
2115 4427 2164 4484 υ

502 4540 871 4596 exterminare
909 4542 1000 4597 Dei
1046 4543 1340 4600 Ecclesiam
1374 4547 1577 4609 volunt,
1622 4559 1678 4601 et
1724 4548 1947 4618 reliqua.
1992 4549 2087 4604 His

505 4631 734 4702 aliisque
753 4634 1165 4702 quamplurimis
1189 4637 1524 4692 documentis
1544 4637 1700 4693 facile
1721 4641 2089 4710 unusquisque

505 4725 790 4779 advertere
822 4732 1018 4795 potest,
1062 4726 1295 4797 qualiter
1331 4728 1571 4793 obedire,
1623 4741 1677 4783 et
1715 4731 2089 4800 obtemperare

505 4815 664 4869 debet
685 4816 986 4886 praepositis
1009 4818 1144 4882 suis,
1172 4827 1221 4873 et
1250 4819 1484 4889 qualiter
1523 4822 1663 4874 circa
1703 4836 1797 4875 eos
1822 4822 2085 4890 agendum

508 4906 600 4969 sit,
629 4907 824 4975 quibus
851 4909 949 4978 ipsi
994 4918 1089 4964 aut
1123 4912 1281 4966 amici
1327 4921 1454 4965 sunt
1485 4922 1583 4966 aut
1609 4914 1835 4968 inimici.
1877 4915 1933 4969 Si
1967 4915 2088 4984 quis

507 4998 654 5050 enim
702 4997 815 5052 haec
865 5010 1132 5071 praecepta
1182 5017 1286 5057 non
1332 5002 1723 5071 observaverit,
1775 5006 1947 5060 hOstis
2005 5016 2091 5061 est

507 5090 703 5145 anima:
738 5106 867 5158 sua),
901 5101 959 5148 et
984 5110 1091 5148 non
1121 5104 1328 5150 tantum
1363 5095 1600 5160 infamis,
1649 5099 1742 5153 sed
1776 5107 1829 5152 et
1867 5115 2089 5155 excom-

505 5182 988 5253 municatusatque
1003 5184 1210 5241 alienus
1224 5186 1289 5241 ab
1309 5188 1546 5243 Ecclesia
1565 5187 1814 5254 eﬁicitur,
1832 5192 2087 5262 quoniam

509 5290 734 5333 necesse
748 5287 904 5333 estea
919 5279 1046 5332 vitia
1069 5280 1213 5335 ferro
1232 5280 1551 5338 abscindere
1573 5299 1693 5354 quae
1716 5285 1836 5339 aliis
1854 5285 2090 5340 medica-

508 5368 749 5425 minibus
777 5384 883 5424 non
916 5380 1197 5426 sanantur.
1225 5372 1419 5428 Pareat
1437 5376 1808 5446 unusquisque
1829 5392 1857 5430 a
1880 5377 2090 5432 lacera-

508 5458 679 5523 tione,
708 5457 795 5513 vel
818 5458 1155 5516 detractione
1191 5461 1388 5534 lingua:
1415 5478 1545 5531 suae,
1580 5475 1878 5536 caveatque
1906 5482 1973 5523 ne
2000 5476 2095 5521 aut

508 5547 773 5618 linguam,
799 5557 892 5603 aut
917 5564 1076 5605 aures
1102 5550 1298 5608 habeat
1319 5555 1646 5623 prurientes,
1688 5556 1864 5617 idest,
1901 5571 1969 5610 ne
2003 5566 2095 5611 aut

509 5641 633 5695 aliis
685 5641 939 5712 deroget,
987 5642 1344 5715 detrahatque
1391 5661 1763 5717 quoscunque,
1822 5655 1915 5701 aut
1957 5646 2093 5702 alios

510 5731 695 5785 audiat
747 5732 1071 5803 derogantes
1124 5733 1207 5790 vel
1276 5734 1644 5800 detrahentes,
1717 5736 2095 5806 custodiatque

510 5820 742 5893 quiSque
772 5838 1050 5880 sermones
1091 5839 1240 5887 suos.
1272 5834 1327 5882 et
1354 5826 1492 5883 sciat
1519 5828 1644 5897 quia
1686 5829 1991 5899 quicunque
2027 5830 2092 5884 de
2137 5846 2150 5859 ο

515 5912 636 5970 aliis
685 5914 962 5987 loquitur,
1015 5930 1111 5976 sua
1160 5917 1431 5975 sententia
1480 5917 1830 5988 iudicabitur.
1896 5919 2093 5976 Caveat

2188 3181 2505 3252 cuiusquam
2536 3180 2735 3250 agitur,
2771 3178 2874 3234 alia
2905 3179 3097 3235 domus
3148 3196 3247 3251 per
3289 3193 3411 3236 eum
3458 3187 3779 3252 cognoscat,

2188 3272 2282 3329 sed
2314 3274 2554 3328 omnium
2601 3271 3036 3331 Christianorum
3088 3274 3277 3329 domos
3326 3273 3481 3344 quasi
3528 3272 3785 3344 proprias

2189 3373 2352 3421 amet.
2394 3363 2562 3419 Nemo
2611 3363 2755 3418 enim
2810 3363 2981 3419 invito
3021 3364 3253 3420 auditori
3303 3364 3535 3420 libenter
3586 3363 3779 3427 refert,

2189 3453 2366 3524 sitque
2410 3437 2839 3524 uniuscujusque
2884 3453 3144 3521 studium,
3203 3470 3307 3509 non
3358 3454 3533 3510 solum
3586 3451 3785 3508 oculos

2189 3554 2365 3600 castos
2394 3559 2632 3611 servare,
2675 3544 2768 3599 sed
2805 3552 2860 3598 et
2896 3543 3155 3616 linguam.
3195 3542 3303 3599 Vos
3328 3551 3530 3609 autem,
3571 3541 3788 3597 charis-

2189 3636 2333 3703 simi,
2363 3637 2455 3708 qui
2482 3636 2615 3691 estis
2661 3635 3064 3707 subdisciplina
3097 3636 3309 3691 Domini
3361 3634 3669 3699 constituti,
3702 3635 3785 3689 sic

2188 3742 2284 3782 vos
2306 3728 2577 3792 exhibete,
2607 3737 2667 3782 ut
2714 3726 2825 3782 veri
2858 3726 3093 3782 miniStri
3133 3735 3188 3780 et
3216 3726 3625 3796 dispensatores
3655 3740 3782 3796 my-

2189 3819 2481 3874 steriorum
2535 3816 2690 3887 ejus,
2746 3826 2806 3872 ιιι
2867 3833 2973 3873 non
3023 3817 3364 3888 vituperetur
3410 3816 3783 3873 ministerium

2190 3918 2448 3974 vestrum,
2478 3924 2548 3964 ne
2579 3909 2675 3963 ttat
2702 3908 2755 3962 in
2778 3908 2934 3963 vobis
2970 3908 3111 3963 sicut
3140 3908 3401 3978 scriptum
3431 3915 3552 3962 est:
3586 3925 3605 3958 ι
3637 3906 3785 3963 Ecce

2146 4064 2156 4073 ,
2188 4002 2329 4058 sicut
2353 4000 2579 4073 populus
2604 4000 2682 4054 sic
2703 4000 2959 4055 sacerdos
2986 3997 3142 4071 (Isai.
3169 4015 3316 4066 xxxv,
3346 3998 3425 4069 2).
3459 4019 3477 4051 ι
3509 3997 3601 4054 Sic
3630 3999 3785 4054 enim

2189 4110 2285 4149 vos
2325 4102 2647 4163 vestrosque
2693 4101 2749 4147 et
2795 4099 3019 4147 cunctos
3045 4090 3320 4162 corrigite,
3357 4098 3417 4144 ut
3446 4090 3648 4145 nemini
3680 4106 3785 4144 no-

2186 4187 2372 4247 ceatis.
2403 4194 2669 4257 quatenus
2698 4191 2754 4239 et
2785 4183 2853 4239 ab
2898 4182 3209 4238 hominibus
3248 4181 3446 4237 bonam
3481 4182 3785 4251 acquiratis

2186 4277 2385 4331 famam
2436 4275 2543 4345 18
2566 4283 2621 4328 et
2651 4290 2679 4328 a
2724 4273 2833 4328 Deo
2862 4273 3127 4329 mercedis
3173 4272 3453 4343 praemium
3483 4272 3537 4326 in
3572 4281 3784 4327 aeterna

2189 4367 2519 4423 beatitudine
2543 4366 2817 4435 percipere
2837 4352 3186 4420 'mereamini.
3215 4364 3282 4418 Et
3321 4364 3365 4419 si
3394 4364 3525 4434 quid
3561 4363 3783 4434 adversi

2190 4460 2255 4513 de
2286 4457 2491 4511 unitate
2516 4455 2774 4511 Ecclesia:
2803 4455 3091 4517 acciderit,
3136 4455 3400 4509 radicitus
3441 4462 3781 4524 amputetur,

2188 4559 2245 4603 ut
2275 4549 2366 4603 Dei
2407 4547 2646 4604 Ecclesia
2668 4546 2984 4616 fructusque
3006 4561 3286 4601 servorum
3315 4555 3568 4601 maneant
3589 4545 3782 4599 incon-

2188 4654 2367 4694 cussa.
2405 4658 2424 4690 ι
2459 4638 2688 4708 Propter
2700 4640 2863 4709 quod,
2888 4637 3217 4703 charissimi,
3240 4645 3612 4707 exspectantes
3634 4642 3782 4691 sata-

2189 4732 2297 4803 gite
2323 4729 2652 4785 immaculati
2684 4729 2732 4782 ci
2764 4729 2993 4783 inveniri
3020 4728 3072 4782 in
3100 4743 3249 4798 pace,
3272 4737 3328 4781 et
3356 4727 3569 4783 Domini
3601 4727 3778 4781 nostri

2187 4821 2313 4876 Jesu
2372 4820 2571 4875 Christi
2623 4818 3091 4890 longanimitatem
3143 4818 3376 4874 salutem
3436 4818 3777 4873 arbitremini

2190 4910 2277 4981 (11
2307 4910 2453 4963 Petr.
2488 4925 2569 4971 lli,
2601 4908 2710 4979 14).
2757 4927 2774 4959 ι
2815 4926 2834 4959 t
2870 4908 3058 4965 Estote
3105 4923 3236 4980 ergo
3264 4910 3580 4978 prudentes,
3615 4918 3781 4978 atque

2190 5001 2411 5073 vigilate
2441 5001 2493 5055 in
2524 5000 2883 5066 orationibus,
2928 5007 3056 5055 ante
3102 5001 3282 5055 omnia
3313 5009 3491 5055 autem
3532 5010 3777 5054 mutuam

2193 5094 2255 5149 in.
2307 5093 2709 5163 vobismetipsis
2760 5092 3082 5149 charitatcm
3124 5094 3434 5148 continuam
3488 5093 3776 5158 habcntes,

2191 5186 2318 5257 quia
2376 5186 2617 5241 cbaritas
2676 5187 2851 5256 operit
2910 5186 3310 5241 multitudinem
3379 5195 3775 5257 peccatorum,

2192 5277 2485 5346 hospitales
2509 5277 2739 5332 invicem
2763 5278 2880 5332 sine
2901 5292 3115 5331 murmu
3126 5276 3351 5332 ratione.
3370 5277 3774 5347 Unusquisque,

2192 5370 2333 5425 sicut
2357 5369 2568 5438 accepit
2610 5368 2861 5438 gratiam,
2887 5368 2939 5422 in
2985 5367 3304 5423 alterutrum
3342 5368 3487 5423 illam
3539 5368 3775 5423 admini-

2194 5469 2449 5524 strantes,
2478 5460 2621 5515 sicut
2663 5459 2787 5514 boni
2803 5459 3204 5529 dispensatores
3225 5458 3573 5514 multiformis
3590 5459 3778 5529 gratiae

2194 5554 2330 5617 Dei;
2366 5555 2411 5608 si
2448 5553 2571 5625 quis
2614 5552 2854 5621 loquitur
2907 5552 3062 5623 quasi
3110 5566 3389 5607 sermones
3418 5550 3533 5615 Dei,
3567 5550 3611 5604 si
3657 5552 3778 5619 quis

2196 5646 2468 5700 ministrat
2529 5653 2784 5714 tanquam
2834 5658 2902 5698 ex
2963 5643 3165 5697 virtute
3217 5658 3379 5712 quam
3430 5642 3777 5696 administrat

2194 5735 2357 5801 Deus,
2400 5735 2531 5789 utin
2553 5734 2803 5791 oumibus
2829 5733 3215 5789 bonoriﬁcctur
3244 5733 3402 5797 Deus,
3452 5745 3547 5801 per
3596 5729 3775 5785 Jesum

2196 5826 2492 5893 Christum,
2524 5826 2610 5883 cui
2641 5834 2722 5882 est
2746 5825 2913 5895 gloria
2943 5832 2997 5880 et
3038 5825 3328 5894 imperium
3359 5823 3412 5880 in
3441 5822 3638 5880 Stecula
3680 5836 3776 5878 sm-

2199 5917 2461 5974 culorum.
2486 5918 2655 5974 Amen
2684 5916 2736 5990 (1
2768 5917 2911 5972 Petr.
2940 5933 3016 5983 tv,
3049 5914 3123 5985 ἲ).
3154 5935 3172 5967 ι
