4012 6436
232 460 287 516 ει
598 519 603 524 ,
1453 458 1941 519 DECRETALIUM
1977 459 2378 520 COLLECTIO.
3410 465 3480 522 89

865 709 1415 790 INCIPIUNT
1478 710 1933 788 DECRETA
1998 710 2473 795 EVABISTI
2533 711 2841 791 PAP/E.

222 889 302 951 De
326 886 729 952 ordinatione
757 887 1168 951 diaconorum
1204 894 1258 948 et
1294 886 2169 1029 ιρρίιἱιηοαῖιρῖηῇιιέῗξὲἧᾶἒέᾳηο
2214 884 2286 948 de
2318 886 2437 968 ﬁde
2485 895 2540 949 et
2575 906 2703 949 non
2751 887 3138 970 injuriandis
3172 888 3482 971 episcopis

1563 984 2080 1031 auttaceranats.

982 1136 1098 1202 (llic
1115 1138 1355 1188 successit
1378 1133 1613 1185 Anacleto
1631 1148 1755 1186 anno
1772 1133 1965 1187 Domini
1991 1136 2094 1199 llo,
2121 1136 2214 1187 sub
2228 1134 2433 1200 Trajano
2457 1138 2795 1203 imperatore.)

274 1393 653 1451 Dilectissimis
697 1391 957 1449 fratribus
1000 1389 1268 1447 universis
1313 1388 1508 1446 Africa:
1546 1391 1788 1463 "regionis
1815 1395 1864 1455 Α
1893 1392 2018 1448 Haec
2045 1400 2240 1448 cuncta
2261 1393 2536 1449 recitanda
2565 1409 2665 1466 per
2690 1408 2879 1450 omnes
2908 1393 3177 1452 Ecclesias
3200 1396 3480 1457 Africanas

212 1486 464 1557 episcopis
489 1484 820 1540 EVARISTUS.

271 1578 693 1635 Consuleutibus
715 1577 888 1643 vobis,
914 1576 1111 1633 fratres
1131 1576 1457 1640 cbarissimi,
1483 1577 1610 1646 quid
1631 1592 1793 1648 super

212 1669 303 1733 his,
326 1685 444 1741 qua:
466 1668 523 1723 in
538 1660 1180 1724 vestris’continebantur
1199 1666 1413 1737 scriptis
1433 1666 1603 1721 visum
1628 1675 1789 1731 esset,

210 1759 281 1814 vel
306 1760 431 1829 quid
460 1760 663 1816 docilis
704 1759 843 1816 ratio
880 1759 1253 1830 persuaderet.
1288 1767 1380 1815 aut
1402 1758 1528 1829 quid
1558 1773 1589 1812 a
1618 1758 1791 1814 beatis

211 1850 448 1923 apostolis
478 1852 645 1907 nobis
684 1851 962 1915 traditum,
988 1859 1082 1905 aut
1109 1851 1435 1906 custoditum
1463 1863 1805 1914 remaneret,,

208 1949 437 2012 optantes
463 1944 556 2012 (ut.
591 1941 873 2011 retulistis)
894 1936 1101 1996 nostris
1124 1942 1330 1997 institui
1359 1941 1705 1997 documentis.
1734 1941 1789 1996 Si

209 2031 405 2103 quidem
432 2031 665 2089 dilectio
682 2042 860 2088 Vestra
884 2046 1128 2088 normam
1150 2043 1334 2089 secuta
1358 2033 1698 2104 prudentium
1723 2032 1791 2088 ad

210 2128 370 2197 sedem
411 2127 785 2199 Apostolicam
823 2125 1027 2183 referre
1058 2124 1273 2191 maluit,
1319 2125 1473 2195 quasi
1505 2124 1572 2179 ad
1609 2131 1789 2195 caput,

209 2218 319 2289 quid
345 2219 578 2274 deberet
606 2219 671 2274 de
701 2217 863 2274 rebus
893 2216 1069 2273 dubiis
1099 2216 1373 2273 custodire
1418 2216 1595 2287 potius
1628 2229 1789 2286 quam

210 2309 544 2379 usurpatione
574 2322 922 2378 prtesumere.

463 2398 550 2454 De
583 2400 916 2455 ordinatione
938 2406 1129 2468 septem
1156 2382 1517 2452 diaconorum.

267 2494 473 2550 Diaconi
509 2493 635 2565 (qui
662 2492 815 2563 quasi
848 2492 988 2547 oeuli
1020 2492 1271 2548 videntur
1298 2505 1415 2546 esse
1451 2489 1710 2562 episcopi)
1735 2490 1788 2545 in

209 2599 505 2656 unaquaque
539 2585 762 2641 civitate
784 2584 939 2654 juxta
966 2580 1334 2654 apostolorum
1374 2580 1667 2637 constituta
1706 2593 1792 2634 se-

210 2686 331 2747 ptem
358 2677 569 2734 debent
594 2691 715 2732 esse
735 2718 750 2739 ,
783 2676 874 2746 qui
906 2674 1215 2732 custodiant
1242 2672 1550 2744 episcopum
1588 2670 1785 2743 praedi-

1893 1485 2092 1556 scripta
2119 1484 2349 1557 dirigite,
2390 1495 2444 1540 et
2470 1486 2589 1542 istis
2621 1486 2945 1550 connectite,
2976 1500 3113 1557 quas
3139 1486 3482 1557 adiunximus

1891 1572 2101 1630 litteras
2125 1573 2509 1644 perfectorum,
2541 1584 2601 1630 ut
2630 1575 2697 1631 de
2727 1576 2813 1631 his
2840 1591 2960 1646 qua:
2984 1577 3167 1647 inique
3193 1578 3483 1636 laudantur

1894 1663 2103 1734 (siquid
2128 1665 2233 1720 tale
2254 1667 2471 1735 probari
2493 1667 2715 1739 poterit)
2736 1668 2999 1739 judicium
3032 1669 3147 1734 flat,
3167 1678 3223 1725 et
3254 1670 3482 1727 inhibita

1892 1764 2264 1823 coerceantur,
2313 1766 2367 1813 et
2411 1760 2684 1829 praeterita
2723 1761 2887 1827 mala,
2912 1770 2968 1817 et
2992 1762 3176 1817 illicita
3209 1762 3480 1836 conjugia,

1892 1848 1934 1901 si
1964 1846 2262 1902 doceantur
2283 1848 2541 1916 admissa,
2571 1850 2732 1920 digna
2776 1852 3066 1908 severitate
3094 1854 3479 1922 corripiantur.

1897 1936 1968 1992 De
1989 1947 2186 1993 cietero
2215 1955 2346 1995 vero
2372 1946 2668 1997 caveantur
2696 1943 2821 1999 talia
2855 1958 2952 2014 per
2974 1957 3163 1999 omnes
3186 1943 3479 2010 Ecclesias,

1892 2042 1959 2084 ne
1993 2030 2249 2087 Ecclesiae
2284 2033 2545 2088 sanctitas
2567 2048 2664 2104 per
2693 2044 2933 2090 nostram
2964 2034 3187 2108 fatigata
3212 2036 3483 2107 negligen-

1893 2120 2046 2185 tiam,
2075 2121 2269 2191 perdat
2296 2121 2574 2194 privilegia
2602 2137 2722 2194 qua:
2748 2132 2826 2179 est
2856 2139 2952 2195 per
2981 2124 3123 2180 viros
3147 2124 3483 2181 venerabiles

1892 2221 2202 2269 consecuta.

1963 2304 2039 2359 De
2065 2305 2314 2361 his-vero
2341 2306 2633 2377 quibus‘ab
2675 2306 3084 2367 insidiatoribus
3138 2303 3438 2378 fatigamini
3462 2346 3479 2373 ,

1889 2399 2031 2452 unde
2088 2406 2143 2453 et
2181 2413 2278 2453 nos
2325 2399 2638 2465 consulere,
2693 2408 2748 2455 ct
2790 2414 2819 2454 a
2865 2399 3021 2454 nobis
3074 2399 3295 2461 edoceri
3339 2400 3483 2455 inter

1890 2497 2085 2544 uetera
2113 2488 2465 2553 voluistis,eo
2478 2490 2621 2560 quod
2649 2491 2754 2545 sint
2785 2491 3003 2560 quidam
3030 2490 3120 2560 qui
3148 2490 3484 2545 arbitrantur

1890 2577 1957 2631 de
1982 2576 2140 2632 Patre
2170 2578 2286 2632 solo
2332 2578 2531 2634 dictum
2556 2593 2713 2646 esse,
2772 2580 2897 2650 quia
2958 2580 3074 2650 ipse
3118 2580 3263 2635 solus
3314 2581 3484 2635 habet

1890 2667 2349 2724 immortalitatem
2378 2680 2433 2726 et
2461 2670 2633 2726 lucem
2666 2670 2871 2725 habitat
2895 2671 3321 2727 inaccessibilem
3341 2712 3356 2738 ,
3405 2673 3480 2728 ita
3511 2661 3517 2667 ’

209 2741 432 2850 cantem,
454 2783 532 2823 ne
560 2775 653 2823 aut
680 2741 897 2838 ipse—ab
933 2741 1337 2820 insidiatoribus
1375 2741 1605 2832 quoqro
1627 2761 1787 2815 modo
1817 2741 1863 2800 Β
1892 2773 1986 2814 eos
2011 2760 2320 2829 apostolicis
2346 2764 2611 2831 percutite
2635 2762 2840 2829 ferulis,
2865 2775 2921 2819 et
2949 2765 3145 2821 divinis
3173 2765 3481 2834 redarguite

211 2857 486 2926 infestetur,
527 2868 624 2914 aut
665 2858 894 2915 laedatur
922 2872 951 2911 a
992 2855 1125 2921 suis,
1167 2862 1259 2909 aut
1289 2851 1453 2909 verba
1484 2852 1665 2908 divina
1697 2853 1789 2909 de—
1888 2852 2204 2921 prteceptis:
2244 2852 2358 2908 Non
2405 2854 2547 2909 enim
2592 2855 2738 2911 solus
2782 2856 2944 2912 Pater
2985 2858 3103 2913 sine
3140 2857 3278 2912 Filio
3304 2857 3479 2913 lucem

212 2950 442 3006 trahendo
494 2957 600 3005 aut
643 2949 952 3005 insidiando
981 2946 1319 3019 polluantur,
1363 2944 1448 3000 vel
1482 2944 1786 3015 despician-
1888 2943 2318 2999 inaccessibilem
2344 2946 2585 3012 habitat,
2626 2948 2750 3017 quia
2780 2948 2868 3003 ubi
2896 2947 3059 3005 Pater
3083 2957 3193 3014 est,
3221 2949 3292 3006 ibi
3314 2950 3479 3004 etiam

215 3050 296 3106 tur,
322 3043 408 3098 sed
435 3043 650 3115 veritas
680 3039 1215 3114 spiritualiredoleat
1240 3039 1478 3101 fervore,
1512 3052 1616 3108 pax
1652 3052 1794 3109 prae-

210 3131 359 3190 dicata
393 3130 562 3189 labiis
586 3133 752 3187 animi
783 3147 907 3188 cum
930 3130 1211 3185 voluntate
1232 3125 1546 3184 concordet.

656 3222 735 3277 De
776 3221 896 3293 conj
903 3222 1021 3291 ugio
1066 3218 1314 3289 legitimo.
1478 3216 1491 3229 ί

266 3313 524 3372 Similiter
543 3315 871 3371 custoditum
894 3322 947 3368 et
976 3311 1231 3368 traditum
1261 3307 1544 3375 habemus,
1568 3317 1626 3363 ut
1648 3324 1788 3364 uxor

209 3402 414 3476 legitime
453 3407 584 3461 viro
608 3406 889 3476 jungatur.
915 3402 1087 3458 Aliter
1125 3401 1270 3457 enim
1313 3398 1635 3472 legitimum,
1669 3407 1785 3454 uta

210 3495 429 3555 Panibus
451 3498 793 3569 accepimus,
817 3506 871 3552 et
895 3510 925 3549 a
957 3496 1158 3552 sanctis
1182 3494 1462 3567 apostolis,
1492 3507 1787 3561 eorumque

210 3591 596 3647 successoribus
626 3589 885 3644 traditum
910 3629 923 3653 ,
976 3588 1302 3654 invenimus,
1345 3602 1452 3642 non
1502 3584 1561 3639 fit
1596 3583 1783 3653 conju-

211 3681 350 3750 gium,
382 3685 486 3739 nisi
521 3682 591 3737 ab
628 3682 714 3737 his
744 3682 837 3752 qui
867 3695 1027 3751 super
1063 3680 1232 3750 ipsam
1258 3677 1513 3733 feminam
1541 3674 1787 3729 domina-

211 3776 383 3831 tionem
409 3777 672 3833 videntur
693 3776 916 3841 habere,
943 3784 999 3829 et
1024 3790 1054 3829 a
1077 3773 1272 3842 quibus
1298 3770 1619 3833 custoditur,
1650 3782 1787 3822 uxor

211 3864 415 3933 petatur,
450 3876 514 3924 et
544 3883 575 3922 a
605 3866 919 3937 parentibus
949 3873 1042 3919 aut
1064 3861 1539 3935 propinquioribus
1560 3873 1782 3931 sponse-

209 3964 299 4020 tur,
323 3967 375 4013 et
413 3958 633 4030 legibus
660 3956 837 4021 detur,
866 3966 922 4010 et
943 3972 1041 4011 suo
1087 3965 1325 4025 tempore
1352 3952 1779 4017 sacerdotaliter,

212 4055 261 4101 ut
279 4063 383 4106 mos
408 4058 520 4115 est,
539 4063 662 4106 cum
691 4046 944 4118 precibus
976 4055 1032 4100 et
1071 4044 1431 4101 oblationibus
1454 4061 1482 4098 a
1505 4045 1785 4101 sacerdote

210 4134 554 4205 benedicatur,
584 4147 640 4194 et
663 4154 691 4192 a
718 4136 1120 4210 parauymphis,
1148 4144 1207 4191 ut
1237 4136 1568 4191 consuetudo
1600 4136 1776 4200 docet,

208 4234 443 4289 custodita
476 4242 533 4290 et
563 4232 767 4288 sociata
804 4247 835 4285 a
863 4230 1127 4302 proximis
1154 4239 1396 4300 tempore
1421 4242 1660 4300 congruo
1681 4243 1777 4297 pe-

209 4319 291 4395 tita
310 4320 511 4395 legibus
552 4323 733 4389 detur,
759 4330 813 4379 et
843 4322 1160 4378 solemniter
1187 4321 1506 4392 accipiatur,
1538 4328 1593 4373 et
1615 4319 1779 4373 biduo

208 4394 454 4473 vel'triduo
470 4415 811 4473 orationibus
836 4423 1025 4471 vacent
1045 4422 1101 4469 et
1120 4415 1426 4471 castitatem
1442 4413 1685 4468 custodia
1695 4420 1774 4477 ut,

208 4512 259 4558 ut
279 4504 421 4563 bona:
460 4507 677 4563 soboles
723 4515 1070 4579 generentur,
1108 4514 1162 4560 et
1202 4505 1429 4560 Domino
1469 4505 1523 4559 in
1568 4505 1780 4560 actibus

210 4596 304 4653 suis
324 4600 588 4671 placeant.
627 4598 832 4654 Taliter
866 4598 1011 4653 enim
1040 4606 1097 4653 et
1126 4599 1354 4655 Domino
1390 4596 1697 4670 placebunt,
1724 4607 1780 4653 et

210 4683 327 4742 ﬁlios
349 4707 450 4746 non
483 4690 721 4761 spnrios,
752 4688 848 4744 sed
875 4688 1168 4761 legitimos,
1192 4698 1353 4759 atque
1387 4689 1780 4745 ltaareditabiles

211 4782 536 4846 generabant.
581 4781 945 4851 Quapropter,
996 4780 1090 4835 lilii
1134 4780 1466 4845 cbarissimi,
1499 4790 1553 4835 et
1585 4783 1778 4835 merito

211 4867 418 4930 illustres
456 4873 564 4929 ﬁde
593 4873 862 4928 catholica
904 4870 1259 4944 suﬂ‘ragante,
1296 4872 1369 4926 ita
1400 4881 1617 4943 peracta
1646 4872 1777 4942 legi-

212 4960 319 5016 tima
345 4965 537 5021 scitote
581 4980 704 5020 esse
747 4961 1018 5034 coniugia.
1065 4964 1237 5019 Aliter
1278 4978 1407 5019 vero
1453 4973 1778 5033 praesumpta

210 5065 299 5106 non
325 5057 586 5129 conjugis,
612 5056 707 5112 sed
724 5065 818 5110 aut.
844 5055 1141 5122 adulteria,
1166 5066 1255 5109 aut
1280 5054 1631 5111 contubernia
1649 5096 1663 5120 ,
1686 5066 1780 5111 aut

211 5153 391 5215 stupra,
419 5149 500 5204 vel
531 5148 921 5206 fornicationes
953 5148 1134 5219 potius
1170 5163 1334 5219 quam
1368 5148 1605 5220 legitima
1643 5163 1777 5203 con-

207 5233 335 5305 jugia
356 5254 471 5296 esse
501 5257 608 5297 non
633 5241 911 5306 dubitate,
933 5238 1037 5294 nisi
1064 5238 1313 5293 voluntas
1338 5238 1557 5309 propria
1587 5236 1782 5292 sufl‘ra-

212 5339 318 5394 gata
345 5330 501 5390 fuerit
529 5344 586 5390 et
614 5345 737 5391 vota
767 5334 1140 5392 succurrerint
1166 5333 1425 5404 legitima.
1459 5331 1595 5387 Nam
1666 5330 1780 5385 fru-

1885 3033 2079 3089 Filium
2106 3050 2225 3090 esse
2249 3036 2588 3093 indubitabili
2621 3038 2727 3093 fide
2756 3040 3082 3095 credendum
3127 3048 3239 3106 est;
3273 3055 3398 3094 nam
3434 3040 3481 3095 si

1886 3125 2034 3183 solus
2063 3126 2233 3183 Pater
2249 3129 2367 3183 sine
2390 3128 2526 3184 Filio
2549 3130 2715 3200 (quod
2736 3131 2918 3187 dicere
2957 3131 3110 3187 nefas
3155 3133 3256 3201 est)
3304 3128 3478 3186 lucem

1886 3216 2093 3274 habitat
2121 3219 2571 3288 inaccessibilem,
2606 3236 2829 3279 necesse
2863 3233 2946 3280 est
2974 3232 3035 3280 ut
3079 3232 3476 3295 sequestratam

1886 3307 2094 3363 Patera
2123 3309 2259 3365 Filio
2308 3311 2507 3368 habeat
2548 3315 2916 3382 mansionem;
2968 3314 3111 3386 quod
3147 3314 3203 3370 .si
3256 3314 3330 3369 ita
3358 3323 3476 3380 est,

1886 3417 2120 3471 quonam
2149 3403 2309 3459 modo
2335 3403 2475 3460 idem
2499 3405 2666 3462 Filius
2685 3408 2751 3461 ad
2781 3409 3062 3463 dexteram
3092 3407 3268 3462 Patris
3292 3415 3478 3462 astans

1886 3511 1915 3548 a
1942 3495 2100 3551 beato
2126 3506 2367 3568 martyre
2404 3497 2680 3569 Stephano
2711 3500 2911 3554 dicitur
2934 3500 3211 3571 conspici,
3245 3500 3291 3565 si
3316 3498 3481 3553 Pater

1885 3589 2177 3644 secundum
2206 3606 2301 3646 eos
2323 3590 2471 3646 solus
2496 3592 2694 3645 dicitur
2732 3592 2953 3646 sedibus
2996 3592 3131 3661 lucis
3178 3585 3470 3649 contineri.

1885 3680 2041 3737 Absit
2063 3681 2169 3738 hoc
2199 3697 2229 3737 a
2261 3697 2422 3738 sensu
2454 3682 2688 3738 fidelium
2718 3681 2937 3739 Christo
2993 3683 3047 3737 in
3088 3683 3298 3738 unitate
3352 3684 3476 3738 fidei

1887 3773 2314 3841 adhaerentium,
2372 3775 2629 3847 quoniam
2663 3776 2806 3832 sicut
2835 3792 2942 3832 non
2987 3776 3141 3832 obest
3184 3776 3322 3832 Filio
3351 3791 3476 3833 cum

1887 3866 2034 3922 solus
2061 3867 2257 3923 dicitur
2303 3867 2468 3925 Pater
2509 3869 2683 3925 lucem
2718 3867 3146 3924 inaccessibilem
3194 3867 3475 3935 habitare,

1890 3958 1960 4012 ita
1994 3973 2101 4012 non
2135 3959 2291 4014 obest
2315 3958 2465 4014 Patri
2506 3975 2628 4016 cum
2657 3960 2920 4030 sapientia
2941 4001 2954 4025 ,
2996 3974 3117 4029 qua:
3154 3967 3239 4015 est
3269 3958 3472 4023 Filius,

1890 4047 2089 4102 dicitur
2108 4063 2301 4119 gyrum
2328 4049 2452 4105 αωΙὶ
2485 4048 2599 4105 sola
2629 4050 2887 4115 circuire;
2920 4049 3084 4105 Pater
3111 4050 3327 4120 itaque,
3352 4066 3473 4105 cum

1884 4140 1956 4193 sit
2016 4140 2298 4196 invisibilis
2350 4149 2407 4195 et
2448 4140 2720 4211 ingenitus
2778 4142 2833 4196 in
2891 4156 2983 4207 se,
3037 4143 3091 4197 in
3140 4140 3277 4196 Filio
3326 4142 3475 4197 visus

1881 4229 2122 4300 Apostoli
2152 4231 2462 4286 testimonio
2490 4234 2895 4304 comprobatur,
2943 4241 2998 4287 et
3048 4234 3101 4288 in
3155 4232 3294 4286 Filio
3338 4247 3367 4285 a
3416 4246 3475 4287 se

1883 4322 2321 4378 inenarrabiliter
2346 4324 2529 4395 genito
2555 4327 2817 4381 mansisse
2851 4341 2916 4380 ac
2959 4325 3291 4396 requievisse
3323 4338 3476 4378 mon-

1883 4423 2108 4481 stratur,
2137 4416 2256 4485 ipso
2285 4415 2423 4472 Filio
2454 4416 2505 4470 in
2531 4417 2791 4487 propheta
2839 4417 3134 4488 loquente:
3174 4436 3192 4468 ‹
3238 4416 3337 4484 Qui
3388 4431 3476 4471 me

1882 4507 2099 4577 genuit,
2135 4507 2403 4577 requievit
2458 4508 2510 4562 in
2542 4509 2893 4564 tabernaculo
2944 4526 3065 4564 meo
3088 4507 3279 4581 (Eccli.
3309 4524 3472 4571 xxw,

1884 4594 2004 4665 19.);
2037 4615 2056 4648 ι
2091 4597 2227 4653 etin
2258 4597 2589 4668 Evangelio:
2630 4617 2648 4649 ε
2678 4598 2838 4656 Pater
2866 4600 2919 4656 in
2953 4616 3039 4656 me
3083 4615 3309 4655 manens
3345 4598 3476 4655 facit

1880 4705 2043 4760 opera
2080 4691 2195 4746 hinc
2228 4692 2407 4761 (Ioan.
2441 4708 2563 4758 xiv,
2589 4692 2700 4762 l0),
2725 4711 2742 4741 ο
2772 4700 2848 4757 et,
2882 4712 2900 4743 ι
2934 4693 3105 4747 Deum
3135 4705 3295 4746 nemo
3341 4690 3477 4745 vidit

1882 4797 2154 4853 unquam,
2207 4785 2310 4840 nisi
2360 4785 2669 4855 unigenitus
2714 4783 2882 4839 Filius
2912 4785 3001 4853 qui
3021 4792 3103 4838 est
3128 4784 3179 4836 in
3208 4783 3328 4837 sinu
3370 4781 3475 4836 Pa-

1882 4874 1981 4928 tris
2009 4871 2189 4944 (Joau.
2241 4873 2449 4945 1,18);
2490 4893 2508 4926 ι
2552 4875 2595 4928 si
2657 4874 2801 4928 enim
2862 4874 2915 4927 in
2966 4873 3084 4926 sinu
3131 4871 3307 4924 Patris
3356 4879 3476 4925 erat

1881 4962 2051 5018 Filius
2084 4965 2152 5019 ab
2182 4965 2337 5020 initio
2358 5005 2373 5029 ,
2404 4973 2459 5020 et
2487 4978 2553 5017 ex
2588 4965 2751 5020 corde
2779 4946 2958 5018 Patris
3002 4962 3223 5016 verbum
3272 4962 3472 5016 bonum

1880 5065 2183 5112 eructatum
2217 5063 2322 5121 est,
2356 5054 2627 5126 quomodo
2653 5071 2758 5109 non
2791 5055 2843 5107 in
2885 5053 3050 5107 corde
3077 5061 3304 5122 paterno
3344 5067 3476 5106 con-

1882 5147 2081 5200 sistens
2110 5144 2284 5200 lucem
2314 5160 2436 5199 cum
2477 5144 2667 5199 eodem
2726 5142 3150 5198 inaccessibilem
3203 5141 3476 5197 habitasse

1882 5235 2182 5291 credendus
2200 5236 2324 5290 est?
2352 5234 2605 5305 Nunquid
2652 5232 2817 5288 Pater
2842 5234 3047 5303 absque
3092 5232 3199 5287 ulla
3245 5233 3366 5287 luce
3420 5233 3474 5285 in

1883 5329 2022 5384 Filio
2044 5328 2220 5398 potuit
2276 5342 2659 5390 commancre,
2716 5334 2811 5379 aut
2852 5326 2904 5381 in
2956 5326 3319 5415 tabernaculq
3353 5324 3473 5379 Filii

214 5427 316 5475 ctus
334 5423 540 5482 divinus
565 5435 648 5482 est
693 5436 962 5498 praecepta
989 5426 1167 5480 divina
1198 5424 1489 5480 custodire.
1539 5423 1613 5478 Ea
1643 5439 1776 5494 quo-
1804 5439 1854 5498 ι)
1882 5421 1999 5476 sine
2022 5420 2208 5476 eadem
2236 5420 2411 5490 potuit
2441 5418 2777 5488 requiescere
2798 5459 2812 5482 ,
2836 5433 2958 5472 cum
2982 5417 3121 5471 idem
3153 5415 3321 5470 Filius
3347 5430 3477 5469 can-

214 5520 304 5576 que
326 5512 571 5572 deserere
597 5516 1077 5587 praesumptionem
1108 5516 1226 5571 fieri
1258 5514 1387 5569 nulli
1417 5515 1636 5570 dubium
1668 5523 1771 5570 est.

214 5601 309 5657 Cur
340 5622 462 5679 ergo
493 5611 771 5682 indignum
793 5619 872 5665 est
897 5611 1161 5664 unitatem
1185 5607 1441 5664 Ecclesia:
1469 5607 1727 5663 custodiri
1752 5608 1775 5665 ?.

215 5691 441 5769 idemque
457 5718 645 5759 omnes
658 5704 859 5773 pariter
873 5711 931 5757 et
943 5700 1257 5765 sentiamus,
1273 5708 1327 5755 et
1339 5700 1771 5770 pronuntiemus.

217 5781 265 5839 Si
284 5790 415 5845 enim
442 5793 596 5851 aliter
626 5802 953 5866 prmsumpta
979 5793 1200 5857 fuerint,
1244 5793 1479 5863 perdunt
1528 5790 1772 5861 profecto

221 5878 303 5945 Ipsi
319 5893 736 5959 transgressores
756 5885 962 5957 seipsos
980 5884 1104 5956 quia
1128 5883 1447 5955 semctipsos
1474 5882 1768 5955 decipiunt.

1876 5513 1976 5569 dor
2005 5511 2077 5567 sit
2124 5521 2339 5566 aeternae
2370 5510 2536 5575 lucis,
2581 5518 2636 5564 et
2666 5508 2943 5579 speculum
2983 5510 3098 5564 sine
3128 5505 3334 5561 macula
3365 5506 3476 5560 dei-

1880 5606 2004 5660 tatis
2020 5646 2034 5669 ,
2064 5619 2223 5674 quam
2254 5602 2508 5657 Salomon
2525 5617 2688 5672 super
2704 5601 2934 5657 salutem
2956 5615 3106 5655 suam
3139 5598 3395 5653 dilexisse
3416 5612 3475 5651 se

1878 5698 2031 5764 dicit,
2064 5698 2116 5752 in
2144 5695 2296 5765 cujus
2319 5710 2469 5766 spem
2501 5710 2714 5767 semper
2739 5693 2994 5751 delectari
3021 5691 3271 5764 gestivit:
3313 5704 3475 5759 super

1880 5792 2109 5849 salutem
2154 5798 2209 5844 et
2244 5804 2393 5861 spem
2431 5788 2673 5862 (inquit)
2712 5786 2875 5843 dilexi
2915 5785 3096 5849 illam,
3142 5789 3198 5838 et
3237 5796 3339 5852 pro.
3357 5780 3476 5836 luce

1876 5885 2129 5957 proposui
2163 5884 2365 5940 habere
2417 5897 2534 5939 eam
2558 5923 2572 5951 ,
2613 5881 2866 5954 quoniam
2922 5873 3360 5946 inexstinguibile
3389 5882 3475 5929 est
