4012 6432
477 323 546 378 £5
1272 317 1557 374 APPEND.
1597 316 1688 370 Al)
1721 313 1895 369 SEC.
1936 312 2025 368 IX.
2068 343 2136 353 —
2173 308 2422 367 lSlDORl
2463 308 2898 366 MERCATOBIS
3671 305 3736 363 ει

476 434 660 488 lumen
690 429 821 502 ejus.
860 430 1007 488 lianc
1033 423 1163 503 ergo
1192 432 1357 486 David
1406 432 1661 503 propheta
1694 430 1865 486 lucem
1911 428 2052 484 desi-
2082 436 2124 493 Α
2161 445 2179 478 ι
2212 427 2266 481 Si
2294 428 2654 483 testimonium
2690 430 2833 483 enim
2882 427 3159 484 hominum
3209 427 3533 498 accipimus,
3588 432 3737 485 testi-

478 525 678 580 derans
713 523 906 577 anxius
939 523 1272 594 prorlamat,
1319 523 1536 578 dicens:
1575 540 1594 573 ι
1649 521 1845 575 Emitte
1878 519 2050 575 lucem

483 625 627 670 tuam
663 625 717 672 et
738 617 1018 671 veritatem
1049 624 1194 670 tuam
1245 614 1418 686 (Psal.
1470 631 1612 680 XLII,
1652 613 1744 683 5),
1780 632 1799 666 ι
1843 622 1900 668 et
1956 614 2054 669 ite-

479 721 634 760 rum:
668 724 688 758 ι
723 706 777 760 1η
800 704 1000 760 lumine
1028 714 1119 760 tuo
1149 706 1449 761 videbimus
1476 705 1655 758 lumen
1681 701 1853 775 (Psal.
1887 719 2051 775 “xv,

479 796 592 868 te).
630 815 649 848 ι
702 796 757 850 ln
799 794 956 864 hujus
992 796 1155 867 igitur
1205 795 1426 851 luminis
1469 774 1713 850 claritate
1750 794 1920 849 Filius
1962 774 2052 848 se.-

478 887 652 958 ipsum
690 888 741 943 in
799 896 979 942 monte
1009 887 1180 942 tribus
1226 886 1501 956 discipulis
1560 886 1937 957 praeostendit,
1963 885 2055 954 qui

479 987 623 1032 metu
651 978 840 1032 mortis
866 978 1139 1048 perterriti
1158 1019 1171 1039 ,
1210 978 1575 1048 prostratique
1605 978 1658 1031 in
1692 976 1879 1032 faciem
1899 1018 1913 1042 ,
1954 977 2055 1032 sibi

475 1068 599 1122 vita:
625 1068 784 1123 linem
809 1070 999 1124 adesse
1020 1079 1334 1124 senserunt:
1364 1070 1517 1133 hanc,
1538 1070 1780 1140 inquam,
1802 1069 1977 1124 lucem
2002 1069 2055 1123 in

477 1171 537 1211 se
578 1156 744 1212 fuisse
773 1157 1152 1214 demonstrans
1189 1159 1358 1213 Filius
1397 1160 1798 1230 proclamabat,
1827 1167 1881 1214 et
1904 1170 1966 1214 ut
2002 1160 2057 1215 in

477 1246 664 1300 eadem
710 1247 1041 1303 incederent.
1075 1248 1368 1320 discipulos
1402 1250 1764 1318 prarmonebat
1796 1267 1809 1302 :
1847 1268 1867 1301 ι
1921 1252 2057 1305 Dum

382 1402 383 1405 η
475 1336 649 1391 lucem
681 1338 895 1393 habetis
917 1338 1158 1411 (inquit),
1183 1339 1453 1394 ambulate
1476 1340 1528 1395 in
1554 1339 1725 1395 lucem
1750 1338 1933 1409 (Joau.
1958 1322 2058 1405 xu,

477 1426 606 1498 55);
651 1447 671 1481 ι
704 1437 760 1483 ει
785 1429 1012 1484 iterum:
1063 1448 1081 1481 ι
1104 1431 1214 1501 Ego
1244 1446 1362 1486 sum
1390 1430 1479 1486 lux
1508 1432 1715 1487 mundi.
1745 1432 1843 1499 Qui
1876 1431 2060 1501 sequi-

484 1527 574 1572 tur
602 1533 688 1573 me
714 1533 820 1574 non
849 1520 1088 1576 ambulat
1121 1521 1173 1575 in
1213 1523 1469 1593 tenebris,
1497 1524 1592 1579 sed
1618 1523 1838 1579 habebit
1880 1524 2059 1579 lumen

474 1607 600 1661 vitae
625 1616 840 1665 aeterna:
863 1610 1044 1680 (Joan.
1063 1627 1188 1677 vm,
1215 1612 1334 1685 12);
1360 1633 1378 1665 ι
1405 1596 1459 1667 et
1488 1613 1815 1685 evangelista
1840 1628 1855 1667 :
1886 1632 1906 1665 σ
1933 1615 2065 1669 Erat

476 1701 569 1756 lux
599 1718 724 1758 vera
748 1744 763 1765 ,
809 1705 913 1768 ait,
961 1720 1081 1774 qua:
1110 1705 1377 1761 illuminat
1403 1722 1617 1763 onmem
1660 1707 1933 1763 hominem
1964 1722 2059 1762 ve-

2156 521 2393 576 monium
2416 520 2506 575 Dei
2541 520 2712 590 majus
2737 529 2821 576 est
2843 538 2856 574 :
2877 520 3127 589 quoniam
3146 521 3248 576 hoc
3266 530 3348 577 est
3372 521 3737 576 testimonium

2157 611 2250 665 Dei
2282 611 2421 680 quod
2472 610 2646 678 majus
2690 619 2801 676 est,
2834 612 2959 681 quia
3014 612 3326 668 testiﬁcatus
3363 622 3446 669 est
3480 613 3548 669 de
3602 613 3738 669 Filio

2156 716 2273 757 suo.
2305 702 2407 770 Qui
2454 701 2625 757 credit
2662 702 2715 756 in
2758 700 2953 756 Filium
3000 702 3123 766 Dei,
3164 702 3326 758 habet
3371 703 3735 759 testimonium

2156 793 2252 848 Dei
2278 793 2328 847 in
2352 792 2553 862 se;qni
2577 807 2683 847 non
2708 793 2881 847 credit
2923 792 2976 846 in
3014 791 3209 848 Filium
3249 794 3561 849 mendacem
3611 793 3740 848 facit

2157 897 2300 948 eum,
2333 884 2457 953 quia
2487 897 2592 937 non
2640 883 2815 940 credit
2867 884 2920 937 in
2973 884 3337 939 testimonium
3366 884 3507 955 quod
3540 886 3737 940 testiﬁ-

2156 983 2311 1030 catus
2337 982 2421 1029 est
2450 973 2588 1030 Deus
2623 974 2688 1029 de
2709 973 2846 1028 Filio
2869 988 2985 1028 suo.
3015 974 3082 1029 Et
3111 974 3214 1030 hoc
3237 976 3604 1030 testimonium
3631 986 3735 1038 est,

2157 1067 2409 1136 quoniam
2429 1065 2591 1121 vitam
2613 1075 2868 1121 aeternam
2890 1064 3205 1122 deditnobis
3217 1065 3376 1130 Deus,
3403 1075 3457 1120 et
3485 1067 3600 1121 hzec
3628 1067 3739 1120 vita

2158 1168 2239 1215 est
2299 1159 2352 1213 in
2404 1158 2537 1215 Filio
2580 1159 2737 1230 ejus:
2777 1159 2866 1229 qui
2904 1159 3067 1214 habet
3111 1158 3336 1222 Filium,
3365 1158 3527 1212 habet
3570 1157 3737 1210 vitam

2158 1258 2441 1314 aeternam,
2463 1249 2554 1318 qui
2576 1263 2681 1303 non
2701 1249 2866 1304 habet
2885 1247 3080 1303 Filium
3108 1247 3224 1313 Dei,
3242 1263 3347 1304 non
3371 1247 3737 1303 babetvitam.

2160 1341 2287 1397 llaec
2339 1339 2519 1396 scribo
2548 1338 2717 1404 vobis,
2756 1347 2819 1395 ut
2863 1340 3048 1394 sciatis
3097 1339 3351 1409 quoniam
3375 1338 3541 1391 vitam
3573 1338 3746 1392 habe-

2161 1436 2232 1491 tis
2277 1441 2554 1498 :eternam,
2606 1431 2695 1502 qui
2742 1431 2962 1487 creditis
3002 1431 3059 1487 in
3096 1425 3316 1486 nomine
3349 1429 3468 1517 [filii
3516 1430 3631 1484 Dei.
3673 1428 3743 1483 Et

2160 1528 2279 1582 lnec
2311 1534 2395 1582 est
2437 1524 2628 1579 fiducia
2656 1540 2816 1594 quam
2848 1523 3110 1579 habemus
3146 1523 3213 1577 ad
3244 1537 3389 1586 eum,
3417 1520 3541 1591 quia
3570 1521 3745 1589 quod-

2162 1628 2374 1684 cunque
2405 1613 2718 1684 petierimus
2741 1612 3037 1668 secundum
3063 1610 3395 1666 voluntatem
3426 1607 3547 1678 ejus
3590 1608 3746 1662 audit

2163 1720 2283 1772 nos,
2313 1713 2369 1760 et
2401 1704 2601 1759 scimus
2627 1703 2754 1774 quia
2799 1702 2952 1757 audit
2977 1716 3074 1757 nos
3104 1699 3361 1772 quidquid
3405 1699 3753 1770 petierimus,

474 1792 711 1849 nientcm
753 1795 806 1849 in
836 1795 981 1851 hunc
1032 1797 1287 1852 mundum
1330 1796 1512 1868 (Joan.
1561 1815 1616 1864 ι,
1645 1796 1722 1870 9).
1779 1818 1798 1850 ›
1844 1798 1902 1854 Si
1944 1800 2060 1855 haec
2088 1787 2135 1847 Β
2163 1796 2366 1851 scimus
2388 1795 2639 1864 quoniam
2665 1796 2928 1851 habemus
2945 1793 3236 1864 petitiones
3256 1807 3391 1863 quas
3407 1790 3755 1862 postulamus

476 1878 604 1951 lux,
670 1902 790 1958 qum
841 1889 1186 1946 credentibus
1242 1892 1606 1961 promittitur,
1659 1892 1712 1946 in
1756 1891 1894 1947 Filio
1939 1906 2060 1947 esse

473 1978 754 2046 probatur,
803 1987 857 2034 et
894 1995 1017 2034 cum
1046 1989 1249 2036 azterno
1295 1990 1496 2036 mterna
1526 1997 1647 2037 esse
1682 1981 1897 2047 dicitur,
1922 1996 2057 2053 quo-

473 2068 864 2125 modoavobis
906 2072 1267 2128 inaccessibili
1316 2072 1435 2128 luce
1460 2073 1637 2129 Patris
1680 2074 1848 2131 Filius
1900 2090 2057 2144 sepa-

474 2174 647 2219 ratur.
683 2165 738 2221 Si
762 2167 903 2221 Cnim
934 2167 1100 2223 Filius
1128 2169 1270 2223 Deus
1297 2182 1460 2223 verus
1511 2177 1566 2224 et
1594 2169 1702 2223 vita
1730 2177 1930 2224 aeterna
1955 2178 2058 2235 cst,

475 2253 597 2310 sine
625 2257 788 2313 dubio
812 2258 863 2312 in
902 2258 1003 2314 hac
1056 2258 1175 2314 luce
1219 2259 1381 2314 simul
1430 2275 1552 2315 cum
1606 2259 1767 2316 Patre
1817 2261 2061 2316 habitare

478 2346 777 2403 credendus
822 2357 939 2411 est,
990 2365 1151 2419 quam
1183 2350 1362 2405 nullus
1393 2352 1551 2405 modo
1574 2360 1819 2406 nostrum
1862 2351 1915 2406 in
1959 2352 2061 2406 hoc

479 2436 695 2491 mortali
721 2452 947 2508 corpore
990 2439 1314 2495 constitutus
1356 2448 1535 2509 potest
1565 2438 1907 2509 aliquatenus
1932 2455 2062 2495 eon-

478 2527 640 2581 tueri.
674 2526 780 2582 Sed
810 2528 935 2583 dum
979 2528 1318 2599 apparuerit,
1371 2538 1499 2585 tunc
1527 2545 1653 2585 vere
1680 2530 1828 2584 illum
1860 2529 2063 2584 videbit

477 2620 635 2673 sicuti
675 2629 789 2684 est,
819 2620 911 2690 qui
953 2620 1069 2689 ejus
1097 2622 1476 2691 conspectibus
1504 2621 1668 2676 fuerit
1688 2622 1885 2691 dignus
1903 2636 2063 2691 coap-

477 2708 616 2774 tari,
642 2716 695 2762 et
724 2723 829 2763 non
876 2709 1018 2764 sicut
1062 2708 1274 2784 Moyses
1312 2710 1604 2781 caeterique
1650 2711 1924 2781 propheta:
1966 2725 2062 2780 per

476 2796 760 2868 :enigmata
790 2807 846 2855 et
870 2800 1096 2873 figuram
1118 2841 1132 2866 ,
1161 2802 1256 2857 sed
1302 2803 1473 2872 ipsam
1504 2803 1773 2859 veraciter
1813 2804 1866 2857 in
1900 2803 2059 2869 Filio,

477 2888 774 2943 secundum
833 2889 1169 2960 Apostolum,
1227 2893 1569 2948 contuehitur
1617 2892 1836 2949 deitatis
1873 2894 2062 2964 imagi-

485 2992 630 3032 nem.
680 2979 814 3035 Nam
881 2982 927 3036 si
994 2982 1137 3039 hunc
1191 2986 1576 3056 eamdemque,
1619 2986 1897 3056 prophetae
1958 2986 2060 3040 sub

478 3071 807 3138 testimonio,
845 3074 1206 3146 subsequente
1240 3091 1433 3133 sereno
1484 3078 1684 3133 mentis
1728 3078 1944 3143 intuitu,
1978 3077 2062 3132 in-

2162 1887 2228 1942 ab
2259 1902 2344 1943 eo.
2382 1886 2483 1955 Qui
2542 1886 2645 1943 scit
2703 1886 2931 1942 fratrem
2991 1902 3146 1942 suum
3182 1899 3409 1955 peccare
3459 1893 3751 1954 peccatum

2160 1993 2267 2033 non
2317 1978 2385 2033 ad
2435 1988 2686 2044 mortem,
2719 1987 2889 2048 petat,
2919 1985 2975 2032 et
3002 1976 3217 2032 dabitur
3259 1975 3309 2030 ei
3358 1974 3463 2028 vita
3495 1973 3746 2045 peccanti

2159 2086 2266 2125 non
2291 2069 2359 2124 ad
2400 2078 2648 2124 mortem.
2683 2069 2780 2124 Est
2822 2076 3102 2140 peccatum
3131 2067 3197 2122 ad
3226 2073 3482 2129 mortem,
3512 2080 3617 2118 non
3645 2078 3750 2134 pro

2162 2161 2255 2218 illo
2276 2163 2396 2218 dico
2415 2173 2474 2217 ut
2494 2158 2651 2234 roget
2666 2162 2786 2234 quis
2811 2181 2824 2217 :
2851 2160 3039 2218 Omnis
3062 2159 3317 2229 iniquitas
3334 2164 3611 2228 peccatum
3637 2163 3746 2219 est,

2161 2260 2216 2309 et
2242 2261 2325 2309 est
2348 2263 2627 2323 peccatum
2657 2254 2723 2307 ad
2755 2262 3011 2307 mortem.
3045 2249 3261 2305 Scimus
3283 2248 3410 2319 quia
3440 2246 3621 2302 omnis
3650 2244 3748 2315 qui

2162 2353 2320 2400 natus
2340 2354 2423 2400 est
2451 2360 2517 2399 ex
2539 2345 2648 2400 Deo
2675 2359 2778 2399 non
2806 2349 3020 2413 peccat,
3052 2341 3148 2396 sed
3185 2337 3464 2411 generatio
3494 2336 3591 2390 Dei
3614 2349 3753 2389 con-

2162 2446 2344 2494 servat
2380 2453 2522 2500 eum,
2559 2444 2614 2491 et
2649 2435 2915 2505 malignus
2961 2450 3066 2489 non
3118 2431 3293 2502 tangit
3330 2425 3484 2485 eum.
3528 2426 3761 2482 Scimus

2145 2529 2414 2600 quoniam
2452 2544 2519 2584 ex
2551 2529 2659 2584 Deo
2691 2542 2877 2583 sumus
2896 2537 2951 2581 et.
2986 2525 3218 2579 mundus
3251 2532 3395 2577 totus
3423 2523 3477 2577 in
3511 2519 3751 2590 maligno

2162 2619 2367 2689 positus
2389 2626 2489 2673 est.
2531 2618 2598 2673 Et
2628 2618 2830 2673 scimus
2850 2616 3103 2687 quoniam
3137 2613 3308 2669 Filius
3355 2611 3449 2666 Dei
3476 2609 3645 2672 venit,
3676 2616 3734 2662 et

2164 2710 2309 2764 dedit
2336 2709 2492 2764 nobis
2528 2723 2769 2773 sensum,
2799 2715 2858 2761 ut
2900 2720 3289 2775 cognoscamus
3310 2716 3499 2758 verum
3547 2700 3755 2762 Deum,

2164 2813 2220 2859 et
2242 2806 2410 2860 simus
2431 2804 2487 2859 in
2504 2818 2632 2859 vero
2661 2801 2799 2856 Filio
2831 2800 2965 2870 ejus.
2994 2799 3093 2854 llic
3113 2808 3196 2854 est
3216 2813 3377 2852 verus
3396 2795 3538 2849 Deus
3563 2799 3617 2847 et
3637 2790 3761 2844 vita

2163 2907 2363 2953 mterna
2380 2895 2594 2968 (Noun.
2609 2910 2669 2959 v,
2681 2893 2848 2965 9-20).
2864 2913 2878 2946 ι
2900 2892 3025 2947 llaec
3039 2906 3190 2956 vero,
3205 2888 3420 2952 fratres,
3438 2884 3753 2956 praedicate,

2164 2990 2281 3044 hsce
2324 2988 2574 3043 omnibus
2600 2985 2883 3050 nuntiate;
2925 2999 3022 3038 vos
3066 2996 3195 3036 vero
3243 2979 3473 3035 invicem
3519 2974 3753 3030 exhorta

2166 3081 2320 3146 mini,
2359 3079 2579 3151 perfecti
2619 3086 2813 3143 estote,
2834 3090 3152 3147 semperque
3176 3071 3423 3145 gaudete,
3446 3082 3632 3139 pacem
3656 3081 3753 3120 au-

479 3165 748 3236 vestigare
771 3167 1040 3235 volueris,
1070 3169 1312 3226 invenies
1341 3170 1534 3226 Filium
1559 3186 1666 3227 non
1691 3185 1847 3241 posse
1865 3171 1933 3225 ab
1959 3171 2061 3226 hac
2088 3175 2131 3236 C
2166 3182 2270 3228 tem
2298 3172 2577 3228 sectamini
2610 3172 2661 3226 in
2686 3184 2896 3235 omnes,
2929 3179 2983 3225 et
3028 3168 3167 3225 Deus
3195 3166 3344 3238 pacis
3367 3173 3424 3219 et
3450 3160 3765 3218 dilectionis

478 3256 599 3313 luce
619 3258 798 3317 Patris
825 3264 1037 3332 penitus
1062 3265 1324 3335 separari,
1346 3266 1600 3335 quoniam
1632 3280 1754 3320 cum
1783 3264 1952 3321 solum
1978 3263 2068 3318 Fi-

482 3349 613 3404 lium
637 3351 840 3408 dixerit
869 3355 921 3408 in
965 3364 1109 3411 terra
1138 3373 1260 3412 cum
1304 3357 1614 3413 hominibus
1663 3368 2065 3421 conversatum,

481 3438 699 3497 Patrem
727 3443 911 3500 abillo
961 3460 1069 3501 non
1113 3454 1199 3501 est
1246 3447 1577 3502 credendum
1629 3446 1746 3502 fieri
1797 3444 2066 3507 alienum,

2168 3266 2272 3323 erit
2296 3266 2573 3322 vobiscum
2602 3281 2625 3331 ;ν
2654 3265 2765 3321 1)εο
2791 3273 2971 3318 autem
2999 3270 3053 3318 ct
3080 3261 3228 3317 Patri
3262 3266 3448 3316 nostro
3486 3253 3658 3326 gloria
3697 3252 3765 3307 in

2171 3356 2366 3413 szecula
2389 3356 2733 3413 saeculorum.
2766 3355 2958 3409 Amen.

1434 3689 1634 3751 ITEM
1663 3685 2054 3750 EPISTOLA
2087 3681 2463 3746 EVARISTI
2500 3677 2758 3740 PAPJE.‘

485 3834 669 3911 Quod
697 3835 984 3897 Cnrtstus
1020 3839 1104 3893 stt
1132 3839 1321 3912 caput
1357 3837 1412 3891 et
1452 3847 1719 3910 sponsus
1745 3826 2077 3912 Ecclesirg,
2105 3831 2160 3885 et
2201 3820 2473 3912 qualiter
2506 3812 2852 3877 sacerdotes
2882 3830 3028 3872 suas
3075 3809 3357 3871 ecclesias
3394 3814 3446 3866 et
3485 3802 3776 3867 ecclesiw

1598 3926 1811 3969 eorum
1839 3925 1940 3969 eos
1982 3900 2234 3975 debeant
2264 3900 2546 3977 diligere.

553 4076 856 4132 Evamsrus
902 4073 1054 4129 urbis
1105 4072 1292 4129 Roma:
1344 4072 1631 4143 episcopus
1665 4070 1918 4126 omnibus
1963 4083 2063 4139 per

482 4168 777 4242 IEgypmm
867 4166 1253 4239 conglutinatis
1353 4164 1615 4221 fratribus
1701 4165 1756 4218 in
1835 4162 2064 4218 Domino

483 4261 731 4316 salutem.

556 4358 734 4415 Unum
762 4372 882 4424 nos,
924 4357 1139 4422 fratres,
1170 4355 1374 4412 sentire
1405 4358 1620 4425 oportet
1674 4358 1732 4404 et
1780 4361 1956 4418 agere,
2005 4353 2067 4401 ut

486 4449 648 4518 (sicut
675 4449 921 4521 legimus)
945 4451 997 4505 in
1036 4448 1190 4504 nobis
1225 4463 1391 4502 unum
1413 4460 1506 4501 cor
1528 4452 1583 4498 et
1610 4457 1714 4495 una
1743 4440 1922 4494 anima
1944 4450 2066 4492 esse

488 4543 769 4612 probetur.
803 4540 1018 4597 Scimus
1048 4555 1298 4610 namque,
1323 4539 1463 4594 sicut
1508 4551 1537 4590 a
1565 4534 1819 4590 Patribus
1856 4528 2067 4600 accepi-

490 4650 630 4700 mus,
654 4634 929 4689 Christnm
956 4647 1075 4688 esse
1098 4640 1277 4703 caput,
1305 4630 1458 4700 cujus
1497 4636 1552 4683 et
1592 4627 1833 4682 membra
1858 4636 2062 4679 sumus.

483 4726 602 4797 lpse
635 4726 776 4782 enim
808 4731 892 4781 est
916 4739 1164 4794 sponsus,
1197 4732 1254 4777 et
1279 4719 1517 4777 Ecclesia
1549 4732 1769 4788 sponsa,
1792 4712 1944 4783 cujus
1970 4711 2065 4766 lilii

484 4831 586 4871 nos
612 4831 816 4871 sumus.
855 4813 922 4869 Et
943 4815 1061 4869 ideo
1089 4828 1253 4868 unum
1291 4811 1504 4865 Patrem
1535 4808 1800 4864 habemus
1829 4806 1883 4860 in
1910 4803 2067 4861 caelis

493 4910 795 4964 Dominum.
844 4907 1168 4963 Sacerdotes
1214 4918 1343 4959 vero
1387 4903 1505 4957 vice
1549 4899 1749 4956 Christi
1798 4898 2068 4969 legatione

488 4999 788 5070 funguntur
819 4997 873 5053 in
896 4997 1158 5052 Ecclesia.
1184 4994 1251 5049 Et
1274 4995 1413 5049 sicut
1449 4992 1495 5047 ei
1542 5006 1639 5046 sua
1674 4986 1959 5058 conjuncta
1986 4995 2069 5043 est

488 5105 719 5158 sponsa,
775 5088 828 5143 id
870 5096 953 5142 est
999 5084 1280 5149 Ecclesia,
1332 5082 1412 5137 sic
1460 5078 1727 5151 episcopis
1768 5076 2069 5147 junguntur

489 5181 741 5238 Ecclesiae
784 5179 1074 5249 unicuique
1109 5192 1209 5247 pro
1254 5174 1502 5245 portione
1530 5188 1648 5228 sua.
1695 5171 1764 5225 Et
1810 5170 1951 5224 sicut
1986 5168 2068 5222 vir

490 5290 597 5329 non
653 5272 813 5327 debet
871 5270 1141 5341 negligere
1194 5282 1417 5322 uxorem
1474 5280 1650 5329 suam,
1708 5262 1801 5318 sed
1843 5261 2067 5332 diligere

489 5373 545 5418 et
600 5370 750 5417 caste
804 5360 1101 5425 custodire,
1148 5358 1227 5414 sic
1257 5358 1540 5428 episcopus
1573 5363 1645 5428 et
1676 5352 1844 5407 multo
1889 5350 2065 5422 magis
2097 5380 2144 5438 Β

490 5452 784 5516 custodire,
830 5459 886 5505 et
921 5464 1128 5513 amare,
1165 5458 1327 5519 atque
1353 5447 1648 5518 prudenter
1695 5456 1883 5515 regere
1909 5439 2068 5495 debet

491 5541 808 5597 Ecclesiam.
838 5540 923 5605 Et,
966 5540 1141 5619 velut.
1159 5554 1295 5593 uxor
1327 5553 1447 5608 qua:
1478 5537 1578 5591 sub
1611 5548 1768 5589 manu
1818 5540 1902 5586 est
1942 5530 2066 5592 viri,

492 5634 712 5689 obedire
762 5632 921 5688 debet
961 5633 1079 5686 viro
1124 5648 1242 5695 suo,
1271 5644 1502 5700 eumque
1529 5627 1750 5698 diligere
1775 5634 1829 5679 ct
1862 5638 2068 5685 amare,

494 5725 568 5779 ita
619 5725 795 5795 potius
826 5723 1061 5780 Ecclesut
1099 5722 1260 5777 etiam
1301 5720 1551 5791 episcopo
1582 5731 1679 5773 suo
1736 5715 1786 5771 in
1828 5713 2074 5769 omnibus

2166 4062 2385 4121 obedire
2404 4074 2638 4130 eumque
2661 4057 2884 4128 diligere
2909 4063 2964 4111 et
2989 4067 3195 4118 amare,
3234 4059 3296 4107 ut
3324 4050 3559 4108 animam
3590 4064 3754 4106 suam

2166 4154 2345 4217 debet,
2369 4151 2494 4221 quia
2518 4149 2650 4204 illud
2685 4147 2744 4201 fit
2769 4144 3078 4211 carnaliter,
3095 4143 3237 4200 istud
3261 4141 3645 4212 spiritualiter;
3673 4150 3758 4206 et,

2166 4243 2409 4302 sicutvir
2434 4257 2537 4297 non
2573 4240 2730 4295 debet
2754 4236 3059 4294 adulterare
3079 4249 3303 4290 uxorem
3334 4246 3512 4296 suam,
3544 4230 3615 4284 ita
3645 4245 3757 4285 nec

2166 4339 2449 4409 episcopus
2470 4332 2766 4389 Ecclesium
2809 4345 2986 4395 suam,
3013 4329 3067 4384 id
3092 4336 3197 4393 est,
3229 4333 3289 4381 ut
3329 4325 3475 4379 illam
3511 4323 3766 4379 dimittat

2168 4429 2234 4483 ad
2258 4443 2419 4499 quam
2450 4435 2692 4480 sacratus
2718 4430 2823 4487 est,
2848 4421 3054 4490 absque
3076 4415 3373 4472 inevitabili
3404 4414 3763 4478 necessitate,

2168 4529 2261 4573 aut
2286 4515 2602 4589 apostolica,
2641 4513 2728 4568 vel
2758 4511 2991 4581 regulari
3017 4508 3338 4572 mutatione,
3386 4513 3441 4559 et
3468 4503 3624 4558 alteri
3669 4518 3769 4568 se,

2169 4613 2400 4669 ambitus
2438 4607 2959 4678 causa,conjuugat.
3008 4602 3078 4658 Et
3129 4602 3269 4657 sicut
3317 4598 3472 4653 uxori
3535 4612 3642 4650 non
3696 4596 3764 4649 li-

2168 4715 2257 4761 cet
2285 4703 2390 4775 19
2417 4702 2688 4759 dimittere
2714 4699 2891 4754 virum
2922 4711 3078 4751 suum
3099 4734 3113 4761 ,
3148 4702 3208 4749 ut
3234 4691 3387 4747 alteri
3419 4705 3477 4744 se
3508 4688 3757 4760 (vivente

2169 4800 2255 4869 eo)
2290 4794 2637 4851 matrimonio
2666 4791 2855 4855 societ,
2885 4795 2979 4844 aut
3010 4803 3133 4843 eum
3163 4784 3452 4847 adulteret,
3480 4780 3612 4834 licet
3641 4777 3762 4832 for-

2170 4891 2382 4945 nicatus
2409 4887 2481 4942 sit
2511 4888 2592 4940 vir
2620 4885 2756 4956 ejus,
2803 4883 2896 4939 sed
2931 4880 3087 4951 juxta
3117 4877 3469 4948 Apostolum,
3517 4882 3611 4928 aut
3635 4871 3767 4926 viro

2171 4997 2268 5036 suo
2312 4976 2651 5034 reconciliari
2695 4975 2890 5038 debet,
2943 4978 3037 5025 aut
3084 4980 3306 5024 manere
3354 4967 3575 5035 innupta
3613 4979 3629 5016 :
3678 4962 3754 5015 ita

2171 5069 2423 5127 Ecclesia:
2472 5084 2580 5122 non
2630 5065 2759 5121 licet
2793 5064 3066 5120 dimittere
3113 5069 3208 5115 aut
3255 5059 3323 5114 ab
3368 5073 3430 5112 ea
3470 5068 3764 5127 segregare

2172 5163 2483 5231 episcopum
2515 5172 2707 5219 suum,
2750 5163 2811 5208 ut
2839 5153 3068 5207 alterum
3103 5149 3341 5220 (vivente
3370 5145 3459 5217 eo)
3490 5144 3763 5213 accipiat,

2173 5253 2265 5311 sed
2298 5262 2391 5307 aut
2424 5253 2595 5322 ipsum
2630 5249 2858 5312 habeat,
2894 5254 2989 5301 aut
3028 5246 3247 5313 innupta
3281 5246 3519 5303 maneat,
3564 5238 3618 5293 i'l
3645 5244 3765 5302 est,

2174 5362 2240 5402 ne
2287 5346 2517 5401 alterum
2566 5342 2911 5413 episcopum,
2961 5352 3060 5394 suo
3089 5337 3324 5398 vivente,
3374 5329 3640 5400 accipiat,
3693 5341 3766 5380 ne

2171 5433 2544 5491 fornicationis
2571 5440 2665 5485 aut
2685 5428 2935 5484 adulterii
2961 5427 3042 5482 sui
3066 5426 3274 5482 crimen
3297 5422 3565 5477 incurrat.
3598 5414 3762 5478 Nam,

2172 5528 2218 5582 si
2265 5526 2562 5582 adulterata
2609 5522 2802 5585 fuerit,
2832 5521 2884 5576 id
2932 5528 3037 5584 est,
3095 5517 3139 5573 si
3194 5531 3254 5571 se
3303 5511 3460 5567 alteri
3510 5507 3769 5579 episcopo

2171 5617 2431 5688 junxerit,
2456 5625 2547 5669 aut
2578 5629 2738 5684 super
2767 5627 2824 5668 se
2853 5611 3083 5665 alterum
3111 5609 3421 5678 episcopum
3449 5595 3763 5657 adduxerit,

2182 5718 2274 5766 aut
2313 5722 2434 5766 esse
2474 5706 2663 5763 fecerit
2709 5704 2791 5761 vel
2844 5702 3254 5767 desideraverit,
3285 5715 3382 5771 per
3429 5693 3777 5755 acerrimam
