4012 6442
540 384 631 491 8'."
1286 384 1291 390 ι
1330 431 1617 488 APPEND.
1655 431 1746 486 AD
1786 428 1958 485 S/EC.
2002 426 2093 484 IX.
2134 460 2204 470 —
2236 425 2483 484 lSlDORl
2517 424 2959 484 MERCATOBIS
3703 422 3773 482 88

541 555 668 603 sunt
691 543 902 604 occulta
925 543 1124 614 iudicia
1153 544 1276 608 Dei,
1315 554 1370 600 et
1398 546 1510 600 huic
1542 559 1863 613 prmcavcre,
1894 552 1949 597 et
1979 543 2101 597 nul-
2130 548 2176 605 Α
2204 540 2329 596 diue
2356 541 2568 610 plenum
2599 549 2710 605 est,
2746 541 2959 596 veloces
2990 538 3153 610 pedes
3181 554 3368 596 eorum
3401 539 3476 595 ad
3496 537 3776 595 ell'uuden-

541 637 653 693 lum
691 643 815 691 ante
842 650 1027 691 veram
1070 635 1376 705 iustamque
1417 635 1787 703 probationem
1830 632 2105 702 judicare,

540 736 635 783 aut
669 727 928 783 damnare
956 726 1246 789 debemus,
1288 724 1571 780 manifeste
1609 724 1864 795 Apostolo
1898 725 2108 778 dicente

538 816 706 872 Paulo
734 816 825 886 qui
855 816 930 870 ait
956 833 969 869 :
1000 832 1020 865 ε
1043 814 1121 869 Tu
1150 814 1272 884 quis
1296 830 1356 869 es
1385 816 1476 883 qui
1499 815 1710 886 iudicas
1739 829 1953 869 servum
1980 813 2110 868 alie-

537 907 712 961 num?
745 921 842 961 suo
869 906 1009 960 enim
1040 906 1266 961 Domino
1291 906 1456 960 stabit
1488 914 1577 959 aut
1607 906 1762 960 cadet
1786 903 1964 976 (Rom.
1994 920 2104 970 xxv,

534 993 625 1063 4);
658 1013 676 1046 ι
704 994 844 1048 unde
870 1002 925 1049 et
951 1008 1049 1064 per
1076 994 1393 1063 prophetam
1420 993 1589 1048 David
1644 993 1901 1048 Dominus
1930 992 2107 1063 loqui-

536 1090 627 1137 tur
674 1084 895 1138 dicens:
944 1102 962 1134 ι
1008 1082 1183 1137 Nolite
1230 1083 1471 1139 exaltare
1517 1085 1569 1139 in
1618 1084 1889 1140 excelsum
1940 1098 2107 1139 cornu

534 1181 776 1228 vestrum
807 1172 979 1244 (Ρεαι.
1006 1189 1187 1239 Lxxtv,
1218 1173 1272 1246 6)
1303 1195 1321 1228 ι
1362 1174 1642 1245 loquentes
1683 1176 1737 1230 in
1779 1176 1988 1231 cervice
2018 1191 2109 1232 ve-

534 1264 663 1330 teri,
688 1265 814 1334 quia
841 1280 1017 1335 neque
1044 1266 1113 1322 ab
1137 1266 1368 1333 oriente,
1395 1283 1569 1337 neque
1598 1269 1903 1334 occidente,
1934 1283 2109 1338 neque

534 1372 565 1410 a
589 1356 876 1413 solitudine
894 1359 1180 1426 montium,
1196 1361 1289 1415 sed
1312 1360 1565 1416 Dominus
1582 1359 1745 1429 iudex
1770 1362 1912 1416 hunc
1929 1360 2109 1419 Immi-

534 1446 691 1502 liabit
717 1459 772 1504 et
797 1450 1057 1506 exaltabit
1082 1491 1098 1517 ,
1150 1452 1276 1521 quia
1322 1452 1461 1507 calix
1497 1453 1551 1507 in
1594 1468 1754 1506 manu
1782 1452 1993 1507 Domini
2038 1468 2106 1507 ex

477 1597 484 1604 ο
533 1537 662 1594 vino
692 1554 907 1595 meraco
935 1541 1002 1596 ad
1030 1542 1244 1611 plenum
1275 1545 1487 1608 mistus,
1516 1553 1573 1599 et
1596 1544 1904 1615 propinabit
1926 1559 1994 1598 ex
2016 1558 2105 1609 eo,

474 1643 487 1652 '
533 1638 906 1685 verumtamen
959 1629 1118 1688 fzeces
1161 1632 1277 1701 ejus
1322 1637 1582 1703 potahunt
1628 1633 1874 1688 bibentes
1918 1647 2107 1688 omnes

536 1719 684 1790 impii
710 1729 885 1776 terrm.
917 1722 1029 1793 Ego
1052 1732 1231 1777 autem
1258 1724 1589 1777 annuntiabo
1614 1722 1666 1777 in
1690 1722 2101 1791 sempiternum,

484 1834 489 1845 -
533 1811 761 1881 psallam
813 1812 920 1867 Deo
963 1811 1148 1868 Iacob.
1208 1813 1275 1867 Et
1319 1813 1446 1868 alibi
1497 1814 1636 1869 idem
1683 1814 1757 1868 ait
1795 1811 2103 1885 Propheta:

2206 635 2329 689 dum
2354 634 2690 706 sanguinem,
2713 633 2967 690 contritio
2994 640 3049 688 et
3070 633 3359 689 infelicitas
3386 633 3439 687 in
3461 633 3563 689 viis
3587 648 3773 688 eorum

2204 733 2258 779 et
2288 724 2430 779 viam
2458 726 2606 794 pacis
2633 739 2741 777 non
2772 733 3171 794 cognoverunt,
3214 739 3320 779 non
3362 732 3448 778 est
3484 723 3646 777 timor
3672 722 3780 778 Do-

2205 811 2335 868 miui
2377 821 2502 865 ante
2540 810 2728 866 oculos
2766 827 2977 866 eorum.
3033 810 3248 866 Scimus
3297 819 3475 864 autem
3521 811 3779 880 quoniam

2203 915 2538 970 qumcunquc
2570 900 2653 955 lex
2682 899 2923 970 loquitur
2950 900 3035 954 his
3072 900 3165 969 qui
3206 899 3257 953 in
3300 899 3416 969 lege
3452 909 3579 954 sunt
3608 898 3783 968 loqui-

2206 999 2315 1056 tur,
2353 998 2411 1043 ut
2445 1004 2606 1044 omne
2633 1004 2695 1044 os
2724 989 3043 1043 obstruatur
3080 998 3136 1043 et
3175 987 3422 1043 subditus
3466 988 3559 1042 liat
3603 986 3784 1042 omnis

2204 1080 2436 1134 mundus
2466 1079 2593 1143 Deo,
2625 1079 2881 1149 quoniam
2910 1094 2976 1133 ex
3006 1077 3260 1148 operibus
3287 1077 3420 1148 legis
3451 1091 3555 1131 non
3580 1075 3783 1146 iustiti-

2205 1168 2415 1223 cabitur
2444 1167 2620 1222 omnis
2647 1183 2776 1222 caro
2812 1182 2993 1223 coram
3026 1167 3149 1234 illo;
3184 1183 3281 1237 per
3309 1168 3480 1238 legem
3511 1168 3656 1223 enim
3685 1182 3784 1223 co-

2205 1260 2377 1329 gnitio
2403 1259 2633 1329 peccati.
2694 1257 2848 1315 Nunc
2882 1272 3061 1315 autem
3098 1260 3216 1315 sine
3265 1260 3382 1331 lege
3426 1258 3632 1328 iustitia
3683 1260 3784 1315 Dei

2205 1346 2550 1402 manifestata
2587 1357 2670 1403 est
2706 1358 2763 1403 et
2803 1350 3089 1405 testiﬁcata
3133 1366 3163 1403 a
3205 1349 3318 1422 lege
3370 1359 3424 1405 et
3473 1350 3783 1421 prephetis.

2202 1436 2421 1492 Justitia
2465 1447 2647 1493 autem
2691 1439 2786 1493 Dei
2837 1455 2934 1509 per
2985 1439 3142 1494 ﬁdem
3192 1439 3318 1495 Jcsu
3362 1437 3565 1494 Christi
3616 1453 3787 1510 super

2203 1544 2390 1586 omnes
2421 1530 2512 1601 qui
2542 1531 2787 1586 credunt.
2822 1530 2939 1584 Non
2971 1530 3115 1586 enim
3144 1542 3227 1586 est
3255 1530 3548 1587 distinctio.
3579 1529 3789 1586 Omnes

2203 1620 2348 1676 enim
2380 1629 2745 1692 peccaverunt
2790 1628 2847 1675 et
2891 1630 3054 1690 egent
3096 1619 3265 1689 gloria
3314 1620 3447 1685 Dei,
3495 1618 3790 1691 iustiﬁcati

2210 1713 2385 1781 gratis
2409 1727 2503 1782 per
2532 1711 2760 1783 gratiam
2789 1710 2976 1781 ipsius,
3003 1726 3100 1780 per
3128 1711 3547 1781 redemptionem
3579 1726 3697 1781 quae
3730 1712 3791 1765 in

2206 1803 2422 1859 Christo
2463 1802 2588 1859 Jesu
2615 1845 2629 1866 ,
2680 1817 2841 1873 quem
2884 1803 3163 1873 proposuit
3201 1802 3339 1858 Deus
3380 1803 3789 1873 propitiatorem

539 1919 558 1951 ε
590 1900 1065 1971 Abiucrepatione
1095 1911 1183 1956 tua
1213 1904 1353 1958 Deus
1381 1902 1547 1959 Jacob
1579 1901 1756 1976 (Paul.
1777 1918 1939 1967 Lxxv,
1968 1906 2045 1974 7),
2080 1925 2098 1958 ι

2209 1908 2305 1963 per
2334 1892 2491 1947 (idem
2521 1893 2574 1946 in
2600 1892 2860 1963 sanguine
2882 1892 3067 1963 ipsius,
3088 1892 3152 1946 ad
3176 1894 3539 1948 ostensiouem
3562 1892 3794 1962 iustitiae

532 1992 851 2063 consopitus
880 2001 964 2049 est
999 2002 1054 2049 et
1087 2009 1280 2051 currus
1305 2003 1358 2052 et
1387 2010 1578 2065 Olfltlis.
1624 1996 1703 2050 Tu
1735 1997 1992 2051 terribilis
2020 2011 2100 2061 es,

531 2091 589 2137 et
612 2084 732 2152 quis
759 2084 922 2139 stabit
944 2084 1231 2140 adversum
1256 2086 1348 2139 te?
1379 2086 1451 2139 Ex
1483 2094 1607 2141 tunc
1636 2084 1715 2140 ira
1744 2094 1854 2150 tua,
1878 2086 1943 2140 de
1968 2084 2105 2140 cmlo

536 2180 715 2228 autem
746 2171 920 2228 fecisti
941 2172 1228 2241 judicium,
1259 2183 1400 2228 terra
1432 2175 1646 2240 timens,
1677 2184 1732 2229 et
1762 2173 1962 2228 tacebit
1984 2189 2106 2228 cum

535 2264 862 2327 surrexerit,
910 2265 979 2319 ad
1014 2263 1364 2334 iudicandum
1395 2264 1556 2329 Deus,
1605 2273 1664 2319 ut
1699 2263 1875 2320 salvos
1904 2264 2109 2318 faceret

534 2369 725 2410 omnes
763 2354 922 2409 mites
960 2362 1137 2412 terra).
1187 2354 1255 2411 Et
1292 2355 1580 2424 Apostolus
1623 2356 1733 2409 ait:
1768 2374 1787 2407 ι
1822 2354 1948 2410 Mihi
1985 2354 2105 2407 vin-

536 2443 757 2509 dictam,
789 2458 887 2515 ego
918 2427 1209 2500 retribuam
1240 2443 1417 2516 (Rom.
1446 2460 1546 2511 xu,
1575 2444 1684 2515 l9).
1721 2464 1741 2498 ι
1779 2445 1844 2499 Et
1872 2442 1997 2498 alibi
2026 2444 2107 2496 in-

535 2532 653 2604 quit
683 2533 821 2588 idem
852 2534 1123 2604 apostolus
1148 2553 1160 2588 :
1194 2553 1213 2586 ‹
1250 2531 1456 2589 Sullicit
1484 2534 1774 2604 unicuique
1801 2530 2107 2607 obiurgatio

534 2638 656 2693 quae
686 2622 747 2678 ﬁt
779 2639 810 2678 a
840 2623 1105 2693 plurimis,
1142 2624 1216 2678 ita
1247 2632 1303 2678 ut
1335 2625 1508 2696 magis
1537 2608 1749 2680 donetis
1779 2632 1838 2679 et
1861 2622 2108 2703 console-

535 2713 699 2779 mini,
736 2728 804 2768 ne
833 2713 971 2769 forte
1000 2715 1374 2770 abundantiori
1417 2716 1633 2770 tristitia
1674 2699 2107 2771 absorbeatur'is

535 2806 626 2876 qui
658 2807 711 2860 in
740 2807 988 2877 angustia
1026 2816 1131 2861 est.
1184 2806 1412 2877 Propter
1448 2809 1589 2880 quod
1638 2808 1863 2863 obsecro
1907 2821 2002 2860 vos
2050 2812 2108 2857 ut

535 2895 867 2952 confirmetis
914 2897 968 2951 in
1020 2898 1110 2953 illo
1156 2898 1475 2954 charitatem
1510 2898 1595 2968 (ΙΙ
1626 2897 1748 2953 Cor.
1778 2913 1837 2961 ιι,
1867 2896 1918 2951 6.
1959 2913 1978 2947 ι
2041 2893 2109 2948 Et

534 2986 794 3042 Dominus
824 2989 874 3041 iu
902 2988 1190 3060 Evangelio
1220 2990 1332 3043 ait:
1360 3010 1379 3043 ι
1407 2990 1606 3062 Diliges
1629 2990 1909 3045 Dominum
1939 2987 2108 3042 Deum

536 3086 686 3133 tuum
736 3093 805 3133 ex
854 3086 967 3136 toto
998 3081 1161 3137 corde
1189 3089 1304 3149 tuo,
1335 3091 1392 3137 et
1425 3096 1492 3136 ex
1529 3090 1638 3136 tota
1674 3082 1854 3137 anima
1891 3090 2013 3149 tua,
2054 3093 2110 3140 et

539 3183 607 3223 ex
636 3168 888 3225 omnibus
916 3168 1121 3225 viribus
1157 3171 1286 3236 tuis,
1336 3179 1392 3228 et
1436 3172 1741 3243 proximum
1779 3181 1927 3227 tuum
1968 3174 2111 3230 sicut

2203 2000 2332 2049 sum,
2361 1995 2577 2055 propter
2606 1985 2974 2039 remissionem
2989 1985 3399 2055 prmcedentium
3438 1986 3789 2051 delictorum,

2206 2075 2258 2129 iu
2290 2076 2743 2130 sustentationem
2772 2075 2888 2141 Dei,
2921 2076 2988 2130 ad
3013 2076 3377 2131 ostcnsionem
3415 2076 3642 2147 iustitire
3667 2076 3792 2145 eius

2205 2166 2259 2220 in
2289 2166 2393 2222 hoc
2421 2177 2685 2237 tempore,
2717 2175 2777 2221 ut
2804 2167 2874 2222 sit
2903 2167 3018 2237 ipse
3036 2165 3216 2235 iustus
3244 2176 3300 2222 et
3323 2166 3628 2236 iustiﬁcans
3656 2184 3792 2222 eum

2204 2259 2297 2329 qui
2346 2274 2415 2314 ex
2467 2257 2571 2312 [ide
2618 2267 2703 2314 est
2751 2256 2877 2313 Jesu
2929 2258 3131 2313 Christi
3163 2257 3341 2330 (Rom.
3370 2274 3454 2324 tu,
3483 2257 3561 2330 5).
3596 2277 3615 2310 ι
3648 2257 3792 2314 [rem

2205 2346 2346 2403 idem
2377 2366 2389 2400 :
2424 2365 2442 2399 ε
2479 2345 2611 2415 Quis
2644 2348 2922 2403 accusabit
2947 2349 3207 2405 adversus
3239 2349 3440 2405 electos
3471 2349 3609 2404 Dei?
3642 2350 3799 2405 Deus

2205 2436 2295 2507 qui
2315 2436 2597 2507 iustiﬁcat.
2639 2436 2773 2506 Quis
2799 2447 2881 2495 est
2910 2438 3002 2509 qui
3036 2438 3390 2495 condemnet?
3417 2440 3665 2496 Christus
3690 2438 3793 2496 Je-

2205 2540 2297 2582 sus
2353 2527 2447 2597 qui
2507 2538 2756 2583 mortuus
2805 2537 2923 2594 est,
2971 2529 3081 2584 imo
3119 2537 3173 2585 et
3211 2532 3539 2597 resurrexit,
3574 2531 3666 2601 qui
3703 2539 3794 2587 est

2207 2616 2274 2671 ad
2303 2615 2580 2670 dexteram
2633 2615 2747 2683 Dei,
2796 2619 2886 2687 qui
2937 2618 3100 2673 etiam
3133 2619 3439 2688 interpellat
3474 2635 3575 2689 pro
3602 2620 3788 2675 nobis.

2206 2706 2339 2774 Quis
2366 2721 2496 2777 ergo
2526 2722 2626 2762 nos
2652 2709 2931 2778 separabit
2964 2725 2993 2763 a
3023 2710 3288 2765 charitate
3316 2709 3558 2766 Christi?
3587 2710 3794 2767 Tribu-

2206 2801 2353 2869 latio,
2385 2817 2452 2855 an
2483 2803 2749 2873 angustia,
2785 2819 2861 2858 .an
2889 2803 3217 2873 persecutio,
3259 2819 3329 2858 an
3369 2802 3559 2869 fames,
3592 2818 3659 2857 an
3688 2820 3795 2858 nu-

2208 2894 2368 2960 ditas,
2400 2909 2466 2948 an
2496 2894 2821 2965 periculum,
2848 2910 2915 2949 an
2943 2893 3177 2965 gladius?
3204 2895 3346 2951 sicut
3369 2896 3630 2965 scriptum
3660 2905 3749 2949 est
3773 2910 3792 2949 :

2207 2985 2342 3053 Quia
2382 2995 2605 3057 propter
2653 2994 2707 3042 te
2757 2987 3153 3042 mortiﬁcamur
3202 2996 3314 3042 tota
3364 2987 3481 3053 die,
3533 2987 3794 3042 aestimati

2208 3092 2395 3132 sumus
2424 3076 2567 3131 sicut
2595 3090 2726 3131 oves
2747 3076 3058 3144 occisionis,
3091 3077 3185 3132 sed
3216 3078 3270 3132 in
3304 3078 3389 3133 his
3416 3078 3671 3133 omnibus
3701 3094 3798 3133 su-

2208 3182 2460 3238 peramus
2488 3175 2709 3236 proliter
2736 3182 2859 3222 eum
2893 3167 2985 3238 qui
3024 3167 3214 3223 dilexit
3261 3183 3379 3224 nos.
3427 3167 3622 3223 Certus
3670 3184 3797 3223 sum

510 3257 935 3331 ,teipsum(Luc.
959 3275 1016 3325 x,
1040 3260 1151 3331 27).
1178 3280 1197 3313 ι
1232 3260 1458 3317 Dilectio
1481 3262 1623 3317 enim
1653 3262 1881 3333 proximi
1910 3261 2109 3317 malum
2139 3245 2183 3309 C
2213 3259 2357 3314 enim
2389 3258 2516 3328 quia
2548 3274 2723 3329 neque
2753 3274 2933 3326 mors,
2978 3274 3153 3331 neque
3181 3260 3324 3328 vita,
3366 3273 3542 3330 neque
3578 3259 3795 3330 angeli,

538 3366 646 3407 non
676 3359 951 3419 operatur.
1012 3349 1240 3421 Propter
1267 3351 1410 3421 quod
1437 3352 1586 3422 iuxta
1610 3351 1927 3422 Apostolum
1959 3352 2110 3408 inex-

537 3440 790 3501 cusabilis
815 3456 895 3508 es,
922 3455 956 3496 o
980 3442 1143 3497 homo
1167 3443 1345 3497 omnis
1370 3443 1460 3512 qui
1484 3442 1725 3511 iudicas;
1759 3442 1811 3499 in
1835 3459 1942 3514 quo
1967 3444 2111 3499 enim

534 3530 743 3599 iudicas
788 3531 1016 3587 alterum
1054 3534 1286 3603 teipsum
1317 3534 1677 3600 condemnas,
1714 3534 1902 3588 eadem
1944 3541 2111 3605 agens

536 3638 657 3693 quae
673 3616 902 3693 iudicas.
935 3622 1148 3680 Scimus
1171 3625 1316 3680 enim
1343 3627 1597 3695 quoniam
1619 3625 1882 3695 iudicium
1900 3625 1999 3678 Dei
2029 3632 2113 3679 est

538 3714 832 3768 secundum
864 3714 1149 3769 veritatem
1189 3716 1242 3769 in
1271 3728 1366 3770 eos
1394 3715 1485 3785 qui
1522 3714 1645 3770 talia
1677 3723 1862 3786 agunt.
1914 3714 2113 3769 Existi-

538 3819 656 3867 mas
682 3812 858 3859 autem
891 3804 1021 3870 hoc,
1064 3821 1097 3859 ο
1135 3806 1296 3861 homo
1324 3807 1500 3861 onmis
1533 3806 1624 3877 qui
1655 3806 1866 3877 iudicas
1894 3822 1988 3863 eos
2019 3807 2109 3877 qui

539 3894 671 3948 talia
699 3902 867 3965 agunt
892 3903 947 3948 et
966 3891 1100 3949 facis
1125 3911 1210 3960 ea,
1233 3897 1359 3966 quia
1386 3905 1437 3951 tu
1461 3895 1682 3969 eﬂugies
1702 3896 1961 3968 iudicium
1983 3894 2113 3950 Dei?

539 3984 622 4037 An
652 3984 865 4039 divitias
893 3984 1146 4040 bonitatis
1174 3985 1314 4054 eius,
1353 3996 1408 4043 et
1442 3988 1743 4058 patientim,
1780 3996 1836 4043 et
1865 3985 2108 4059 longani-

543 4074 749 4129 mitatis
778 4076 1124 4131 contemnis?
1152 4076 1374 4148 Ignoras
1403 4079 1655 4147 quoniam
1687 4079 1988 4150 benignitas
2014 4077 2109 4133 Dei

542 4165 610 4221 ad
639 4165 1013 4234 pmnitentiam
1042 4178 1093 4223 te
1122 4169 1367 4224 adduxit.
1420 4168 1725 4226 Secundum
1758 4181 1935 4225 autem
1966 4171 2113 4225 duri-

540 4256 669 4311 tiam
703 4264 868 4323 tuam,
897 4268 951 4313 et
980 4258 1325 4328 imptenitens
1361 4276 1455 4315 cor
1483 4261 1818 4317 thesaurizas
1848 4263 1940 4317 tibi
1973 4263 2108 4319 iram

540 4346 597 4399 in
626 4344 711 4400 die
739 4345 833 4402 ira:
866 4356 922 4402 et
950 4348 1293 4404 revelationis
1314 4350 1444 4420 iusti
1469 4350 1655 4421 iudicii
1680 4351 1773 4407 Dei
1803 4351 1893 4422 qui
1926 4352 2112 4407 reddet

545 4430 835 4506 unicuique
880 4440 1175 4494 secundum
1212 4455 1376 4511 opera
1414 4439 1548 4509 eius.
1608 4441 1702 4496 llis
1750 4442 1969 4513 quidem
2018 4444 2112 4513 qui

542 4527 835 4583 secundum
866 4531 1181 4599 patientiam
1214 4531 1339 4587 boni
1370 4534 1550 4602 operis
1585 4532 1809 4604 gloriam
1850 4544 1904 4590 et
1946 4536 2112 4590 hono-

542 4632 654 4671 rem
676 4627 730 4673 et
753 4618 1230 4691 incorruptionem,
1253 4623 1619 4693 quaerentibus
1640 4624 1805 4679 vitam
1829 4634 2109 4681 aeternam.

541 4709 637 4765 llis
656 4720 837 4768 autem
860 4713 951 4782 qui
977 4729 1042 4769 ex
1063 4715 1423 4781 contentione,
1445 4724 1499 4771 et
1521 4716 1609 4785 qui
1635 4732 1741 4771 non
1766 4718 2116 4787 acquiescunt

541 4803 777 4867 veritati,
804 4805 1033 4860 credunt
1059 4815 1238 4861 autem
1268 4806 1561 4877 iniquitati,
1599 4808 1676 4862 ira
1709 4817 1764 4862 et
1792 4808 2110 4878 indignatio,

546 4891 822 4947 tribulatio
864 4904 919 4950 et
953 4895 1199 4966 angustia
1249 4897 1303 4951 in
1349 4912 1566 4953 omnem
1608 4899 1845 4953 animam
1883 4899 2115 4955 hominis

542 4985 818 5051 operantis
863 4986 1083 5053 malum,
1101 4986 1270 5043 Judaei
1316 4989 1548 5057 primum
1589 4998 1644 5044 et
1680 4989 1874 5045 Grazci.
1929 4990 2113 5046 Gloria

545 5082 726 5129 autem
772 5085 827 5131 et
872 5078 1045 5133 honor
1083 5088 1138 5134 et
1176 5093 1281 5148 pax
1310 5079 1456 5134 omni
1486 5081 1729 5150 operauti
1771 5081 1968 5135 bonum
1994 5122 2010 5147 ,
2058 5090 2114 5135 et

545 5162 672 5217 alibi
704 5164 844 5218 idem
874 5166 1186 5234 apostolus:
1221 5185 1239 5218 ι
1273 5166 1487 5223 Causati
1524 5168 1667 5223 enim
1708 5183 1894 5223 sumus
1923 5184 2113 5225 omnes

546 5256 648 5309 sub
679 5266 900 5324 peccato
929 5271 1077 5323 esse,
1112 5258 1253 5313 sicut
1280 5259 1539 5328 scriptum
1568 5269 1681 5323 est,
1723 5259 1847 5329 quia
1886 5275 1991 5315 non
2028 5267 2114 5315 est

541 5346 719 5415 iustus
748 5348 1050 5417 quisquam,
1085 5364 1190 5404 non
1220 5358 1305 5405 est
1332 5349 1652 5420 intelligens,
1685 5365 1793 5405 non
1823 5360 1903 5407 est
1932 5352 2112 5421 requi-

548 5456 673 5496 rens
713 5438 917 5507 Deum,
963 5454 1152 5497 omnes
1190 5443 1637 5509 declinaverunt,
1685 5444 1845 5499 simul
1894 5445 2114 5500 inutiles

546 5530 672 5586 facti
703 5540 867 5598 sunt,
906 5548 1014 5587 non
1048 5541 1133 5587 est
1159 5534 1250 5603 qui
1276 5532 1441 5589 faciat
1468 5534 1666 5588 bonum
1699 5548 1805 5587 non
1837 5543 1921 5589 est
1949 5549 2118 5602 usque

546 5622 615 5677 ad
646 5638 831 5677 unum.
860 5622 1176 5694 Sepulcrum
1211 5631 1401 5693 patens
1434 5633 1516 5679 est
1550 5632 1738 5694 guttur
1764 5638 1974 5689 eorum,
2010 5624 2117 5679 Iin-

548 5712 668 5783 guis
712 5714 825 5769 suis
869 5714 1055 5770 dolose
1102 5716 1370 5784 agebant,
1420 5730 1685 5771 venenum
1730 5715 1973 5783 aspidem
2019 5716 2118 5773 sub

550 5801 705 5858 labiis
745 5818 951 5859 eorum.
1006 5804 1244 5872 Quorum
1274 5820 1337 5862 os
1365 5805 1738 5861 maledictiouc
1768 5813 1824 5860 et
1861 5809 2118 5863 amaritu-

2142 4591 2190 4651 D

2215 3365 2391 3421 neque
2422 3350 2778 3421 principatus,
2811 3364 2987 3420 neque
3016 3351 3270 3417 Virtutes,
3300 3364 3474 3420 neque
3503 3349 3796 3415 instantia,

2213 3454 2389 3511 neque
2416 3440 2619 3507 futura,
2642 3453 2817 3521 neque
2840 3440 3319 3511 fortitudo,.neque
3340 3439 3590 3505 altitudo,
3618 3455 3799 3511 neque

2210 3530 2535 3603 profundum
2556 3571 2572 3596 ,
2615 3546 2795 3601 neque
2824 3540 3076 3587 creatura
3102 3531 3206 3585 alia
3224 3570 3239 3595 ,
3270 3530 3473 3600 poterit
3503 3543 3602 3584 nos
3631 3544 3798 3599 sepa-

2213 3639 2339 3679 rare
2373 3639 2403 3677 a
2433 3623 2702 3678 charitate
2724 3622 2818 3676 Dei
2840 3637 2960 3693 qua:
2983 3632 3067 3679 est
3096 3622 3389 3680 in.Christo
3409 3620 3536 3676 Jesu
3560 3619 3799 3675 Domino

2212 3726 2399 3773 nostro
2420 3716 2595 3788 (Rom.
2621 3733 2744 3781 vni,
2770 3716 2882 3789 55).
2908 3737 2927 3770 ι
2968 3716 3235 3772 Debemus
3261 3722 3441 3769 autem
3471 3729 3591 3779 nos,
3623 3723 3685 3768 ut
3718 3715 3799 3768 ait

2212 3808 2354 3863 idem
2386 3806 2677 3875 apostolus,
2706 3805 2994 3871 ﬁrmiores,
3024 3804 3422 3861 imbecillitates
3451 3802 3799 3859 inﬁrmorum

2212 3900 2512 3965 sustinere,
2560 3906 2615 3954 et
2667 3915 2773 3955 non
2805 3899 2965 3954 nobis
3012 3898 3261 3969 placere,
3295 3897 3670 3967 unusquisque
3702 3912 3799 3952 ve-

2213 3999 2385 4045 strum
2414 3990 2661 4059 proximo
2691 4004 2788 4044 suo
2814 3989 3022 4059 placeat
3053 3989 3105 4043 in
3136 3989 3336 4043 bonum
3371 3988 3437 4042 ad
3471 3986 3795 4042 :edilicatio-

2212 4084 2358 4138 nem.
2414 4080 2626 4135 Etenim
2657 4079 2906 4136 Christus
2936 4093 3044 4134 non
3073 4079 3176 4134 sibi
3204 4078 3438 4149 placuit,
3487 4078 3607 4141 sed,
3651 4078 3801 4133 sicut

2212 4173 2480 4242 scriptum
2534 4179 2661 4226 est:
2706 4188 2725 4222 i
2767 4168 3099 4238 lmproperia
3153 4167 3633 4238 improperantium
3691 4168 3797 4222 tibi

2213 4265 2526 4319 ceciderunt
2569 4275 2733 4331 super
2779 4259 3072 4330 nte-(Rom.
3102 4275 3193 4327 xv,
3226 4260 3297 4329 1).
3332 4280 3352 4315 ι
3416 4279 3436 4312 ‹
3470 4260 3802 4315 Benedictus

2213 4355 2354 4409 Deus
2394 4362 2449 4407 et
2495 4352 2659 4407 Pater
2699 4351 2911 4407 Domini
2944 4350 3115 4406 nostri
3162 4350 3289 4407 Jesu
3334 4350 3576 4415 Christi,
3629 4348 3802 4405 Pater

2213 4442 2711 4500 misericordiarum
2762 4449 2819 4497 et
2857 4441 2999 4495 Deus
3050 4441 3215 4496 totius
3242 4440 3649 4504 consolationis,
3697 4440 3798 4509 qui

2215 4533 2525 4589 consolatur
2555 4548 2653 4588 nos
2682 4533 2736 4586 in
2765 4531 2913 4586 omni
2936 4530 3287 4594 tribulatione
3316 4538 3521 4599 nostra,
3554 4539 3615 4585 ut
3666 4547 3800 4601 pos-

2215 4626 2385 4681 simus
2421 4635 2477 4681 et
2514 4625 2617 4696 ipsi
2653 4623 2923 4679 consolari
2961 4638 3056 4679 eos
3092 4624 3185 4693 qui
3235 4623 3291 4678 in
3339 4623 3488 4678 omni
3530 4638 3797 4693 pressura

2214 4726 2363 4782 sunt,
2384 4732 2480 4788 per
2501 4715 2930 4772 exhortationem
2961 4729 3067 4785 qua
3095 4715 3449 4770 exhortamur
3473 4713 3572 4783 ipsi
3597 4728 3627 4767 a
3653 4713 3797 4779 Deo,

2212 4808 2465 4877 quoniam
2496 4807 2637 4861 sicut
2667 4805 2945 4860 abundant
2972 4808 3253 4876 passiones
3279 4806 3484 4862 Christi
3522 4806 3574 4861 in
3606 4806 3795 4870 nobis,

2211 4900 2289 4954 ita
2315 4908 2369 4954 et
2397 4914 2491 4968 per
2516 4898 2789 4954 Christum
2824 4899 3064 4954 abundat
3090 4899 3387 4954 consolatio
3416 4910 3603 4954 nostra
3623 4940 3638 4965 ,
3675 4900 3799 4955 sive

2215 4997 2394 5043 autem
2420 4987 2745 5043 tribulamur
2770 5003 2872 5058 pro
2898 4997 3083 5044 vestra
3110 4990 3484 5045 exhortatione
3509 4997 3564 5045 et
3590 4989 3795 5057 salute,

2217 5080 2333 5135 sive
2369 5079 2719 5134 exhortamur
2745 5094 2845 5149 pro
2867 5087 3048 5135 vestra
3088 5080 3463 5135 exhortatione
3501 5094 3621 5150 quae
3660 5095 3798 5149 ope-

2218 5179 2370 5226 ratur
2391 5170 2499 5241 20
2520 5172 2572 5224 in
2595 5170 2749 5225 vobis
2775 5169 3114 5226 tolerantiam
3137 5171 3447 5226 earumdem
3477 5171 3796 5241 passionum

2217 5274 2351 5329 quas
2388 5269 2444 5314 et
2477 5274 2576 5314 nos
2607 5260 2884 5330 patimur:
2916 5267 2972 5315 et
3006 5275 3130 5329 spes
3166 5269 3349 5316 nostra
3372 5259 3527 5314 lirma
3568 5267 3652 5315 est
3691 5276 3800 5330 pro

2216 5350 2389 5415 vobis,
2420 5351 2653 5405 scientes
2681 5351 2934 5421 quoniam
2961 5350 3103 5406 sicut
3129 5351 3261 5406 socii
3293 5351 3604 5421 passionum
3635 5351 3793 5412 estis,

2216 5441 2298 5496 sic
2328 5441 2482 5496 eritis
2517 5449 2572 5495 et
2602 5441 2987 5497 consolationis
3017 5441 3099 5512 (II
3134 5440 3258 5496 Cor.
3286 5458 3330 5507 ι,
3352 5442 3431 5513 5).
3462 5458 3483 5493 ι
3540 5458 3558 5492 ι
3589 5439 3796 5495 Fidelis

2214 5540 2394 5587 autem
2438 5532 2579 5587 Deus
2622 5533 2713 5603 qui
2761 5548 2868 5589 non
2902 5533 3137 5604 patietur
3162 5546 3260 5589 vos
3304 5532 3502 5587 tentari
3542 5545 3704 5601 super
3736 5529 3794 5583 id

2213 5626 2356 5694 quod
2384 5626 2631 5695 potestis,
2668 5626 2761 5681 sed
2791 5624 2954 5680 faciet
2982 5640 3105 5680 cum
3137 5624 3437 5679 tentatione
3464 5621 3630 5679 etiam
3666 5634 3794 5691 pro-

2213 5725 2433 5770 ventum
2460 5726 2520 5771 ut
2545 5716 2763 5786 possitis
2778 5715 3125 5788 sustinere”
3146 5713 3268 5770 Cor.
3293 5732 3347 5783 x,
3375 5714 3483 5786 15).
3508 5734 3527 5769 ι
3562 5712 3795 5782 Propter

2215 5807 2381 5878 quod,
2412 5806 2740 5875 charissimi,
2762 5805 3047 5861 sectamini
3087 5805 3405 5861 charitatem
3431 5803 3694 5869 invicem,
3736 5808 3803 5858 et
