4012 6454
245 402 306 461 89
1474 405 1964 464 DECRETALIUM
2001 403 2404 463 COLLECTIO.

3429 410 3501 463 90

247 514 558 574 aunulamini
596 517 821 575 meliora
864 527 918 575 et
956 519 1291 592 spiritualia,
1334 531 1390 577 et
1428 522 1681 593 adjuvate
1722 538 1816 579 vos
1847 528 1889 586 Α
1918 545 2109 599 Amen.
2176 545 2307 599 nam
2362 540 2586 598 KalemL
2638 540 2979 608 Novembris,
3020 539 3194 597 causa
3253 547 3310 597 ει
3362 540 3499 598 Bm.

246 608 462 664 invicem
487 649 501 674 ,
556 620 618 665 ut
664 609 778 665 Deo
818 626 1033 682 semper
1076 613 1128 667 in
1171 613 1425 669 omnibus
1462 614 1675 683 placere
1720 630 1813 669 va-

244 696 404 756 leatis.
456 701 600 757 Deus
641 710 821 758 autem
862 704 1014 774 pacis
1055 704 1126 761 sit
1173 719 1297 760 cum
1340 704 1591 760 omnibus
1636 705 1810 761 vobis.

275 862 2809 888 ————————————_——_——_—_———

1919 638 2021 693 dua
2060 636 2165 692 CC.

2816 863 3495 890 -Ὴ

644 1024 1199 1106 INCIPIUNT
1247 1025 1709 1107 DECRETA
1762 1022 2344 1106 ALEXANDRI
2405 1023 2700 1100 PRIMI
2764 1024 3073 1100 ΡΑΡλἘ.

234 1198 314 1259 De
330 1195 758 1284 sacerdotibus
791 1218 920 1284 non
949 1199 1277 1284 rimandis,
1306 1220 1416 1264 nec
1453 1202 1714 1284 scriptis
1746 1202 1820 1263 ab
1859 1202 1944 1284 eis
1977 1220 2091 1284 per
2120 1209 2344 1284 metum
2373 1211 2480 1284 aut
2510 1203 2783 1283 aliquam
2808 1201 3093 1284 fraudem
3123 1199 3494 1284 emigendt's:

305 1284 357 1363 et
384 1275 455 1337 de
472 1281 770 1363 passione
798 1279 1055 1363 Domini
1069 1280 1137 1341 in
1162 1275 1627 1363 consecratione
1657 1282 1948 1363 corporis
1977 1275 2121 1363 'ejus
2158 1282 2467 1343 miscenda
2489 1303 2510 1351 ,-
2540 1291 2595 1342 ει
2612 1275 2703 1343 ἀθ
2723 1275 2887 1363 aqua
2913 1301 3052 1343 cum
3076 1280 3203 1343 sale
3222 1275 3491 1361 populi:

302 1354 740 1426 benedicenda;
785 1365 839 1418 et
871 1357 943 1419 de
964 1356 1086 1438 ﬁde
1114 1366 1343 1421 sancta:
1370 1361 1740 1422 Trinitatis.

1144 1525 1309 1584 (Anno
1326 1525 1539 1588 Domini,
1561 1525 1672 1591 119,
1697 1526 1792 1578 sub
1813 1526 1954 1578 Bello
1984 1525 2199 1578 Adriano
2217 1527 2556 1590 imperatore.)

285 1809 612 1863 ALEXAND!le
637 1804 923 1877 episcopus
963 1806 1214 1864 omnibus
1241 1808 1556 1865 orthodoxis
1584 1825 1680 1881 per
1715 1810 1800 1866 di-
1831 1823 1874 1882 Β
1906 1810 2217 1885 apostolicae
2245 1806 2387 1865 sedis
2418 1806 2648 1877 apicem,
2682 1804 2766 1860 cui
2815 1819 3149 1862 summarum
3189 1799 3499 1878 dispositio-

218 1914 396 1956 versas
426 1898 732 1970 provincias
764 1896 981 1954 Christo
1007 1899 1235 1955 Domino
1262 1899 1662 1956 famulantibus.

280 1991 655 2064 Cogitantibus
689 1991 844 2055 nobis
879 2000 1084 2047 metum
1128 1991 1297 2048 divini
1338 1991 1547 2062 judicii,
1602 1992 1800 2049 fratres

216 2083 537 2149 charissimi,
567 2090 621 2139 et
647 2090 773 2153 post
794 2080 959 2137 vitam
999 2083 1137 2138 banc
1164 2098 1603 2153 unumquemque
1637 2093 1799 2155 prout

218 2176 437 2247 gesserit
485 2183 848 2244 recepturum,
873 2174 1003 2245 quid
1037 2175 1220 2230 veniat
1266 2175 1320 2230 in
1365 2176 1664 2246 querelam,
1717 2186 1799 2232 ta-

217 2281 333 2321 cere
361 2281 465 2321 non
499 2266 671 2330 licuit,
696 2264 791 2320 sed
821 2264 975 2320 nobis
1012 2266 1166 2321 vobis
1192 2265 1335 2336 loqui
1374 2268 1669 2323 necessitas
1694 2268 1797 2322 im-

217 2358 435 2427 peravit,
463 2357 677 2412 dicente
706 2357 1005 2427 propheta:
1038 2375 1059 2409 ι
1100 2357 1292 2412 Exalta
1338 2367 1398 2413 ut
1441 2360 1568 2414 tuba
1607 2373 1795 2414 vocem

220 2456 356 2503 tuam
389 2448 524 2518 (Ira.
581 2464 735 2513 ινιιι,
767 2447 843 2520 1),
874 2468 894 2502 ι
930 2456 984 2504 et
1020 2449 1105 2504 cui
1148 2449 1388 2504 omnium
1430 2450 1794 2506 Ecclesiarum

220 2540 490 2595 commissa
527 2547 611 2595 est
645 2554 796 2604 cura,
828 2539 875 2595 si
919 2538 1275 2606 dissimulem,
1299 2540 1539 2607 audiam,
1566 2541 1795 2598 Domino

228 2632 442 2697 dicente,
472 2632 741 2704 rejecistis
768 2634 1081 2689 mandatum
1112 2632 1229 2700 Dei,
1262 2642 1321 2688 ut
1346 2634 1598 2690 statuatis
1629 2635 1795 2691 tradi-

226 2723 386 2780 tiones
414 2735 641 2781 vestras.
670 2724 806 2793 Quid
845 2725 989 2780 enim
1037 2725 1181 2781 aliud
1205 2736 1290 2781 est
1315 2727 1539 2798 rejicere
1566 2729 1790 2784 manda-

225 2822 327 2869 tum
352 2815 463 2882 Dei,
494 2831 657 2886 quam
686 2816 898 2887 privato
924 2817 1170 2885 consilio,
1192 2817 1399 2886 judicio
1427 2820 1664 2876 humano
1691 2836 1788 2877 no-

224 2903 297 2959 vis
336 2906 492 2961 rebus
529 2906 921 2963 constituendis
946 2907 1184 2982 Jiberius
1229 2910 1508 2966 delectari?
1553 2911 1705 2968 Unde
1736 2921 1793 2969 et

218 2996 333 3053 alibi
357 2999 609 3069 scriptum
630 3008 748 3056 est:
776 3019 796 3052 ι
830 2998 908 3056 Nc
930 3003 1341 3073 transgrediaris
1370 3004 1627 3061 terminos
1649 3006 1790 3060 anti-

215 3102 341 3155 quos
366 3103 497 3158 quos
546 3097 847 3160 posuerunt
891 3100 1073 3162 patres
1116 3094 1190 3147 tui
1231 3091 1413 3165 (Prov.
1444 3111 1577 3165 rex",
1611 3095 1721 3164 28).
1762 3116 1783 3150 ι

1900 1921 1999 1961 nes
2044 1916 2329 1961 causarum
2366 1908 2421 1954 et
2449 1898 2691 1953 omnium
2739 1899 2953 1968 negotia
3006 1898 3373 1955 Ecclesiarum
3420 1914 3488 1958 at)

1900 2000 2019 2070 ipso
2063 1996 2290 2053 Domino
2349 1992 2545 2047 tradita
2588 2000 2734 2057 sunt,
2772 1991 2925 2063 quasi
2973 1992 3041 2047 ad
3099 2002 3289 2064 caput,
3341 1993 3487 2063 ipsu-

1900 2090 2111 2145 dicente
2132 2084 2363 2157 principi
2396 2082 2759 2153 apostolorum
2800 2082 3001 2137 Petro:
3037 2101 3055 2134 ι
3088 2082 3167 2138 Τιι
3190 2098 3249 2139 es
3269 2082 3486 2149 Petrus,

1898 2190 1955 2236 et
1996 2192 2159 2249 super
2209 2178 2349 2232 hanc
2387 2182 2596 2245 petram
2648 2173 2945 2229 Ecclesiam
2985 2189 3161 2229 meam
3211 2173 3489 2229 aediﬁcabo

1899 2271 2114 2345 (Matth.
2149 2285 2259 2332 xvi,
2292 2268 2402 2338 18).
2437 2287 2455 2320 ›
2482 2265 2635 2334 Quod
2659 2268 2878 2336 quidam
2903 2267 3079 2322 aemuli
3103 2266 3324 2331 Christi,
3346 2265 3489 2335 ejus-

1896 2381 2002 2436 que
2031 2373 2234 2419 sanctae
2261 2361 2513 2416 Ecclesiae
2548 2360 2916 2425 insidiatores,
2961 2361 3270 2416 sacerdotes
3297 2360 3389 2415 Dei
3417 2360 3487 2414 ad

1888 2454 2100 2525 judices
2153 2452 2396 2525 publicos
2441 2466 2701 2507 accusare
2751 2459 3112 2521 praesumant,
3154 2467 3275 2507 cum
3317 2450 3487 2523 magis

1895 2546 2171 2618 apostolus
2200 2544 2631 2600 Christianorum
2660 2558 2854 2598 causas
2879 2542 2946 2596 ad
2986 2541 3256 2598 Ecclesias
3284 2542 3486 2598 deferri

1894 2643 1949 2689 et
1988 2633 2182 2689 ibidem
2223 2630 2505 2687 terminari
2561 2629 2854 2700 praecipiat.
2891 2628 3095 2684 Taliter
3123 2630 3487 2699 praevarican-

1897 2734 1975 2780 tes
1997 2721 2338 2794 pranvaricati
2369 2729 2493 2777 sunt
2534 2721 2585 2774 in
2608 2720 2895 2775 Dominum
2925 2734 3102 2783 suum,
3135 2727 3190 2775 et
3223 2734 3327 2775 non
3348 2720 3481 2775 obe-

1892 2820 2045 2876 diunt
2075 2816 2362 2888 praeceptis
2391 2815 2529 2886 ejus,
2577 2813 2645 2869 de
2685 2814 2878 2883 quibus
2929 2812 3188 2869 Dominus
3230 2829 3326 2884 per
3361 2828 3485 2883 pro-

1890 2913 2111 2984 phetam
2142 2909 2280 2967 Osce
2311 2908 2568 2978 loquitur,
2608 2908 2832 2963 dicens:
2871 2924 2890 2957 ι
2920 2905 3085 2974 Quasi
3119 2921 3294 2961 vacca:
3322 2905 3487 2961 lasci-

1890 3003 2101 3058 vientes
2134 2999 2542 3056 declinaverunt
2573 2997 2728 3070 (Osee
2768 3013 2841 3063 tv,
2871 2997 2993 3067 16),
3029 3016 3050 3051 ι
3084 3005 3140 3053 et
3177 2996 3484 3052 dilexerunt

1891 3091 2086 3147 afferre
2126 3090 2476 3163 ignominiam
2528 3087 2928 3160 protectoribus
2973 3087 3105 3143 suis.
3154 3086 3223 3141 Et
3276 3088 3420 3143 idem
3463 3104 3479 3141 :

213 3178 486 3235 'l‘erminos
515 3181 885 3237 indubitanter
922 3185 1315 3254 transgreditur
1336 3188 1426 3257 qui
1467 3197 1666 3242 statuta
1693 3204 1787 3259 pa-

1896 3202 1915 3235 ‹
1952 3183 2044 3238 Va:
2074 3182 2155 3238 eis
2204 3180 2458 3251 quoniam
2504 3188 2846 3235 recesserunt
2888 3195 2920 3234 a
2966 3194 3075 3245 me,
3123 3180 3483 3234 vastabuntur

210 3281 351 3326 trum
380 3275 651 3346 pastponit
670 3285 833 3345 atque
856 3277 1154 3332 confundit.
1185 3277 1438 3336 Pervenit
1459 3296 1691 3350 namque
1720 3282 1786 3336 ad

206 3363 587 3421 conscientiam
629 3366 937 3437 apostolica:
975 3366 1151 3435 Sedis,
1188 3371 1330 3441 quod
1373 3372 1613 3426 nonnulli
1663 3382 1789 3428 sunt

202 3462 313 3508 tam
350 3455 522 3510 stolidi
556 3455 652 3527 qui
687 3457 962 3514 Dominica
1002 3468 1270 3530 praecepta
1318 3469 1373 3515 et
1416 3463 1783 3532 apostolorum

197 3560 491 3618 eorumque
539 3563 913 3604 successorum
955 3560 1157 3606 statuta
1208 3552 1431 3608 minime
1470 3553 1783 3618 observant,

196 3644 250 3690 et
271 3651 369 3691 eos
389 3639 455 3693 de
475 3638 673 3708 quibus
694 3638 953 3694 Dominus
972 3640 1045 3694 ait
1071 3656 1085 3696 :
1108 3660 1127 3693 ι
1157 3640 1258 3709 Qui
1284 3658 1379 3699 vos
1403 3644 1592 3713 tangit,
1614 3644 1787 3714 tangit

192 3728 453 3797 pupillam
495 3729 639 3785 oculi
689 3730 795 3785 mei
822 3728 1008 3800 (Zach.
1049 3748 1112 3796 ιι,
1140 3732 1218 3805 8),
1252 3752 1271 3785 ι
1305 3749 1410 3788 non
1446 3734 1618 3789 solum
1661 3742 1781 3788 tan-

194 3832 327 3884 gere
367 3819 584 3875 minime
623 3820 891 3887 dubitant,
941 3823 1033 3878 sed
1071 3824 1235 3879 etiam
1265 3827 1509 3895 persequi
1540 3842 1643 3880 non
1677 3825 1785 3881 for-

192 3905 423 3963 midant.
470 3909 541 3964 Et
588 3908 718 3964 licet
758 3925 858 3966 nos
902 3921 1317 3982 persequantur,
1358 3914 1482 3983 quia
1534 3929 1634 3970 nec
1686 3929 1785 3969 nos

195 3996 319 4054 sine
347 4000 465 4067 illis,
490 4017 593 4057 nec
616 4001 734 4057 illos
762 4002 879 4058 sine
909 4004 1062 4059 nobis
1090 4008 1339 4077 persequi
1370 4015 1617 4077 possunt,
1648 4022 1782 4076 quo-

190 4087 347 4144 uiam
386 4091 524 4147 illius
552 4108 740 4147 sumus
777 4092 1023 4164 discipuli
1064 4095 1157 4165 qui
1198 4096 1407 4153 animas
1453 4111 1552 4167 pro
1599 4097 1782 4152 fratri—

190 4179 301 4238 bus
330 4189 579 4258 praecepit
606 4202 827 4258 ponere,
865 4197 1043 4244 tamen
1074 4189 1153 4244 eis
1182 4189 1418 4260 pericula
1445 4201 1497 4245 et
1525 4191 1783 4261 perditio-

196 4288 298 4329 nes
342 4290 523 4332 eorum
569 4292 676 4334 non
722 4293 914 4334 sumus
956 4280 1073 4334 ausi
1121 4280 1320 4347 celare,
1363 4294 1430 4335 nc
1468 4282 1780 4352 prophetica
1818 4316 1829 4323 -

196 4367 363 4434 (quod
391 4368 550 4440 absit)
578 4370 896 4425 damnentur
924 4372 1210 4438 sententia,
1240 4387 1360 4442 quae
1387 4373 1500 4428 ait:
1538 4393 1557 4424 ι
1599 4372 1654 4428 Si
1685 4389 1781 4429 an-

197 4458 528 4515 nuntiaveris
575 4458 763 4528 iniquo
818 4460 1156 4531 iniquitatem
1204 4477 1357 4516 suam
1409 4462 1636 4534 (Ezech.
1692 4478 1778 4531 ιιι,

197 4544 310 4614 19),
342 4566 361 4599 ι
394 4549 632 4603 animam
661 4558 808 4603 tuam
837 4548 1097 4605 liberasti.
1131 4548 1187 4605 Si
1214 4560 1395 4608 autem
1426 4568 1532 4608 non
1559 4568 1774 4608 annun-
1804 4592 1855 4653 Β

195 4636 414 4695 tiaveris
439 4641 505 4704 ei,
541 4642 860 4712 sanguinem
897 4640 1015 4711 ejus
1050 4642 1117 4699 de
1155 4658 1316 4698 manu
1345 4652 1434 4698 tua
1481 4645 1773 4714 requiram.

198 4725 294 4781 Est
319 4730 477 4786 etiam
501 4741 561 4787 et
593 4732 695 4787 hoc
730 4732 797 4787 ad
823 4730 962 4788 hanc
987 4741 1234 4788 sanctam
1274 4732 1468 4789 Sedem
1510 4735 1775 4802 perlatum

199 4815 359 4885 (quod
405 4823 570 4892 pudet
613 4822 814 4894 dicere)
847 4832 902 4878 et
943 4840 1051 4879 non
1091 4826 1263 4882 solum
1305 4826 1646 4893 sacerdotali,
1684 4826 1779 4883 sed

198 4908 355 4965 etiam
376 4913 524 4967 omni
556 4912 865 4969 Christiano
894 4916 1096 4971 nomini
1130 4925 1214 4972 est
1256 4917 1558 4982 inimicum,
1581 4917 1633 4971 id
1672 4924 1774 4983 est,

200 5002 338 5067 quod
382 5004 671 5060 nonnullos
699 5005 984 5077 episcopos
1029 5007 1112 5063 vel
1154 5009 1465 5065 sacerdotes
1502 5015 1596 5062 ant
1629 5016 1777 5063 metu

199 5095 536 5164 compellunt,
569 5105 664 5152 aut
685 5097 739 5152 vi
769 5106 1118 5170 extorquent,
1148 5109 1242 5155 aut
1262 5099 1456 5157 fraude
1483 5101 1774 5170 decipiunt,

201 5181 403 5254 aliquas
428 5184 938 5248 confessionis'sua:
983 5192 1037 5247 in
1084 5191 1308 5248 alteram
1362 5202 1571 5263 partem
1615 5208 1778 5264 quam

199 5269 440 5344 debeant,
461 5289 557 5335 aut
579 5294 679 5350 pro
699 5295 917 5337 suarum
942 5298 1045 5338 non
1070 5283 1421 5354 requisitione
1445 5299 1646 5350 rerum,
1664 5293 1773 5347 aut,

201 5366 334 5430 quod
360 5369 597 5425 deterius
636 5378 741 5437 est,
762 5385 862 5441 pro
887 5371 1045 5427 alieni
1075 5372 1280 5428 erroris
1305 5380 1451 5428 secta
1478 5374 1777 5444 scripturas

200 5453 375 5512 facere
391 5468 445 5514 et
467 5461 704 5532 propriis
729 5462 976 5518 manibus
1013 5461 1290 5529 roborare,
1319 5474 1373 5519 et
1395 5478 1578 5518 coram
1609 5480 1777 5535 popu-

200 5541 267 5599 lis
301 5550 528 5608 recitare
558 5564 721 5623 atque
751 5553 1018 5610 conﬁteri.
1058 5555 1283 5625 Aliquos
1313 5557 1499 5612 dicunt
1538 5560 1774 5614 carceri-

200 5629 297 5689 lms
320 5646 374 5693 et
405 5642 690 5711 ergastulis
720 5641 945 5708 recludi,
977 5652 1036 5698 ut
1078 5643 1265 5699 saltem
1309 5645 1397 5700 liis
1426 5646 1600 5700 territi
1642 5647 1777 5702 insi-

201 5723 321 5794 diis,
352 5729 566 5788 devient
594 5734 806 5789 Domini
839 5737 1167 5803 sacerdotes,
1192 5749 1248 5793 et
1285 5738 1399 5794 suis
1427 5737 1645 5794 faveant
1684 5755 1776 5795 vo-

203 5811 503 5881 luntatibus.
530 5824 780 5883 Relatum
811 5827 1033 5899 insuper
1061 5836 1146 5886 est
1189 5830 1254 5886 ad
1298 5829 1457 5900 hujus
1485 5842 1686 5888 sanctae
1721 5840 1774 5889 et

1888 3272 2012 3344 quia
2046 3272 2382 3343 praevaricati
2424 3278 2549 3326 sunt
2588 3271 2641 3325 in
2670 3283 2776 3335 me,
2827 3279 2883 3326 et
2910 3286 3011 3341 ego
3044 3271 3246 3326 redemi
3280 3286 3396 3337 eos,
3425 3279 3483 3325 et

1890 3363 1989 3434 ipsi
2020 3362 2182 3418 locuti
2216 3370 2341 3417 sunt
2382 3369 2573 3417 contra
2611 3376 2696 3415 me
2734 3363 3039 3427 mendacia,
3069 3370 3253 3417 etnon
3283 3362 3481 3417 clama-

1886 3463 2080 3511 verunt
2107 3456 2174 3510 ad
2206 3471 2292 3511 me
2338 3457 2391 3510 in
2443 3455 2608 3510 corde
2640 3470 2759 3521 suo,
2798 3456 2893 3510 sed
2932 3455 3208 3511 ululabant
3237 3457 3290 3512 in
3320 3456 3478 3513 cubi-

1885 3546 2026 3601 libus
2056 3546 2188 3611 suis,
2221 3562 2385 3616 super
2430 3546 2672 3600 triticum
2710 3555 2767 3600 et
2811 3546 2994 3600 viuum
3026 3548 3390 3610 ruminabant,
3419 3557 3477 3603 et

1887 3647 2228 3694 recesserunt
2258 3653 2286 3691 a
2313 3653 2417 3693 me.
2447 3636 2559 3707 Ego
2589 3635 2797 3691 erudiri
2828 3645 2883 3691 et
2913 3635 3214 3692 confortavi
3251 3635 3474 3693 brachia

1884 3744 2094 3794 eorum,
2141 3739 2195 3783 et
2244 3729 2297 3783 in
2357 3743 2443 3784 me
2489 3728 2866 3797 cogitaverunt
2912 3726 3195 3781 malitiam.
3248 3725 3474 3782 Reversi

1885 3832 2010 3878 sunt
2039 3832 2094 3876 ut
2127 3829 2309 3877 essent
2339 3821 2543 3892 absque
2573 3819 2721 3893 iugo,
2774 3820 2901 3875 facti
2946 3827 3073 3875 sunt
3113 3818 3267 3889 quasi
3313 3834 3475 3875 arcus

1884 3913 2100 3969 dolosus
2125 3914 2281 3984 (Osee
2307 3908 2544 3985 vu,'i'5).
2582 3931 2603 3967 ι
2647 3933 2665 3965 ι
2700 3912 2933 3983 Abjiciet
2961 3928 3054 3967 eos
3086 3912 3346 3968 Dominus
3375 3912 3475 3984 (ait

1883 4004 2022 4058 idem
2055 4003 2367 4075 propheta),
2405 4006 2533 4074 quia
2570 4020 2676 4060 non
2708 4007 2995 4060 audierunt
3032 4019 3177 4069 eum,
3223 4013 3279 4061 et
3313 4013 3475 4060 erunt

1881 4096 2000 4166 vagi
2030 4094 2082 4149 in
2120 4095 2429 4151 nationibus
2457 4094 2612 4168 (Osee
2640 4112 2716 4161 lx,
2746 4096 2856 4167 17).
2887 4115 2908 4149 ι
2938 4095 3015 4150 De
3040 4096 3125 4150 his
3144 4095 3287 4150 enim
3307 4095 3471 4151 cleri-

1881 4188 1961 4243 cis
1987 4186 2069 4242 vel
2117 4186 2272 4242 laicis
2308 4188 2400 4257 qui
2435 4187 2718 4259 episcopos
2761 4188 2847 4243 vel
2889 4187 3124 4258 reliquos
3161 4189 3474 4244 sacerdotes

1879 4279 2031 4349 prius
2059 4287 2166 4334 tam
2192 4279 2260 4335 ad
2286 4280 2544 4351 primates
2588 4296 2776 4344 eorum
2810 4296 2971 4351 quam
3007 4281 3075 4335 ad
3104 4281 3340 4352 reliquos
3377 4299 3473 4337 ae-

1881 4380 2075 4426 cusant
2116 4368 2349 4439 iudices,
2386 4386 2550 4441 quam
2606 4372 2827 4427 auribus
2869 4387 3058 4427 eorum
3102 4388 3131 4427 a
3178 4373 3375 4443 quibus
3413 4390 3473 4430 se

1879 4461 2037 4518 laesos
2080 4462 2374 4528 aestimant,
2420 4463 2708 4527 inculcent,
2737 4472 2798 4518 ut
2844 4464 2912 4518 ab
2950 4466 3031 4520 eis
3079 4473 3173 4519 aut
3193 4465 3284 4536 jus
3312 4483 3468 4522 suum

1881 4562 1974 4607 aut
2000 4551 2205 4621 justam
2236 4553 2501 4622 recipiant
2531 4555 2855 4627 apologiam.
2905 4555 3037 4610 Item
3077 4571 3176 4626 per
3220 4559 3471 4613 eumdem

1884 4643 1961 4697 ait
1993 4643 2251 4697 Dominus
2301 4643 2615 4714 prophetam
2649 4662 2662 4697 :
2701 4662 2719 4695 ι
2753 4644 2917 4711 Audi,
2950 4646 3141 4701 domus
3185 4646 3368 4711 Israel,
3416 4657 3474 4701 ct

1885 4735 2075 4791 domus
2101 4736 2264 4806 regis,
2294 4735 2569 4803 ausculta;
2595 4743 2651 4791 et
2680 4735 2960 4802 attendite,
2982 4738 3314 4805 sacerdotes,
3343 4740 3471 4808 quia

1882 4824 2159 4880 vobiscum
2183 4825 2445 4895 judicium
2473 4834 2576 4891 est,
2609 4826 2863 4896 quoniam
2911 4825 3136 4897 laqueus
3180 4827 3308 4882 facti
3338 4829 3473 4883 estis

1882 4915 2236 4986 speculationi
2279 4925 2334 4971 et
2377 4924 2491 4972 rete
2516 4930 2812 4986 expansum
2851 4932 3013 4986 super
3047 4915 3287 4983 Thabor,
3317 4919 3477 4972 victi-

1883 5020 2110 5076 masque
2162 5005 2471 5061 declinastis
2519 5006 2571 5060 in
2619 5006 2942 5076 profundum
2972 5005 3128 5077 (Osee
3163 5023 3217 5075 v,
3242 5008 3316 5078 1).
3351 5027 3369 5059 ι
3405 5009 3475 5064 ΕΙ.

1886 5111 1988 5167 ego
2033 5095 2279 5152 eruditor
2320 5096 2562 5151 omnium
2607 5106 2869 5153 vestrum.
2912 5097 2978 5151 Et
3006 5098 3133 5153 alibi
3166 5116 3180 5153 :
3214 5118 3233 5150 ι
3269 5098 3470 5155 Omnes

1885 5188 2127 5243 calefacti
2151 5187 2283 5243 estis
2302 5188 2459 5257 quasi
2492 5187 2769 5253 clibanus,
2808 5189 2935 5258 quia
2969 5189 3240 5251 devoratis
3259 5189 3471 5259 iudices

1883 5287 2095 5334 vestros
2143 5277 2297 5349 (Osee
2325 5295 2422 5342 vn,
2456 5278 2531 5350 '7).
2574 5297 2592 5329 ι
2628 5277 2731 5347 lpsi
2779 5287 2958 5333 autem
3008 5279 3284 5336 declinant
3314 5280 3470 5336 victi-

1882 5383 2002 5423 mas
2028 5367 2239 5423 Domini
2272 5368 2325 5422 in
2357 5368 2700 5438 profundum.
2728 5368 2817 5437 qui
2851 5384 2945 5425 eos
2980 5368 3241 5425 devorant
3278 5371 3358 5425 vel
3388 5372 3470 5425 iu-

1873 5460 2021 5530 jnste
2050 5461 2314 5526 lacerant,
2341 5462 2468 5531 quia
2498 5462 2636 5515 oculi
2676 5460 2889 5517 Domini
2927 5461 3200 5517 dicuntur.
3241 5462 3374 5516 Nam
3418 5465 3465 5519 si

1879 5553 2041 5607 modo
2079 5551 2364 5622 quisquam
2393 5550 2654 5621 principis
2684 5551 2958 5607 saecularis
2986 5553 3170 5607 oculos
3200 5552 3467 5608 laceraret

1881 5654 1974 5700 aut
2012 5653 2309 5712 amoveret,
2343 5653 2487 5700 esset
2532 5659 2657 5700 reus
2694 5644 2997 5715 maiestatis
3033 5661 3100 5699 an
3150 5645 3294 5700 non?
3327 5642 3465 5698 Pro-

1880 5739 2024 5795 fecto
2057 5747 2150 5794 aut
2186 5738 2348 5793 morti
2398 5737 2701 5794 traderetur
2743 5747 2835 5794 aut
2875 5746 3131 5809 perpetua
3182 5745 3466 5793 notaretur

1880 5830 2123 5887 infamia.
2159 5829 2215 5886 Si
2243 5844 2341 5900 pro
2367 5828 2549 5885 saeculi
2588 5830 2941 5901 potestatibus
2987 5828 3109 5884 talia
3139 5829 3206 5884 ab
3231 5827 3464 5885 homini-
