4012 6428
609 460 672 515 Ol
1422 447 1713 502 APPEND.
1756 445 1848 501 AD
1889 443 2061 500 SEC.
2093 442 2182 497 IX.
2223 471 2292 482 —-
2325 436 2577 496 lSlDORl
2616 433 3096 536 MERCAjI‘OBIS‘
3807 435 3878 490 92

607 571 711 627 bus
740 568 897 633 fiunt,
923 565 1051 637 quid
1090 579 1189 634 pro
1218 562 1301 617 his
1349 561 1464 616 fieri
1494 560 1719 630 putatis,
1759 559 1825 614 de
1869 559 2063 628 quibus
2092 558 2194 611 Do-
2223 569 2273 627 Α
2300 568 2422 609 nem
2446 551 2583 619 ﬁeri,
2609 552 2735 623 quia
2756 551 2837 607 sic
2856 549 2970 606 odit
2998 550 3144 605 Deus
3171 561 3268 605 eos
3293 548 3386 617 qui
3413 548 3676 606 adversus
3696 558 3881 620 patr-es

609 662 790 718 minus
825 660 937 714 ait:
967 674 986 709 ι
1023 656 1124 723 Qui
1167 670 1260 709 vos
1303 652 1492 723 tangit,
1542 652 1714 721 tangit
1758 649 2012 720 pupillam
2057 644 2203 702 oculi

612 754 721 810 mei
747 751 932 824 (Zach.
982 765 1046 814 ιι,
1098 747 1173 815 8).
1216 769 1232 795 ι
1260 743 1618 800 Proculdubio
1664 742 1717 796 lii
1748 742 1839 812 qui
1885 755 1978 795 eos
2019 754 2203 810 perse-

617 854 860 917 quuntur
890 850 945 897 et
971 853 1223 894 amovere
1247 836 1492 891 nituntur
1518 832 1715 903 injuste
1751 840 1940 887 contra
1986 838 2204 900 aposto-

612 934 771 990 licam
811 931 1189 987 auctoritatem
1220 928 1267 982 si
1309 943 1338 981 a
1366 934 1542 981 morte
1589 923 1958 994 prohibentur,
1991 922 2215 976 dicente-

624 1024 891 1079 Domino:
929 1040 947 1072 ι
989 1018 1122 1074 Nolo
1147 1028 1374 1072 mortem
1404 1016 1722 1086 peccatoris,
1756 1013 1850 1068 sed
1889 1021 1947 1066 ut
1974 1026 2203 1067 conver-

614 1122 769 1169 tatur
796 1122 851 1166 et
877 1110 1026 1165 vivat
1059 1107 1275 1181 (δια-ἠ.
1307 1118 1501 1168 xxxut,
1532 1105 1650 1174 ll);
1684 1123 1701 1153 ι
1742 1111 2001 1172 perpetua
2024 1111 2201 1155 tamen

619 1212 878 1260 notantur
898 1199 1144 1269 infamia,
1167 1207 1221 1252 et
1242 1196 1433 1252 exsilio
1455 1194 1599 1264 digni
1621 1193 1930 1265 judicantur
1953 1190 2202 1256 finitimo,

616 1295 683 1348 de
708 1292 904 1362 quibus
920 1306 949 1344 a
972 1287 1302 1357 temporibus
1316 1283 1678 1354 apostolorum
1705 1291 1759 1337 et
1780 1279 1917 1335 infra
1939 1281 2041 1335 ista
2062 1289 2207 1335 tene-

615 1397 738 1437 mus
765 1389 927 1450 atque
953 1379 1166 1433 decreta
1195 1377 1453 1431 habemus
1480 1373 1676 1444 quibus
1701 1387 1889 1427 eorum
1916 1370 2206 1426 accusandi

614 1473 896 1543 episcopos
924 1469 1009 1524 vel
1040 1466 1356 1524 testincandi
1386 1466 1440 1520 in
1479 1481 1572 1521 eos
1603 1479 1790 1519 vocem
1842 1462 2202 1526 obstruimus,

614 1574 750 1629 quos
776 1574 882 1637 non
908 1557 1176 1623 humanis,
1207 1555 1299 1610 sed
1327 1553 1525 1608 divinis
1549 1552 1760 1607 actibus
1796 1562 2041 1606 mortuos
2085 1565 2208 1606 esse

617 1657 841 1721 scimus;
858 1655 923 1709 de
952 1654 1147 1723 quibus
1169 1650 1427 1705 Dominus
1450 1648 1685 1718 loquitur
1709 1662 1802 1717 per
1822 1646 2072 1701 eumdem
2087 1659 2209 1716 pro-

614 1745 877 1815 phetam:
917 1760 937 1793 «
974 1740 1309 1797 Calumni-am
1339 1738 1550 1808 patiens
1594 1736 1849 1807 Ephraitn
1889 1734 2095 1791 fractus
2124 1743 2207 1790 cst

610 1832 837 1903 judicio,
885 1831 1140 1903 quoniam
1188 1830 1354 1899 coepit
1398 1829 1549 1883 abire
1574 1836 1697 1898 post
1742 1827 1983 1891 sordem,
2021 1835 2076 1881 et
2106 1840 2207 1896 ego

2305 651 2586 698 armantur
2612 651 2671 697 ut
2697 650 2912 711 patrum
2942 640 3221 696 iuvasores
3245 639 3333 694 vel
3360 639 3745 694 destructores.
3776 638 3883 706 Qui

2305 733 2425 788 ideo
2463 731 2692 788 infames
2724 730 3048 797 efﬁciuntur,
3091 730 3216 801 quia
3250 738 3433 802 patres
3465 741 3880 801 persequuntur.

2304 823 2456 892 Quod
2487 826 2532 879 si
2570 840 2673 880 nec
2707 824 2853 895 loqui
2887 824 2966 879 eis
2998 823 3139 887 licet,
3183 823 3377 894 quibus
3406 824 3653 879 doctores
3686 823 3885 879 summi

2306 918 2465 994 (quos
2517 917 2797 987 episcopos
2833 914 3125 987 vocamus)
3172 924 3396 986 propter
3439 929 3628 971 eorum
3680 915 3885 970 scelera

2305 1010 2681 1075 adversantur,
2731 1019 2933 1080 quanto
2988 1010 3161 1078 magis
3199 1009 3279 1063 eis
3327 1008 3419 1078 qui
3465 1022 3558 1063 eos
3604 1006 3884 1073 infestant,

2305 1119 2406 1158 nec
2427 1102 2871 1161 consentiendum
2895 1111 2998 1169 est,
3021 1116 3119 1157 nec
3141 1102 3486 1171 loquendum,
3504 1114 3571 1154 ne
3597 1099 3889 1171 participes

2305 1210 2493 1249 eorum
2541 1194 2886 1249 inveniantur
2932 1192 3260 1260 sceleribus;
3289 1193 3412 1262 quia
3460 1207 3565 1247 non
3599 1192 3774 1247 solum
3801 1190 3891 1260 qui

2305 1282 2534 1349 faciunt,
2587 1283 2682 1339 sed
2727 1283 2821 1354 qui
2874 1282 3219 1339 consentiunt
3260 1281 3580 1337 facientibus
3629 1281 3708 1336 rei
3745 1289 3888 1335 sunt.

2311 1376 2464 1431 Unde
2495 1386 2548 1431 et
2573 1376 2763 1431 beatus
2784 1376 3035 1447 princeps
3062 1373 3424 1444 apostolorum
3464 1373 3681 1439 Petrus,
3714 1372 3770 1426 in
3801 1387 3889 1427 or-

2306 1464 2580 1520 dinatione
2608 1465 2779 1519 sancti
2819 1465 3227 1536 praedecessoris
3255 1463 3425 1518 nostri
3464 1462 3782 1528 Clementis,
3815 1462 3893 1516 in-

2307 1562 2524 1609 struens
2558 1554 2762 1608 clerum
2801 1563 2857 1607 et
2906 1553 3161 1623 populum
3190 1554 3265 1606 ait
3296 1570 3309 1606 :
3338 1551 3396 1607 Si
3438 1552 3696 1607 inimicus
3732 1551 3897 1606 fuerit

2306 1626 2559 1699 Clemens
2586 1642 2743 1698 alicui
2766 1658 2862 1713 pro
2889 1644 3100 1698 actibus
3121 1642 3256 1707 suis,
3281 1658 3377 1697 vos
3398 1643 3565 1698 nolite
3579 1652 3897 1713 exspectem

2309 1736 2508 1806 utjipse
2534 1734 2689 1792 vobis
2721 1736 2902 1792 dicat:
2930 1734 3066 1791 Cum
3096 1735 3189 1791 illo
3233 1735 3401 1791 nolite
3443 1735 3602 1791 amici
3632 1751 3775 1799 esse,
3809 1735 3898 1791 sed

2309 1829 2604 1900 prudenter
2624 1830 2914 1884 observare
2938 1827 3165 1894 debetis,
3190 1837 3246 1885 et
3264 1827 3526 1884 voluntati
3559 1827 3677 1898 ejus
3696 1829 3901 1901 absque

615 1925 770 1995 quasi
804 1926 946 1979 tinea
983 1922 1264 1993 Ephraim,
1295 1930 1344 1975 et
1377 1920 1530 1990 quasi
1568 1919 1796 1990 putredo
1832 1918 2015 1974 domui
2044 1915 2201 1972 Juda.
2237 1932 2280 1993 Β
2308 1918 2799 1975 communicatione
2827 1920 3218 1987 obsecundare,
3247 1930 3303 1975 et
3330 1933 3576 1976 avertere
3604 1936 3699 1979 vos
3737 1922 3810 1977 ab
3837 1936 3897 1977 eo

616 2016 688 2072 Et
712 2018 848 2072 vidit
875 2015 1131 2086 Ephraim
1174 2013 1492 2083 languorem
1541 2027 1698 2067 suum
1742 2019 1797 2065 et
1844 2007 1982 2064 Juda
2021 2009 2208 2063 vincu-

617 2106 729 2161 lum
756 2121 931 2171 suum,
962 2115 1019 2160 et
1060 2104 1192 2159 abiit
1223 2104 1478 2173 Ephraim
1526 2102 1594 2157 ad
1636 2102 1824 2167 Assur,
1862 2110 1920 2157 et
1964 2101 2115 2155 misit
2140 2100 2208 2156 ad

617 2210 802 2267 regem
836 2196 1091 2262 ultorem,
1119 2204 1173 2250 et
1212 2194 1327 2264 ipse
1372 2208 1479 2248 non
1534 2192 1730 2263 poterit
1771 2205 1963 2245 sanare
1990 2205 2086 2245 vos
2111 2204 2211 2244 nec

618 2290 828 2346 solvere
871 2288 1068 2361 poterit
1115 2303 1147 2342 a
1200 2288 1351 2341 vobis
1396 2286 1665 2341 vinculum
1731 2282 1897 2355 (Osee
1930 2297 1984 2348 v,
2037 2281 2145 2353 ll).
2184 2300 2205 2334 ι

633 2378 736 2449 Qui
767 2378 910 2436 enim
938 2378 1204 2448 sacrilega
1243 2384 1639 2447 persequuntur
1665 2374 2017 2446 persuasione
2053 2383 2108 2426 et
2135 2372 2212 2426 la-

623 2486 816 2530 cerare
841 2472 1085 2526 nituntur
1111 2470 1412 2540 episcOpos,
1444 2467 1528 2523 vel
1556 2483 1653 2524 eos
1678 2467 1769 2537 qui
1800 2465 2027 2522 Domino
2063 2472 2212 2520 recte

620 2566 951 2630 sacrificant,
989 2564 1354 2619 indubitanter
1399 2576 1523 2617 cum
1572 2569 1969 2631 persequuntur
1995 2566 2050 2613 et
2079 2557 2212 2613 dila-

620 2661 777 2717 niant
817 2658 970 2729 cujus
1016 2657 1132 2712 vice
1169 2656 1487 2727 funguntur,
1526 2654 1665 2709 unde
1707 2654 1784 2708 ait
1820 2650 2081 2707 Dominus
2116 2663 2214 2720 per

628 2750 746 2806 .loel
797 2749 1113 2819 prophetam
1166 2764 1180 2800 :
1228 2764 1248 2798 ι
1306 2744 1561 2815 Nunquid
1602 2743 1859 2798 ultionem
1903 2741 2213 2797 reddidistis

621 2838 794 2894 mihi?
819 2837 888 2892 Et
915 2836 961 2891 si
984 2834 1306 2895 ulciscimini
1337 2849 1433 2889 vos
1470 2841 1658 2888 contra
1690 2832 1943 2897 me,cito,
1962 2828 2216 2885 velociter

623 2929 845 2985 reddam
882 2924 1308 2982 vicissitudinem
1357 2922 1510 2978 vobis
1561 2936 1726 2993 super
1763 2929 1927 2988 caput
1974 2928 2215 2974 vestrum

624 3017 764 3089 (Joel
802 3033 884 3083 ιιι,
911 3016 988 3089 4).
1030 3033 1047 3066 ι
1084 3013 1152 3069 ΕΙ.
1191 3028 1287 3084 per
1339 3010 1535 3069 Oseam
1579 3012 1896 3082 prophetam
1956 3008 2215 3064 Dominus

623 3107 793 3180 inquit
822 3126 835 3162 :
870 3126 889 3160 ι
925 3105 1055 3173 Quis
1102 3104 1341 3174 sapiens,
1371 3111 1425 3157 et
1457 3099 1719 3172 intelliget
1760 3100 1886 3165 ista,
1913 3098 2215 3169 intelligens

625 3210 682 3254 et
709 3213 844 3254 sciet
872 3197 958 3254 ea?
986 3196 1124 3263 Quia
1151 3204 1312 3250 recta:
1340 3192 1440 3247 via:
1462 3190 1699 3257 Domini,
1729 3198 1780 3244 et
1813 3188 1945 3261 justi
1972 3188 2214 3244 ambula-

2311 2013 2396 2068 cui
2425 2013 2600 2084 ipsum
2629 2014 2843 2069 sentitis
2871 2012 3175 2080 adversum,
3209 2014 3303 2069 sed
3344 2028 3445 2070 nec
3482 2013 3629 2085 loqui
3665 2014 3760 2074 his
3790 2015 3903 2085 qui-

2309 2105 2411 2160 bus
2438 2104 2553 2175 ipse
2584 2119 2692 2160 non
2737 2103 2995 2174 loquitur,
3037 2112 3096 2158 ut
3134 2105 3508 2175 unusquisque
3533 2105 3625 2175 qui
3657 2105 3709 2160 in
3747 2104 3899 2173 culpa

2311 2204 2416 2262 est,
2462 2198 2589 2250 dum
2631 2195 2873 2251 omnium
2923 2206 3162 2253 vestrum
3219 2196 3383 2265 cupit.
3412 2196 3683 2252 amicitias
3744 2197 3899 2261 ferre,

2310 2287 2530 2346 festinet
2558 2287 2717 2343 citius
2748 2286 3085 2343 reconciliari
3112 2287 3161 2342 ei
3202 2287 3293 2357 qui
3326 2286 3577 2342 omnibus
3597 2298 3820 2357 ιιι-πεδί,
3848 2298 3902 2343 ut

2311 2396 2409 2453 per
2456 2381 2559 2436 hoc
2608 2380 2797 2435 redeat
2842 2380 2911 2435 ad
2951 2378 3205 2445 salutem,
3255 2394 3378 2434 cum
3418 2380 3638 2435 obedire
3674 2381 3904 2449 cmperit

2311 2471 2536 2525 monitis
2573 2468 2935 2540 praesidentis.
2987 2468 3048 2523 Si
3090 2484 3218 2525 vero
3244 2468 3366 2539 quis
3393 2471 3597 2525 amicus
3632 2468 3800 2525 fuerit
3826 2471 3903 2525 bis

2311 2562 2507 2632 quibus
2530 2561 2737 2617 amicus
2764 2576 2873 2616 non
2902 2568 3007 2627 est,
3035 2569 3091 2616 et
3131 2559 3342 2617 locutus
3384 2560 3551 2616 fuerit
3589 2561 3675 2616 his
3711 2561 3904 2632 quibus

2313 2655 2429 2725 ipse
2455 2669 2563 2709 non
2592 2653 2856 2722 loquitur,
2884 2666 3026 2706 unus
3052 2659 3210 2706 estet
3236 2650 3351 2721 ipse
3380 2666 3446 2706 ex
3473 2650 3578 2706 illis
3602 2650 3692 2720 qui
3728 2661 3905 2707 exter-

2313 2746 2521 2802 minare
2547 2744 2841 2800 Ecclesiam
2870 2744 2964 2799 Dei
2993 2742 3216 2809 volunt;
3243 2752 3444 2800 etcum
3475 2759 3703 2815 corpore
3735 2746 3905 2800 vobis-

2315 2853 2441 2894 cum
2468 2851 2590 2893 esse
2617 2835 2887 2901 videatur,
2929 2844 3110 2901 mente
3147 2842 3204 2889 et
3248 2834 3431 2890 animo
3459 2846 3650 2890 contra
3682 2850 3785 2891 vos
3805 2845 3901 2899 est,

2313 2939 2477 2986 etest
2520 2927 2690 2983 multo
2720 2926 2946 2996 nequior
2989 2893 3162 2981 hostis
3194 2925 3305 2991 hic,
3333 2940 3496 2994 quam
3525 2924 3602 2980 illi
3641 2926 3739 2996 qui
3780 2893 3904 2981 foris

2315 3030 2462 3087 sunt,
2490 3029 2545 3076 et
2574 3019 2851 3075 evidenter
2885 3016 3090 3072 inimici
3118 3025 3266 3072 sunt.
3293 3016 3392 3073 [lic
3413 3016 3559 3072 enim
3594 3032 3692 3087 per
3723 3017 3904 3072 amici-

2316 3115 2510 3169 tiarum
2536 3111 2769 3181 speciem
2794 3122 2913 3179 qua:
2934 3106 3152 3162 inimica
3192 3115 3320 3162 sunt
3340 3108 3498 3177 gerit,
3519 3115 3575 3161 et
3600 3105 3896 3162 Ecclesiam

2319 3202 2581 3274 dispergit
2609 3216 2674 3256 ac
2700 3208 2897 3255 vastat.
2938 3198 3198 3255 Similiter
3240 3199 3285 3254 si
3322 3198 3630 3269 hujusmodi
3662 3200 3903 3269 personis

626 3291 765 3347 bunt
812 3290 867 3344 in
916 3289 995 3345 eis
1024 3285 1179 3359 (Osee
1221 3283 1477 3356 Χιγ,10),
1526 3301 1545 3336 ι
1592 3282 2036 3352 praevaricatores
2087 3295 2214 3335 vero

2319 3295 2566 3366 quaedam
2610 3291 2894 3362 scriptura:
2953 3290 3330 3361 quoquomodo
3386 3304 3483 3359 per
3528 3298 3778 3356 metum,
3822 3298 3905 3343 aut

627 3386 881 3435 corruent
906 3378 959 3431 in
988 3376 1088 3431 eis.
1120 3374 1187 3429 Et
1213 3374 1327 3446 ipsa
1350 3388 1447 3444 per
1472 3388 1532 3428 se
1554 3372 1768 3427 Veritas
1794 3371 1905 3425 ait:
1936 3387 1955 3421 ‹
1984 3369 2087 3438 Qui
2116 3384 2212 3425 vos

629 3473 780 3528 audit
806 3485 892 3526 me
920 3468 1090 3535 audit,
1116 3476 1171 3521 et
1195 3466 1286 3537 qui
1328 3480 1426 3519 vos
1468 3465 1674 3534 spernit
1712 3478 1799 3517 me
1827 3461 2034 3531 spernit
2061 3458 2212 3530 (Luc.

626 3581 684 3631 ι,
717 3564 825 3634 16).
866 3582 886 3616 ι
923 3560 1018 3617 His
1046 3568 1102 3616 et
1143 3557 1264 3613 aliis
1302 3555 1420 3611 fulti
1465 3556 1877 3627 quamplurimis
1920 3552 2216 3607 Dominicis

626 3654 935 3728 praaceptis,
961 3653 1195 3707 vitantes
1216 3648 1494 3703 hominum
1521 3646 1870 3717 perditiones,
1901 3658 2023 3698 cum
2044 3643 2220 3698 omni-

627 3750 730 3803 bus
758 3745 917 3816 hujus
940 3753 1141 3799 sancta:
1170 3741 1349 3806 Sedis,
1377 3755 1539 3809 quam
1564 3737 1821 3793 Dominus
1858 3744 2021 3805 caput
2056 3736 2220 3790 totius

629 3838 890 3894 Ecclesia:
914 3834 1220 3900 constituit,
1245 3830 1524 3897 mentbris,
1550 3829 1678 3884 talia
1708 3829 1823 3882 fieri
1847 3827 2216 3899 prohibemus,

631 3947 701 3987 ne
728 3929 1086 3988 confundatur
1120 3925 1347 3997 populus
1396 3924 1606 3979 Domini
1657 3922 1711 3977 in
1763 3930 2046 3976 tetetnum.
2084 3917 2219 3972 Nam

631 4029 688 4075 et
716 4036 745 4075 a
773 4018 1264 4092 prwdecessoribus
1314 4016 1515 4071 nostris
1555 4013 1841 4068 inhibitum
1885 4011 2133 4083 legimus,
2163 4017 2221 4064 ut

632 4127 791 4167 nemo
827 4109 1112 4165 contristet
1141 4107 1413 4172 doctores,
1464 4120 1637 4176 neque
1680 4103 2080 4159 accusationem
2122 4101 2219 4157 ad-

632 4220 824 4262 versus
844 4219 939 4261 eos
966 4203 1243 4273 suscipiat.
1271 4201 1388 4271 Ipse
1415 4212 1647 4268 namque
1673 4195 2042 4267 apostolorum
2073 4194 2226 4273 prin-3

635 4312 764 4368 ceps
810 4296 865 4350 in
917 4272 1259 4350 ordinatione
1308 4290 1450 4346 beati
1499 4288 1792 4344 Clementis
1837 4284 2092 4356 populum
2143 4272 2223 4337 in;

646 4399 883 4455 struens,
914 4388 990 4443 ait
1014 4406 1026 4441 :
1067 4385 1382 4455 Quicunque
1410 4379 1813 4438 contristaverit
1842 4379 2115 4434 doctorem
2135 4391 2227 4430 ve-

635 4479 814 4537 ritatis
859 4486 1049 4550 peccat
1110 4477 1164 4532 in
1216 4475 1533 4539 Christum,
1590 4480 1645 4527 et
1710 4471 1926 4525 Patrem
1983 4467 2221 4524 omnium

637 4572 928 4628 exacerbat
950 4570 1142 4636 Deum,
1167 4578 1388 4639 propter
1408 4564 1552 4637 quod
1573 4566 1681 4619 vita
1703 4564 1938 4628 carebit;
1962 4570 2017 4617 et
2040 4562 2226 4616 doctor

2315 3383 2585 3447 fraudem,
2614 3390 2708 3436 aut
2737 3396 2834 3452 per
2858 3380 2967 3435 vim
2993 3389 3218 3435 extorta:
3243 3378 3466 3445 fuerint,
3496 3379 3579 3433 vel
3611 3388 3667 3434 ut
3690 3395 3757 3435 se
3786 3378 3903 3433 libe-

2317 3468 2447 3530 rare“
2460 3474 2699 3545 possint,
2728 3485 3050 3543 quocunque
3079 3471 3238 3526 modo
3278 3470 3344 3525 ab
3368 3470 3447 3526 eis
3469 3470 3799 3540 conscripta:
3828 3468 3899 3523 vel

2316 3567 2580 3621 roborata:
2606 3563 2807 3618 fuerint
2828 3561 3063 3633 ingenio,
3088 3561 3157 3616 ad
3178 3559 3386 3615 nullum
3416 3560 3496 3615 eis
3530 3561 3900 3631 przejudieium

2317 3668 2411 3713 aut
2440 3664 2822 3714 nocumentum
2863 3655 3146 3726 pervenire
3190 3669 3496 3721 censemus,
3528 3668 3709 3723 neque
3749 3654 3902 3710 ullam

2319 3748 2437 3819 ejus
2471 3748 2746 3803 infamiam
2771 3746 2857 3803 vel
2884 3746 3234 3813 calumniam,
3273 3755 3368 3802 aut
3392 3762 3421 3801 a
3453 3747 3567 3803 suis
3594 3755 3903 3816 sequestra-

2321 3842 2525 3897 tionem
2560 3841 2717 3897 bonis
2756 3854 3014 3909 unquam,
3060 3849 3281 3895 auctore
3316 3839 3567 3905 Domino,
3614 3847 3669 3893 et
3709 3837 3906 3894 sanctis

2321 3932 2580 4003 apostolis
2605 3946 2901 4000 eorumque
2947 3930 3354 3985 successoribus
3387 3931 3656 4010 sustinere
3685 3934 3909 4001 permit-

2324 4027 2506 4081 timus.
2532 4024 2814 4082 Coufessio
2841 4039 2969 4078 vero
3011 4024 3063 4078 in
3096 4023 3293 4078 talibus
3333 4039 3441 4079 non
3487 4022 3791 4093 compulsa,
3819 4022 3908 4078 sed

2324 4124 2619 4186 spontanca
2648 4113 2766 4169 ﬁeri
2793 4114 2972 4179 debet,
3008 4114 3125 4182 ipso
3163 4122 3479 4178 attestante,
3505 4113 3595 4183 qui
3625 4114 3746 4169 ait;
3784 4134 3803 4166 ι
3834 4113 3907 4168 Ex

2324 4208 2486 4265 corde
2505 4208 2651 4263 enim
2679 4207 2979 4276 procedunt
3011 4205 3320 4273 homicidia,
3350 4205 3636 4271 adulteria,
3663 4205 3906 4263 fornica-

2326 4301 2523 4367 tiones,
2547 4299 2892 4369 blasphemiaa
2916 4298 3131 4371 (Matth.
3173 4316 3262 4367 xv,
3306 4299 3394 4371 19)
3428 4318 3448 4354 ι
3479 4307 3529 4355 et
3557 4310 3761 4357 caatera
3790 4315 3905 4371 qua:

2326 4401 2453 4448 sunt
2495 4392 2565 4447 ad
2614 4393 2729 4448 haec
2775 4392 3119 4462 pertinentia.
3173 4390 3286 4448 Nec
3331 4401 3539 4448 tantum
3585 4394 3908 4450 attendenda

2328 4496 2454 4543 sunt
2501 4502 2622 4557 quae
2671 4485 2807 4541 fiunt
2842 4494 3103 4555 quantum
3135 4500 3242 4554 quo
3276 4485 3458 4541 animo
3494 4486 3644 4550 fiant,
3681 4501 3909 4557 quorum

2329 4579 2595 4649 exempla,
2638 4579 2685 4632 si
2730 4576 2910 4633 omnia
2955 4576 3194 4631 scribere
3235 4576 3585 4647 coeperimus,
3633 4588 3765 4633 ante
3800 4577 3911 4633 dies

638 4664 879 4738 gentium
924 4662 1136 4731 inquit:
1168 4680 1186 4712 ι
1222 4661 1278 4715 Si
1312 4666 1717 4730 praeoccupatus
1749 4655 1914 4711 fuerit
1958 4655 2121 4709 homo
2165 4652 2219 4706 in
2250 4643 2299 4703 Ι)
2325 4643 2753 4740 quam'exempja
2783 4666 3052 4723 deﬁcient.
3086 4666 3235 4722 unde
3271 4643 3340 4723 el’
3362 4666 3493 4721 illud
3522 4674 3606 4722 es,
3630 4668 3780 4736 quod
3816 4667 3911 4723 ου,

640 4756 819 4827 aliquo
862 4752 1079 4817 delicto,
1124 4764 1219 4805 vos
1259 4749 1351 4819 qui
1398 4748 1705 4819 spirituales
1740 4746 1893 4811 estis,
1922 4752 2222 4801 sustentate

639 4848 792 4904 illum
818 4848 874 4902 in
903 4845 1095 4916 spiritu
1124 4842 1382 4908 lenitatis,
1412 4841 1757 4898 considerans
1794 4838 2045 4908 teipsum,
2074 4851 2141 4891 ne
2168 4845 2223 4890 et

642 4952 699 4998 tu
732 4942 976 5005 tentet-is,
1006 4938 1144 4994 alter
1174 4936 1396 4993 alterius
1428 4950 1594 4990 onera
1640 4942 1869 5003 portate,
1910 4939 1964 4988 et
2000 4930 2080 4985 sic
2125 4929 2223 4984 ad-

642 5031 933 5102 implebitis
962 5029 1132 5101 legem
1159 5027 1360 5082 Christi
1399 5024 1543 5098 (Gal.
1579 5041 1656 5090 vt,
1692 5025 1766 5093 1).
1805 5042 1824 5075 ι

714 5120 825 5177 llas
873 5119 1280 5175 considerantes
1326 5115 1578 5187 pietates,
1621 5122 1675 5169 et
1713 5110 1953 5183 pericula
1998 5111 2226 5165 vitantes

645 5214 972 5276 animarum,
1012 5226 1118 5265 una
1169 5224 1291 5264 cum
1330 5208 1579 5263 omnibus
1609 5206 1820 5262 Domini
1851 5204 2224 5261 sacerdotibus

645 5305 739 5376 qui
768 5303 1044 5359 nobiscum
1092 5301 1147 5354 in
1201 5300 1340 5353 hanc
1382 5312 1590 5354 sacram
1621 5305 1989 5361 convenerunt
2014 5294 2221 5358 urbem,

608 5442 621 5463 ,
646 5404 701 5451 et
729 5408 851 5450 cum
876 5390 1124 5446 onmibus
1163 5387 1319 5457 hujus
1342 5388 1536 5456 capitis
1573 5386 1851 5451 membris,
1875 5386 2015 5441 sicut
2040 5400 2072 5438 a
2101 5384 2228 5438 bea-

606 5466 611 5471 O
647 5486 715 5541 tis
746 5482 1019 5556 apostolis,
1042 5490 1096 5536 et
1120 5496 1149 5535 a
1182 5479 1401 5551 reliquis
1432 5480 1633 5535 sanctis
1655 5478 1925 5545 Patribus,
1952 5485 2009 5533 et
2035 5493 2065 5530 a
2097 5490 2221 5531 suc-

645 5577 952 5634 cessoribus
986 5589 1172 5630 eorum
1202 5579 1526 5644 accepimus,
1563 5580 1859 5629 statuentes
1883 5570 2223 5625 decernimus

643 5683 834 5725 omnes
871 5666 960 5737 qui
1002 5673 1219 5721 sanctos
1262 5664 1452 5721 Patres
1493 5673 1910 5736 persequuntur,
1940 5671 2032 5716 aut
2074 5676 2223 5717 amo-

645 5774 793 5824 vere,
821 5758 905 5814 vel
932 5757 1229 5813 dilacerare
1253 5753 1535 5811 manifeste
1561 5755 1825 5820 nituntur,
1852 5750 2079 5807 infames
2103 5766 2223 5808 esse

646 5861 704 5911 et
727 5852 928 5911 alienos
964 5866 997 5907 a
1020 5848 1293 5907 liminibus
1320 5847 1573 5906 Ecclesiae
1596 5862 1766 5919 usque
1803 5848 1869 5905 ad
1898 5846 2223 5905 satisfactio-

2326 4760 2502 4814 minus
2544 4758 2612 4813 ad
2659 4771 2884 4812 munera
2929 4755 3066 4810 Abel
3107 4756 3346 4825 respexit
3395 4765 3448 4810 et
3493 4772 3599 4811 non
3643 4757 3715 4811 ad
3759 4756 3909 4821 Cain,

2324 4850 2449 4920 quia
2478 4847 2649 4919 magis
2674 4845 2901 4902 intendit
2940 4846 3005 4900 ad
3041 4843 3316 4900 offerentis
3357 4844 3595 4899 animum
3635 4861 3804 4916 quam
3846 4846 3909 4899 ad

2325 4955 2389 4995 ea
2420 4954 2538 5010 qua:
2564 4936 2883 5015 olferuntur.
2930 4935 3058 4991 Inde
3081 4943 3137 4990 et
3173 4935 3434 4991 Dominus
3461 4952 3559 5006 per
3585 4934 3911 5007 Prophetam

2327 5030 2500 5100 inquit
2529 5048 2542 5083 :
2579 5048 2598 5081 ‹
2633 5028 2893 5085 Dominus
2921 5027 3023 5083 scit
3051 5026 3409 5099 cogitationes
3431 5027 3715 5082 hominum
3739 5025 3909 5101 (Psal.

2328 5135 2481 5185 xcut,
2520 5118 2629 5190 11).
2666 5138 2684 5172 ι
2715 5117 2783 5173 Ει
2829 5131 2925 5188 per
2959 5116 3093 5172 Osee
3126 5118 3241 5171 ait:
3287 5136 3306 5170 ι
3343 5116 3401 5172 ln
3448 5127 3664 5189 gutture
3709 5128 3807 5174 tuo
3846 5119 3914 5175 sit

2331 5211 2457 5266 tuba
2504 5210 2658 5280 quasi
2695 5210 2874 5280 aquila
2915 5223 3078 5280 super
3107 5210 3324 5265 domum
3366 5209 3576 5265 Domini
3606 5207 3765 5280 (Osce
3794 5226 3909 5275 vni,

2330 5304 2406 5373 l),
2445 5322 2463 5355 ι
2496 5312 2553 5359 et
2582 5302 2809 5372 reliqua.
2853 5302 2921 5358 Et
2966 5301 3225 5358 Dominus
3262 5302 3438 5373 inquit
3481 5301 3534 5357 in
3580 5301 3908 5374 Evangelia:

2335 5410 2354 5444 ι
2399 5391 2479 5447 Τιι
2531 5401 2712 5448 autem
2742 5406 2864 5448 cum
2909 5392 3172 5456 oraveris,
3208 5392 3348 5448 intra
3388 5391 3439 5446 in
3480 5391 3814 5458 cubiculum,
3862 5401 3914 5446 et

2330 5484 2512 5540 clauso
2538 5485 2676 5540 ostio
2697 5500 2792 5539 ora
2813 5483 3029 5539 Patrem
3056 5492 3200 5538 tuum
3225 5482 3441 5555 (Matth.
3473 5499 3548 5551 vr,
3574 5482 3648 5552 6).
3684 5502 3703 5535 ι
3721 5482 3912 5540 Omnis

2324 5575 2468 5631 e..im
2496 5575 2765 5632 confessio
2793 5592 2913 5646 quae
2941 5574 3002 5630 tit
3032 5592 3098 5631 ex
3148 5577 3470 5632 necessitate
3514 5576 3647 5632 fides
3673 5591 3782 5631 non
3810 5584 3909 5630 est.

2327 5668 2390 5722 Et
2417 5667 2703 5738 Apostolus
2729 5669 2844 5725 ait:
2890 5686 2907 5717 ι
2945 5666 3120 5723 Cor.!e
3164 5666 3307 5721 enim
3361 5666 3601 5722 creditur
3642 5667 3708 5722 ad
3744 5666 3909 5737 justi-

2329 5761 2478 5825 tiam,
2518 5776 2613 5815 ore
2650 5770 2829 5816 autem
2860 5760 3130 5816 confessio
3175 5760 3233 5814 fit
3278 5758 3345 5814 ad
3380 5759 3608 5815 salutem
3645 5757 3825 5831 (Rom.
3854 5771 3909 5820 ι,

2330 5850 2438 5919 10).
2476 5870 2494 5905 ι
2527 5850 2772 5920 Amplius
2801 5861 2980 5910 autem
3010 5851 3228 5922 respicit
3274 5852 3417 5911 Deus
3462 5852 3529 5909 ad
3559 5848 3910 5920 cogitationes
