3998 5416
183 433 251 491 93

1294 429 1783 488 DECRETALIUM
1818 428 2217 487 COLLECTIO.

3381 433 3452 491 94

180 554 233 602 et
250 550 579 616 spontaneas
599 542 919 608 voluntates,
944 558 1105 614 quam
1129 542 1195 598 ad
1221 555 1373 598 actus
1398 544 1488 612 qui
1515 557 1608 612 per
1629 540 1756 597 sim-
1784 547 1828 605 Α
1861 538 2075 610 (Matth.
2112 538 2259 602 xx‘n,
2292 536 2406 607 9.6).
2462 557 2482 590 ι
2531 536 2770 594 Crimina
2819 539 2964 596 enim
3005 549 3168 613 atque
3196 552 3444 612 peccata,

176 636 470 707 plicitatetn
497 645 589 688 aut
617 650 712 704 per
737 635 1114 690 necessitatem
1140 634 1293 689 ﬁunt.
1319 634 1597 691 Confessio
1619 635 1760 687 enim

177 742 280 782 non
305 726 623 796 extorqueri
653 725 811 781 debet
865 726 921 780 in
970 726 1184 791 talibus,
1217 726 1311 781 sed
1360 726 1538 796 potius
1574 735 1763 795 sponte

174 820 442 890 proﬁteri,
487 818 778 887 pessimum
816 826 899 872 est
926 818 1071 872 enim
1116 818 1181 873 de
1211 817 1520 887 suspicione
1551 826 1639 870 aut
1671 832 1764 871 ex-

181 918 321 965 torta
375 908 717 963 confessione
749 922 1076 977 quemquam
1114 907 1379 978 judicare,
1424 923 1545 962 cum
1593 907 1764 977 magis

173 1002 451 1071 inspector
477 999 655 1055 cordis
684 999 786 1068 21
840 999 909 1053 sit
945 999 1203 1052 Dominus
1239 1014 1399 1068 quam
1444 998 1624 1067 operis
1654 1036 1668 1057 .
1711 1006 1767 1052 et

172 1090 361 1160 potius
414 1088 644 1160 requirit
678 1088 937 1143 Dominus
982 1088 1339 1159 cogitationes
1380 1103 1544 1159 puras
1577 1094 1629 1142 et
1671 1101 1766 1141 vo-

172 1180 412 1235 luntates
448 1180 645 1245 bonas,
672 1194 834 1250 quam
876 1179 1017 1234 labia
1062 1179 1361 1235 mendacia.
1393 1179 1546 1235 Unde
1579 1188 1633 1233 et
1664 1179 1767 1233 Do-

172 1273 356 1329 minus
409 1287 510 1343 per
558 1273 875 1344 prOphetam
918 1272 1145 1342 loquens
1186 1273 1303 1328 ait:
1340 1292 1358 1323 ι
1391 1271 1623 1342 Populus
1667 1272 1767 1326 iste

176 1366 339 1423 labiis
367 1382 457 1423 me
486 1367 735 1431 honorat,
763 1381 859 1422 cor
898 1381 1087 1424 eorum
1119 1379 1296 1422 autem
1328 1367 1485 1439 longe
1511 1376 1593 1421 est
1620 1382 1652 1420 a
1680 1381 1767 1421 me

172 1459 330 1531 (Isai.
364 1476 518 1525 xxix,
570 1460 680 1532 15).
722 1479 740 1511 ι
769 1458 934 1529 Pejus
978 1459 1177 1515 malum
1226 1459 1342 1516 fore
1387 1476 1493 1514 non
1535 1459 1761 1520 aestimo,

171 1567 335 1621 quam
368 1550 709 1606 Christianos
738 1551 850 1606 suis
892 1552 1133 1607 invidere
1178 1552 1567 1607 sacerdotibus.
1609 1550 1769 1606 Novit

172 1641 325 1697 enim
356 1640 623 1695 Dominus
649 1641 739 1710 qui
784 1653 909 1696 sunt
939 1639 1073 1709 ejus.
1106 1641 1221 1697 Non
1253 1650 1430 1712 potest
1456 1650 1633 1696 autem
1662 1641 1764 1695 hu-

176 1746 342 1785 mano
367 1731 720 1785 condemnari
745 1732 1018 1797 examine,
1041 1746 1201 1802 quem
1232 1732 1379 1787 Deus
1404 1747 1502 1787 suo
1525 1748 1767 1788 reserva-

169 1827 240 1880 vit
273 1824 510 1893 judicio.
545 1822 601 1879 Si
630 1825 811 1879 omnia
860 1840 1091 1894 namque
1138 1826 1191 1880 in
1231 1827 1335 1881 hoc
1368 1825 1563 1881 smculo
1589 1825 1764 1880 viridi-

1864 629 2063 685 oblatis
2106 629 2190 683 his
2236 629 2462 683 Domino
2507 628 2815 696 sacriﬁciis,
2838 631 3108 697 delentur,
3153 633 3357 689 idcirco
3396 644 3455 689 et

1864 721 2043 793 passio
2070 719 2186 788 ejus
2215 720 2268 774 in
2298 720 2384 774 his
2410 724 2887 777 commemoranda
2915 732 3017 789 est,
3049 739 3153 793 qua
3187 725 3453 794 redempti

1865 829 2072 877 sumus,
2097 821 2153 867 et
2180 813 2376 881 smpius
2405 813 2705 879 recitanda,
2733 824 2895 884 atque
2922 816 3035 872 haec
3065 816 3293 873 Domino
3321 815 3454 895 oﬂ'eg

1866 908 2065 974 renda,
2114 906 2314 961 talibus
2368 906 2562 962 hostiis
2608 907 2982 975 delectabitur,
3037 920 3093 966 et
3150 909 3452 980 placabitur

1867 1000 2144 1063 Dominus,
2191 1007 2245 1052 et
2289 1007 2512 1068 peccata
2548 999 2783 1055 dimittet
2826 1001 3081 1072 ingentia.
3128 1000 3271 1056 Nihil
3307 1002 3451 1056 enim
3542 992 3545 1003 “

1867 1091 1922 1145 in
1954 1088 2236 1146 sacriﬁciis
2262 1087 2436 1156 majus
2463 1102 2584 1144 esse
2620 1098 2795 1160 potest
2827 1105 2986 1159 quam
3014 1107 3209 1161 corpus
3238 1100 3293 1146 et
3327 1106 3453 1146 sane

1865 1182 1985 1255 guis
2028 1181 2249 1237 Christi.
2299 1180 2409 1235 Nec
2453 1180 2559 1235 ulla
2600 1181 2800 1237 oblatio
2843 1182 2943 1237 hac
2982 1184 3159 1252 potior
3201 1192 3314 1249 cst,
3355 1183 3453 1238 sed

1866 1274 1979 1329 haec
2007 1288 2197 1327 omnes
2225 1272 2504 1342 praecellit.
2538 1272 2666 1340 Quae
2700 1266 2834 1343 pura
2869 1276 3195 1329 conscientia
3223 1276 3452 1331 Domino

1865 1364 2136 1420 oﬁ'erenda
2161 1377 2261 1430 est,
2289 1373 2344 1419 et
2370 1380 2502 1434 pura
2533 1374 2709 1420 mente
2736 1367 3015 1431 sumenda,
3046 1376 3206 1436 atque
3236 1367 3304 1421 ab
3330 1382 3450 1421 om-

1866 1455 2023 1510 nibus
2060 1455 2389 1510 veneranda.
2422 1455 2488 1509 Et
2516 1456 2656 1511 sicut
2679 1457 2856 1527 potior
2879 1467 2962 1512 est
2988 1457 3219 1522 caeteris,
3250 1458 3322 1511 ita
3352 1471 3468 1526 po»

1868 1545 1973 1600 tius
2016 1546 2191 1600 excoli
2234 1555 2288 1600 et
2338 1548 2584 1601 venerari
2637 1547 2814 1602 debet.
2884 1549 3091 1617 Aquam
3136 1548 3283 1603 enim
3340 1548 3453 1603 sale

1864 1653 2210 1709 conspersam
2273 1638 2487 1707 populis
2548 1637 2958 1704 benedicimns,
3025 1649 3083 1695 ut
3145 1654 3209 1693 ea
3273 1640 3453 1695 cuncti

1867 1726 2073 1796 aspersi
2112 1727 2520 1782 sanctiﬁcentur
2558 1742 2622 1783 ac
2663 1730 3034 1797 puriﬁcentur,
3073 1730 3216 1799 quod
3250 1740 3305 1785 et
3339 1745 3456 1784 om-

1867 1817 2025 1873 nibus
2061 1818 2435 1873 sacerdotibus
2462 1816 2766 1873 faciendum
2795 1834 2915 1874 esse
2944 1820 3280 1874 mandamus.
3316 1818 3453 1874 Nam

169 1925 293 1970 ωω
317 1925 522 1980 essent,
552 1913 728 1968 locum
752 1913 933 1969 divina
954 1930 1060 1970 ηοη
1083 1914 1343 1970 haberem
1357 1914 1581 1985 judicia,
1610 1914 1762 1983 Quod
1790 1896 1837 1956 B
1865 1906 1908 1961 si
1957 1905 2095 1962 cinis
2132 1906 2316 1962 vitulm
2361 1922 2613 1978 aspersus
2652 1909 2912 1979 sanguine
2953 1909 3206 1979 populum
3252 1909 3456 1965 sancti-

173 2016 358 2061 autem
390 2007 457 2061 ad
488 2006 626 2061 alios
660 2005 871 2074 judices
898 2007 1050 2078 prius
1095 2024 1201 2063 non
1229 2008 1484 2075 debeant,
1507 2024 1668 2079 quam
1693 2010 1763 2064 ad

169 2097 489 2151 sacerdotes
532 2095 619 2151 vel
659 2097 935 2154 auditores
983 2098 1236 2154 Ecclesia}
1272 2100 1555 2164 accusari,
1608 2100 1682 2154 ita
1731 2115 1763 2154 a

169 2200 417 2261 tempore
475 2189 841 2260 apostolorum
868 2197 925 2245 et
947 2190 1086 2245 infra
1115 2191 1458 2246 observatum
1490 2200 1542 2246 el
1567 2190 1763 2247 diflini-

168 2292 286 2337 tum
320 2281 644 2335 invenimus.
687 2279 743 2336 Si
769 2281 892 2350 quis
927 2296 1056 2353 erga
1090 2282 1401 2352 episcopum
1441 2281 1524 2336 vel
1557 2290 1766 2337 actores

168 2373 430 2430 Ecclesiae
456 2373 757 2445 quamlibet
782 2374 1058 2444 querelam
1094 2384 1190 2429 aut
1219 2375 1487 2430 actionem
1518 2375 1664 2445 juste
1706 2388 1765 2430 se

167 2467 377 2521 habere
405 2466 720 2532 crediderit,
750 2466 865 2536 ipse
896 2465 1270 2536 Redemptoris
1298 2467 1381 2521 sui
1421 2465 1597 2538 (cujus
1625 2465 1766 2521 actio

169 2567 367 2612 nostra
402 2565 481 2611 est
508 2556 800 2628 institutio)
831 2556 1038 2612 viarum
1068 2572 1175 2612 non
1216 2557 1520 2624 immemor,
1552 2554 1646 2612 sed
1677 2572 1767 2611 se-

169 2657 361 2704 ctator
395 2649 664 2720 egregius,
702 2647 792 2718 qui
841 2663 964 2703 cum
1015 2648 1430 2704 malediceretur
1456 2662 1564 2702 non
1602 2646 1767 2703 male-

165 2741 414 2805 dicebat,
445 2741 541 2795 sed
573 2748 831 2810 tanquam
860 2741 978 2795 ovis
1007 2755 1189 2795 coram
1221 2740 1475 2796 tondente
1496 2755 1554 2796 se
1580 2741 1755 2796 obmu-

168 2831 300 2897 tuit,
331 2845 395 2885 ac
422 2844 523 2899 pro
563 2830 677 2885 suis
709 2830 1148 2900 persecutoribus
1174 2831 1228 2885 in
1271 2845 1489 2886 crucem
1532 2830 1770 2901 pendens

167 2922 313 2992 apud
352 2921 573 2977 Patrem
601 2922 929 2987 intercessit,
978 2938 1084 2978 non
1131 2923 1283 2993 prius
1320 2923 1580 2994 primates
1609 2936 1769 2992 supe-

172 3014 348 3066 tiores
377 3020 472 3066 aut
514 3010 649 3067 alios
675 3010 887 3081 judices
928 3012 1087 3067 adeat
1139 3027 1301 3083 quam
1348 3013 1494 3083 ipsos
1519 3028 1549 3067 a
1577 3012 1772 3083 quibus

168 3118 228 3157 se
257 3102 448 3157 lzesum
481 3103 744 3169 aestimat,
768 3104 1061 3158 conveniat
1088 3102 1447 3168 familiariter,
1467 3114 1523 3158 et
1550 3121 1657 3160 non
1689 3120 1773 3160 se-

175 3196 300 3259 mel,
330 3196 428 3249 sed
449 3194 769 3265 saepissime,
808 3204 866 3250 ut
896 3196 965 3249 ab
985 3197 1065 3251 eis
1093 3206 1188 3250 aut
1219 3212 1371 3250 suam
1396 3197 1660 3267 justitiam
1686 3213 1773 3253 ac-

175 3286 360 3355 cipiat,
402 3284 666 3353 autjuste
711 3285 1137 3341 excusationem.
1175 3284 1305 3339 Boni
1342 3300 1535 3355 nempe
1561 3295 1617 3339 et
1642 3300 1770 3341 vere

175 3376 476 3431 Christiani
504 3376 741 3444 hominis
773 3385 856 3431 est
886 3391 1002 3431 rem
1045 3376 1215 3446 ipsam
1244 3376 1494 3431 omnibus
1521 3375 1772 3451 amicitia:

175 3483 240 3521 ac
268 3467 425 3536 pacis
451 3465 661 3537 legibus
704 3466 855 3536 prius
901 3475 1111 3521 tentare
1132 3471 1295 3536 quam
1340 3466 1395 3520 in
1434 3463 1637 3534 judicio
1660 3465 1772 3536 (ubi

174 3557 496 3627 frequenter
551 3555 928 3612 amarissimus
974 3557 1168 3611 animae
1205 3571 1400 3611 rancor
1452 3553 1771 3627 innascitur)

175 3662 336 3704 suum
360 3645 453 3716 jus
489 3644 842 3714 pertinaciter
882 3645 1139 3715 experiri.
1192 3644 1251 3700 Si
1300 3646 1422 3716 quis
1459 3645 1603 3700 enim
1649 3661 1773 3701 cum

178 3736 311 3801 Deo,
363 3736 457 3806 qui
497 3737 644 3807 pacis
686 3745 772 3792 est
814 3746 1023 3801 auctor,
1063 3736 1306 3791 habitare
1351 3736 1552 3806 cupiat,
1600 3737 1651 3792 ei
1682 3752 1779 3792 ne-

180 3844 339 3885 cesse
365 3837 451 3884 est
480 3837 543 3884 ut
586 3844 772 3898 pacem
819 3828 1078 3898 inquirat.
1111 3826 1169 3883 Si
1214 3844 1344 3899 ergo
1388 3844 1544 3884 secus
1585 3829 1773 3900 egerit,

183 3920 255 3974 ab
300 3919 436 3989 ipsis
464 3926 520 3973 et
560 3918 627 3973 ab
669 3918 789 3973 aliis
834 3918 1214 3973 communione
1242 3918 1484 3990 privetur
1522 3926 1777 3989 tanquam

182 4010 555 4080 apostolorum
606 4008 941 4079 Pati-umque
1001 4008 1227 4064 aliorum
1289 4018 1645 4079 contemptor.
1703 4008 1780 4064 De

181 4100 383 4168 quibus
401 4098 482 4153 ait
522 4099 783 4169 propheta
810 4115 824 4152 :
863 4116 881 4149 ι
908 4097 1078 4152 Erunt
1106 4099 1260 4168 quasi
1291 4115 1397 4153 non
1429 4099 1557 4166 sint,
1581 4109 1636 4154 et
1660 4113 1781 4170 per-

186 4188 467 4245 ibunt'viri
493 4190 583 4259 qui
605 4189 983 4245 contradicunt
1001 4190 1154 4245 vobis
1178 4189 1336 4258 (Isai.
1363 4207 1470 4257 xu,
1506 4191 1613 4261 il).
1647 4211 1666 4244 ι
1721 4238 1727 4245 .

255 4281 313 4336 in
350 4289 817 4335 sacramentorum
844 4295 1060 4351 quoque
1081 4281 1465 4358 oblationibus,
1495 4298 1616 4352 quae
1639 4284 1783 4339 inter

190 4371 482 4426 missarum
528 4370 785 4426 solemnia
828 4371 1055 4427 Domino
1092 4370 1414 4440 offeruntur,
1454 4375 1633 4445 passio
1674 4376 1782 4431 Do-

190 4463 318 4518 mini
357 4461 636 4517 miscenda
666 4471 772 4528 est,
808 4471 870 4517 ut
899 4461 1038 4532 ejus,
1075 4465 1228 4536 cujus
1263 4480 1459 4537 corpus
1486 4474 1541 4521 et
1566 4468 1786 4538 sanguis

186 4553 502 4616 coniicitur,
530 4552 708 4623 passio
733 4552 1063 4619 celebretur,
1096 4553 1171 4608 ita
1203 4564 1281 4619 ut,
1320 4555 1546 4625 repulsis
1573 4558 1782 4628 Opinio-

188 4646 351 4700 nibus
397 4644 845 4714 superstitionum
890 4644 1045 4714 panis
1079 4653 1287 4699 tantum
1328 4655 1384 4700 et
1420 4646 1601 4702 vinum
1645 4663 1784 4719 aqua

188 4736 513 4809 permistum
548 4736 602 4790 in
633 4735 904 4793 sacriﬁcio
940 4733 1256 4791 oﬁ‘erantur.
1287 4736 1405 4793 Non
1435 4738 1594 4794 debet
1621 4741 1784 4806 enim,

187 4840 305 4888 uta
334 4829 590 4888 Patribus
619 4835 928 4906 accepimus
952 4843 1007 4888 et
1032 4833 1144 4904 ipsa
1171 4837 1307 4891 ratio
1336 4836 1509 4901 docet,
1544 4837 1595 4892 in
1621 4838 1789 4894 calice

188 4921 433 4988 Domini,
468 4932 561 4977 aut
589 4923 769 4978 vinum
803 4922 1001 4989 solum,
1032 4935 1126 4978 aut
1156 4940 1296 4996 aqua
1320 4925 1431 4980 sola
1460 4925 1665 4994 offerri,
1696 4928 1790 4985 sed

188 5022 491 5082 utrumque
532 5013 876 5081 permistum,
907 5012 1034 5081 quia
1064 5021 1350 5085 utrumque
1375 5029 1443 5068 ex
1472 5013 1642 5072 latere
1677 5017 1794 5089 ejus

181 5104 240 5164 in
267 5107 534 5178 passione
559 5120 651 5160 sua
676 5103 1002 5176 profluxisse
1028 5103 1250 5176 legitur;
1283 5107 1398 5177 ipsa
1425 5122 1552 5163 vero
1581 5109 1795 5166 Veritas

1862 1994 2062 2050 ﬁcabat
2114 2005 2278 2064 atque
2332 1996 2663 2063 mundabat,
2717 1998 2885 2051 multo
2936 2000 3105 2069 magis
3152 2016 3289 2068 aqua
3342 1999 3456 2056 sale

1862 2101 2083 2157 aspersa
2119 2086 2422 2156 divinisque
2482 2087 2737 2156 precibus
2766 2096 2999 2152 sacrata,
3032 2088 3287 2158 populum
3322 2104 3453 2143 san-

1864 2176 2069 2233 ctiﬁcat
2104 2185 2267 2247 atque
2306 2177 2547 2232 mundat.
2589 2177 2675 2244 Et,
2716 2178 2760 2234 si
2803 2178 2916 2234 safe
2952 2193 3176 2249 asperso
3212 2194 3310 2249 per
3342 2178 3454 2233 Eli-

1864 2286 2029 2329 smum
2053 2272 2392 2340 prophetam,
2425 2270 2685 2327 sterilitas
2706 2262 2861 2342 aqua}.
2888 2281 3077 2328 sanata
3106 2281 3210 2337 est,
3254 2280 3458 2342 quanto

1866 2363 2038 2433 magis
2064 2363 2257 2418 divinis
2295 2363 2545 2433 precibus
2583 2374 2860 2430 sacratus,
2900 2364 3240 2420 sterilitatem
3273 2379 3455 2419 rerum

1867 2452 2046 2508 aufert
2087 2452 2469 2519 humanarum,
2498 2462 2554 2509 et
2595 2454 2971 2524 coinquinatos
3015 2455 3340 2519 sanctificat,
3376 2462 3461 2510 at-

1866 2557 1971 2613 que
1999 2543 2242 2607 mundat,
2286 2550 2342 2597 et
2370 2552 2653 2615 expurgat,
2699 2553 2754 2599 et
2794 2552 2987 2599 caetera
3017 2544 3157 2600 bona
3203 2543 3463 2614 multipli-

1868 2641 1976 2696 cat,
2018 2641 2075 2687 et
2116 2631 2341 2688 insidias
2382 2632 2580 2688 diaboli
2622 2634 2839 2699 avertit,
2888 2642 2944 2690 et
2992 2648 3023 2689 a
3062 2633 3461 2705 phantasmatis

1868 2724 2123 2782 versutiis
2156 2725 2429 2781 hominem
2467 2724 2744 2782 defendit!
2786 2725 2921 2781 Nam
2951 2727 2997 2782 si
3045 2735 3189 2782 tactu
3230 2726 3459 2781 ﬁmbriae

1874 2817 2180 2874 vestimenti
2230 2804 2531 2873 Salvatoris
2584 2821 2824 2873 salvatos
2891 2816 3137 2872 inﬁrmos
3182 2831 3303 2872 esse
3349 2830 3458 2870 non

1871 2909 2218 2974 dubitamus,
2281 2917 2484 2980 quanto
2532 2910 2706 2978 magis
2759 2909 2961 2965 virtute
3012 2925 3293 2965 sacrorum
3345 2906 3462 2977 ejus

1871 2999 2158 3056 verborum
2184 2999 2443 3056 divinitus
2466 3010 2754 3057 sacrantur
2782 3001 3069 3067 elementa,
3098 3002 3293 3071 quibus
3318 3002 3465 3058 sani-

1874 3102 2040 3149 tatem
2069 3093 2318 3163 corporis
2348 3101 2403 3147 et
2431 3092 2626 3148 anima:
2651 3094 2888 3149 humana
2916 3095 3147 3164 percipit
3174 3093 3459 3164 fragilitas!

1875 3182 1973 3239 His
2000 3199 2129 3254 ergo
2154 3193 2211 3239 et
2239 3184 2360 3239 aliis
2403 3183 2654 3240 instructi
2686 3184 3042 3250 documentis,
3074 3193 3195 3239 vota
3225 3183 3467 3254 singulo—

1797 3256 1842 3317 C
1875 3289 1992 3329 rum
2018 3273 2232 3328 Domini
2264 3274 2576 3331 sacerdotes
2603 3275 2875 3345 respicite,
2905 3285 2961 3329 et
2989 3277 3043 3329 in
3072 3276 3268 3330 virtute
3295 3273 3466 3346 Spiri-

1875 3376 1961 3422 tus
2005 3367 2180 3421 sancti
2230 3367 2428 3422 divinis
2477 3368 2748 3438 precibus,
2778 3383 2876 3437 per
2919 3367 3279 3422 ministerium
3309 3367 3465 3423 vobis

1875 3459 2136 3514 divinitus
2162 3457 2440 3526 collatum,
2472 3459 2733 3530 perﬁcere
2775 3468 2998 3515 certate.
3022 3459 3299 3515 Elementa
3330 3476 3466 3530 quo.-

1876 3567 2002 3623 que,
2029 3559 2138 3606 tam
2181 3566 2245 3606 ea
2289 3567 2409 3622 qua:
2453 3552 2804 3622 praediximus
2847 3567 3011 3623 quam
3051 3560 3245 3606 caetera
3270 3552 3468 3610 divinis

1877 3654 2000 3714 apta
2032 3643 2219 3699 usibus
2243 3652 2298 3698 et
2324 3643 2573 3699 humanis
2599 3644 2907 3700 necessaria
2946 3642 3353 3698 inﬁrmitatibus
3379 3659 3469 3699 sa-

1876 3744 2049 3800 crate,
2092 3734 2340 3790 inﬁrmos
2377 3744 2586 3800 curate,
2615 3744 2672 3791 et
2701 3744 2898 3790 caetera
2928 3751 3048 3807 quae
3077 3735 3143 3788 ad
3175 3749 3268 3789 vos
3303 3734 3474 3803 perti-

1877 3835 2011 3883 nent
2053 3827 2341 3900 diligenter
2386 3827 2657 3899 perﬁcite,
2712 3828 2826 3898 ipse
2878 3829 3021 3883 enim
3079 3827 3329 3883 Salvator
3375 3826 3472 3881 tri-

1878 3919 2092 3977 buendo
2138 3920 2294 3977 nobis
2331 3920 2667 3991 exemplum,
2712 3919 2990 3991 discipulis
3032 3920 3145 3975 suis
3187 3921 3264 3974 ait
3300 3936 3313 3973 :
3355 3937 3373 3970 ι
3410 3919 3470 3974 ln

1881 4012 2099 4067 nomine
2128 4026 2249 4067 meo
2272 4012 2532 4067 daemonia
2564 4010 2770 4082 ejicite,
2800 4013 3044 4068 inﬁrmos
3068 4021 3272 4072 curate.
3296 4027 3471 4083 aegros

1881 4114 2090 4169 sanate,
2118 4102 2359 4174 leprosos
2387 4103 2663 4167 inundate,
2690 4112 2796 4159 etc.
2833 4100 3007 4174 Super
3040 4104 3283 4161 inﬁrmos
3307 4105 3472 4160 etiam

1883 4208 2074 4249 manus
2096 4193 2376 4263 imponite,
2398 4201 2452 4247 et
2479 4191 2618 4248 bene
2644 4194 2919 4248 habebunt
2939 4192 3134 4265 (Marc.
3168 4211 3280 4261 xvt,
3306 4195 3411 4267 l7).
3447 4214 3466 4247 ι

1953 4286 2140 4342 Fidem
2168 4301 2382 4357 quoque
2425 4297 2624 4343 sanctae
2661 4287 2945 4344 Trinitatis
2988 4291 3068 4344 sic
3105 4292 3401 4346 docendam
3440 4304 3475 4347 a'

1888 4376 2134 4431 Patribus
2173 4376 2483 4446 accepimus
2511 4418 2527 4440 ,
2570 4377 2830 4448 vobisque
2884 4376 3229 4434 tradendam.
3246 4379 3478 4437 subditis

1885 4465 2241 4521 destinamus.
2292 4464 2463 4520 Isaias
2510 4481 2744 4536 namque
2800 4468 3064 4537 propheta
3103 4469 3230 4523 ait:
3283 4488 3303 4521 ι
3358 4470 3478 4525 Vidi

1892 4556 2178 4610 Dominum
2225 4554 2463 4611 Sabaoth
2495 4558 2774 4612 sedentem
2809 4573 2973 4628 super
3018 4559 3271 4614 thronum
3302 4562 3479 4616 excel-

1891 4663 2031 4711 sum,
2066 4654 2123 4702 et
2149 4645 2414 4717 Seraphin
2461 4648 2678 4702 stabant
2705 4648 2757 4702 in
2799 4648 3028 4704 circuitu
3072 4650 3210 4719 ejus,
3251 4666 3346 4705 sex
3382 4652 3481 4705 ala:

1894 4738 2009 4806 uni,
2050 4747 2105 4793 et
2143 4754 2238 4795 sex
2269 4740 2368 4795 alte
2395 4739 2574 4805 alteri,
2610 4739 2818 4795 duabus
2840 4728 3093 4795 'velabant
3119 4739 3310 4795 faciem
3340 4741 3478 4810 ejus,

1895 4830 2100 4892 duabus
2123 4830 2399 4901 volabant,
2421 4838 2476 4892 et
2503 4831 2813 4892 clamabant
2839 4831 2904 4883 ad
2932 4831 3278 4895 alterutrum,
3302 4832 3484 4887 dicem

1896 4935 2019 4981 tes:
2057 4925 2320 4995 Sanctus,
2367 4935 2613 4992 sanctus,
2655 4919 3168 4985 επηῦῑηςδυοριίῃιιδ
3207 4919 3351 4977 Deus
3382 4922 3485 4976 Sa-

1899 5017 2063 5072 baoth
2095 5018 2251 5089 (Isai.
2280 5034 2354 5085 vr,
2388 5018 2462 5088 l).
2501 5037 2521 5069 ι
2558 5017 2617 5073 Si
2646 5017 2882 5073 Trinitas
2907 5032 3016 5072 non
3047 5026 3149 5081 est,
3181 5028 3353 5086 quare
3382 5023 3491 5072 ter-

1901 5108 1975 5162 tio
2000 5120 2222 5166 sanctus
2243 5109 2530 5165 dixerunt?
2548 5119 2641 5164 aut
2665 5110 2709 5163 si
2734 5105 2913 5161 unitas
2935 5125 3045 5166 non
3067 5119 3170 5173 est,
3193 5124 3360 5178 quare
3389 5109 3491 5163 sub
