3998 5416
624 294 695 352 95

1442 282 1736 349 APPEND.
1765 286 1858 346 AD
1883 285 2057 344 SEC.
2086 285 2176 341 IX.
2211 316 2281 327 —
2314 285 2560 343 lSlDORI
2592 236 3034 348 MEDCATORIS

3835 297 3907 349 lib

622 406 813 462 lariter
841 404 1132 462 miserator
1155 404 1312 471 dixit,
1337 410 1393 460 et
1418 418 1524 460 non
1552 403 1923 468 miseratores,
1950 409 2011 456 ut
2035 399 2217 470 plures
2243 408 2293 466 Α
2319 399 2430 454 vit?
2475 397 2534 455 Si
2576 397 2816 459 Trinitas
2862 416 2972 457 non
3011 407 3130 466 est,
3178 415 3346 472 quare
3385 400 3440 457 in
3477 401 3672 459 eodem
3708 402 3907 460 dicitur

622 496 970 563 ostenderet,
1023 496 1330 552 intimavit?
1384 492 1442 550 Si
1497 494 1739 551 Trinitas
1789 509 1898 549 non
1950 502 2066 558 est,
2120 506 2221 548 cur

619 585 903 642 Abraham
942 584 1009 641 ad
1051 585 1232 641 ilicem
1285 582 1528 639 Mambre
1568 583 1763 640 sedens
1810 581 2089 653 tribusque
2127 597 2219 638 oc-
2320 577 2441 633 est?
2476 598 2496 631 ι
2539 576 2597 633 Si
2627 579 2807 635 unitas
2847 595 2955 636 non
2998 589 3114 647 est,
3157 596 3327 653 quare
3360 598 3587 654 magnus
3624 593 3684 640 et
3716 594 3908 656 potens

621 692 875 743 currens,
898 677 1015 745 uni,
1047 676 1297 742 Domine,
1323 674 1480 741 dixit,
1511 686 1565 730 et
1588 690 1696 729 non
1720 684 1778 729 ut
1807 673 2019 731 viderat
2050 673 2219 728 tribus

623 766 967 822 salutationis
996 765 1318 835 obsequium
1365 762 1643 819 reddidit?
1670 762 1729 817 Si
1758 762 1945 819 unitas
1974 778 2079 818 non
2110 771 2216 829 est,

622 874 721 912 cur
747 872 871 912 cum
900 856 1067 926 Moysi
1102 856 1241 912 Deus
1265 855 1540 911 Abraham
1571 863 1628 910 ει
1654 852 1795 908 Deus
1821 854 1969 909 Isaae
1998 861 2051 909 et
2075 853 2219 910 Deus

616 950 806 1015 Iacob,
841 951 1001 1006 tertio
1032 949 1259 1015 diceret,
1301 948 1564 1003 unitatem
1604 946 1932 1002 ostendens:
1958 946 2061 1002 hoc
2086 946 2216 1001 mihi

621 1058 819 1097 nomen
863 1056 1008 1103 esse,
1032 1041 1190 1105 dixit,
1216 1049 1271 1095 et
1314 1054 1443 1103 non,
1468 1038 1581 1093 haec
1618 1046 1745 1093 sunt
1768 1046 1951 1093 nostra
1974 1037 2214 1101 nomina,

622 1133 965 1205 designavit?
1007 1131 1065 1186 Si
1098 1130 1335 1186 Trinitas
1365 1144 1475 1183 non
1501 1134 1618 1193 est,
1651 1142 1820 1197 quare
1851 1126 2018 1182 David
2057 1128 2215 1183 tertio

616 1225 797 1280 dixit:
837 1243 855 1276 ι
889 1223 1185 1279 Benedieat
1208 1236 1307 1276 nos
1330 1221 1493 1286 Deus,
1522 1218 1665 1273 Deus
1691 1227 1896 1283 noster,
1933 1218 2218 1274 benedicat

616 1333 716 1373 nos
744 1317 885 1372 Deus
914 1315 1088 1387 (Psal.
1122 1330 1269 1379 va1,
1299 1312 1389 1384 8)?
1421 1331 1438 1364 ι
1478 1310 1534 1367 Si
1564 1311 1742 1366 unitas
1778 1325 1883 1364 non
1913 1317 2018 1375 est,
2047 1323 2217 1380 quare

617 1424 740 1463 eum
769 1408 930 1463 tertio
959 1407 1126 1461 Deum
1159 1406 1513 1469 nominasset,
1542 1403 1825 1458 benedicat
1852 1401 2007 1468 dixit,
2032 1411 2216 1456 etnon

613 1498 958 1563 benedieant,
989 1495 1271 1566 adjunxit?
1310 1494 1367 1550 Si
1396 1494 1634 1549 Trinitas
1660 1508 1767 1548 non
1796 1500 1900 1555 est,
1927 1507 2024 1547 cur
2048 1491 2215 1546 Isaias

623 1590 799 1644 denuo
829 1588 1006 1643 dixit:
1045 1605 1063 1639 ι
1102 1586 1361 1641 Dominus
1398 1585 1541 1639 Deus
1580 1583 1838 1647 Sabaoth,
1879 1583 2021 1638 Dens
2050 1580 2212 1637 Israel

614 1681 708 1749 qui
751 1681 907 1736 sedes
951 1694 1114 1750 super
1158 1678 1450 1734 Cherubim
1492 1676 1659 1749 (lsai.
1686 1675 2112 1744 xxxvn,18)?i
2152 1673 2210 1729 Si

2321 487 2459 544 libro
2488 506 2501 542 :
2535 508 2553 540 ι
2588 487 2849 546 Dominus
2874 491 3018 548 Deus
3044 501 3189 558 tuus,
3217 492 3359 549 Deus
3386 507 3612 563 magnus
3639 503 3696 551 et
3721 503 3907 566 potens

2317 668 2599 738 pluraliter
2626 684 2735 725 non
2777 670 3129 726 nominatur?
3169 671 3226 728 Si
3258 672 3496 730 Trinitas
3537 690 3644 732 non
3671 684 3777 742 est,
3815 691 3906 732 cur

2319 760 2517 821 Tobias
2555 778 2678 818 cum
2724 762 2889 821 filium
2931 778 3089 819 suum
3133 764 3187 819 in
3238 763 3417 837 Rages
3460 766 3739 823 civitatem
3787 784 3904 824 cum

2317 850 2558 923 Raphael
2588 853 2913 927 archangelo
2937 855 3197 921 mitteret,
3223 856 3551 913 benedicens
3575 872 3694 924 eos,
3717 860 3795 914 ita
3827 860 3903 913 di-

2316 946 2461 1001 xisse
2489 945 2758 1000 docetur:
2798 963 2814 996 ι
2854 945 2997 1001 Deus
3028 946 3321 1013 Abraham,
3368 957 3425 1003 et
3463 948 3609 1006 Deus
3640 948 3817 1015 Isaac,
3856 963 3904 1005 et

2317 1035 2461 1093 Deus
2505 1036 2673 1094 Iacob
2719 1038 2835 1108 ipse
2884 1037 3109 1109 impleat
3157 1038 3589 1096 benedictionem
3637 1055 3796 1097 suam
3853 1042 3900 1096 in

2317 1127 2506 1184 vobis?
2536 1147 2555 1180 ι
2588 1126 2647 1183 Si
2688 1129 2868 1183 unitas
2893 1137 3123 1193 nonest,
3154 1142 3322 1198 quare
3351 1129 3463 1199 ipse
3489 1129 3715 1201 impleat
3750 1132 3898 1193 dixit,

2315 1226 2372 1274 et
2402 1234 2509 1274 non
2537 1218 2635 1288 ipsi
2664 1218 2924 1289 impleant
2948 1218 3257 1274 intimavit?
3282 1217 3565 1275 Postremo
3593 1220 3642 1275 si
3670 1219 3900 1276 Trinitas

2315 1326 2423 1366 non
2470 1320 2584 1375 est,
2638 1326 2807 1382 quare
2861 1312 3122 1368 Dominus
3174 1312 3466 1382 discipulos
3528 1327 3657 1368 suos
3707 1313 3763 1368 in
3808 1328 3897 1368 uo-

2316 1407 2461 1462 mine
2503 1406 2700 1473 Patris,
2723 1415 2777 1462 et
2823 1405 2967 1474 Filii,
3015 1416 3072 1462 et
3116 1405 3351 1477 Spiritus
3400 1406 3573 1462 sancti
3622 1405 3898 1461 universas

2314 1509 2503 1571 gentes
2527 1499 2674 1553 misnt
2712 1497 3025 1569 baptizare?
3064 1497 3119 1554 Si
3155 1498 3335 1553 unitas
3364 1512 3470 1553 non
3499 1506 3603 1563 est,
3644 1512 3821 1567 quare
3850 1499 3898 1552 in

2314 1592 2534 1648 nomine
2561 1590 2719 1656 dixit,
2749 1599 2803 1645 et
2831 1604 2937 1647 non
2973 1590 3026 1646 in
3049 1590 3357 1645 nominibus
3386 1590 3753 1659 praecipiendo
3786 1605 3898 1661 pcr-

2315 1684 2518 1740 docuit.
2562 1682 2620 1738 Si
2649 1678 2888 1740 Trinitas
2912 1699 3017 1738 non
3046 1693 3149 1748 est,
3177 1699 3348 1754 quare
3389 1682 3587 1739 Paulus
3625 1684 3896 1755 apostolus

613 1772 798 1827 unitas
837 1786 945 1826 non
1009 1778 1129 1834 est,
1190 1784 1287 1824 cur
1337 1768 1427 1838 qui
1483 1767 1638 1823 sedes
1679 1766 1815 1821 dixit
1856 1775 1910 1822 et
1954 1781 2059 1821 non
2112 1768 2204 1836 qui

2307 1779 2428 1833 ait:
2463 1796 2483 1830 ι
2515 1777 2594 1833 Ex
2631 1778 2766 1847 ipso,
2814 1786 2868 1834 et
2896 1792 2993 1846 per
3034 1776 3210 1846 ipsum
3254 1786 3310 1832 et
3351 1777 3405 1830 in
3452 1777 3570 1846 ipso
3612 1785 3747 1831 sunt
3790 1792 3893 1831 om-

614 1864 815 1919 sedctis
857 1861 1125 1918 astruxit?
1173 1861 1232 1915 Si
1272 1860 1512 1914 Trinitas
1558 1874 1663 1913 non
1690 1866 1796 1923 est,
1828 1873 1926 1912 cur
1966 1858 2023 1912 in
2067 1857 2208 1914 libro

619 1956 932 2026 Regnorum
954 1955 1185 2009 dicitur:
1218 1973 1235 2005 ι
1258 1952 1505 2017 Domine,
1528 1952 1669 2006 Deus
1686 1951 2045 2020 omnipotens,
2068 1951 2209 2008 Deus

610 2046 801 2111 Israel,
821 2060 1098 2102 sermones
1126 2045 1200 2099 tui
1225 2044 1411 2100 fideles
1438 2043 1603 2099 sunt?
1628 2063 1646 2095 ι
1679 2040 1735 2097 Si
1762 2044 1942 2099 unitas
1969 2057 2074 2097 non
2100 2051 2205 2107 est,

610 2152 712 2190 cur
742 2136 818 2190 tui
854 2136 1053 2190 dicitur
1095 2143 1153 2190 et
1195 2150 1303 2190 non
1351 2131 1517 2188 vestri
1566 2132 1745 2203 potius
1786 2131 2103 2188 intimatur?
2148 2130 2205 2186 Si

615 2224 857 2280 Trinitas
908 2240 1014 2280 non
1066 2233 1187 2289 est,
1243 2238 1341 2278 cur
1391 2223 1444 2277 in
1499 2220 1710 2292 psalmo
1759 2221 2206 2293 quinquagesimo

610 2326 805 2373 octavo
850 2325 1124 2383 cantatur,
1181 2334 1200 2368 ι
1252 2315 1478 2371 Domine
1528 2315 1671 2370 Deus
1721 2313 2014 2381 virtutum,
2062 2313 2206 2371 Deus

606 2410 810 2475 Israel,
860 2409 1078 2464 intende
1125 2409 1194 2465 ad
1240 2409 1533 2464 visitandas
1578 2422 1767 2464 omnes
1808 2407 2034 2479 gentes?
2077 2428 2097 2462 ι
2145 2409 2204 2463 Si

606 2500 795 2556 unitas
821 2514 927 2554 non
966 2508 1071 2564 est,
1101 2514 1201 2556 cur
1230 2498 1449 2554 intende
1478 2498 1657 2569 posuit
1682 2506 1737 2553 et
1772 2513 1878 2553 non
1918 2498 2201 2566 intendite,

608 2602 672 2647 ut
694 2592 1017 2663 praedicatus
1042 2598 1125 2646 est
1148 2589 1455 2645 intimavit?
1485 2588 1541 2644 Si
1574 2589 1811 2644 Trinitas
1837 2604 1943 2644 non
1970 2598 2072 2655 est,
2103 2606 2204 2648 cur

608 2684 663 2737 in
701 2681 1026 2753 Apocalypsi
1057 2682 1216 2736 tertio
1238 2679 1376 2735 dixit
1404 2693 1420 2732 :
1457 2697 1476 2731 ι
1513 2678 1747 2734 Sanctus
1772 2679 2032 2735 Dominus
2058 2680 2202 2737 Deus

604 2774 990 2845 omnipotens,
1045 2772 1138 2843 qui
1195 2781 1314 2839 est,
1373 2779 1429 2826 et
1483 2772 1577 2842 qui
1632 2772 1786 2827 erat?
1835 2790 1855 2822 ι
1915 2770 1974 2826 Si
2021 2772 2201 2828 unitas

604 2879 716 2920 non
761 2872 866 2929 est,
905 2878 1076 2933 quare
1118 2863 1211 2932 qui
1252 2871 1335 2917 est
1376 2872 1433 2917 et
1475 2878 1583 2918 non
1622 2862 1715 2932 qui
1755 2872 1882 2917 sunt
1918 2862 2202 2933 pluraliter

606 2952 959 3021 designatur?
1005 2952 1063 3007 Si
1093 2950 1331 3007 Trinitas
1358 2966 1467 3006 non
1513 2959 1618 3016 est,
1660 2966 1828 3022 quare
1857 2952 1911 3006 in
1941 2950 2200 3006 Deutero-

604 3046 788 3100 nomio
815 3045 1017 3100 dictum
1046 3053 1131 3100 est
1159 3062 1173 3098 :
1214 3063 1229 3095 ι
1267 3044 1528 3098 Dominus
1557 3042 1701 3098 Deus
1735 3054 1858 3098 tuus
1886 3043 2196 3101 misericors

604 3146 690 3191 εει
712 3145 768 3191 ει
792 3135 974 3189 andi“
999 3149 1185 3190 V009“)
1214 3134 1395 3189 “iam?
1427 3153 1444 3184 ³
1475 3133 1531 3188 Si
1560 3134 1737 3189 “nim
1765 3148 1870 3189 υοη
1899 3143 2003 3201 θδιι
2026 3150 2194 3205 Quare
2221 3136 2266 3199 C
2294 3169 2415 3211 esse
2439 3154 2648 3210 amicus
2675 3152 2856 3209 saeculi
2885 3151 3063 3221 hujus,
3110 3151 3361 3207 inimicus
3391 3150 3485 3206 Dei
3513 3150 3868 3207 constituitur.
3950 3214 3951 3219 η

604 3229 785 3299 posuit
814 3228 1016 3295 audiet,
1048 3236 1103 3284 et
1141 3242 1247 3282 non
1278 3227 1500 3282 audient
1524 3227 1829 3283 intimavit?
1870 3227 1927 3283 Si
1958 3227 2194 3288 Trinitas

606 3335 712 3373 non
740 3328 843 3385 est,
869 3335 1035 3389 quare
1062 3323 1117 3375 in
1141 3318 1269 3375 Iesu
1292 3319 1438 3375 Nave
1461 3321 1659 3376 dicitur
1682 3321 1857 3377 libro:
1888 3342 1906 3374 ι
1935 3322 2192 3381 Dominus

605 3412 747 3468 Deus
770 3414 993 3469 deorum
1014 3414 1132 3468 est?
1159 3432 1179 3466 ι
1210 3412 1266 3467 Si
1285 3413 1463 3469 unitas
1489 3427 1595 3469 non
1616 3422 1715 3479 est,
1739 3429 1905 3483 quare
1927 3424 2011 3471 est
2034 3416 2189 3483 dixit,

602 3514 658 3558 et
694 3520 801 3559 non
849 3512 995 3568 sunt,
1043 3518 1194 3557 more
1216 3502 1525 3569 locutionis,
1566 3504 1814 3559 induxit?
1858 3505 1915 3560 Si
1959 3504 2193 3561 Trinitas

601 3608 709 3649 non
754 3602 869 3657 est,
914 3607 1083 3662 quare
1126 3591 1269 3646 Elias
1315 3591 1583 3662 loquendo
1617 3592 1672 3646 in
1711 3594 1993 3659 oratione;
2030 3611 2049 3645 ι
2087 3593 2195 3648 Do-

604 3689 778 3753 mine,
810 3688 1035 3742 Domine
1075 3687 1218 3742 Deus
1260 3686 1426 3742 Israel
1452 3687 1697 3752 ostende,
1725 3687 1849 3755 quia
1882 3696 1937 3740 ιιι
1960 3702 2020 3742 εε
2049 3687 2191 3742 Deus

603 3794 757 3833 meus
791 3776 963 3832 dixit?
991 3797 1011 3829 ι
1048 3775 1106 3831 Si
1142 3778 1323 3833 unitas
1354 3792 1461 3832 non
1491 3785 1603 3842 est,
1640 3792 1808 3847 quare
1832 3778 2058 3834 ostende
2096 3795 2195 3850 pn-

602 3869 732 3933 suit,
780 3877 836 3922 et
883 3882 989 3922 non
1040 3867 1342 3923 ostendite?
1398 3866 1457 3923 Si
1513 3868 1750 3924 Trinitas
1792 3883 1899 3923 non
1948 3877 2049 3935 est,
2094 3885 2192 3924 cur

602 3961 971 4018 Mardochacus
996 3963 1204 4018 orando
1233 3978 1247 4015 :
1294 3981 1311 4013 ι
1345 3962 1572 4018 Domine
1618 3962 1862 4027 Domine,
1900 3962 2041 4018 Deus
2075 3979 2193 4018 om-

600 4054 875 4123 nipotens,
912 4054 1093 4108 omnia
1144 4054 1195 4108 in
1243 4062 1512 4124 potestate
1559 4063 1650 4108 tua
1699 4063 1825 4111 sunt
1855 4054 2026 4110 dixit?
2062 4076 2080 4107 ι
2130 4056 2187 4111 Si

600 4145 783 4200 miitas
814 4155 1044 4210 nonest,
1071 4161 1239 4216 quare
1270 4146 1323 4200 in
1357 4156 1446 4201 tua
1475 4147 1674 4217 posuit,
1704 4156 1757 4203 et
1787 4162 1891 4202 non
1924 4148 1976 4202 in
2008 4157 2188 4203 vestra

599 4237 867 4308 signavit?
921 4235 980 4291 Si
1034 4236 1272 4294 Trinitas
1322 4253 1429 4292 non
1479 4246 1597 4304 est,
1645 4255 1743 4295 cur
1787 4240 1952 4296 etiam
2002 4238 2187 4297 Iudith

598 4329 804 4405 orando
849 4326 987 4382 dixit
1039 4346 1112 4383 τι
1163 4329 1408 4395 Domine,
1460 4330 1704 4398 Domine,
1756 4333 1898 4388 Deus
1944 4333 2183 4388 omnium

2310 1868 2436 1922 nia?
2473 1887 2491 1919 ι
2530 1866 2588 1923 Si
2637 1869 2817 1924 unitas
2866 1881 2973 1922 non
3016 1875 3121 1932 est,
3170 1881 3337 1936 quare
3377 1881 3446 1922 ex
3489 1866 3607 1936 ipso
3641 1866 3892 1935 posuitet

2308 1972 2417 2013 non
2438 1972 2507 2012 ex
2535 1957 2668 2034 ipsis
2698 1956 2966 2012 astruxit?
2988 1955 3049 2011 Si
3075 1956 3219 2012 enim
3249 1963 3399 2011 certo
3428 1956 3639 2011 certius
3667 1955 3891 2011 volucri.

2309 2046 2379 2102 tis
2403 2046 2668 2102 unitatem
2695 2046 2981 2103 Trinitatis
3004 2061 3317 2118 agnoscere,
3364 2062 3396 2101 a
3437 2060 3582 2116 szepe
3626 2047 3777 2103 dicto
3803 2047 3888 2101 do-

2305 2146 2453 2193 ctore
2480 2138 2720 2209 gentium
2745 2137 3001 2209 Apostolo
3033 2138 3260 2209 potestis
3294 2139 3546 2193 universa
3583 2139 3889 2194 condiscere

2304 2236 2391 2283 est
2410 2228 2563 2298 sequi
2582 2226 2916 2284 catholicam
2947 2227 3130 2294 Iidem,
3161 2236 3217 2282 et
3253 2227 3445 2282 horum
3488 2243 3753 2297 respuere
3777 2244 3890 2300 pra-

2303 2320 2546 2375 vitatem.
2576 2318 2763 2376 Gratia
2804 2317 3016 2375 Domini
3058 2317 3228 2374 nostri
3271 2316 3395 2374 Iesu
3436 2317 3647 2374 Christi
3678 2320 3885 2390 (inquit)

2301 2420 2356 2469 et
2377 2411 2617 2466 charitas
2641 2409 2741 2466 Dei
2766 2418 2851 2467 est
2877 2408 3295 2465 communicatio
3315 2408 3490 2464 sancti
3516 2407 3757 2479 Spiritus
3784 2410 3883 2479 ipsa

2299 2511 2357 2557 et
2384 2502 2563 2558 Patris
2606 2511 2662 2557 et
2707 2500 2854 2568 Filii,
2898 2510 2953 2557 et
2991 2500 3229 2571 Spiritus
3278 2499 3450 2555 sancti
3479 2500 3680 2572 gratia,
3720 2510 3776 2555 et
3815 2500 3882 2554 sic

2299 2597 2462 2653 ﬁdem
2487 2577 2688 2651 sancta;
2712 2593 2998 2649 Trinitatis
3027 2602 3083 2649 et
3120 2592 3423 2664 intelligere
3461 2600 3516 2648 et
3548 2592 3769 2660 docere,
3790 2591 3882 2649 Do-

2299 2689 2449 2744 mino
2475 2688 2786 2758 adjuvante,
2815 2685 3047 2758 pleniter
3071 2686 3316 2756 potestis.

2368 2782 2574 2837 Idcirco
2600 2782 2786 2852 igitur,
2819 2780 3150 2846 charissimi,
3190 2778 3316 2835 ﬁdei
3346 2778 3567 2851 regulas
3596 2778 3753 2850 juxta
3789 2779 3877 2834 hu-
3960 2788 3961 2813 ι

2288 2874 2385 2947 jus
2410 2874 2653 2946 epistola:
2689 2873 2849 2928 finem
2888 2871 3187 2944 posuimus,
3219 2880 3280 2927 ut
3319 2872 3374 2927 in
3402 2872 3521 2942 ejus
3550 2871 3877 2928 confessione
3958 2880 3959 2895 ‘

2296 2970 2525 3027 fideliter
2570 2983 3003 3039 perseveremus,
3034 2976 3108 3033 et,
3154 2966 3383 3023 Domino
3422 2965 3750 3032 auxiliante,
3789 2964 3875 3019 bo-

2295 3077 2420 3116 nam
2454 3062 2612 3116 tidem
2651 3061 2855 3116 habere
2887 3074 3216 3115 mereamur.
3250 3077 3269 3111 ι
3304 3056 3629 3127 Quicunque
3660 3057 3870 3113 voluerit

2291 3247 2375 3302 An
2436 3245 2638 3317 putatis
2688 3242 2815 3314 quia
2859 3243 3097 3303 inaniter
3127 3241 3405 3313 Scriptura
3435 3241 3615 3297 dixit:
3643 3242 3712 3299 ad
3752 3241 3870 3296 invi-

2293 3338 2440 3424 diam
2472 3335 2809 3406 concupiscit
2848 3335 3071 3405 spiritus
3094 3334 3188 3404 qui
3218 3332 3429 3390 habitat
3453 3333 3508 3387 in
3541 3333 3738 3390 vobis?
3777 3330 3867 3386 Ila.
3946 3360 3947 3383 ι

2285 3422 2462 3497 iorem
2487 3437 2666 3482 autem
2687 3427 2778 3482 dat
2799 3427 3050 3497 gratiam,
3066 3434 3287 3496 propter
3314 3426 3457 3496 quod
3482 3424 3723 3482 dicitur:
3746 3426 3862 3480 Deus
3942 3422 3945 3497 l

2291 3518 2542 3590 superbis
2570 3517 2793 3582 resistit,
2818 3516 3111 3585 humilibus
3136 3524 3314 3571 autem
3342 3516 3433 3571 dat
3461 3515 3723 3585 gratiam.
3755 3513 3867 3569 Sub-

2292 3612 2390 3667 diti
2440 3611 2601 3682 igitur
2646 3618 2818 3665 estote
2865 3608 2997 3672 Deo,
3048 3607 3285 3663 resistite
3333 3616 3513 3662 autem
3565 3606 3785 3664 diabolo
3824 3615 3870 3657 et

2291 3702 2460 3773 fugiet
2484 3718 2515 3755 a
2542 3701 2716 3756 vobis.
2749 3700 3193 3771 Appropinquate
3234 3700 3461 3755 Domino
3495 3709 3554 3755 et
3590 3699 3870 3770 appropiu~

2291 3792 2479 3862 quabit
2501 3790 2671 3847 vobis.
2697 3790 2997 3845 Emuudate
3022 3790 3179 3845 vobis
3210 3804 3422 3855 manus,
3454 3799 3795 3859 peccatores,
3823 3795 3870 3841 et

2290 3883 2573 3954 puriﬁcate
2618 3881 2807 3946 corda,
2838 3880 3078 3951 duplices
3124 3881 3324 3936 animo.
3376 3879 3558 3936 Miseri
3606 3890 3784 3936 estote
3826 3887 3870 3932 ct

2290 3977 2469 4047 lugete
2505 3985 2561 4032 et
2595 3974 2826 4045 plorate,
2866 3975 3008 4030 risus
3042 3981 3223 4028 vester
3255 3973 3310 4028 in
3356 3972 3560 4029 luctum
3595 3983 3867 4029 converte-

2291 4077 2400 4134 tur,
2431 4076 2487 4123 et
2521 4066 2775 4138 gaudium
2815 4066 2872 4121 in
2915 4078 3227 4130 mterorem,
3259 4058 3619 4120 humiliamini
3656 4065 3709 4119 in
3749 4080 3865 4120 con-

2288 4167 2476 4230 spectu
2527 4157 2761 4223 Domini,
2812 4166 2867 4212 et
2911 4157 3172 4212 exaltabit
3205 4171 3319 4212 vos.
3373 4155 3550 4212 Nolite
3593 4157 3869 4212 detrahere

2288 4251 2440 4307 vobis
2481 4249 2828 4331 alterutrum,
2874 4249 3073 4305 fratres
3120 4249 3257 4314 mei,
3311 4249 3440 4319 quia
3490 4249 3583 4318 qui
3644 4248 3869 4304 detrahit

2286 4340 2443 4396 fratri
2476 4350 2570 4396 aut
2597 4340 2691 4411 qui
2714 4338 2924 4408 iudicat
2952 4339 3177 4395 fratrem
3207 4355 3386 4406 suum,
3423 4340 3666 4395 detrahit
3690 4339 3796 4411 legi
3822 4349 3865 4393 et

595 4421 883 4483 virtutum,
908 4418 1115 4487 respice
1148 4419 1202 4473 in
1244 4421 1545 4476 orationem
1585 4424 1801 4476 meam?
1841 4443 1859 4475 ι
1908 4422 1965 4478 Si
2001 4424 2184 4478 unitas
2214 4484 2258 4501 ἢ
2281 4430 2487 4501 judicat
2520 4431 2715 4501 legem.
2734 4429 2791 4485 Si
2824 4438 3003 4486 autem
3024 4430 3241 4500 iudicas
3268 4429 3589 4501 legem,non
3616 4446 3678 4487 es
3700 4430 3865 4487 factor

596 4525 704 4564 non
732 4519 844 4572 est,
885 4522 1056 4577 quare
1090 4510 1300 4580 respice
1336 4519 1390 4566 et
1429 4526 1533 4566 non
1566 4515 1818 4581 respicite
1847 4513 2184 4584 designavit?
2214 4484 2261 4542 D
2281 4484 2441 4592 legis,
2473 4484 2785 4592 sed‘judex,
2823 4536 2961 4576 unus
2989 4484 3134 4577 enim
3169 4530 3253 4577 est
3284 4484 3562 4591 leugislator
3599 4530 3658 4579 et
3686 4522 3863 4594 judex.

598 4598 655 4653 Si
681 4596 916 4651 Trinitas
944 4611 1051 4651 non
1082 4606 1182 4660 est,
1213 4615 1380 4667 quare
1411 4600 1462 4653 in
1488 4599 1721 4657 Ieremia
1752 4601 1950 4659 dicitur
1977 4619 1991 4656 :
2030 4620 2048 4654 ι
2080 4600 2184 4656 Do-

596 4689 778 4743 minus
808 4687 948 4743 Deus
972 4697 1173 4753 vester,
1204 4688 1345 4743 Deus
1379 4705 1545 4744 verax
1573 4691 1689 4745 est?
1724 4711 1742 4743 ι
1781 4690 1837 4746 Si
1867 4693 2049 4747 unitas
2076 4708 2180 4747 non

594 4789 701 4845 est,
729 4795 897 4848 quare
925 4795 1093 4834 verax
1120 4789 1205 4834 est
1229 4780 1394 4844 dixit,
1433 4790 1488 4836 et
1514 4797 1618 4837 non
1646 4797 1867 4839 veraces
1893 4785 2068 4854 potius
2104 4785 2183 4839 in-

597 4868 842 4923 timavit?
888 4869 946 4924 Si
992 4868 1231 4925 Trinitas
1275 4885 1380 4925 non
1425 4880 1530 4938 est,
1571 4888 1739 4942 quare
1769 4874 1821 4928 in
1862 4874 2180 4946 Apocalypsi

595 4960 856 5030 scriptum
884 4970 968 5017 est
994 4980 1008 5016 :
1046 4981 1065 5013 ι
1104 4961 1363 5019 Dominus
1391 4963 1534 5020 Deus
1562 4972 1617 5019 et
1643 4965 1865 5034 spiritus
1890 4967 2179 5036 propheta-

597 5065 742 5114 rum,
768 5051 914 5105 misit
943 5052 1192 5123 angelum
1229 5069 1386 5108 suum
1415 5054 1700 5110 ostendere
1724 5055 1895 5111 servis
1921 5057 2034 5112 suis
2061 5072 2180 5126 qua:

596 5147 813 5208 oportet
840 5138 952 5193 fieri
979 5141 1118 5195 cito?
1138 5160 1159 5194 ι
1187 5140 1244 5196 Si
1270 5143 1446 5197 unitas
1468 5160 1572 5197 non
1594 5153 1698 5209 est,
1714 5161 1946 5200 cursum
1964 5144 2178 5201 Patrem

597 5240 655 5285 et
699 5227 893 5282 Filium
947 5236 1002 5284 et
1049 5230 1309 5299 Spiritum
1356 5246 1601 5289 sanctum
1655 5236 2007 5301 nominasset,
2038 5236 2184 5292 misit

598 5321 757 5384 dixit,
790 5327 975 5374 etnon
1005 5322 1270 5378 miserunt
1291 5324 1394 5380 sub
1420 5336 1718 5395 praztaxato
1743 5330 1903 5383 trium
1926 5344 2182 5400 persona-

2282 4612 2372 4681 qui
2423 4620 2600 4682 potest
2628 4612 2855 4683 perdere
2896 4618 2953 4666 et
3005 4610 3255 4667 liberare.
3293 4611 3372 4666 Tu
3416 4621 3603 4668 autem
3660 4614 3787 4684 quis
3816 4627 3866 4667 es

2284 4703 2376 4772 qui
2415 4702 2627 4770 judicas
2665 4703 2969 4771 proximum
3010 4711 3158 4757 tuum
3198 4702 3341 4775 (lac.
3378 4720 3458 4768 iv,
3495 4705 3679 4777 4-15).
3719 4706 3864 4776 Agite

2284 4807 2449 4857 nunc,
2472 4791 2686 4855 divites,
2714 4791 2923 4860 plorate
2970 4790 3237 4847 ululantes
3290 4792 3344 4847 in
3389 4793 3633 4851 miseriis
3679 4794 3863 4849 vestris

2282 4896 2401 4951 quae
2448 4881 2739 4936 advenient
2788 4880 2959 4936 vobis.
3029 4880 3239 4936 Divitiae
3296 4890 3494 4938 vestrae
3527 4882 3860 4953 putrefacta:

2281 4980 2406 5027 sunt
2452 4980 2508 5027 et
2555 4972 2879 5028 vestimenta
2924 4980 3105 5028 vestra
3148 4988 3180 5026 a
3228 4973 3392 5028 tineis
3434 4985 3680 5031 comesta
3725 4984 3856 5031 sunt.

2280 5060 2486 5115 Aurum
2537 5070 2593 5117 et
2626 5070 2907 5132 argentum
2949 5071 3185 5118 vestrum
3219 5063 3573 5132 aaruginavit,
3610 5076 3668 5123 et
3692 5080 3859 5136 aerugo

2282 5171 2485 5213 eorum
2511 5156 2567 5214 in
2620 5157 2986 5214 testimonium
3035 5157 3188 5214 vobis
3238 5159 3375 5223 erit,
3423 5168 3479 5215 et
3525 5161 3859 5218 manducabit

2282 5262 2473 5311 carnes
2505 5256 2713 5303 vestras
2744 5248 2884 5304 sicut
2913 5247 3070 5316 ignis.
3115 5247 3523 5304 Thesaurizatis
3555 5251 3710 5308 vobis
3736 5251 3857 5305 iram

2283 5339 2339 5393 in
2395 5339 2701 5396 novissimis
2750 5339 2959 5395 diebus.
3016 5339 3156 5396 Ecce
3212 5355 3426 5397 merces
3475 5345 3856 5413 operariorum.
