3998 5416
188 332 260 395 97
1385 326 1879 393 DECRETALIUM
1914 330 2318 389 COLLECTIO.
3370 322 3457 391 ’Β

184 461 435 519 corpora
465 448 663 504 vestra.
705 438 760 501 in
791 427 876 501 die
910 442 1197 501 occisionis
1233 443 1557 512 adduxistis,
1588 441 1793 499 ocCidi-

184 541 290 596 stis
318 538 558 611 justum,
596 549 650 594 et
679 553 784 593 non
830 536 1033 592 restitit
1061 536 1216 592 vobis
1242 534 1385 608 (Jac.
1414 551 1473 601 v,
1506 534 1642 606 ινδ).
1681 530 1795 598 Vae,

1896 440 2116 512 (Matth.
2152 456 2208 506 v,
2241 437 2352 510 10),
2389 456 2408 492 ι
2451 446 2506 495 et
2545 437 2673 494 alibi
2716 457 2730 494 :
2777 455 2796 492 ι
2844 437 2993 494 Beati
3030 436 3184 494 eritis
3224 452 3347 494 cum
3384 452 3481 493 vos

1898 529 2112 586 ederint
2149 529 2414 595 homines,
2453 537 2509 585 et
2544 528 2813 599 persecuti
2851 543 2948 583 vos
2985 527 3183 583 fuerint
3218 537 3273 583 et
3309 527 3487 598 ejece-

185 632 425 699 fratres,
464 632 552 687 his
597 630 688 701 qui
739 628 995 686 tribulant
1042 644 1162 696 vos,
1186 644 1284 684 vos
1311 640 1436 684 vero
1458 634 1661 699 quanto
1681 639 1799 679 am-
1898 620 2010 675 rint
2057 634 2254 676 nomen
2296 626 2538 675 vestrum
2582 628 2838 689 tanquam
2876 619 3098 674 malum.
3145 617 3386 674 Gaudete
3426 618 3486 673 in

182 724 336 795 plius
368 721 738 790 tribulamini,
774 726 925 777 tanto
948 720 1291 793 purgatiores
1318 729 1483 790 atque
1528 717 1798 774 beatiores
1822 752 1871 811 Α
1902 709 1988 764 illa
2025 711 2112 766 die
2152 718 2206 797 et
2249 709 2539 775 exsultate,
2570 710 2826 811 quoniam
2857 725 3068 811 merces
3097 717 3276 811 vestra
3316 708 3485 764 multa

181 792 511 872 ciliciemini
533 858 549 881 ,
581 815 626 870 si
658 824 833 870 tamen
878 792 993 885 ipsa
1028 792 1301 867 tribulatio
1340 810 1609 885 patienter
1636 804 1798 863 fuerit
1822 792 1871 811 ⁸³
1899 802 2056 857 estin
2079 792 2216 858 coelo
2239 800 2453 885 (Matth.
2477 818 2530 868 v,
2560 801 2666 873 ll).
2702 821 2720 855 ι
2759 792 2887 857 Data
2916 818 2970 856 ut
2987 794 3211 857 Kalend.
3238 797 3484 875 Augusti,

182 914 547 977 supportata.
579 903 730 961 Unde
770 903 886 975 ipsa
918 901 1131 958 Veritas
1164 915 1262 973 per
1287 914 1347 955 se
1372 897 1508 955 dixit
1537 913 1551 951 :
1588 914 1606 948 ι
1647 892 1796 951 Beati

182 1000 279 1070 qui
359 999 801 1073 persecutionem
884 1000 1164 1069 patiuntur
1241 1004 1461 1068 propter
1523 993 1794 1066 justitiam

1900 884 2135 961 Trajano
2157 900 2212 949 et
2238 882 2463 948 lleliano
2489 908 2570 948 cc.
2602 891 2808 947 consul.

1609 1107 1985 1122 ﬂ

1071 1214 1180 1287 ea
1201 1207 1590 1271 EPISTOLA
1633 1207 1886 1270 PRIMA
1929 1206 2402 1269 ALEXANDRI
2446 1206 2698 1269 mw.

1181 1375 1270 1435 De
1299 1374 1505 1437 causis
1529 1370 1624 1434 vel
1642 1371 2122 1453 gravationibus
2152 1370 2568 1437 sacerdotum.

264 1542 660 1602 Dilectissimis
691 1539 951 1597 fratribus
989 1539 1241 1596 omnibus
1269 1540 1541 1611 episcopis
1574 1552 1671 1609 per
1710 1516 1793 1591 die

191 1653 388 1695 versas
416 1634 734 1692 constitutis
758 1634 1030 1711 regiones,
1056 1631 1389 1686 ALEXANDER
1412 1631 1719 1711 episcopus.

270 1728 446 1795 Nulli,
474 1727 696 1793 fratres,
729 1708 948 1780 dubium
975 1733 1079 1789 est,
1106 1722 1233 1794 quia
1260 1720 1386 1776 boni
1421 1738 1451 1776 a
1478 1708 1635 1775 malis
1656 1734 1798 1775 setn-
1826 1742 1829 1745 π

194 1835 300 1892 per
342 1824 749 1890 persequuntur
791 1823 845 1868 et
884 1812 1229 1893 tribulantur.
1271 1811 1500 1882 Propter
1530 1811 1671 1882 quod
1703 1810 1800 1865 ltu-

195 1911 482 1967 milicmur
516 1907 621 1965 sub
667 1906 871 1978 potenti
908 1921 1070 1960 manu
1116 1904 1232 1969 Dei,
1270 1912 1330 1959 ut
1378 1903 1574 1958 liberet
1602 1918 1702 1958 nos
1748 1903 1800 1956 in

200 2013 453 2072 tempore
514 1999 901 2056 tribulationis.
935 1997 1094 2065 Nam,
1141 1997 1281 2052 sicut
1311 1995 1393 2052 leo
1441 1996 1661 2066 rugiens
1701 1982 1803 2051 cir—

195 2092 597 2161 cuit-.quan'ens
638 2104 800 2161 quem
851 2088 1093 2153 devoret,
1125 2086 1204 2141 sic
1238 2084 1482 2140 diabolus
1526 2091 1634 2139 non
1679 2097 1802 2138 ces-

198 2194 286 2241 sat
310 2185 549 2250 circuire
588 2191 645 2239 et
671 2196 918 2254 quaerere
946 2195 1083 2252 quos
1119 2195 1187 2234 ex
1229 2177 1472 2233 fidelibus
1509 2177 1721 2248 perdat,
1752 2184 1808 2230 et

197 2277 444 2333 maxime
474 2276 595 2331 illos
621 2289 759 2346 quos
787 2271 1128 2329 ardentiores
1157 2272 1209 2326 in
1237 2271 1459 2327 servitio
1487 2268 1802 2334 Salvatoris,

197 2368 368 2437 eique
391 2367 688 2422 familiares
716 2365 1007 2431 invenerit,
1047 2363 1344 2419 familiares
1386 2363 1508 2419 dico
1549 2377 1643 2418 eos
1672 2377 1808 2432 quos

1901 1528 2139 1617 ntabitttr
2166 1538 2344 1594 omnis
2382 1539 2475 1608 qui
2518 1537 2729 1595 habitat
2761 1540 2811 1595 in
2838 1539 2980 1595 eain
3012 1532 3186 1597 bestia
3218 1542 3334 1615 agri
3360 1553 3416 1599 et
3440 1542 3496 1600 in

1902 1630 2122 1686 volucre
2147 1631 2296 1698 coeli,
2344 1633 2438 1688 sed
2472 1640 2527 1687 et
2561 1633 2739 1703 pisces
2779 1634 2947 1709 maris
2991 1637 3495 1709 congregabuntur;
3540 1651 3550 1667 '

1903 1731 2277 1778 verumtamen
2302 1708 2672 1794 unusquisque
2702 1740 2807 1779 non
2833 1708 3059 1795 judicet,
3084 1735 3138 1783 et
3168 1708 3274 1784 non
3297 1744 3497 1800 argua-

1907 1823 1997 1870 tur
2024 1815 2129 1880 vir,
2150 1815 2377 1886 populus
2406 1817 2547 1871 enim
2574 1826 2696 1872 tuus
2722 1802 2863 1873 sicut
2897 1816 2952 1874 bi
2990 1809 3081 1890 qni
3113 1821 3493 1877 contradicunt

1911 1906 2219 1974 sacerdoti;
2258 1915 2315 1962 et
2352 1923 2577 1963 corrucs
2618 1910 2798 1977 hodie,
2826 1919 2879 1964 et
2909 1921 3124 1967 corruet
3174 1914 3339 1969 etiam
3368 1929 3497 1985 pro-

1908 1995 2076 2064 pheta
2115 2002 2315 2051 tecum.
2345 1995 2514 2053 Nocte
2545 1996 2648 2053 feci
2677 1993 2857 2055 tacere
2902 2008 3132 2056 matrem
3164 2010 3343 2069 tuam;
3373 2018 3501 2058 con-

1906 2089 2062 2143 ticuit
2089 2088 2317 2159 populus
2344 2104 2499 2146 meus
2532 2106 2597 2145 eo
2628 2091 2772 2161 quod
2809 2106 2915 2147 non
2958 2092 3150 2148 habuit
3187 2094 3495 2160 scientiam,

1907 2180 2034 2249 quia
2065 2188 2121 2234 tu
2148 2172 2427 2237 scientiam
2466 2181 2736 2253 repulisti,
2776 2181 3034 2253 repellam
3080 2192 3153 2249 te,
3202 2199 3269 2240 ne
3307 2199 3493 2241 sacer-

1909 2272 2056 2328 dotio
2080 2272 2324 2345 fungaris
2356 2272 2512 2330 mihi.
2538 2274 2605 2329 Et
2637 2274 2805 2330 oblita
2838 2289 2898 2330 es
2926 2274 3071 2347 legis
3101 2276 3192 2331 Dei
3226 2276 3301 2331 tui
3320 2317 3336 2342 ,
3366 2276 3501 2335 obli-

1909 2364 2089 2420 viscar
2116 2364 2350 2421 filiorum
2385 2375 2599 2422 tuorum
2624 2374 2679 2421 et
2705 2380 2824 2436 ego.
2855 2365 3160 2422 Secundum
3200 2367 3504 2423 multitudi-

192 2461 315 2516 sibi
345 2461 549 2515 sacrari
579 2468 636 2515 et
658 2459 711 2514 in
734 2456 1284 2529 ordineapostolatus
1328 2456 1583 2511 constitui
1612 2455 1802 2511 voluit.
1836 2464 1882 2523 Β
1912 2468 2036 2515 nem
2058 2468 2247 2510 eorum
2273 2454 2353 2510 sic
2386 2463 2747 2526 peccaverunt
2778 2455 2932 2519 mihi,
2966 2447 3192 2528 gloriam
3221 2472 3409 2513 eorum
3434 2457 3502 2513 ad

140 2576 143 2593 ι
204 2549 318 2620 Ipsi
348 2551 486 2605 enim
513 2566 617 2622 pro
642 2549 842 2621 populo
870 2548 1235 2620 interpellant,
1272 2556 1329 2604 et
1361 2548 1541 2619 populi
1574 2555 1797 2620 peccata

204 2644 525 2710 comedunt,
556 2643 683 2714 quia
709 2641 965 2713 precibus
1006 2641 1118 2696 suis
1151 2648 1207 2695 et
1232 2639 1595 2696 oblationibus
1616 2653 1680 2694 ea
1711 2640 1807 2694 de-

206 2733 329 2789 lent
359 2741 523 2804 atque
545 2740 894 2790 consumunt.
926 2731 1029 2800 Qui
1056 2740 1259 2802 quanto
1293 2729 1566 2802 digniores
1588 2728 1805 2793 fuerint,

208 2835 360 2881 tanto
412 2824 632 2880 facilius
686 2838 789 2895 pro
843 2820 1259 2878 necessitatibus
1322 2819 1519 2891 quibus
1573 2817 1811 2874 clamant

205 2915 594 2970 exaudiuntur.
627 2931 646 2964 ι
685 2910 907 2968 Multum
931 2912 1075 2967 enim
1114 2908 1196 2982 (ut
1235 2910 1310 2965 ait
1356 2910 1545 2967 beatus
1572 2905 1808 2965 Jacobus

208 3004 508 3075 apostolus)
527 3004 670 3060 valet
685 3002 996 3074 deprecatio
1016 2999 1151 3071 justi
1171 3002 1384 3058 assidua
1408 2999 1549 3067 (Jac.
1580 3016 1634 3068 v,
1660 3001 1802 3072 16).»

210 3102 310 3168 Qui
337 3100 485 3155 enim
514 3114 612 3154 vos
637 3096 985 3168 persequitur
1012 3096 1185 3167 ipsum
1212 3094 1365 3163 cujus
1392 3093 1661 3165 legatione
1689 3085 1809 3149 fun-

214 3194 403 3267 gimini
428 3190 795 3263 persequitur,
815 3189 940 3259 quia
955 3188 1095 3244 sicut
1110 3189 1221 3260 ipse
1240 3187 1409 3243 Filius
1430 3186 1523 3243 Dei
1547 3186 1811 3275 mediator

212 3285 312 3339 fuit
343 3283 442 3338 Dei
466 3291 521 3338 et
548 3282 850 3347 hominum,
895 3281 970 3335 ita
993 3289 1048 3335 et
1069 3294 1164 3335 vos
1189 3277 1306 3348 ejus
1333 3278 1448 3333 vice
1475 3277 1525 3331 in
1562 3275 1806 3333 Ecclesia

212 3376 346 3431 estis
372 3372 680 3439 constituti,
712 3382 773 3427 ut
800 3371 943 3427 inter
964 3370 1249 3426 Dominum
1285 3376 1340 3423 et
1377 3367 1624 3423 homines
1662 3366 1811 3438 lega-

213 3468 362 3522 tione
394 3465 713 3537 fungamini.
747 3464 808 3521 Si
836 3465 958 3536 quis
994 3472 1176 3519 autem
1206 3461 1530 3534 legationem
1572 3468 1811 3515 vestram

212 3556 467 3627 impedit,
496 3570 601 3610 non
628 3555 786 3609 unius
816 3553 911 3609 sed
943 3553 1233 3609 multorum
1269 3551 1570 3622 profectum
1595 3546 1808 3604 evertit.

213 3645 304 3712 Et,
336 3645 479 3699 sicut
504 3643 686 3699 multis
710 3651 892 3709 nocet,
924 3642 1001 3698 ita
1026 3658 1057 3697 a
1080 3642 1266 3697 multis
1296 3640 1604 3714 arguendus
1632 3646 1737 3704 est,
1759 3647 1814 3693 et

213 3736 487 3791 bonorum
540 3734 802 3789 societate
850 3731 1138 3788 arcendus.
1207 3730 1273 3785 Et
1301 3731 1425 3800 quia
1462 3729 1556 3784 Dei
1595 3742 1817 3784 causam

216 3829 448 3902 impedit
490 3836 543 3883 et
591 3836 792 3883 statum
826 3826 1115 3882 conturbat
1159 3820 1435 3903 Ecclesiae,
1477 3822 1705 3892 ideoque
1747 3818 1817 3879 ab

215 3920 337 3990 ejus
358 3916 637 3973 liminibus
658 3913 915 3973 Ecclesiae
942 3923 1213 3969 arceatur.
1242 3912 1323 3968 Ab
1348 3907 1659 3968 hominibus
1682 3924 1819 3981 quo-

217 4025 326 4079 qne
357 4008 482 4064 talis
511 4017 597 4063 est
635 4007 909 4063 cavendus
937 4012 992 4060 et
1020 4019 1125 4060 non
1169 4001 1225 4058 in
1268 4000 1651 4059 communione
1691 3996 1818 4055 fide-

218 4102 353 4156 lium
380 4113 553 4170 usque
587 4098 655 4153 ad
685 4096 1111 4153 satisfactionem
1140 4091 1500 4164 recipiendus.
1534 4090 1631 4146 Est
1668 4088 1815 4144 enim

221 4202 487 4249 statutum
510 4191 660 4257 olim,
692 4200 750 4246 ut
776 4190 867 4259 qni
897 4196 1096 4244 statum
1121 4186 1413 4242 conturbat
1436 4178 1713 4246 Ecclesiae,
1744 4181 1812 4235 ab

221 4284 342 4355 ejus
372 4283 653 4338 liminibus
686 4289 964 4344 arceatur,
999 4293 1065 4334 ne
1109 4292 1231 4334 cum
1270 4275 1521 4332 ﬁdelibus
1567 4282 1812 4329 commu-

222 4374 371 4428 nicet
397 4374 491 4443 qui
521 4388 705 4428 eorum
731 4373 875 4427 bona
902 4368 1122 4425 avertit.
1154 4365 1264 4423 Vos
1302 4381 1451 4438 ergo,
1480 4365 1527 4421 si
1572 4363 1814 4421 dilectio—

222 4481 350 4520 nem
373 4464 674 4521 habueritis
693 4462 996 4518 adinvicem
1020 4471 1073 4515 et
1096 4456 1378 4514 unanimes
1398 4455 1633 4521 fueritis,
1658 4454 1815 4512 facile

225 4555 364 4611 tales
392 4569 652 4625 superare
679 4550 951 4624 poteritis.
981 4550 1035 4607 Si
1063 4565 1195 4609 vero
1223 4547 1389 4621 (quod
1422 4546 1583 4615 absit)
1616 4547 1817 4602 discor-

224 4644 320 4699 des
348 4643 582 4705 fueritis,
605 4651 663 4697 et
681 4641 879 4697 canino
905 4640 1065 4695 dente
1087 4654 1186 4695 vos
1228 4630 1814 4706 derodere'cceperitis,

226 4751 335 4791 non
365 4734 542 4791 solum
586 4748 681 4788 eos
714 4749 820 4787 non
870 4731 1212 4800 superabitis,
1262 4730 1355 4785 sed
1403 4737 1458 4784 et
1493 4728 1644 4783 vobis
1685 4724 1819 4798 ipsis

226 4825 496 4881 nocebitis
533 4834 698 4894 atque
735 4823 804 4879 ab
838 4822 919 4877 eis
963 4819 1370 4893 superabimini,
1410 4827 1466 4873 et
1503 4819 1820 4874 innocenter

1913 2544 2263 2617 ignominiam
2318 2547 2680 2601 commutabo.
2740 2545 2967 2602 Peccata
3025 2538 3208 2618 populi
3260 2548 3366 2603 mei
3413 2558 3506 2603 co-

1913 2634 2152 2701 medent,
2185 2643 2239 2691 et
2276 2635 2342 2691 ad
2386 2635 2727 2707 iniquitatem
2766 2651 2956 2692 eorum
2999 2637 3358 2699 sublevabunt
3389 2639 3508 2693 ani-

1914 2738 2032 2779 mas
2056 2739 2266 2780 eorum.
2301 2723 2369 2779 Et
2390 2724 2497 2780 erit
2534 2725 2675 2781 sicut
2720 2725 2950 2797 populus
2998 2727 3079 2783 sic
3123 2728 3401 2793 sacerdos,
3450 2738 3507 2785 et

1914 2816 2147 2874 visitabo
2171 2831 2334 2889 super
2367 2832 2491 2873 eum
2533 2817 2649 2874 vias
2692 2806 2827 2888 ejus,
2878 2830 2934 2876 et
2988 2821 3345 2893 cogitationes
3390 2822 3509 2894 ejus

1913 2907 2139 2963 reddam
2164 2907 2236 2963 ei.
2267 2907 2335 2963 Et
2361 2908 2646 2964 comedent
2671 2916 2729 2964 et
2762 2924 2869 2965 non
2893 2913 3301 2977 saturabuntur,
3330 2910 3506 2969 forni-

1915 2999 2022 3054 cati
2057 3009 2183 3055 sunt
2228 3006 2282 3056 et
2323 3014 2431 3054 non
2481 3009 2857 3068 cessaverunt,-
2910 3004 3164 3073 quoniam
3213 3004 3505 3060 Dominum

1916 3089 2321 3160 dereliquerunt
2360 3090 2414 3146 in
2462 3106 2569 3147 non
2610 3094 2961 3150 custodiendo
3014 3095 3188 3167 (Osee.
3230 3113 3306 3162 tv,
3350 3097 3427 3167 5).
3482 3118 3501 3150 ι

1915 3181 2043 3240 llaec
2070 3192 2276 3251 cavete,
2308 3184 2526 3252 fratres,
2552 3195 2609 3241 et
2647 3186 2783 3243 bona
2808 3202 3023 3259 semper
3050 3202 3212 3260 agere
3233 3188 3505 3254 festinate,

1916 3276 2045 3346 quia
2083 3276 2138 3331 in
2171 3277 2272 3332 hoc
2292 3286 2625 3348 cognoscent
2656 3294 2867 3345 omnes,
2898 3280 3030 3334 dicit
3057 3280 3341 3348 Dominus,
3371 3297 3510 3352 quo-

1916 3368 2063 3423 niam
2100 3367 2205 3422 mei
2252 3367 2385 3424 estis
2425 3367 2674 3439 discipuli
2723 3369 2767 3424 si
2818 3370 3163 3426 dilectionem
3210 3372 3514 3427 habueritis

1918 3458 2238 3515 adinvicem.
2274 3457 2482 3514 Bonum
2519 3466 2604 3515 est
2636 3474 2872 3531 namque
2916 3460 3288 3531 proculdubio,
3315 3470 3370 3517 et
3399 3477 3511 3517 ont-

1919 3550 2079 3606 nibus
2106 3549 2426 3605 timentibus
2475 3550 2647 3606 Deum
2692 3541 3077 3616 desiderabile,
3110 3551 3365 3607 cohibere
3406 3552 3516 3609 dis-

1920 3641 2205 3698 sensiones
2234 3650 2290 3697 et
2325 3642 2726 3709 altercationes,
2765 3643 3131 3715 fratribusque
3188 3645 3503 3711 subvenire,

1922 3741 1979 3787 et
2003 3732 2234 3788 invicem
2266 3748 2372 3788 non
2405 3726 2670 3799 invidere,
2698 3734 2793 3790 sed
2821 3732 3097 3803 adjuvare.
3129 3733 3239 3791 Nos
3266 3750 3398 3808 ergo
3418 3739 3511 3807 qui

1922 3824 2171 3896 discipuli
2205 3824 2418 3880 Domini
2456 3833 2510 3879 et
2536 3824 2640 3881 dici
2695 3833 2752 3881 et
2799 3841 2920 3881 esse
2971 3825 3239 3898 cupimus,
3297 3836 3518 3899 portare

1921 3931 2139 3973 crucem
2157 3914 2358 3972 Christi
2385 3925 2440 3972 et
2460 3917 2695 3988 eompati
2723 3914 2983 3974 fratribus
3011 3916 3270 3976 debemus
3288 3961 3303 3985 ,
3332 3929 3388 3977 ct
3408 3936 3517 3975 non

1921 4020 2271 4076 quascunque
2304 4007 2384 4062 eis
2427 4007 2652 4062 insidias
2684 4017 2776 4062 aut
2808 4007 2991 4065 foveas
3020 4025 3346 4082 praeparare,
3379 4012 3509 4082 quia

1921 4095 2175 4150 talionem
2222 4105 2461 4152 meretur
2506 4096 2600 4168 qui
2652 4096 2913 4154 fratribus
2955 4090 3166 4155 foveam
3222 4111 3511 4172 praeparat.

1921 4185 2098 4242 Nolite
2124 4202 2330 4253 errare,
2354 4180 2716 4260 fratres,quia
2744 4191 2887 4245 Deus
2910 4207 3016 4246 non
3043 4191 3320 4249 irridetur.
3347 4192 3516 4263 Hujus

1899 4278 1995 4340 rei
2032 4279 2207 4350 gratia
2235 4279 2495 4334 Dominus
2523 4281 2677 4337 vobis
2708 4282 2979 4337 commisit
3006 4276 3304 4339 Eeclesiam
3336 4300 3512 4351 suam,

1915 4377 1976 4423 ut
2004 4383 2103 4439 pro
2129 4369 2381 4426 omnibus
2415 4362 2696 4438 laboretis,
2729 4380 2785 4427 et
2807 4373 3018 4429 cunctis
3052 4374 3329 4445 oppressis
3354 4390 3512 4446 opem

1919 4457 2062 4513 ferre
2088 4474 2195 4513 non
2224 4459 2703 4532 negligatis;unde
2746 4461 3008 4519 Dominus
3056 4478 3152 4534 per
3199 4465 3518 4536 prophetam

1917 4549 2156 4619 loquitur
2175 4550 2361 4620 dicens
2386 4569 2398 4605 :
2422 4570 2441 4604 ι
2462 4550 2586 4608 Haec
2607 4552 2741 4607 dixit
2763 4548 3059 4613 Dominus:
3084 4542 3333 4611 Judicate
3355 4570 3516 4610 mane

1915 4642 2175 4712 judicium
2205 4650 2262 4698 et
2289 4644 2463 4699 eruite
2491 4644 2541 4698 vi
2581 4659 2869 4716 oppressos
2891 4646 2957 4700 de
2987 4661 3147 4719 manu
3173 4645 3516 4700 calumnian-

1923 4734 2016 4797 tis,
2041 4749 2109 4791 ne
2130 4736 2268 4791 forte
2288 4735 2599 4808 egrediatur
2622 4735 2779 4807 quasi
2803 4735 2944 4808 ignis
2965 4723 3267 4807 indignatio
3291 4750 3434 4802 mea,
3463 4743 3520 4790 et

1925 4828 2285 4883 succendatur
2304 4837 2359 4883 et
2378 4841 2484 4881 non
2504 4828 2578 4881 sit
2600 4828 2691 4897 qui
2716 4828 3024 4897 exstinguat
3046 4824 3181 4897 (Jer.
3206 4840 3321 4891 ut,
3352 4825 3461 4895 l2).
3498 4843 3515 4876 ι

228 4914 365 4972 forte
390 4887 658 4987 peribitis.
692 4911 796 4982 Qui
837 4887 1045 4967 antem-
1064 4929 1129 4969 ex
1174 4920 1358 4969 vestro
1391 4910 1618 4983 collegio
1658 4909 1821 4967 fuerit
1850 4887 1900 4946 D
1933 4914 2041 4973 Vos
2069 4934 2201 4992 ergo
2227 4919 2321 4990 qui
2351 4918 2406 4973 in
2435 4887 2649 4973 summo
2677 4887 2955 4987 speculova
2986 4887 3216 4974 Domino
3243 4887 3523 4973 constituti

226 5017 282 5062 et
314 5007 383 5061 ab
407 5006 614 5060 auxilio
648 5017 832 5060 vestro
865 5020 924 5060 se
964 5005 1309 5069 subtraxerit,
1342 5003 1515 5076 magis
1552 5005 1822 5059 schisma-

227 5097 366 5153 ticus
387 5107 444 5152 et
472 5112 581 5151 non
617 5095 875 5153 sacerdos
902 5109 1018 5151 esse
1061 5097 1400 5168 probabitur.
1455 5111 1475 5143 σ
1522 5094 1681 5163 Ecce,
1736 5095 1821 5148 in-

224 5188 345 5258 quit
366 5187 658 5260 propheta,
687 5201 855 5258 quam
900 5185 1097 5244 bonum
1129 5199 1184 5244 et
1211 5200 1377 5261 quam
1401 5185 1697 5256 jucundum
1729 5186 1824 5241 ha-

226 5279 407 5335 bitare
458 5278 663 5334 fratres
691 5279 745 5335 in
779 5291 946 5332 unum
976 5280 1147 5350 (Psal.
1181 5293 1389 5342 cxxxn,
1426 5279 1500 5351 1).
1541 5300 1559 5333 ›
1592 5277 1670 5336 Illi
1698 5293 1828 5335 vero

1932 5008 2086 5077 estis,
2104 5009 2384 5066 attendere
2397 5021 2492 5062 eos
2505 5015 2561 5060 et
2581 5005 2885 5078 opprimere
2905 5014 3123 5075 oportet
3142 5008 3236 5079 qui
3259 5007 3311 5062 in
3330 5007 3526 5062 fratres

1933 5103 2228 5160 seditiones
2264 5109 2321 5157 et
2348 5098 2600 5155 scandala
2631 5096 2893 5161 excitant,
2943 5113 3017 5155 ne
3074 5096 3234 5158 simul
3286 5113 3410 5154 eum
3448 5094 3528 5149 eis

1932 5198 2189 5265 pereatis.
2220 5195 2465 5252 Salutate
2493 5206 2682 5246 omnes
2702 5188 2793 5258 qui
2821 5197 2971 5245 recte
3001 5193 3252 5249 laborant
3276 5188 3329 5245 in
3356 5188 3531 5244 Evan-

1935 5285 2077 5353 gelio
2100 5287 2302 5347 Christi
2327 5292 2380 5340 et
2394 5282 2542 5352 juste
2568 5282 2868 5353 gubernant
2893 5295 3094 5341 navem
3120 5280 3237 5352 ejus
3270 5291 3339 5333 ne
3367 5276 3531 5334 coha-

3319 5368 3352 5388 α
3370 5385 3380 5387 μ
3394 5367 3532 5388 1η.-.
