4012 6466
1441 21 1722 27 __—,__'
1773 19 1866 23 ___
1917 17 2010 22 .—
2045 13 2298 20 ﬁi—
2337 11 2442 16 __
2495 7 2772 14 _._,,_',
2832 6 2876 8 -ν

215 511 292 570 ευ]
1413 492 1902 551 DECRETALIUM
1941 492 2340 551 COLLECTIO.
3343 496 3446 552 102

205 625 315 697 quia
339 635 463 677 ωλι.
495 614 837 672 inclinabitur
863 626 1024 670 omne
1062 626 1226 682 genu,
1267 619 1322 665 et
1347 609 1524 664 omnis
1568 607 1754 677 lingua
1784 619 1832 680 Α
1859 606 2059 664 betur:
2109 624 2127 656 ι
2168 606 2424 662 Miserere
2468 607 2621 663 nobis
2665 608 2806 663 Deus
2853 608 3091 663 omnium
3132 617 3184 665 et
3221 612 3444 667 ostende

200 696 515 772 conﬁtebitur
540 723 635 778 per
656 705 974 768 Dominum,
1007 703 1192 758 dicens
1229 720 1242 755 :
1277 699 1492 755 Justitia
1515 707 1572 752 et
1593 697 1760 770 gloria
1865 696 2019 753 nobis
2049 696 2227 751 lumen
2261 698 2642 765 miserationis,
2675 708 2731 754 et
2756 701 2986 755 immitte
3024 701 3266 757 timorem
3294 713 3443 760 tuum

200 807 263 860 ad
286 819 399 861 eum
423 799 618 855 veniet.
653 813 678 850 ι·
705 797 773 852 Et
801 803 859 850 ut
897 796 952 850 in
983 795 1086 850 hoc
1115 792 1422 850 testimonio
1450 791 1665 846 Patrem
1709 797 1762 844 et
1861 802 2025 858 super
2047 796 2256 860 gentes,
2281 789 2371 859 qui
2402 805 2508 844 non
2530 791 2900 860 exquisierunt
2927 801 3000 857 te,
3025 802 3084 846 ut
3118 805 3447 864 cognoscant

201 896 374 952 Filium
412 890 569 948 simul
596 888 764 946 fuisse
807 886 1148 956 cognoscatis
1192 883 1416 939 Paulum
1456 880 1758 952 apostolum
1862 877 1988 946 quia
2015 893 2120 932 non
2142 887 2225 934 est
2248 878 2385 933 alius
2413 880 2669 936 Deusnisi
2695 891 2769 936 tu.
2797 882 2966 938 tltem
2992 882 3120 938 alibi
3147 902 3158 937 :
3184 904 3201 937 ι
3222 884 3448 942 Domine

203 987 360 1043 audite
382 985 647 1040 dicentem
676 998 690 1035 :
722 998 742 1031 ι
775 978 926 1036 υιμίιι
951 977 1190 1042 nomine,
1217 975 1414 1046 inquit,
1447 971 1572 1028 Iesu
1600 988 1762 1029 omne
1865 971 2004 1026 Deus
2045 971 2238 1037 Israel,
2271 988 2374 1028 non
2418 983 2502 1029 est
2543 975 2639 1030 tibi
2676 976 2868 1033 similis
2908 979 2961 1033 in
3004 980 3143 1035 cmlo
3187 996 3401 1037 sursum
3432 1027 3445 1046 ,

200 1095 318 1153 genu
336 1077 578 1134 ﬂectatur
597 1073 925 1139 caelestium,
949 1071 1310 1136 terrestrium,
1327 1079 1383 1125 et
1403 1068 1756 1136 infernorum,
1863 1076 2038 1132 neqne
2073 1063 2128 1118 in
2158 1071 2301 1120 terra
2345 1065 2616 1122 deorsum.
2647 1087 2667 1119 ι
2703 1067 2769 1121 Ει
2792 1067 2847 1123 in
2872 1068 3078 1138 psalmo
3103 1071 3334 1142 septimo
3360 1075 3448 1126 de-

201 1182 246 1227 et
262 1171 424 1226 omnis
445 1167 624 1238 lingua
646 1163 992 1230 conﬁteatur,
1010 1161 1142 1234 quia
1165 1160 1424 1216 Dominus
1438 1157 1762 1214 JesusChri-
1861 1156 2004 1212 cimo
2031 1174 2046 1211 :
2081 1175 2100 1209 ι
2133 1156 2398 1225 Quoniam
2427 1161 2548 1231 quis
2584 1160 2728 1218 Deus
2765 1171 2962 1232 prater
3006 1163 3325 1230 Dominum,
3356 1177 3450 1220 aut

200 1271 296 1316 stus
318 1260 368 1314 in
391 1257 560 1330 gloria
584 1268 668 1313 est
696 1255 792 1310 Dei
819 1253 999 1309 Patris
1025 1250 1429 1322 omnipotentis.
1472 1269 1490 1302 ι
1521 1249 1674 1317 Quod
1713 1248 1759 1304 si
1862 1248 1982 1318 quis
2017 1249 2179 1318 Deus,
2209 1259 2408 1320 prreter
2431 1252 2601 1309 Deum
2649 1264 2913 1310 nostrum.
2950 1275 2969 1309 ι
3001 1256 3068 1311 Et
3104 1258 3158 1312 in
3199 1257 3398 1315 Genesi
3433 1275 3446 1313 :

199 1348 465 1406 secundum
480 1344 872 1417 aliquosFilius
887 1353 970 1399 est
999 1343 1174 1398 minor
1203 1341 1364 1396 Patre
1388 1355 1506 1406 suo,
1522 1355 1650 1412 ergo
1666 1341 1761 1396 mi-
1867 1360 1886 1392 ι
1918 1341 1986 1396 Ει
2011 1341 2146 1412 pluit
2170 1343 2430 1400 Dominus
2455 1360 2487 1400 a
2517 1345 2742 1402 Domino
2765 1347 2942 1418 ignem
2966 1357 3019 1402 et
3044 1347 3269 1418 sulphur
3291 1365 3452 1421 super

201 1451 364 1497 norata
378 1439 484 1511 23
505 1445 667 1494 estet
687 1435 857 1508 gloria
875 1433 1126 1491 Patrisin
1150 1432 1488 1489 Filio.Etubi
1511 1440 1594 1487 est
1617 1431 1760 1502 quod
1864 1429 2153 1487 Sodomam
2184 1442 2240 1489 et
2271 1433 2630 1491 Gomorrham
2660 1446 2716 1492 et
2749 1437 2946 1493 evertit
2985 1439 3230 1494 civitates
3257 1439 3394 1494 illas.
3430 1460 3446 1490 ι

198 1536 243 1590 in
264 1532 541 1590 Salomone
558 1529 836 1600 Scriptura
856 1526 1096 1598 loquitur
1116 1525 1302 1580 dicens
1334 1540 1349 1579 :
1386 1541 1405 1576 ι
1441 1522 1594 1578 Sicut
1615 1522 1760 1579 enim
1865 1522 1922 1578 Si
1956 1524 2104 1581 solus
2128 1526 2292 1582 Pater
2328 1527 2470 1585 Deus
2496 1539 2600 1593 est,
2631 1532 2753 1602 quis
2789 1532 2924 1604 pluit
2947 1532 3123 1603 ignem
3147 1542 3202 1588 et
3229 1533 3454 1605 sulphur

199 1627 533 1696 ineonspectu
557 1637 768 1687 eorum,
791 1616 985 1690 inquit,
1012 1615 1386 1694 magniﬁcatus
1413 1629 1475 1670 es
1507 1615 1561 1668 in
1585 1613 1756 1676 nobis,
1862 1628 2024 1685 supra
2051 1617 2341 1684 praedictas
2364 1619 2638 1686 civitates,
2671 1632 2731 1676 ut
2765 1607 2859 1677 eas
2888 1625 3193 1679 everteret?
3238 1625 3452 1692 ριιωδο,

197 1724 258 1778 ita
284 1723 334 1777 in
360 1728 655 1790 conspectu
683 1723 869 1773 nostro
897 1711 1334 1785 magniﬁcaberis
1364 1709 1418 1764 in
1447 1708 1552 1764 illis
1575 1717 1635 1764 ut
1671 1722 1761 1765 co-
1862 1707 2146 1776 responde.
2169 1708 2237 1762 Et
2261 1709 2316 1764 in
2336 1710 2783 1769 Deuteronomio:
2808 1734 2826 1766 ι
2847 1715 3106 1772 Dominus
3122 1717 3268 1774 solus
3290 1717 3452 1772 dedu-

196 1821 426 1885 gnoscant
461 1820 519 1866 te
565 1810 707 1866 sicut
740 1816 796 1862 et
832 1820 931 1861 nos
973 1801 1344 1875 cegnovimus,
1373 1799 1629 1872 quoniam
1655 1814 1758 1853 non
1863 1795 2018 1850 cebat
2042 1807 2209 1856 eoset
2229 1816 2336 1856 non
2361 1802 2461 1857 fuit
2485 1819 2606 1859 cum
2635 1805 2738 1861 illis
2762 1807 2904 1864 Deus
2923 1809 3151 1867 alienus.
3181 1830 3199 1862 ι
3230 1811 3293 1866 Ει
3320 1811 3454 1866 Pau-

195 1911 263 1959 est
286 1902 417 1958 Deus
434 1908 638 1972 praeter
661 1907 731 1964 te,
768 1894 1032 1952 Domine?
1064 1912 1082 1945 ι
1124 1892 1420 1962 Diligenter
1450 1891 1666 1945 attende
1706 1899 1762 1944 et
1862 1886 1948 1943 lus
1975 1891 2292 1958 apostolus:
2336 1913 2354 1946 ι
2394 1894 2540 1951 Unus
2575 1897 2718 1955 Deus
2745 1901 2836 1971 qui
2860 1902 3124 1973 justificat
3165 1906 3453 1964 circumci-

196 2009 397 2066 agnosce
428 1993 634 2050 Filium
664 2006 784 2047 esse
822 1989 915 2061 qui
950 1986 1386 2060 magniﬁcabitur
1428 1986 1482 2040 in
1515 1983 1756 2054 judicio,
1793 2001 1835 2062 Β
1865 1977 2070 2034 Sionem
2108 1995 2175 2036 ex
2210 1982 2347 2049 ﬁde,
2391 1995 2446 2040 ct
2490 1990 2813 2058 prteputium
2849 2007 2948 2063 per
2977 1995 3167 2061 fidem;
3223 2017 3242 2050 ι
3287 2008 3343 2053 et
3388 2002 3458 2055 ad

195 2087 297 2141 dum
324 2085 533 2142 vene,“
568 2083 721 2138 γίγοε
753 2090 808 2137 ει
835 2089 1078 2137 mortuos
1106 2078 1369 2150 judicare,
1399 2077 1530 2133 nem
1560 2076 1753 2131 lsaias;
1859 2066 2174 2126 Corinthios
2205 2091 2218 2126 :
2258 2093 2276 2125 ι
2309 2075 2454 2131 Deus
2480 2087 2595 2131 erat
2628 2079 2682 2132 in
2711 2079 2927 2138 Christo
2957 2086 3217 2142 mundum
3268 2103 3456 2145 recon-

198 2192 214 2225 ι
242 2173 420 2228 Audite
447 2172 650 2229 domus
679 2169 869 2235 Jacob,
897 2177 954 2224 et
983 2167 1186 2224 residui
1223 2166 1417 2223 domus
1445 2165 1640 2233 Israel,
1667 2165 1759 2235 qui
1861 2159 2054 2214 cilians
2081 2161 2211 2230 sibi;
2235 2182 2255 2215 ι
2281 2173 2338 2219 et
2361 2166 2559 2222 iterum
2585 2187 2598 2222 :
2628 2187 2645 2219 ι
2679 2169 2797 2225 Non
2825 2183 2904 2228 est
2931 2175 3074 2231 Deus
3094 2176 3198 2231 nisi
3231 2195 3400 2248 unus;
3434 2201 3453 2234 ι

192 2265 477 2338 egredimini
515 2279 587 2320 ex
618 2273 774 2320 utero
810 2270 864 2318 et
893 2259 1181 2318 erudimini
1209 2275 1239 2314 a
1283 2273 1451 2331 puero
1479 2271 1651 2328 usque
1692 2256 1760 2312 ad
1862 2257 1917 2304 et
1937 2249 2004 2306 ad
2023 2250 2243 2310 Galatas
2272 2273 2286 2310 :
2318 2275 2336 2308 ι
2367 2255 2632 2314 Mediator
2661 2269 2841 2317 autem
2863 2264 3022 2321 unius
3042 2281 3147 2321 non
3178 2276 3282 2334 est,
3316 2270 3461 2328 Deus

194 2363 522 2413 meum“).
553 2355 636 2411 Αι)
654 2353 814 2409 initio
831 2367 931 2424 ego
951 2366 1072 2407 sum
1089 2359 1146 2407 ει
1164 2363 1444 2422 quousque
1465 2346 1761 2403 seuescaus
1860 2351 2042 2397 autem
2069 2359 2207 2401 unus
2226 2356 2339 2414 est;
2364 2366 2383 2400 ι
2402 2357 2458 2403 et
2480 2351 2741 2406 unitatem
2766 2352 2946 2412 Patris
2965 2366 3021 2412 et
3044 2358 3187 2424 Filii,
3215 2371 3269 2417 et
3290 2362 3460 2434 Spiri-

192 2465 273 2522 ego
297 2465 428 2505 sum.
454 2449 578 2521 Ego
607 2463 701 2504 vos
719 2447 824 2503 feci
845 2455 902 2502 ct
926 2460 1026 2518 ego
1054 2445 1316 2510 sustineo,
1341 2457 1441 2512 ego
1461 2442 1758 2507 remittam,
1865 2441 1951 2493 tus
1974 2437 2145 2490 sancti
2169 2436 2569 2508 demonstrans,
2595 2441 2844 2512 Ephesiis
2866 2447 3132 2516 scribens,
3164 2451 3238 2507 ita
3263 2457 3426 2509 conti:
3445 2487 3462 2496 -

191 2557 275 2614 ego
289 2541 754 2613 suscipiam,dicit
770 2540 1082 2596 Dominus»
1109 2539 1177 2593 Et
1197 2539 1392 2594 iterum
1411 2553 1430 2591 :
1459 2555 1479 2589 ι
1511 2536 1622 2607 Ego
1643 2551 1762 2592 sum
1863 2533 2014 2580 mat:
2048 2545 2066 2578 ‹
2098 2527 2429 2588 Sufferentes
2456 2532 2690 2590 invicem
2715 2535 2770 2590 in
2793 2537 3078 2608 cbaritate,
3104 2543 3319 2601 solliciti
3349 2563 3452 2603 sei-

193 2633 418 2691 Dominus
454 2637 608 2691 Deus
627 2674 642 2700 ’
678 2641 880 2706 praeter
904 2648 990 2688 me
1020 2647 1126 2687 non
1169 2638 1254 2687 est
1287 2629 1424 2686 alius
1458 2630 1632 2694 Deus,
1661 2642 1761 2683 an-
1864 2626 1986 2674 vate
2017 2623 2281 2678 unitatem
2302 2624 2526 2695 spiritus
2554 2627 2610 2682 in
2633 2628 2844 2686 vinculo
2866 2633 3034 2701 pacis.
3063 2633 3238 2692 Unum
3265 2653 3464 2711 corpus

195 2727 414 2783 nuntians
442 2726 748 2782 novissima
779 2724 1094 2795 priusquam
1133 2721 1299 2787 nam,
1325 2729 1381 2776 α
1424 2720 1606 2776 suum
1636 2734 1764 2776 con.
1865 2716 1920 2764 et
1945 2725 2082 2767 unus
2121 2713 2382 2784 spiritus,
2412 2715 2556 2772 sicut
2582 2719 2758 2774 vocati
2790 2722 2924 2777 estis
2955 2723 3008 2778 in
3046 2740 3150 2780 una
3181 2742 3274 2798 spe
3307 2745 3463 2786 voca-

194 2825 429 2872 summata
475 2825 633 2874 sunt.
667 2834 688 2870 ι
735 2815 870 2871 Item
915 2813 1043 2870 alibi
1077 2828 1092 2867 :
1136 2831 1154 2866 ι
1191 2811 1330 2867 Audi
1367 2825 1454 2866 me
1500 2808 1670 2865 Jacob
1709 2817 1766 2866 et
1867 2802 2030 2858 tionis
2064 2815 2274 2874 vestrm,
2301 2823 2442 2865 unus
2464 2809 2628 2877 Deus,
2657 2829 2763 2869 una
2790 2816 2946 2884 tides,
2977 2834 3140 2876 unum
3169 2823 3462 2893 baptisma,

191 2905 348 2976 lsrael,
377 2909 646 2979 quoniam
687 2922 788 2978 ego
823 2905 949 2963 feci.
996 2906 1112 2978 Ego
1155 2919 1273 2960 sum
1318 2903 1580 2960 Dominus
1623 2903 1766 2959 Deus

1880 2908 2006 2949 mus
2040 2895 2184 2953 Deus
2209 2894 2425 2969 (Ephes.
2472 2915 2546 2967 tv,
2591 2901 2671 2973 2).
2703 2922 2722 2955 ι
2759 2903 2818 2959 Si
2855 2921 2962 2963 non
3010 2923 3143 2965 sane
3190 2913 3466 2983 sapientes

196 3005 314 3065 tuus,
341 3009 394 3054 et
419 3015 538 3056 non
567 3005 651 3054 est
683 2997 821 3054 alius
848 3005 1045 3068 praeter
1084 3009 1190 3052 me.
1227 3014 1246 3049 ι
1277 2993 1414 3050 item
1445 2993 1518 3051 ibi
1553 3012 1566 3049 :
1606 3011 1625 3046 ι
1653 2992 1766 3066 Ego

1880 2983 2132 3040 unitatem
2168 2985 2294 3043 ﬁdei
2327 2987 2599 3047 voluerint
2631 2992 2862 3065 simplici
2899 2998 3067 3054 corde
3095 3002 3358 3073 recipere,
3397 3019 3463 3060 ex

193 3105 290 3146 sum
329 3093 600 3148 Dominus
626 3089 771 3146 Deus
799 3099 925 3146 mus
961 3089 1169 3160 primus
1197 3096 1252 3144 ει
1289 3101 1391 3158 ego
1440 3085 1766 3143 novissimus
1867 3073 1972 3131 hoc
2013 3075 2198 3149 itaque
2228 3080 2540 3139 testimonio
2570 3083 2624 3138 in
2662 3101 2770 3141 uno
2798 3088 2990 3158 spiritu
3015 3101 3268 3161 poterunt
3306 3097 3466 3152 simul

191 3193 237 3236 ω
265 3183 312 3239 in
347 3200 407 3239 ea
444 3198 577 3255 qua:
619 3190 1009 3254 superventu”
1055 3188 1182 3237 sum
1223 3179 1278 3234 in
1315 3178 1626 3234 novissimis
1664 3190 1766 3247 ego
1867 3162 2046 3222 Patris
2071 3174 2128 3222 et
2151 3167 2274 3224 Filii
2301 3169 2562 3229 unitatem
2585 3177 2921 3234 condiscere.
2946 3179 3162 3238 Patrem
3191 3185 3378 3254 igitur,
3407 3198 3467 3242 ut

193 3291 309 3331 sum.
335 3276 444 3348 Ego
489 3290 620 3331 sum
655 3275 794 3330 Deus
820 3273 913 3344 qui
942 3281 993 3328 te
1014 3270 1212 3339 creavi,
1244 3270 1337 3341 qui
1377 3279 1430 3326 te
1467 3268 1648 3340 adjuvi
1669 3307 1685 3334 ,
1712 3277 1769 3322 et
1870 3262 2120 3333 superius
2135 3265 2583 3336 comprebensum
2605 3276 2707 3333 est,
2729 3268 2782 3322 in
2800 3268 2997 3327 divinis
3020 3271 3238 3340 litteris,
3258 3276 3466 3347 ingeni-

193 3367 492 3422 communivi
546 3366 773 3421 dextera
821 3378 958 3420 mea.
991 3382 1012 3418 ι
1069 3363 1137 3420 Et
1181 3362 1445 3418 unitatem
1498 3359 1678 3416 Patris
1716 3367 1774 3414 et

1880 3363 2006 3418 tum,
2032 3357 2251 3426 proprie
2272 3357 2507 3428 positum
2535 3372 2637 3414 nec
2665 3357 2843 3430 legere
2872 3372 3096 3430 possunt
3127 3366 3340 3434 penitus
3368 3384 3469 3424 nec

192 3455 291 3514 Filii
313 3459 600 3531 assignans
623 3457 864 3527 loquitur
901 3456 1083 3512 dicens
1121 3469 1136 3508 :
1181 3474 1199 3506 ι
1233 3453 1345 3526 Ego
1369 3451 1524 3508 teStis
1553 3459 1766 3518 vester,
1797 3457 1842 3519 ο
1874 3444 2124 3516 probare.
2169 3448 2276 3503 Sed
2311 3449 2439 3519 quia
2475 3449 2528 3503 id
2571 3449 2744 3519 ipsum
2787 3451 2924 3508 fides
2963 3455 3132 3527 exigit
3169 3458 3466 3528 christiana

193 3550 300 3605 dicit
321 3551 588 3607 Dominus
618 3550 780 3616 Deus,
806 3557 860 3605 ei
886 3564 1019 3621 puer
1043 3563 1194 3604 meus
1221 3556 1276 3602 tu
1297 3561 1456 3618 quem
1484 3560 1586 3618 ego
1607 3545 1763 3616 elegi,
1869 3536 2075 3608 absque
2095 3537 2200 3594 ulla
2239 3538 2573 3595 dubitatione
2600 3540 2872 3611 ingenitus
2899 3545 3140 3601 creditur
3167 3564 3259 3618 qut
3285 3558 3466 3606 tamen

192 3651 240 3696 ut
260 3645 431 3700 sciatis
458 3651 526 3699 οι
549 3643 808 3707 credatis,
848 3641 976 3712 quia
1005 3655 1106 3712 ego
1136 3655 1278 3706 sum,
1309 3647 1364 3696 et
1393 3647 1520 3694 ante
1544 3652 1632 3694 me
1659 3651 1766 3692 non
1870 3629 2165 3685 secundum
2197 3631 2396 3686 seriem
2436 3629 2840 3702 Scripturarum
2873 3633 2926 3689 in
2956 3634 3094 3691 Filio
3124 3655 3154 3690 a
3198 3653 3258 3695 se
3286 3642 3468 3710 genito

196 3732 279 3789 fuit
302 3735 432 3791 alius
460 3735 636 3799 Deus,
667 3744 721 3790 et
747 3740 869 3803 post
905 3746 992 3788 me
1022 3747 1127 3787 non
1160 3731 1285 3786 erit.
1324 3749 1343 3782 ι
1386 3729 1559 3787 Unum
1589 3727 1647 3784 hi
1675 3727 1766 3798 qui
1871 3738 2013 3779 unus
2041 3739 2161 3780 esse
2190 3733 2523 3780 monstratur
3281 3789 3284 3791 Α

198 3842 288 3882 non
316 3843 441 3886 sane
484 3826 738 3898 sapiunt,
765 3824 969 3898 eligant
992 3840 1079 3896 ,ει
1111 3823 1320 3880 duobus
1361 3831 1454 3877 aut
1495 3820 1771 3876 fateantur
1944 3817 2020 3872 De
2045 3827 2244 3874 caatero
2267 3817 2472 3889 placuit
2497 3830 2719 3890 propter
2748 3820 3014 3876 malorum
3060 3823 3339 3880 hominum
3383 3829 3467 3882 in—

197 3915 386 3974 Patrem
414 3928 472 3975 et
498 3917 701 3974 Filium
731 3915 901 3972 Deum
926 3929 1114 3980 unum,
1153 3921 1246 3969 aut
1275 3913 1320 3969 si
1351 3912 1526 3968 solum
1551 3909 1768 3966 Patrem
1871 3909 2188 3966 festationes
2211 3951 2224 3974 ,
2257 3920 2316 3966 ut
2359 3911 2410 3966 in
2440 3913 2787 3968 accusatione
2814 3914 3029 3970 Domini
3069 3917 3466 3986 ministrormn,

200 4007 341 4064 Deum
379 4024 499 4065 esse
542 4007 881 4064 contendunt
906 4047 920 4073 ,
957 4019 1086 4076 ergo
1130 4004 1236 4060 illis
1280 4003 1542 4058 Dominus
1588 4010 1773 4056 noster

195 4100 334 4158 Jesus
357 4104 615 4160 Christus
649 4101 742 4158 Dei
787 4099 960 4156 Filius
988 4113 1097 4155 non
1135 4097 1244 4154 erit
1270 4097 1441 4162 Deus,
1472 4095 1598 4167 quia
1636 4095 1772 4151 scri-

198 4203 326 4264 ptum
351 4207 434 4252 est
464 4215 478 4251 :
517 4214 536 4247 ι
567 4196 710 4250 Ante
737 4207 825 4249 me
850 4208 958 4248 non
985 4191 1090 4246 fuit
1115 4189 1252 4245 alius
1284 4190 1426 4244 Deus
1455 4195 1509 4244 et
1531 4196 1658 4258 post
1685 4201 1772 4240 me

198 4301 288 4342 non
308 4289 429 4343 erit.
467 4306 486 4341 ι
522 4286 587 4342 Si
615 4285 912 4341 secundum
952 4283 1088 4339 tales
1114 4283 1188 4337 ita
1230 4290 1333 4349 est,
1359 4296 1458 4336 cur
1486 4278 1775 4350 Apostolus

199 4376 305 4432 talia
329 4379 591 4448 praedicat
620 4385 674 4432 et
699 4377 949 4433 eumdem
980 4375 1174 4431 Filium
1198 4374 1366 4430 Deum
1397 4387 1560 4444 super
1587 4385 1775 4427 omnes

195 4467 524 4526 benedictum
547 4468 817 4524 insinuat:
841 4486 859 4519 ι
882 4467 1122 4535 Quorum
1141 4475 1342 4538 patres,
1360 4464 1635 4534 inquit,ex
1658 4462 1776 4532 qui-

198 4557 281 4615 bus
305 4561 556 4618 Christus
585 4561 1132 4619 secundumcarnem
1165 4556 1257 4628 qui
1287 4564 1372 4611 est
1401 4569 1565 4626 super
1595 4553 1773 4608 omnia

198 4646 320 4708 Deus
346 4653 672 4709 benedictus
693 4651 748 4705 in
778 4649 994 4706 sascula.
1016 4668 1037 4702 ι
1056 4648 1187 4704 ltem
1217 4646 1386 4703 Isaias
1410 4646 1486 4700 ait
1510 4662 1524 4699 :
1549 4663 1566 4696 ι
1597 4644 1777 4700 Domi-

199 4756 284 4798 nus
314 4744 456 4801 Deus
499 4743 669 4798 lsrael
705 4743 797 4813 qui
827 4740 1077 4798 liberavit
1113 4755 1237 4796 eum
1268 4740 1332 4795 de
1367 4737 1618 4809 Egypto.
1666 4736 1776 4808 Ego

1870 4002 2047 4072 primo
2073 4017 2306 4073 persona
2330 4043 2345 4069 ,
2389 4002 2540 4070 fides,
2571 4004 2704 4070 vita,
2755 4014 2810 4060 et
2837 4008 3176 4064 conversatio
3215 4009 3469 4082 blasphe-

1874 4094 2137 4149 mantium
2163 4094 2488 4151 enucleatim
2516 4107 2907 4166 perscrutetur.
2945 4097 3080 4153 Nam
3123 4099 3256 4156 ﬁdes
3282 4118 3471 4159 omnes

1875 4197 2028 4244 actus
2064 4189 2299 4244 hominis
2329 4189 2634 4260 praecedere
2672 4191 2865 4255 debet,
2897 4192 3023 4261 quia
3055 4194 3251 4250 dubius
3278 4196 3332 4250 in
3367 4196 3471 4252 lidc

1875 4280 2109 4336 inﬁdelis
2136 4290 2238 4347 est,
2269 4295 2368 4335 nec
2400 4281 2480 4336 eis
2508 4281 2730 4336 omnino
2764 4291 2850 4338 est
2888 4283 3218 4339 credendum
3253 4287 3343 4356 qui
3377 4302 3467 4341 ve-

1877 4375 2054 4430 ritatis
2076 4373 2236 4430 tidem
2261 4375 2531 4446 ignorant,
2548 4391 2647 4430 nec
2668 4383 2830 4430 rectae
2848 4379 3278 4435 conversationis
3302 4379 3470 4434 vitam

1878 4465 2102 4523 ducunt;
2127 4467 2394 4535 Quoniam
2418 4467 2551 4524 tales
2574 4467 2734 4524 facile
2755 4477 2811 4524 et
2832 4467 3203 4528 indifferenter
3226 4471 3473 4529 lacerant

1877 4567 1934 4612 et
1959 4558 2320 4614 criminantur
2350 4568 2494 4615 recte
2531 4569 2587 4632 et
2617 4560 2703 4630 pie
2733 4560 2976 4619 viventes
2999 4603 3015 4629 ,
3065 4563 3266 4620 idcirco
3295 4567 3472 4636 suspi-

1880 4649 1964 4703 cio
1990 4665 2178 4722 eorum
2205 4649 2539 4705 discutienda
2560 4649 2818 4720 primum,
2848 4659 2903 4707 et
2927 4651 3269 4724 corrigenda,
3299 4669 3473 4722 neque

1882 4741 2289 4797 accusatoribus
2311 4741 2577 4812 suspectis
2597 4741 2681 4796 vel
2703 4741 2770 4797 de
2791 4742 3138 4800 inimicorum
3166 4745 3326 4800 domo
3346 4760 3472 4816 pro-

199 4849 302 4891 sum
328 4839 541 4908 primus
583 4846 638 4893 et
666 4850 765 4907 ego
797 4845 918 4906 post
957 4834 1071 4889 haec
1103 4842 1158 4889 et
1202 4841 1519 4902 praeter-me
1550 4844 1655 4884 non
1692 4839 1775 4884 est
1809 4815 1854 4874 ί)
1881 4833 2172 4888 deuntibus
2209 4841 2291 4886 est
2331 4832 2680 4888 credendum.
2711 4833 2886 4888 Erant
2923 4834 3068 4889 enim
3111 4815 3472 4906 quidamiqui

199 4925 326 4984 Deus
367 4930 512 4986 sicut
543 4944 642 5000 ego
672 4943 790 4984 sum
835 4928 926 4998 qui
966 4934 1073 4982 stet
1097 4934 1152 4981 et
1185 4932 1374 4990 vocet,
1409 4931 1464 4978 et
1507 4931 1775 4993 praeparet

199 5020 337 5088 mihi,
364 5038 434 5078 ex
461 5037 572 5092 quo
608 5020 882 5077 hominem
907 5018 1011 5074 feci
1042 5018 1097 5072 in
1124 5016 1341 5073 smculo.
1376 5035 1394 5068 ι
1433 5014 1564 5069 Item
1602 5012 1769 5068 alibi:

204 5128 221 5161 ι
247 5112 299 5167 ln
321 5125 371 5169 te
392 5124 481 5170 est
513 5115 652 5169 Deus
676 5122 732 5168 et
756 5111 1132 5167 nesciebamus
1159 5117 1214 5165 et
1239 5123 1345 5163 non
1367 5115 1451 5162 est
1471 5105 1609 5161 alius
1632 5103 1775 5159 Deus

199 5210 381 5272 prreter
409 5214 484 5259 te.
514 5203 592 5258 Tu
627 5217 687 5258 es
718 5201 863 5256 enim
901 5199 1043 5256 Deus
1081 5206 1137 5253 et
1181 5196 1553 5253 nesciebamus
1577 5234 1592 5260 ,
1633 5194 1775 5250 Deus

199 5290 351 5350 lsrael
375 5295 648 5351 Salvator.
682 5313 701 5346 ι
737 5292 886 5348 Unus
928 5292 1069 5346 Deus
1107 5304 1216 5344 non
1252 5297 1378 5344 sunt
1405 5286 1568 5342 Pater
1593 5295 1650 5341 et
1687 5284 1776 5340 Fi-

200 5382 328 5443 lius?
357 5388 495 5457 Quis
532 5395 615 5444 est
655 5386 743 5441 hic
778 5385 919 5441 Deus
948 5425 962 5450 ,
1005 5383 1058 5437 in
1103 5396 1211 5452 quo
1238 5394 1358 5437 esse
1394 5379 1592 5434 dicitur
1636 5377 1778 5432 Deus

201 5475 347 5533 Pater
369 5494 535 5549 quem
562 5476 726 5532 alium
757 5475 929 5531 Deum
960 5489 1066 5529 non
1095 5486 1216 5528 esse
1245 5471 1508 5542 prOpheta
1537 5482 1780 5538 smpenu-

203 5581 340 5624 mero
379 5567 747 5640 protestatur?
792 5567 857 5622 Et
905 5565 1118 5621 Baruch
1148 5581 1162 5619 :
1199 5583 1216 5615 ι
1250 5563 1352 5619 Hic
1397 5563 1538 5618 Deus
1567 5567 1771 5626 noster,

204 5658 291 5725 ait,
327 5671 384 5715 et
424 5675 533 5714 non
573 5657 928 5732 applicabitur
978 5657 1116 5711 alter
1159 5657 1226 5710 ad
1267 5671 1389 5711 eum
1429 5654 1522 5724 qui
1569 5651 1772 5707 invenit

203 5761 407 5806 omnem
435 5751 578 5806 viam
614 5750 855 5807 scientia
881 5759 937 5804 et
973 5749 1120 5805 dedit
1146 5762 1269 5803 eam
1298 5745 1464 5802 Jacoh
1491 5759 1660 5815 puero
1682 5758 1780 5800 suo

205 5851 252 5894 et
284 5842 445 5900 lsracl
479 5844 668 5901 dilecto
694 5860 812 5900 suo.
843 5841 974 5898 Post
1011 5843 1124 5897 haec
1152 5841 1204 5896 in
1243 5841 1405 5897 terris
1431 5840 1578 5899 visus
1607 5846 1691 5895 est
1727 5845 1782 5892 et

206 5928 336 5986 inter
364 5933 609 5993 homines
637 5945 985 5993 conversatus
1010 5943 1109 5991 est.
1141 5953 1159 5987 ι
1189 5932 1256 5988 Ει
1280 5933 1333 5989 in
1367 5931 1652 5989 Salomone
1679 5929 1778 5986 ha-

1882 4925 2031 4995 prius
2056 4923 2379 4980 videbantur
2405 4939 2525 4980 esse
2547 4941 2614 4980 ex
2638 4926 2813 4992 nobis,
2838 4926 2932 4982 sed
2957 4941 3060 4981 non
3093 4936 3252 4983 erant
3281 4943 3346 4984 ex
3375 4946 3473 4985 no-

1882 5018 1984 5072 bis.
2019 5015 2077 5072 Si
2106 5032 2235 5072 vero
2276 5026 2456 5072 essent
2483 5033 2546 5072 ex
2577 5017 2753 5084 nobis,
2782 5018 3110 5073 mansissent
3153 5019 3338 5090 utique
3372 5037 3470 5077 no—

1883 5109 2110 5174 biscum,
2153 5116 2207 5164 et
2231 5124 2337 5163 non
2364 5109 2786 5165 conturbassent
2823 5107 3036 5164 fratres.
3083 5129 3100 5160 ι
3127 5109 3472 5168 Exacuerunt

1883 5201 2044 5262 enim,
2061 5219 2080 5252 ι
2107 5209 2164 5254 ιιι
2188 5200 2266 5255 ait
2285 5199 2574 5270 Propheta,
2597 5218 2616 5251 ι
2640 5200 2848 5270 linguas
2874 5215 3000 5255 suas
3018 5201 3150 5256 sicut
3169 5216 3470 5273 serpentes,

1884 5306 2146 5347 venenum
2162 5291 2408 5362 aspidum
2431 5291 2531 5347 sub
2551 5291 2705 5346 labiis
2720 5305 2905 5346 eorum
2921 5290 3095 5362 (Psal.
3112 5307 3336 5359 cxxxrx,
3360 5294 3467 5363 4).»

1885 5383 2225 5454 Quapropter
2254 5383 2308 5438 hi
2343 5380 2629 5451 respuendi
2659 5389 2787 5436 sunt
2812 5382 2857 5437 si
2891 5383 3284 5454 incorrigibiles
3313 5400 3478 5455 appav

1884 5474 2114 5540 ruerint,
2160 5483 2215 5529 et
2241 5474 2443 5530 vitandi
2469 5489 2539 5529 ne
2561 5473 2788 5529 Domino
2815 5474 3091 5546 decipiant
3125 5475 3469 5532 famulantes.

1885 5560 2037 5617 State
2061 5575 2214 5633 ergo,
2239 5558 2598 5624 dilectissimi,
2627 5574 2790 5630 super
2817 5561 2934 5616 vias
2962 5561 3285 5632 aspicientes
3312 5569 3366 5616 et
3389 5562 3473 5615 in-

1887 5662 2226 5725 terrogantes
2262 5652 2329 5707 de
2368 5651 2578 5708 semitis
2622 5651 2834 5708 Domini
2885 5653 3166 5724 antiquis:
3198 5663 3254 5709 et
3298 5653 3475 5710 videte

1882 5761 2003 5816 quae
2026 5755 2109 5802 est
2132 5745 2219 5800 via
2243 5744 2453 5799 Domini
2479 5744 2620 5799 bona
2651 5753 2705 5799 et
2731 5753 2901 5811 recta,
2925 5754 2980 5799 et
3003 5744 3277 5800 ambulate
3304 5745 3358 5800 in
3388 5761 3471 5812 ea,

1881 5847 1937 5894 et
1963 5837 2250 5893 invenietis
2278 5837 2520 5907 requiem
2543 5837 2825 5892 animabus
2855 5836 3065 5890 vestris.
3101 5834 3236 5892 Data
3266 5836 3473 5895 decima

1882 5939 2032 5986 sexta
2065 5927 2251 5985 Kalen.
2292 5927 2417 5986 Maii
2444 5927 2544 5985 sub
2572 5926 2812 5984 Adriano
2836 5934 2889 5982 et
2921 5925 3078 5982 Vero.
