4012 6430
535 471 636 538 168

1365 483 1654 540 mmo.
1691 483 1797 537 an.
1834 483 2004 539 saec.
2038 484 2212 538 ιλ-
2235 483 2485 541 lSlDORl
2559 471 2998 545 MERCATORIS

3681 490 3782 548 104

1597 607 1794 679 ITEM
1839 607 2225 680 EPISTO'LA
2273 620 2486 682 SIXT]
2527 621 2758 684 ΡΑΡᾸΞ

583 760 795 834 ’διπυε
832 767 1150 832 universalis
1191 777 1497 848 apostolica:
1536 779 1788 834 Ecclesia:
1826 779 2104 850 episcopus
2131 784 2178 843 Α
2206 781 2306 835 bas
2351 783 2538 852 poSsit.
2589 783 2670 840 Ab
2711 785 2809 839 hac
2867 785 3010 840 enim
3062 794 3247 842 sancta
3294 784 3464 854 Sede,
3504 801 3541 842 -a
3582 789 3792 851 sanctis

523 870 772 924 omnibus
802 869 1068 939 episc0pis
1099 869 1152 923 in
1175 869 1406 925 Domino
1435 871 1682 926 salutem.

591 960 893 1030 Cognoscat
942 968 1122 1014 vestra
1165 961 1465 1030 sapientia,
1518 962 1821 1016 charissimi
1871 963 2099 1030 fratres,

520 1052 648 1122 quia
680 1052 730 1106 in
775 1052 875 1106 hac
906 1060 1092 1106 sancta
1124 1053 1250 1107 sede
1286 1053 1577 1122 apostolica
1619 1070 1650 1108 τι
1694 1056 1848 1110 nobis
1881 1065 1936 1112 et
1979 1057 2102 1110 reli-

519 1145 642 1214 quis
686 1145 952 1215 episcopis
990 1146 1306 1216 cmterisque
1349 1147 1559 1203 Domini
1595 1150 1964 1205 sacerdotibus
1994 1160 2102 1204 sta-

519 1246 692 1292 tutum
720 1246 820 1302 est,
847 1245 907 1291 ut
928 1239 1081 1292 sacra
1108 1251 1236 1293 vasa
1266 1253 1369 1292 non
1397 1240 1464 1294 ab
1491 1239 1610 1295 aliis
1634 1255 1795 1311 quam
1821 1256 1850 1295 a
1875 1241 2103 1297 sacratis

517 1327 854 1397 Dominoque
893 1327 1087 1382 dicatis
1142 1336 1549 1384 contrectentur
1592 1331 1921 1386 hominibus.
1947 1331 2102 1386 indi-

517 1420 683 1488 gnum
709 1417 866 1472 valde
891 1426 974 1473 est
996 1427 1054 1472 ut
1075 1433 1228 1474 sacra
1258 1419 1469 1474 Domini
1493 1436 1618 1476 vasa
1641 1437 1973 1492 quaecunque
1994 1423 2103 1480 sint

519 1506 770 1562 humanis
793 1506 976 1562 usibus
999 1508 1258 1573 serviant,
1283 1517 1376 1563 aut
1397 1510 1464 1564 ab
1486 1509 1608 1564 aliis
1633 1525 1793 1581 quam
1818 1525 1848 1564 a
1875 1510 2102 1566 Domino

517 1598 902 1654 famulantibus
943 1599 1099 1670 eique
1127 1601 1320 1655 dicatis
1364 1609 1665 1656 tractentur
1700 1601 1851 1656 viris.
1895 1600 1973 1656 Ne
2002 1617 2101 1672 pro

519 1688 713 1744 talibus
750 1690 1255 1760 prtesumptionibus
1284 1691 1454 1746 iratus
1487 1691 1742 1747 Dominus
1770 1691 1976 1762 plagam
2003 1693 2100 1746 im-

516 1787 682 1850 ponat
710 1779 904 1848 populo
931 1794 1047 1845 suo,
1079 1789 1133 1835 et
1161 1781 1214 1834 hi
1255 1781 1419 1836 etiam
1460 1782 1551 1852 qui
1588 1797 1692 1837 non
1736 1791 2100 1852 peccaverunt

517 1868 657 1923 mala
687 1868 961 1938 patiantur
997 1878 1088 1924 aut
1115 1881 1356 1940 pereant,
1389 1872 1516 1942 quia
1541 1870 1877 1942 peritjustus
1916 1873 2101 1944 saepis-

517 1958 653 2013 sime
692 1972 790 2027 pro
833 1958 1014 2029 impio.
1039 1960 1313 2015 Attendite
1336 2000 1351 2026 ,
1377 1959 1607 2027 fratres,
1637 1977 1705 2016 ne
1737 1961 1858 2016 talia
1887 1963 2016 2016 viris
2048 1963 2099 2017 in

515 2047 774 2105 Ecclesiis
803 2051 1127 2119 permittatis
1164 2052 1415 2123 deinceps
1450 2053 1588 2119 fieri,
1620 2070 1690 2108 ne
1713 2071 1839 2126 grex
1865 2054 2100 2126 pretioso

2204 872 2461 940 apostolis
2485 875 2640 937 tueri,
2667 875 2877 930 defendi
2901 886 2954 931 et
2982 876 3197 932 liberari
3221 879 3452 950 episcopi
3474 879 3608 948 jussi
3636 892 3786 950 sunt,

2203 972 2262 1018 ut
2292 965 2432 1019 sicut
2473 979 2658 1019 eorum
2701 967 3048 1035 dispositione
3085 970 3368 1025 ordinante
3407 971 3632 1028 Domino
3675 975 3793 1043 pri-

2203 1052 2366 1106 mitus
2413 1061 2538 1106 sunt
2585 1055 2876 1117 constituti,
2926 1056 3004 1110 sic
3034 1056 3190 1127 hujus
3241 1065 3443 1112 sanctae
3484 1056 3660 1124 Sedis,
3691 1075 3795 1115 cu-

2195 1141 2284 1212 jus
2319 1144 2651 1212 dispositioni
2677 1160 2862 1199 eorum
2887 1154 3079 1202 cadsas
3111 1147 3380 1215 etjudicia
3409 1155 3789 1216 servaverunt,

2201 1235 2554 1304 protectione,
2585 1235 2778 1291 futuris
2815 1238 3144 1307 temporibus
3169 1241 3275 1294 sint
3298 1241 3366 1295 ab
3389 1241 3638 1296 omnibus
3665 1257 3795 1312 per-

2201 1324 2546 1379 versitatibus
2587 1340 2802 1395 semper
2844 1325 3016 1381 liberi.
3058 1326 3214 1382 Unde
3255 1330 3543 1399 culpantur
3589 1330 3642 1384 hi
3690 1331 3788 1399 qui

2203 1413 2360 1467 aliter
2383 1413 2526 1469 circa
2557 1414 2752 1470 fratres
2773 1416 3002 1484 egerint,
3026 1434 3186 1486 quam
3212 1418 3369 1490 hujus
3395 1413 3538 1474 sedis
3562 1422 3794 1476 rectori-

2201 1505 2301 1560 bus
2340 1504 2551 1574 placere
2581 1507 2952 1571 cognoverint.
2983 1506 3080 1561 llis
3116 1507 3293 1562 taliter
3313 1509 3664 1564 consideratis
3702 1518 3794 1563 at-

2200 1609 2305 1664 que
2329 1610 2447 1649 cum
2472 1595 2694 1664 reliquis
2713 1595 2976 1666 episcopis
3001 1597 3232 1652 decretis
3265 1607 3518 1668 tanquam
3540 1600 3792 1654 omnium

2202 1699 2383 1739 curam
2415 1693 2684 1753 gerentes,
2719 1694 2942 1755 propter
2983 1688 3126 1742 sedis
3169 1688 3395 1758 preprize
3443 1691 3649 1760 apicem
3688 1691 3796 1744 de-

2201 1775 2504 1839 cernimus,
2540 1782 2600 1828 ut
2645 1789 2804 1830 nemo
2845 1775 3156 1846 pontificum
3203 1777 3435 1848 aliquem
3463 1779 3574 1833 suis
3623 1777 3795 1833 rebus

2201 1865 2553 1936 exspoliatum
2577 1865 2885 1936 episcopum
2904 1874 2995 1920 aut
3024 1883 3055 1921 a
3077 1869 3204 1924 sede
3226 1868 3437 1938 pulsum
3465 1883 3791 1923 excommu-

2201 1957 2406 2022 nicare,
2457 1965 2548 2010 aut
2585 1956 2828 2026 judicare
2855 1966 3165 2027 pra-“sumat,
3205 1958 3330 2027 quia
3376 1973 3479 2012 non
3508 1966 3590 2012 est
3618 1957 3796 2026 privi-

2201 2045 2399 2116 legium
2443 2061 2550 2115 quo
2591 2045 2876 2115 exspoliari
2917 2047 3088 2116 possit
3124 2045 3234 2115 jam
3273 2044 3520 2102 nudatus.
3573 2045 3630 2101 Si
3659 2047 3798 2116 quis

516 2140 776 2210 sanguine
820 2140 1020 2196 Christi
1070 2142 1379 2212 redemptus
1429 2144 1482 2198 in
1531 2145 1882 2216 praecipitium
1933 2145 2096 2215 (quod
2129 2139 2172 2199 Β
2199 2146 2380 2192 autem
2424 2136 2581 2191 aliter
2626 2151 2785 2207 agere
2826 2137 3269 2207 praesumpserit,
3319 2138 3456 2192 sciat
3497 2151 3795 2191 censuram

518 2232 682 2303 absit)
715 2241 864 2299 ruat;
894 2242 1119 2304 propter
1156 2235 1298 2304 quod
1331 2236 1586 2291 assumite
1613 2244 1940 2291 armaturam
1973 2235 2092 2302 Dei,

515 2335 575 2381 ut
596 2327 816 2398 possitis
843 2329 1099 2383 resistere
1133 2328 1218 2383 his
1240 2329 1328 2398 qui
1368 2329 1746 2384 contradicunt
1773 2329 2009 2394 veritati,
2040 2337 2094 2383 et
2139 2348 2141 2350 ·

517 2419 723 2474 induite
751 2434 846 2474 vos
870 2419 1034 2474 lorica
1069 2418 1314 2488 iustitiae,
1352 2419 1575 2474 calceati
1602 2420 1765 2490 pedes
1795 2421 1846 2475 in
1888 2435 2094 2491 prrepa-

515 2512 724 2566 ratione
738 2511 1010 2582 Evangelii
1031 2511 1203 2582 pacis.
1230 2511 1286 2566 Si
1311 2511 1432 2582 quis
1448 2527 1574 2567 vero
1592 2521 1830 2567 vestrum
1854 2513 2094 2582 pulsatus

515 2603 676 2659 fuerit
705 2605 756 2658 in
786 2603 964 2674 aliqua
993 2603 1319 2658 adversitate
1347 2603 1572 2659 licenter
1601 2604 1740 2659 hanc
1769 2613 2012 2659 sanctam
2040 2613 2094 2658 et

516 2696 862 2766 apostolicam
886 2695 1115 2767 appellet
1135 2695 1350 2761 Sedem,
1371 2705 1424 2750 et
1446 2697 1511 2752 ad
1535 2711 1651 2751 eam
1673 2696 1825 2766 quasi
1847 2697 1913 2750 ad
1935 2704 2093 2764 caput

517 2788 802 2859 suffugium
844 2787 1064 2854 habeat,
1091 2803 1159 2844 ne
1203 2789 1460 2843 innocens
1506 2788 1809 2851 damnetur,
1851 2795 1945 2840 aut
1987 2786 2089 2840 Ec-

515 2880 678 2935 clesia
706 2896 802 2934 sua
825 2879 1204 2934 detrimentum
1230 2881 1486 2949 patiatur.
1513 2878 1569 2934 Si
1597 2889 1774 2934 autem
1799 2879 1847 2934 ei
1875 2892 2094 2934 necesse

518 2971 681 3025 fuerit
731 2985 958 3040 eamque
999 2969 1269 3039 appellare
1309 2970 1530 3024 minime
1579 2985 1740 3024 ausus
1788 2969 1991 3034 fuerit,
2040 2979 2096 3024 et

481 3064 738 3140 /vocatus
770 3073 944 3118 tamen
987 3063 1053 3118 ab
1095 3063 1194 3119 hac
1234 3071 1418 3118 sancta
1446 3062 1596 3124 .Sede
1630 3061 1829 3128 fuerit,
1874 3077 1979 3117 non
2011 3076 2094 3116 re-

515 3163 646 3208 nuat
672 3153 875 3219 venire,
910 3153 1003 3208 sed
1031 3153 1312 3208 confestim
1342 3193 1356 3219 ,
1383 3161 1442 3206 ut
1467 3153 1515 3207 ei
1558 3153 1858 3206 nuntiatum
1891 3150 2090 3216 fuerit,

517 3245 699 3299 venire
724 3243 955 3309 festinet,
970 3252 1036 3298 λοι
1061 3258 1254 3299 causas
1280 3259 1375 3315 pro
1399 3243 1592 3314 quibus
1617 3253 1838 3297 vocatus
1862 3251 1946 3298 est
1968 3257 2093 3312 pru-

516 3334 708 3388 denter
735 3334 1019 3403 disponat,
1060 3342 1220 3403 atque
1263 3333 1556 3388 si‘necesse
1590 3332 1790 3402 aliquid
1819 3332 2094 3403 corrigere

516 3427 698 3493 fuerit,
738 3442 859 3482 cum
889 3426 974 3481 his
999 3441 1134 3496 quos
1163 3425 1471 3496 hic-primos
1506 3425 1789 3492 invenerit,
1817 3424 2085 3495 corrigat;
2111 3411 2120 3435 ”

2197 2227 2354 2297 hujus
2402 2227 2558 2284 Sedis
2601 2240 2722 2283 cum
2759 2228 3008 2283 omnibus
3056 2228 3314 2283 membris
3358 2227 3470 2282 suis
3508 2227 3607 2282 sibi
3652 2239 3796 2281 ven-

2198 2329 2372 2375 turam
2398 2361 2412 2384 ,
2445 2329 2501 2374 ct
2525 2319 2664 2374 sicut
2691 2319 2884 2390 egerit,
2917 2319 2988 2372 ita
3033 2319 3273 2390 recipiet.
3317 2316 3372 2372 Si
3421 2317 3556 2372 bene
3597 2317 3743 2372 bene
3773 2357 3792 2382 ,

2194 2427 2357 2485 grave
2383 2427 2565 2482 grave.
2596 2410 2652 2466 Si
2671 2412 2903 2481 pessime
2927 2412 3175 2482 pessime,
3205 2412 3456 2481 quoniam
3482 2411 3671 2482 dignus
3695 2419 3796 2465 est

2193 2503 2476 2574 operarius
2501 2503 2750 2557 mercede
2777 2517 2893 2556 sua.
2924 2500 3049 2565 Nos,
3083 2509 3296 2568 tratres,
3327 2501 3528 2557 nullum
3553 2501 3793 2572 perdere

2194 2597 2463 2661 volumus,
2493 2595 2584 2650 sed
2608 2595 2720 2665 ipse
2745 2596 2920 2666 perdit
2944 2609 3000 2650 se
3034 2595 3123 2665 qui
3150 2595 3235 2665 pie
3263 2595 3599 2650 considerata
3626 2609 3790 2649 aver-

2194 2689 2286 2752 tit,
2333 2695 2386 2742 et
2415 2687 2507 2756 qui
2539 2685 2912 2755 Apostolorum
2962 2693 3018 2740 et
3065 2687 3221 2756 hujus
3253 2694 3454 2741 sancta:
3487 2683 3642 2740 Sedis
3668 2683 3789 2762 ,ἁθ-

2193 2788 2342 2834 creta
2374 2779 2607 2833 libenter
2637 2777 2817 2831 violat.
2851 2775 2956 2831 Sed
2987 2793 3151 2842 nunc,
3191 2776 3406 2843 fratres,
3435 2777 3791 2831 commenda-

2194 2883 2314 2924 mus
2341 2882 2437 2923 vos
2480 2881 2671 2921 omnes
2701 2861 2958 2934 Domino,
2990 2876 3043 2922 et
3072 2867 3239 2922 verbo
3279 2866 3469 2937 gratiae
3497 2866 3613 2936 ejus
3637 2906 3650 2927 ,
3685 2868 3787 2935 qui

2191 2970 2371 3031 potest
2416 2959 2679 3030 perficere
2706 2968 2761 3013 et
2805 2959 2932 3015 dare
2971 2959 3338 3014 haereditatem
3376 2973 3495 3014 cum
3527 2957 3790 3014 omnibus

2193 3051 2428 3115 sanctis;
2463 3050 2574 3120 ipse
2604 3058 2782 3104 autem
2820 3048 2963 3104 Deus
2993 3050 3140 3115 pacis
3181 3061 3236 3105 et
3267 3047 3654 3104 consolationis
3690 3048 3791 3102 det

2193 3141 2345 3197 vobis
2373 3141 2604 3211 idipsum
2629 3155 2817 3211 sapere
2843 3141 2896 3196 in
2921 3144 3258 3206 alterutrum,
3289 3147 3347 3194 ut
3370 3139 3522 3194 vobis
3547 3138 3787 3194 invicem

2194 3234 2542 3299 succurratis,
2569 3240 2752 3288 etnon
2780 3233 2900 3288 sitis
2923 3232 3100 3297 divisi,
3131 3240 3187 3285 ut
3218 3229 3524 3295 unanimes,
3548 3243 3658 3283 uno
3686 3243 3793 3284 ore

2192 3333 2248 3378 et
2276 3339 2382 3379 uno
2401 3324 2564 3380 corde
2590 3323 3010 3380 honorifieemus
3031 3333 3153 3378 eum
3180 3324 3230 3377 in
3256 3321 3540 3378 concordia
3571 3329 3628 3375 et
3654 3335 3794 3376 con-

2193 3415 2455 3472 solatione
2497 3415 2766 3481 fratrum,
2810 3415 2901 3484 qui
2949 3395 3140 3484 potens
3179 3421 3264 3468 est
3305 3411 3630 3468 confirmare
3680 3425 3790 3466 nos

515 3517 896 3580 ad'Ecelesiam
923 3526 1098 3572 tamen
1125 3531 1275 3572 suam
1303 3531 1407 3570 non
1430 3516 1579 3586 prius
1604 3523 1905 3570 revertatur
1929 3529 2088 3583 quam
2117 3497 2163 3560 C
2193 3506 2485 3564 secundum
2549 3505 2897 3577 Evangelium
2951 3503 3066 3574 ejus
3090 3545 3106 3571 ,
3160 3503 3314 3574 juxta
3389 3501 3787 3559 revelationem

515 3611 710 3666 litteris
737 3610 1045 3681 apostolicis
1067 3609 1149 3664 vel
1176 3608 1668 3686 forinatispleniter
1696 3609 1991 3662 instructus
2012 3616 2089 3660 at-

513 3720 619 3776 que
655 3714 934 3776 purgatus,
965 3705 1008 3760 si
1040 3702 1201 3758 fuerit
1234 3704 1393 3758 unde.
1435 3703 1500 3756 Et
1545 3709 1826 3772 postquam
1874 3701 2089 3755 domum

514 3809 766 3849 reversus
789 3794 969 3860 fuerit,
993 3803 1320 3864 cognoscant
1343 3793 1504 3848 vicini
1529 3793 1608 3847 sui
1633 3792 1866 3862 qualiter
1885 3791 1974 3847 hic
1994 3807 2090 3846 sua

515 3881 849 3952 aliorumque
903 3898 1062 3938 causa
1119 3883 1359 3938 discussa
1406 3880 1595 3946 fuerit,
1663 3890 1927 3951 quatenus
1969 3896 2088 3935 eam

515 3975 718 4044 absque
733 3973 905 4044 aliqua
922 3973 1268 4044 ambiguitate
1288 3973 1535 4028 nuntiare
1548 3980 1600 4028 et
1612 3971 1904 4040 praedicare
1917 3972 2088 4027 omni-

2187 3598 2428 3669 mysterii
2456 3597 2664 3662 :eterni,
2703 3596 3030 3666 temporibus
3084 3595 3288 3651 scilicet
3321 3593 3626 3666 perpetuis,
3657 3593 3790 3662 qui-

2189 3689 2290 3744 bus
2319 3688 2470 3744 vobis
2517 3704 2743 3744 munera
2789 3687 3089 3743 futurorum
3131 3688 3446 3757 gaudiorum
3491 3684 3784 3755 largienda

2191 3788 2335 3834 sunt.
2368 3779 2500 3834 Data
2536 3795 2676 3835 nono
2711 3780 2897 3836 Kalen.
2923 3779 3141 3850 Aprilis,
3175 3778 3411 3834 Adriano
3444 3775 3665 3834 etVero
3695 3789 3782 3831 cc.

2197 3871 2406 3925 consul.

2617 4113 3773 4140 Μ

1076 4262 1624 4342 lNClPIUNT
1700 4259 2158 4338 DECRETA
2236 4259 2872 4340 TELESPHORI
2941 4263 3245 4341 PAPIE.

517 4439 604 4498 De
619 4437 863 4517 je‘um'o
893 4445 1117 4516 septem
1141 4436 1659 4499 hebdomadarum
1687 4443 1826 4496 ante
1859 4434 2120 4506 Pascha,
2148 4442 2201 4495 et
2231 4432 2301 4495 de
2330 4436 2658 4498 missarum
2689 4437 3094 4500 celebratione
3125 4437 3190 4498 in
3208 4444 3386 4498 nocte
3406 4445 3623 4500 sancta
3642 4439 3776 4502 Na-

580 4456 742 4577 talis
769 4516 1040 4577 Domini.
1075 4524 1130 4577 et
1162 4535 1281 4577 auo
1314 4523 1583 4577 tempore
1610 4514 1758 4576 aliis
1789 4513 2003 4576 diebus
2031 4515 2229 4575 missae
2257 4514 2661 4577 celebrentur.
2694 4524 2748 4577 et
2780 4516 2850 4577 de
2885 4518 3319 4577 enisconorum
3353 4515 3730 4577 defensione.

580 4513 742 4578 talis
769 4513 1040 4591 Domini,
1075 4524 1130 4578 et
1162 4535 1281 4596 quo
1314 4523 1583 4594 tempore
1610 4514 1758 4576 aliis
1789 4513 2003 4576 diebus
2031 4515 2229 4575 missae
2257 4514 2661 4589 celebrentur,
2694 4524 2748 4577 et
2780 4516 2850 4578 de
2885 4518 3319 4596 episcoporum
3353 4515 3730 4594 defensione.

1540 4681 1697 4742 (Anno
1721 4677 1912 4727 Domini
1942 4677 2048 4740 131,
2077 4677 2319 4728 Antonino
2338 4676 2427 4727 l‘io
2446 4678 2784 4742 imperatore.)

1970 4829 2361 4843 ’.ὴ-ι..-

519 4962 524 4968 ’
583 4962 925 5020 Charissimis
987 4959 1240 5016 fratribus
1295 4968 1350 5014 et
1402 4957 1763 5014 dilectissimis
1820 4959 2086 5030 epis00pis

516 5053 890 5109 Tussrnoncs
934 5053 1188 5107 Romanae
1215 5050 1362 5105 urbis
1401 5049 1835 5119 archiepiscopus
1861 5049 2087 5105 salutem

516 5146 570 5198 in
604 5144 848 5199 Domino.

2117 5013 2169 5074 D

2195 4970 2338 5016 ctum
2377 4961 2578 5017 Pascha
2609 4976 2794 5017 omnes
2823 4960 3003 5016 clerici
3043 4962 3096 5016 in
3124 4973 3323 5018 sortem
3353 4963 3560 5020 Domini
3589 4968 3774 5022 vocati

2193 5066 2223 5104 a
2274 5066 2436 5105 carne
2475 5049 2755 5121 jejunent;
2806 5052 2932 5120 quia
2977 5051 3117 5107 sicut
3167 5053 3396 5108 discreta
3439 5054 3595 5109 debet
3645 5072 3773 5112 esse

2191 5142 2298 5196 vita
2337 5141 2652 5196 clericorum
2687 5157 2716 5194 a
2747 5141 3007 5197 laicorum
3054 5145 3460 5199 conversatione
3480 5184 3495 5208 ,
3527 5145 3601 5199 ita
3629 5155 3682 5200 et
3715 5148 3770 5201 in

585 5235 864 5288 Credimus
901 5242 1143 5288 sanctam
1175 5231 1335 5287 fidem
1358 5238 1594 5286 vestram
1642 5231 1700 5300 in
1724 5230 2085 5300 apostolorum
2183 5231 2390 5303 jejunio
2430 5233 2587 5288 debet
2635 5231 2750 5288 fieri
2799 5234 3088 5301 discretio,
3133 5243 3188 5290 et
3229 5235 3370 5292 sicut
3412 5236 3534 5291 laicr
3577 5249 3633 5293 et
3667 5254 3775 5294 sm-

514 5326 813 5382 eruditione
852 5324 1156 5388 fundatam,
1203 5323 1342 5378 hanc
1381 5331 1564 5378 tenere
1603 5331 1659 5376 et
1684 5322 1842 5397 hanc
1876 5319 2087 5392 populis

435 5429 440 5433 ‘
517 5419 783 5474 universis
809 5432 1096 5486 exponere,
1138 5431 1256 5484 qua:
1279 5415 1526 5470 videlicet
1564 5429 1594 5468 a
1624 5414 1930 5469 constitutis
1959 5427 2086 5482 apo-

514 5509 796 5571 stolorum,
821 5522 1112 5575 eorumque
1139 5521 1512 5562 successorum
1549 5504 1693 5560 nulla
1721 5504 1929 5558 ratione
1973 5503 2082 5558 dis-

511 5599 699 5662 sentit,
736 5614 844 5666 pcr,
870 5613 1002 5665 quos
1034 5598 1236 5665 justum
1277 5606 1360 5652 est
1401 5605 1624 5653 caeteros
1675 5595 1896 5651 erudiri.
1941 5594 2084 5662 Qua-

509 5702 733 5762 propter
769 5691 1071 5762 cognoscite
1108 5706 1138 5744 a
1172 5691 1324 5746 nobis
1354 5699 1408 5746 et
1441 5706 1470 5744 a
1503 5689 1712 5746 cunctis
1738 5689 2003 5759 episeOpis
2033 5689 2084 5742 in

513 5787 655 5838 hanc
681 5791 920 5838 sanctam
947 5790 998 5836 et
1024 5783 1373 5852 apostolicam
1401 5781 1590 5838 Sedem
1617 5780 1958 5852 congregatis
1980 5787 2088 5834 sta-

507 5882 687 5928 tutum
718 5891 856 5942 esse,
890 5883 946 5931 ut
968 5884 1173 5944 septem
1206 5875 1564 5930 hebdomadas
1592 5874 1779 5943 plenas
1806 5883 1928 5927 ante
1959 5888 2084 5926 san-

2189 5328 2400 5383 culares
2461 5325 2706 5383 homines
2767 5327 2954 5382 nolunt
3023 5343 3116 5383 eos
3176 5329 3419 5398 recipere
3487 5329 3540 5384 in
3605 5345 3774 5385 accu-

2190 5415 2489 5470 sationibus
2545 5425 2597 5471 et
2660 5414 3096 5471 infamationibus
3152 5417 3291 5482 suis,
3355 5417 3426 5472 ita
3486 5433 3587 5473 nec
3652 5418 3768 5473 cle-

2187 5507 2281 5559 rici
2333 5507 2523 5560 debent
2577 5521 2669 5561 eos
2698 5507 2943 5575 recipere
2989 5506 3042 5560 in
3099 5507 3567 5577 impulsationibus
3615 5509 3764 5574 suis;

2186 5596 2438 5654 quoniam
2485 5595 2537 5650 in
2581 5597 2828 5651 omnibus
2872 5595 3100 5651 discreta
3149 5597 3305 5651 debet
3361 5612 3578 5667 semper
3620 5611 3765 5658 esse,

2189 5698 2244 5743 et
2274 5699 2553 5758 segregata
2588 5689 2716 5751 vita,
2762 5697 2815 5741 et
2845 5689 3180 5742 conversatio
3226 5687 3547 5744 clericorum
3576 5703 3639 5742 ac
3665 5703 3768 5742 stu-

2191 5779 2457 5833 cularium
2500 5779 2778 5834 laicorum.
2814 5779 2896 5842 Et,
2946 5778 3086 5834 sicut
3124 5779 3176 5834 hi
3235 5778 3462 5850 amplius
3505 5788 3628 5834 sunt
3669 5793 3765 5846 ap-

2193 5872 2374 5942 plicati
2407 5872 2600 5927 divinis
2638 5860 2890 5936 cultibus,
2918 5882 2970 5926 et
3010 5870 3302 5927 familiares
3340 5870 3545 5926 Domini
3581 5870 3765 5925 dicun-
