4012 6462
268 348 371 409 105

1433 334 1935 398 DECRETALIUM
1969 329 2351 392 COLLECTIO

3417 301 3516 391 tos

259 472 352 517 tur
386 454 705 522 Salvatoris,
736 452 813 510 ita
859 451 1102 510 moribus
1132 461 1186 508 et
1229 453 1638 509 conversatione
1677 458 1840 520 atq-ue

2012 443 2116 515 lpsi
2142 434 2288 501 enim
2321 435 2419 517 qui
2459 433 2677 516 proprio
2716 461 2811 503 ore
2861 462 3059 527 corpus
3090 446 3300 504 Donum
3348 452 3520 508 confi-

258 550 547 607 sanctitate
595 546 794 603 debent
841 559 962 601 esse
1003 543 1264 600 distincti.
1301 542 1412 599 llas
1457 557 1587 614 ergo
1637 548 1842 610 septem

257 640 625 698 hebdomadas
643 653 833 694 omnes
853 637 1032 694 clerici
1056 652 1087 691 a
1105 651 1268 693 carne
1281 645 1336 691 et
1355 635 1562 692 deliciis
1574 632 1840 705 jejunent,

257 742 315 789 et
361 730 598 802 hymnis,
643 736 700 786 et
746 728 962 809 vigiliis,
1017 737 1180 798 atque
1216 726 1570 791 orationibus,
1617 724 1843 779 Domino

257 824 529 879 inhaerere
557 821 646 877 die
674 831 946 891 noctuque
975 820 1245 877 studeant.
1289 818 1456 875 Nocte
1482 832 1613 874 vero
1653 825 1842 873 sancta

254 911 563 969 nativitatis
600 911 813 968 Domini
868 909 1169 967 Salvatoris
1212 910 1407 966 missas
1445 908 1742 972 celebrent,
1788 913 1846 961 et

254 1005 522 1075 hymnum
544 1002 846 1074 angelicum
870 1002 923 1057 in
944 1003 1024 1058 eis
1039 1000 1350 1057 solemniter
1370 1000 1655 1056 decantent
1673 1039 1688 1063 ,
1710 1012 1846 1068 quo—

252 1095 409 1151 niam
436 1102 493 1151 et
517 1095 574 1150 in
604 1095 793 1150 eadem
816 1103 974 1151 nocte
992 1094 1064 1150 ab
1086 1093 1277 1166 angelo
1295 1092 1603 1165 pastoribus
1628 1090 1847 1146 nuutia-

251 1193 346 1239 tus
366 1192 476 1249 est,
507 1184 649 1239 sicut
671 1183 786 1253 ipsa
812 1182 1027 1238 Veritas
1063 1189 1311 1245 testatur,
1343 1181 1528 1237 dicens
1552 1194 1583 1233 τι
1606 1196 1624 1230 ι
1658 1179 1844 1234 Pasto-

250 1289 347 1331 res
376 1282 536 1330 erant
563 1274 617 1329 in
648 1274 867 1345 regione
888 1275 1078 1330 eadem
1098 1273 1385 1343 vigilantes
1403 1280 1458 1328 et
1479 1270 1846 1328 custodientes

249 1367 475 1440 vigilias
504 1367 681 1423 noctis
705 1381 868 1438 supra
899 1380 1119 1439 gregem
1150 1380 1326 1420 suum.
1350 1365 1415 1419 Et
1453 1379 1581 1420 ecce
1621 1363 1844 1435 angelus

248 1458 484 1514 Domini
500 1460 642 1514 stetit
666 1458 818 1529 juxta
846 1457 969 1513 illos
990 1466 1046 1514 et
1076 1457 1371 1513 timuerunt
1390 1457 1584 1512 timore
1625 1470 1841 1525 magno,

244 1556 308 1602 et
338 1547 482 1603 dixit
507 1547 615 1602 illis
634 1547 859 1619 angelus
884 1565 901 1602 :
924 1546 1101 1603 Nolite
1126 1547 1338 1612 timere,
1363 1560 1488 1602 ecce
1511 1545 1654 1601 enim
1680 1548 1845 1600 evan-

248 1637 435 1708 gelizo
456 1637 611 1693 vobis
637 1638 892 1708 gaudium
920 1653 1175 1709 magnum
1203 1637 1343 1708 quod
1366 1636 1470 1691 erit
1497 1636 1643 1690 omni
1674 1650 1844 1706 popu-

1942 539 2109 603 ciunt,
2138 539 2206 593 ab
2234 539 2485 595 omnibus
2505 550 2632 595 sunt
2657 540 2942 605 obediendi
2966 524 3128 613 atque
3158 543 3379 599 timendi
3408 587 3422 610 ,
3463 556 3519 601 et
3560 524 3573 577 ⁷³

1942 647 2049 687 non
2098 631 2426 687 dilacerandi
2472 641 2568 688 aut
2613 633 2957 700 detrahendi,
3006 636 3132 706 quia
3166 651 3196 691 a
3236 637 3431 709 quibus
3461 655 3519 695 se

1944 724 2151 780 Domini
2188 725 2415 795 populus
2451 722 2719 792 benedici,
2762 726 2962 792 salvari
3008 736 3063 782 et
3104 728 3297 785 instrui
3350 731 3515 802 cupit,

1943 817 2256 874 nullatenus
2285 817 2445 873 debet
2471 832 2567 873 eos
2602 832 2850 889 arguere,
2895 834 2997 875 nec
3024 819 3217 892 vulgus
3248 822 3299 877 in
3332 838 3520 878 eorum

1943 908 2289 964 accusatione
2316 908 2537 978 suscipi.
2565 908 2799 978 Pepulus
2853 910 2997 964 enim
3024 910 3091 966 ab
3132 911 3211 967 eis
3249 913 3523 968 docendus

1942 1008 2044 1065 est,
2077 1009 2132 1055 et
2166 999 2539 1070 corripiendus
2568 1015 2673 1054 non
2718 1000 2818 1070 ipsi
2865 1000 2932 1055 ab
2962 1016 3027 1056 eo
3052 1041 3067 1067 ,
3108 1003 3234 1072 quia
3287 1020 3393 1058 non
3441 1018 3526 1060 eSt

1943 1092 2241 1163 discipulus
2288 1106 2453 1162 super
2499 1093 2844 1162 magistrum.
2881 1091 3197 1149 Nullomodo
3228 1093 3392 1165 igitur
3422 1096 3526 1150 Do‘

1945 1184 2073 1238 mini
2099 1183 2387 1254 pontiﬁces
2408 1190 2463 1239 ct
2492 1182 2687 1252 reliqui
2719 1182 3030 1238 sacerdotes
3066 1183 3264 1253 quibus
3310 1184 3523 1240 Domini

1943 1274 2228 1330 commissa
2259 1283 2343 1329 est
2383 1273 2557 1345 plebs,
2586 1274 2691 1329 rite
2730 1273 2982 1346 populum
3016 1286 3237 1345 possunt
3258 1338 3263 1341 _
3287 1277 3527 1351 corrige-

1944 1381 2026 1431 re,
2063 1366 2106 1421 si
2157 1364 2490 1435 deceptionis
2537 1379 2595 1420 se
2629 1365 2979 1436 cognoverint
3032 1364 3226 1435 laqueo
3256 1366 3524 1438 infestari.

1944 1457 2098 1515 Unde
2128 1455 2337 1528 justum
2384 1465 2467 1513 est
2511 1472 2700 1513 omnes
2732 1458 2787 1512 in
2836 1457 3092 1514 universo
3122 1460 3254 1515 orbe
3279 1459 3529 1517 doctores

1942 1548 2096 1619 legis,
2137 1564 2201 1606 ea
2231 1564 2351 1621 quae
2386 1549 2520 1621 legis
2566 1559 2694 1605 sunt
2740 1564 2933 1621 sapere
2963 1557 3021 1606 et
3062 1566 3170 1619 non
3218 1552 3529 1614 sacerdotes

1942 1640 2157 1697 Domini
2182 1640 2341 1697 labiis
2373 1641 2507 1705 suis,
2538 1650 2633 1695 aut
2669 1640 2999 1710 quibuslibet
3036 1642 3531 1699 machinationibus

249 1729 327 1793 .b,
376 1728 503 1798 quia
551 1738 713 1785 natus
764 1736 849 1785 est
891 1729 1045 1785 vobis
1099 1728 1259 1783 hodie
1311 1726 1581 1793 Salvator,
1632 1726 1723 1795 qui
1763 1734 1846 1781 est
1945 1734 2238 1800 maculare,
2268 1734 2395 1789 dum
2427 1733 2575 1805 ipsos
2606 1734 2900 1804 disponunt
2925 1744 3021 1791 aut
3066 1735 3293 1806 cupiunt
3342 1752 3528 1806 macu-

246 1818 511 1876 Christus
552 1817 836 1885 Dominus,
878 1816 1183 1873 incivitate
1233 1817 1422 1872 David.
1452 1816 1519 1871 El
1544 1816 1653 1871 hoc
1697 1813 1849 1870 vobis
1878 1809 1921 1868 Β
1950 1824 2063 1880 lare
2088 1866 2104 1891 ,
2156 1825 2338 1896 potius
2388 1825 2597 1896 seipsos
2645 1824 2920 1880 maculam
2969 1834 3027 1880 et,
3074 1825 3379 1882 vulnerant,
3436 1828 3531 1887 Dei

243 1909 475 1981 signum
515 1924 529 1962 :
572 1909 865 1964 invenietis
903 1907 1162 1964 infantem
1209 1907 1402 1977 pannis
1443 1906 1759 1971 involutum,
1791 1914 1845 1961 et

250 2001 498 2072 positum
524 2000 581 2054 in
606 2000 990 2070 praesepioaet
1002 1998 1357 2055 subitofacta
1377 2008 1464 2054 est
1493 1997 1847 2069 cumangelis

252 2090 553 2160 multitudo
598 2090 807 2146 militia:
851 2090 1123 2157 cmlestis,
1184 2090 1517 2147 laudantium
1561 2088 1847 2143 Dominum

251 2192 311 2239 et
362 2183 660 2240 dicentium
695 2201 708 2238 :
741 2182 923 2240 Gloria
963 2183 1016 2238 in
1053 2182 1331 2238 altissimis
1362 2181 1493 2248 Deo,
1535 2190 1591 2235 et
1617 2180 1846 2235 interra

253 2289 376 2344 pax.
426 2273 738 2330 hominibus
786 2275 942 2337 bona:
989 2274 1287 2335 voluntatis
1311 2272 1463 2346 (Luc.
1505 2286 1567 2338 tt,
1600 2270 1781 2341 8—14).
1822 2289 1843 2323 ι

251 2365 529 2423 (laterum
552 2365 859 2426 considerat
884 2366 1078 2438 impius
1095 2367 1323 2438 justum,
1342 2374 1397 2422 et
1415 2366 1608 2436 quaerit
1631 2373 1689 2419 ut
1706 2364 1850 2419 occi-

256 2458 357 2514 dat
408 2457 521 2535 2‘.
565 2473 707 2515 eum.
758 2459 1022 2515 Dominus
1065 2475 1173 2514 non
1227 2459 1567 2530 derelinquct
1625 2470 1748 2513 cum
1793 2456 1847 2512 in

257 2568 458 2608 manus
482 2552 624 2624 ejus,
652 2561 710 2608 et
754 2568 859 2609 non
910 2551 1291 2609 condemnabit
1332 2566 1454 2607 eum
1485 2566 1607 2605 cum
1632 2550 1849 2621 judica-

256 2642 410 2705 hitur
436 2641 534 2697 illi.
566 2643 832 2714 Exspecta
864 2643 1150 2699 Dominum
1197 2651 1252 2699 et
1275 2643 1484 2700 custodi
1527 2643 1669 2698 viam
1710 2642 1844 2713 ejus,

256 2740 320 2789 et
344 2732 614 2790 exaltabit
646 2743 698 2791 te
725 2742 785 2789 ut
824 2734 1103 2806 possideas
1129 2747 1353 2803 terram,
1386 2751 1509 2791 cum
1549 2734 1852 2797 interibunt

258 2822 439 2894 impii,
488 2824 720 2884 videbis.
772 2827 893 2883 Vidi
927 2827 1151 2899 impium
1183 2827 1488 2892 robustum,
1517 2835 1571 2881 et
1619 2826 1851 2881 fortissi-

261 2932 437 2984 mum,
469 2916 612 2973 sicut
635 2918 943 2993 indigenam
983 2919 1277 2986 virentem,
1307 2928 1363 2975 et
1389 2920 1612 2975 transivi
1641 2930 1689 2975 et
1722 2933 1849 2974 ecce

262 3025 371 3066 non
422 3018 574 3078 erat,
626 3018 684 3073 et
735 3012 957 3093 qumstvi
994 3028 1150 3079 eum,
1207 3019 1263 3067 et
1300 3027 1419 3082 non
1454 3021 1538 3073 est
1573 3013 1846 3082 inventus.

260 3099 487 3174 Custodi
518 3101 923 3173 simplicitatem
960 3112 1021 3161 et
1063 3104 1186 3165 vide
1225 3112 1456 3172 rectum,
1487 3104 1612 3175 quia
1643 3105 1747 3161 erit
1791 3106 1845 3161 in

262 3202 573 3263 extremum
623 3195 739 3252 viro
771 3212 916 3268 pax;
963 3198 1408 3268 praevaricatores
1455 3207 1634 3254 autem
1684 3200 1849 3255 inter-

265 3284 422 3341 ibunt
441 3285 665 3356 pariter,
691 3295 746 3343 et
766 3288 1119 3345 novissimum
1149 3289 1435 3361 impiorum
1458 3290 1676 3362 peribit.
1694 3289 1852 3346 Salus

269 3384 452 3437 autem
475 3376 747 3446 iustorum
776 3395 807 3433 a
838 3379 1092 3447 Domino,
1120 3379 1381 3439 fortitudo
1409 3397 1602 3438 eorum
1634 3383 1686 3449 in
1713 3391 1852 3438 tem-

266 3484 399 3553 pore
432 3468 820 3536 tribulationis,
872 3480 928 3527 et
976 3471 1329 3528 auxiliabitur
1367 3474 1447 3530 eis
1491 3473 1775 3540 Dominus,
1800 3481 1856 3529 et

266 3561 499 3617 salvabit
527 3577 622 3619 eos
660 3570 716 3618 et
750 3563 945 3635 eripiet
966 3580 1060 3621 eos
1090 3566 1158 3621 ab
1192 3566 1373 3637 impiis
1397 3575 1453 3623 et
1483 3566 1716 3623 salvabit
1738 3582 1854 3632 eos,

265 3657 393 3727 quia
424 3667 815 3729 separaverunt
843 3659 896 3714 in
927 3676 1080 3727 eum;
1114 3671 1168 3717 et
1207 3661 1333 3718 alibi
1368 3679 1380 3716 :
1413 3680 1446 3725 rw
1470 3661 1608 3729 Quid
1653 3662 1857 3734 gloria-

269 3750 345 3805 ris
369 3751 423 3806 in
467 3750 675 3807 malitia
704 3752 938 3816 potens?
971 3753 1337 3814 Misericordia
1364 3754 1458 3815 Dei
1490 3763 1603 3811 tota
1628 3755 1734 3815 die.
1767 3755 1859 3809 lno-

268 3842 438 3899 sidias
497 3844 758 3925 cogitavit
809 3844 991 3917 lingua
1048 3855 1137 3902 tua
1191 3847 1343 3917 quasi
1389 3830 1653 3907 novacula
1700 3856 1857 3903 acuta

271 3931 476 3992 faciens
520 3935 721 3990 dolum.
764 3925 1012 4005 Dilexisti
1054 3938 1314 3999 malitiam
1363 3940 1533 4011 magis
1570 3956 1731 4011 quam
1758 3938 1860 3999 bo-

274 4042 421 4095 num,
459 4027 801 4097 mendacium
847 4031 1025 4100 magis,
1047 4045 1207 4101 quam
1240 4030 1387 4102 loqui
1431 4029 1721 4099 justitiam.
1770 4032 1861 4087 Di-

271 4116 451 4173 lexisti
505 4118 687 4174 omnia
710 4119 875 4185 verba
913 4121 1408 4191 addevorandum,
1441 4123 1622 4195 lingua
1652 4123 1858 4190 dolosa,

1945 1931 2076 1988 ergo
2125 1925 2344 1974 accusat
2371 1916 2771 1973 ordinationem
2809 1916 2902 1988 qui
2934 1931 3034 1973 eos
3065 1919 3155 1988 qui
3195 1919 3265 1974 ab
3308 1933 3374 1974 eo
3404 1935 3535 1985 con-

1946 2014 2265 2078 stituuntur,
2299 2011 2611 2068 sacerdotes
2635 2016 2880 2076 accusat,
2924 2018 2979 2064 et
2996 2009 3247 2065 damnari
3273 2012 3461 2082 cupit',
3502 2028 3535 2066 a

1946 2106 2143 2178 quibus
2172 2119 2232 2161 se
2275 2118 2466 2160 omnes
2514 2101 2702 2158 fideles
2746 2116 2939 2159 cavere
2988 2102 3220 2170 debent,
3266 2103 3393 2173 quia
3425 2119 3535 2159 non

1948 2198 2122 2254 solum
2144 2212 2234 2268 qui
2263 2195 2489 2262 faciunt,
2520 2194 2614 2251 sed
2640 2194 2804 2251 etiam
2834 2194 2927 2266 qui
2957 2195 3306 2252 consentiunt
3332 2194 3536 2251 facien-

1950 2287 2096 2344 tibus
2126 2287 2205 2343 rei
2241 2294 2389 2343 sunt.

2017 2377 2267 2435 Christus
2291 2375 2436 2432 enim
2460 2375 2554 2433 Dei
2588 2375 2756 2431 Filius
2784 2376 3043 2431 Dominus
3068 2381 3273 2441 noster,
3300 2376 3539 2430 humano

1948 2467 2133 2543 generi
2164 2467 2393 2524 salutem
2442 2466 2759 2525 condonans
2811 2466 3045 2537 plenam,
3081 2465 3149 2520 de
3202 2464 3360 2521 nobis
3402 2465 3525 2518 ait:

1955 2582 1972 2616 ι
2006 2562 2107 2630 Qui
2129 2576 2226 2616 vos
2250 2560 2465 2631 recipit,
2496 2574 2583 2615 me
2606 2559 2822 2629 recipit,
2855 2567 2906 2613 et
2934 2559 3025 2629 qui
3051 2574 3146 2614 vos
3173 2556 3407 2628 spernit,
3451 2572 3540 2612 me

1948 2653 2394 2725 spernit(Mauh.
2432 2669 2486 2718 χ,
2531 2651 2634 2716 4ος
2668 2650 2799 2706 Luc.
2823 2666 2877 2714 ι,
2916 2649 3021 2722 lli).
3058 2670 3077 2704 ι
3115 2648 3174 2706 Si
3204 2665 3335 2721 ergo
3357 2649 3542 2705 Domi‘

1949 2760 2049 2805 nus
2078 2745 2132 2807 in
2163 2745 2243 2800 eis
2270 2743 2552 2814 recipitur,
2581 2750 2637 2797 et
2672 2742 2935 2813 rejicitur,
2983 2740 3343 2812 proculdubio
3372 2739 3543 2811 ipsius

1949 2844 2072 2891 sunt
2098 2835 2189 2905 qui
2220 2835 2273 2889 in
2304 2834 2384 2891 eis
2409 2833 2675 2906 rejicitur,
2694 2832 2780 2889 vel
2799 2833 3113 2903 suscipitur.
3146 2831 3214 2897 Et
3236 2839 3292 2887 tu
3311 2831 3436 2903 quis
3457 2845 3539 2895 es,
3570 2822 3573 2825 ’

1950 2925 2040 2995 qui
2082 2923 2294 2993 iudicas
2351 2940 2567 2980 servum
2618 2923 2901 2979 alienum?
2951 2922 3317 2979 Proculdubio
3359 2933 3540 2978 trans-

1948 3031 2226 3089 gressores
2249 3016 2382 3086 legis
2405 3016 2498 3072 Dei
2542 3023 2601 3072 et
2622 3015 3013 3087 apostolorum,
3053 3023 3217 3083 atque
3246 3014 3540 3085 propheta-

1896 3155 1918 3179 ,
1953 3125 2092 3177 rum,
2124 3117 2307 3176 etnon
2336 3107 2508 3165 solum
2534 3107 2865 3177 harum,sed
2886 3106 3051 3167 etiam
3079 3106 3256 3177 legum
3282 3106 3544 3161 humana-

1954 3216 2095 3256 rum.
2137 3199 2338 3256 Omnes
2378 3199 2523 3255 enim
2546 3198 2707 3270 (leges
2738 3206 2846 3253 tam
2880 3197 3075 3253 divina:
3104 3211 3267 3269 quam
3295 3197 3543 3252 humana:

1953 3293 2188 3350 alienum
2218 3308 2435 3349 servum
2460 3291 2709 3364 judicare
2738 3290 3049 3362 prohibent.
3079 3290 3219 3358 Quid
3252 3297 3415 3361 putas
3436 3289 3546 3345 erit

1953 3382 2021 3438 de
2035 3390 2114 3446 te.
2141 3398 2265 3448 cum
2289 3391 2721 3453 transgressores
2750 3380 3246 3451 et.conculcatores
3282 3379 3418 3453 legis
3448 3379 3543 3434 Dei

1956 3471 2392 3539 damnabuntur?
2445 3468 2695 3534 Profecto
2741 3477 2813 3536 et,
2849 3477 2906 3535 tu
2972 3469 3361 3535 damnaberjs,
3418 3468 3544 3538 quia

1957 3561 2307 3633 postposuisti
2334 3561 2647 3617 mandatum
2684 3559 2811 3626 Dei,
2849 3568 2906 3615 et
2936 3570 3080 3626 tuam
3112 3560 3417 3631 adimplesti
3454 3576 3546 3621 vo-

1956 3653 2237 3719 luntatem,
2262 3652 2515 3723 quoniam
2538 3651 2680 3707 sicut
2705 3650 2853 3723 digni
2886 3662 3014 3708 sunt
3045 3651 3154 3707 vita
3194 3652 3289 3723 qui
3317 3650 3544 3717 manda-

1961 3755 2073 3805 tum
2108 3743 2202 3800 Dei
2234 3742 2531 3813 adimplent
2557 3749 2720 3812 atque
2745 3741 3078 3807 custodiunt,
3110 3741 3185 3812 ita
3222 3740 3305 3807 rei.
3337 3748 3547 3811 etper-

1959 3836 2104 3909 ὀίεῃί
2134 3845 2260 3892 sunt
2288 3844 2461 3890 morte
2484 3875 2498 3900 ,
2539 3834 2631 3905 qui
2685 3849 2749 3890 ea
2778 3841 3115 3905 postponunt
3134 3838 3141 3845 '
3160 3841 3216 3890 et
3246 3833 3300 3888 in
3347 3848 3543 3902 vanum

1961 3930 2187 3995 ducunt.
2218 3926 2312 3981 Est
2350 3927 2495 3981 enim
2527 3926 2582 3981 in
2610 3925 2925 3997 apostolicis
2947 3914 3226 4001 scriptum
3256 3922 3542 3987 institutis,

1959 4021 2184 4088 alterius
2216 4020 2378 4074 vitam
2427 4034 2585 4086 nemo
2614 4018 2841 4084 laceret,
2873 4026 2929 4074 et
2974 4018 3042 4074 de
3085 4017 3229 4073 malo
3279 4016 3456 4072 alieno
3482 4030 3545 4072 os

1961 4130 2119 4170 suum
2150 4129 2255 4167 non
2284 4111 2617 4182 coinquinet.
2658 4111 3021 4166 Accusatores
3065 4123 3194 4165 vero
3222 4119 3280 4165 et
3321 4122 3546 4177 accusa-

205 4215 211 4219 ’
274 4207 365 4263 δεά
396 4207 543 4264 Deus
591 4208 834 4266 destruet
870 4218 921 4265 te
974 4211 1027 4266 in
1078 4213 1467 4282 sempiternum
1490 4253 1506 4280 ,
1552 4213 1777 4271 terrebit
1807 4222 1864 4270 et
1963 4206 2158 4275 tiones,
2181 4220 2318 4276 quas
2351 4203 2497 4275 leges
2526 4202 2710 4269 saeculi
2737 4217 2843 4258 non
2869 4201 3180 4267 admittunt,
3200 4211 3261 4271 et
3297 4214 3399 4254 nos
3425 4198 3550 4254 sub-

276 4298 491 4371 evellet‘
512 4308 564 4356 te
594 4300 660 4356 de
709 4303 1058 4371 tabernaculo
1110 4312 1167 4361 et
1199 4304 1503 4362 eradicabit
1536 4315 1585 4362 te
1613 4306 1680 4361 de
1711 4313 1859 4369 terra

278 4390 681 4459 viventium,et
711 4392 968 4460 videbunt
1009 4392 1143 4463 juhsti
1188 4405 1245 4450 et.
1293 4395 1563 4457 timebunt
1592 4404 1648 4452 et
1698 4411 1863 4468 super

277 4495 393 4535 cum
428 4482 701 4537 ridebunt.
734 4483 872 4540 Ecce
903 4485 989 4540 vir
1017 4487 1107 4556 qui
1137 4486 1453 4556 nonnposuit
1488 4486 1857 4550 fortitudinem

279 4586 425 4626 suam
462 4571 687 4647 Deum,
715 4576 808 4630 sed
865 4568 1100 4648 speravit
1139 4577 1193 4645 in
1248 4577 1595 4641 multitudine
1641 4578 1858 4635 divitia-

280 4675 392 4716 rum
432 4677 660 4718 suarum
688 4704 721 4733 ,r
751 4656 1089 4737 confortatus
1114 4674 1200 4722 est
1240 4667 1298 4734 in_
1342 4666 1555 4733 insidiis
1580 4668 1712 4723 suis.
1743 4669 1858 4741 Ego

280 4764 456 4810 autem
490 4755 632 4811 sicut
662 4756 805 4813 oliva
853 4760 1039 4827 virens
1083 4760 1138 4827 in
1176 4761 1338 4817 domo
1369 4762 1463 4817 Dei
1490 4802 1527 4831 ,,
1558 4763 1769 4832 speravi
1803 4764 1858 4819 in

279 4846 649 4917 misericordia
680 4848 810 4917 Dei,
840 4848 892 4903 iu
925 4850 1178 4906 saeculum
1219 4860 1275 4907 et
1324 4851 1375 4907 in
1406 4860 1688 4907 aeternum.
1719 4852 1860 4909 Con-

279 4935 473 4994 fitebor
505 4938 599 4994 tibi
644 4939 698 4995 in
743 4941 1320 5013 sarculum,_quoniant
1368 4943 1629 5007 fecistiet
1670 4960 1859 5016 exspe-

278 5034 435 5089 ctabo
488 5048 685 5088 nomen
740 5035 1217 5105 tnum,quoniam
1266 5036 1468 5091 bonum
1514 5046 1600 5092 est
1648 5037 1864 5105 incon-

280 5137 461 5197 spectu
515 5127 1009 5197 ntisericordiarnm
1068 5138 1303 5195 tuarum.
1342 5148 1363 5182 ι
1413 5129 1657 5201 Reliquis
1712 5131 1858 5194 enim

280 5220 612 5289 temporibus
637 5219 925 5287 missarum
949 5218 1338 5276 celebrationes
1364 5230 1491 5276 ante
1522 5221 1711 5276 horam
1754 5221 1861 5277 diei

280 5312 493 5366 tertiam
540 5312 763 5367 minime
809 5321 935 5368 sunt
969 5312 1341 5379 celebrandae,
1392 5314 1518 5384 quia
1568 5323 1623 5369 et
1670 5315 1860 5370 eadem

280 5400 409 5456 hora
455 5401 720 5458 Dominus
775 5403 1065 5458 cruciﬁxus
1118 5412 1239 5469 est,
1281 5413 1338 5459 et
1387 5420 1550 5476 super
1586 5403 1862 5477 apostolos

281 5491 515 5563 Spiritus
562 5502 782 5550 sanctus
821 5495 1168 5551 descendisse
1198 5495 1416 5568 legitur.
1464 5496 1548 5552 Ab
1592 5498 1861 5569 episcopis

281 5594 458 5640 autem
486 5585 627 5640 idem
667 5585 942 5655 angelicus
989 5589 1221 5659 hymnus
1251 5606 1351 5660 pro
1392 5598 1636 5662 tempore
1660 5600 1716 5646 et
1742 5590 1861 5646 loco

279 5673 331 5728 in
381 5675 671 5731 missarum
722 5676 1000 5735 solemniis
1038 5679 1393 5737 celebrandus
1445 5692 1526 5737 est
1575 5690 1735 5752 atque
1775 5697 1859 5738 so-

280 5760 529 5823 lemnitcr
569 5765 900 5822 rccitandus.

1959 4305 2348 4365 movemus,et
2392 4293 2695 4351 accusatori
2720 4293 3086 4361 omniumnon
3114 4290 3262 4347 credi
3304 4289 3550 4346 decerni-

1962 4404 2105 4455 mus,
2134 4389 2225 4458 qni
2258 4389 2482 4443 absente
2514 4385 2825 4441 adversario
2863 4400 3082 4452 causam
3128 4383 3371 4456 suggerit
3420 4392 3548 4438 ante

1965 4480 2245 4550 utriusque
2295 4477 2466 4547 partis
2507 4475 2710 4543 justam
2758 4474 3175 4542 discussionem.
3212 4472 3324 4529 Nec
3361 4473 3414 4528 hi
3456 4477 3548 4543 qui

1963 4584 2069 4635 non
2101 4574 2227 4623 sunt
2252 4565 2428 4627 idonei
2487 4564 2849 4639 suscipiantur
2886 4564 2950 4618 ad
3000 4565 3436 4629 accusationem,
3492 4571 3548 4617 et

1964 4677 2154 4718 omnes
2187 4660 2280 4732 qui
2310 4660 2571 4716 adversus
2616 4666 2805 4728 patres
2836 4660 3142 4722 armantur,
3171 4656 3399 4710 infames
3426 4669 3550 4713 esse

1965 4767 2270 4822 censemus.
2306 4748 2499 4817 Patres
2525 4748 2669 4815 enim
2697 4763 2888 4803 omnes
2926 4747 3216 4805 venerandi
3260 4752 3411 4811 sunt,
3442 4759 3547 4799 non

1968 4843 2278 4913 respuendi,
2331 4848 2424 4897 aut
2470 4839 2780 4896 insidiandi.
2850 4837 2915 4892 Hi
2964 4851 3094 4894 vero
3148 4836 3243 4906 qui
3285 4850 3408 4890 cum
3448 4834 3550 4903 ini-

1967 4934 2126 5001 micis
2173 4940 2494 5000 morantur,
2555 4940 2647 4986 aut
2698 4930 2788 5000 qui
2845 4927 3082 4999 suspecti
3128 4927 3419 4993 habentur,
3449 4925 3551 4980 mi-

1968 5028 2114 5099 nime
2135 5025 2483 5097 recipiantur,
2501 5025 2629 5095 quia
2653 5039 2840 5080 eorum
2865 5019 3139 5077 mmulatio
3159 5019 3362 5075 lacerat
3386 5019 3551 5075 etiam

1968 5120 2309 5174 innocentes.
2348 5117 2500 5171 Hunc
2551 5130 2765 5170 murum
2820 5110 3191 5167 firmissimum
3245 5117 3552 5165 statuerunt

1966 5220 2152 5282 patres
2199 5210 2393 5275 nostri,
2437 5218 2489 5264 et
2525 5224 2623 5263 nos
2668 5223 2789 5263 cum
2836 5205 2918 5261 eis
2947 5212 3140 5260 contra
3177 5212 3551 5274 persecutores

1968 5313 2201 5369 nostros,
2233 5313 2292 5358 ut
2335 5304 2440 5359 hoc
2478 5300 2715 5356 remedio
2744 5313 2931 5354 eorum
2972 5297 3239 5369 pellantur
3275 5296 3552 5363 machina-

1969 5407 2176 5462 menta,
2209 5405 2264 5450 et
2295 5410 2391 5450 vos
2418 5393 2722 5449 securiores
2749 5400 2804 5445 et
2834 5391 3133 5446 sanctiores
3161 5387 3409 5445 famulari
3439 5401 3549 5441 me~

1971 5488 2196 5545 reamini
2238 5495 2417 5542 vestro
2467 5482 2757 5542 Salvatori.
2791 5486 2867 5541 De
2906 5483 3276 5541 talibusenim
3324 5481 3553 5536 insidia-

1970 5580 2178 5634 toribus
2208 5586 2263 5632 et
2293 5575 2703 5632 accusatoribus
2742 5591 3022 5632 servorum
3066 5589 3286 5630 suorum
3314 5572 3552 5643 loquitur

1973 5672 2230 5729 Dominus
2256 5686 2353 5740 per
2392 5669 2709 5741 prophetam
2739 5669 2926 5738 dicens
2956 5686 2969 5722 :
3009 5688 3029 5721 ι
3057 5667 3130 5724 Os
3159 5675 3308 5721 tuum
3351 5665 3548 5722 misisti

1970 5768 2036 5821 ad
2102 5764 2480 5835 malitiam,_et
2533 5763 2717 5837 lingua
2780 5774 2868 5820 tua
2924 5763 3282 5819 concinnabat
3328 5761 3549 5827 dolum,
