4012 6448
569 272 668 329 1Ο7
1404 281 1694 339 ΑΡΡΕΝΙ).
1722 285 1813 340 ΑΙ)
1843 283 2018 344 8ᾸΞο.
2049 287 2140 345 IX.
2179 319 2251 332 ——
2283 282 2537 345 ISIDORI
2560 281 3002 345 MERCATORIS

2232 319 2251 332 -
2283 282 2537 345 lSlDDRl
2560 281 3002 345 MERCATORIS
3718 299 3805 357 ηε

568 385 761 484 sedens
807 384 1065 484 adversus
1122 397 1344 484 tratrem
1392 398 1544 484 tuum
1607 394 1917 466 loquebaris
1942 439 1957 463 ,
2003 408 2057 454 et
2097 400 2150 456 in
2181 412 2228 466 Α
2260 402 2401 456 tibus
2422 410 2478 457 et
2508 416 2614 457 non
2663 401 3009 475 nocentibus,
3037 400 3137 457 sed
3157 404 3597 473 mttportantibus
3630 409 3702 467 ait
3724 428 3807 484 per

567 472 738 566 ﬁlium
784 474 975 566 matris
1028 482 1133 566 tua:
1182 477 1487 538 fabricabas
1521 487 1891 555 opprobrium.
1923 487 2049 545 Haec
2078 489 2157 546 fe-
2258 494 2584 566 Prophetam
2630 472 2935 550 Dominus:
2974 513 2993 546 c
3030 492 3146 548 Non
3176 472 3289 550 sedi
3314 511 3437 550 cum
3462 498 3593 556 viris
3616 472 3806 559 vani-ta-

568 564 693 619 cisti
722 574 779 621 et
805 565 971 634 tacui,
995 564 1322 625 existimasti
1357 571 1587 629 similem
1615 576 1691 630 tui
1740 592 1826 634 me
1870 578 2158 636 futurum?
2225 656 2231 663 .
2259 564 2423 654 tis—et
2451 604 2575 645 eum
2601 588 2848 661 superbis
2873 602 2980 643 non
3027 586 3316 658 ingrediar.
3351 585 3506 645 0divi
3547 591 3807 653 ecclesiam

569 672 792 756 arguam
826 668 894 723 te,
934 674 989 720 et
1018 680 1313 737 proponam
1340 675 1465 723 ante
1492 666 1676 724 oculos
1707 678 1844 728 tuos-
1875 671 2158 746 lnlelligite
2255 684 2617 756 pessimorum
2648 691 2705 740 et
2751 697 2875 739 cum
2924 680 3104 752 impiis
3132 694 3240 736 non
3269 680 3487 737 sedebo.
3512 681 3716 742 Lavabo
3753 687 3799 743 in

568 752 686 845 bare
711 756 802 825 qui
825 756 1202 818 obliviscimini
1225 761 1509 818 Dominum
1532 779 1599 820 ne
1620 763 1758 821 forte
1775 766 1952 838 rapiat
1972 776 2028 824 et
2047 783 2159 824 non
2255 752 2563 831 innocentia
2609 773 2818 845 palmas
2872 786 3043 838 meas,
3071 780 3129 827 et
3160 770 3407 828 circuibo
3452 770 3619 829 altare
3649 782 3801 840 tuum,

566 844 639 899 sit
668 847 757 916 qui
790 848 1002 910 liberet.
1037 872 1058 907 ι
2255 868 2505 932 Domine,
2543 844 2781 922 utclara
2803 879 2937 921 voce
2987 862 3279 935 praedicem
3317 861 3530 920 laudem
3582 873 3738 933 tuam,
3764 877 3809 923 et

637 935 985 1011 Languentcs
1006 955 1189 1002 autem
1214 948 1269 1002 in
1298 948 1402 1004 isto
1439 951 1729 1006 conamine
1756 953 1976 1010 notandi
2005 962 2152 1022 sunt,
2252 976 2502 1019 enarrem
2531 960 2709 1016 omnia
2734 956 3001 1014 mirabilia
3028 966 3143 1013 tua.
3164 955 3414 1021 Domine,
3435 956 3597 1013 dilexi
3620 957 3810 1014 habita-

566 1038 621 1083 et
652 1043 683 1083 a
728 1032 925 1090 talibus
973 1038 1289 1109 repellendi.
1342 1041 1502 1098 Tales
1546 1044 1691 1099 enim
1745 1047 1988 1105 membra
2028 1059 2155 1105 sunt
2253 1055 2437 1111 culum
2467 1055 2663 1108 domus
2684 1060 2807 1116 tute,
2836 1060 2893 1107 et
2912 1050 3092 1107 locum
3117 1048 3453 1106 tabernaculi
3481 1049 3813 1120 gloriatum:

566 1120 915 1223 diaboli,_qui
946 1145 1161 1223 sursum
1192 1143 1358 1204 atque
1400 1136 1652 1193 deorsum
1691 1139 1980 1210 pervolans
2008 1158 2154 1213 quaa-
2255 1160 2323 1201 ne
2345 1159 2519 1216 ponas
2540 1159 2665 1201 cum
2708 1142 3091 1215 peccatoribus
3136 1142 3383 1197 animam
3409 1157 3606 1208 meam,
3629 1151 3809 1198 etcum

569 1215 641 1265 I‘it
668 1215 811 1283 quod
848 1221 1023 1289 possit
1046 1224 1321 1292 occidere,
1357 1241 1494 1298 quos
1516 1230 1689 1299 possit
1715 1245 1993 1302 separare,
2015 1248 2154 1305 quos
2255 1215 2384 1293 viris
2423 1238 2750 1306 sanguinum
2778 1236 2946 1292 vitam
2992 1249 3195 1292 meam.
3237 1232 3297 1289 in
3332 1248 3564 1304 quorum
3593 1233 3815 1290 manibus

562 1306 739 1373 possit
774 1310 1058 1372 devorare.
1093 1316 1319 1390 Propter
1356 1336 1518 1391 quam
1544 1337 1657 1379 rem
1685 1324 2016 1395 vigilandum
2046 1336 2155 1393 est,
2252 1329 2451 1395 scelus,
2474 1338 2531 1383 et
2555 1330 2781 1385 dextera
2808 1342 2998 1385 eorum
3030 1326 3236 1397 repleta
3262 1332 3351 1381 est
3375 1322 3813 1394 muneribus,_ego

564 1408 621 1453 et
670 1405 839 1462 armis
887 1408 1205 1468 coelestibus
1253 1430 1438 1487 sumus
1489 1417 1789 1483 muniendi,
1834 1432 1904 1475 ne
1952 1418 2005 1474 in
2034 1421 2153 1492 ejus
2254 1431 2433 1478 autem
2462 1422 2516 1477 iu
2539 1421 2889 1493 simplicitate
2909 1418 3507 1492 meagradiar,redime
3530 1432 3633 1482 me,
3653 1425 3705 1473 et
3727 1415 3814 1471 mi-

564 1495 856 1585 mePedeS
907 1499 1210 1559 inCi'damus
1262 1515 1357 1560 aut
1407 1506 1525 1575 ejus
1573 1506 1744 1564 foveis
1774 1508 2148 1580 illaqueemur.
2253 1529 2440 1571 serere
2465 1514 2605 1580 mei;
2632 1528 2729 1585 pes
2754 1528 2906 1569 meus
2927 1512 3153 1570 stetitin
3181 1511 3293 1576 via,
3313 1511 3370 1566 in
3396 1508 3646 1565 Ecclesiis
3676 1507 3813 1562 benc-

566 1582 733 1641 Decet
765 1589 910 1645 enim
947 1592 1003 1648 in
1029 1594 1226 1652 talibus
1253 1598 1433 1654 causis
1460 1599 1564 1655 hoc
1594 1600 1832 1656 maxime
1853 1601 2151 1672 provideri,
2252 1604 2431 1660 dicam
2487 1582 2737 1659 Domino.
2773 1623 2795 1656 ›
2821 1602 3164 1659 Concordem
3207 1600 3376 1671 igitur
3425 1612 3547 1654 cum
3590 1594 3813 1651 omnibus

562 1684 625 1731 ut
668 1678 787 1735 sine
817 1685 1046 1755 strepitu
1080 1691 1548 1747 concertationum
1580 1700 1635 1748 et
1684 1693 1925 1750 ebaritas
1969 1702 2151 1752 custo-
2257 1697 2348 1752 Dei
2380 1696 2752 1753 sacerdotibus
2802 1696 2884 1751 lue
2917 1694 3203 1751 charitatis
3227 1689 3535 1751 sententia,
3565 1688 3615 1742 in
3643 1683 3817 1753 quibus

564 1766 747 1857 diatur
787 1781 841 1828 et
875 1777 1076 1835 veritas
1125 1780 1469 1850 defendatur,
1506 1794 1672 1857 atque
1730 1786 2048 1843 innocentes
2093 1797 2150 1844 et
2181 1771 2229 1831 Β
2257 1803 2354 1843 vos
2383 1786 2523 1845 ﬁxos
2563 1795 2619 1844 et
2653 1785 2840 1855 ﬁrmos
2876 1785 3138 1842 exstitere
3166 1782 3498 1852 iudicamus.
3552 1779 3688 1834 Deus
3731 1787 3817 1830 vos

561 1855 774 1949 Domini
824 1865 1057 1925 ministri
1092 1869 1242 1929 illmsi
1282 1855 1599 1931 liberentur.
1630 1876 1707 1933 De
1739 1877 1896 1932 bonis
1935 1893 2066 1949 ergo
2092 1889 2148 1935 et
2252 1879 2553 1934 incolumes
2581 1877 2886 1943 custodiat,
2926 1876 3021 1931 lilii
3067 1873 3401 1932 charissimi.
3435 1871 3567 1926 Data
3602 1882 3669 1922 xv
3717 1863 3811 1920 lla-

561 1947 733 2022 legem
762 1955 978 2016 Domini
1016 1965 1446 2024 custodientihus
1474 1969 1846 2041 l'ratribusque
1890 1947 2143 2043 adjuvan-
2247 1971 2390 2028 lend.
2428 1972 2631 2037 Martii,
2676 1973 2911 2027 Antonio
2940 1970 3201 2027 ethlareo
3244 1969 3312 2024 IV
3357 1981 3442 2025 cc.
3487 1960 3687 2021 consul.

2232 2119 3798 2146 ____________________________.

670 2241 1220 2326 INCIPIUNT
1286 2245 1761 2327 DECRETA,
1801 2247 2117 2329 IGINII
2176 2249 2468 2330 PAPJE
2520 2250 2655 2327 DE
2711 2250 2955 2328 FIDE
3012 2248 3145 2327 ET
3205 2239 3696 2338 BELIQUIS

2020 2428 2410 2509 CAUSIS.

1755 2585 1845 2646 De
1886 2583 2007 2665 ﬁde
2048 2589 2102 2645 et
2147 2584 2410 2665 reliquis
2455 2584 2685 2648 causis.

1520 2746 1683 2795 lAnno
1705 2745 1895 2795 Domini
1924 2746 2029 2806 N3,
2060 2753 2284 2808 tempore
2320 2746 2545 2796 Antonini
2573 2747 2644 2796 Pii
2688 2749 3033 2810 imperatoris.)

1967 2903 2363 2921 *-

632 3017 831 3074 Ιοιιηιυε
854 3016 907 3071 in
939 3018 1143 3073 Christi
1184 3018 1403 3073 nomine
1430 3018 1586 3074 alma:
1613 3020 1765 3075 urbis
1809 3019 1999 3075 Roma:
2032 3019 2146 3091 cpi-
2176 3021 2221 3083 C
2255 3020 2384 3075 nisti
2423 3028 2550 3074 ante
2583 3028 2799 3089 tempus
2822 3020 3052 3089 perdere
3074 3021 3210 3076 nos?
3236 3020 3389 3077 venit
3414 3017 3578 3075 Filius
3604 3012 3807 3072 hominis

557 3124 780 3181 scopus,
810 3108 1022 3164 cunctis
1043 3109 1099 3163 in
1121 3108 1419 3179 apostolica
1440 3107 1545 3164 [ide
1573 3117 1630 3165 et
1656 3109 1905 3165 doctrina
1936 3110 2141 3181 degen—
2252 3111 2463 3168 salvare
2483 3120 2539 3165 et
2561 3125 2806 3181 quaerere
2838 3112 2980 3181 quod
3009 3113 3262 3182 perierat.
3305 3133 3324 3165 ι
3358 3111 3490 3168 Item
3515 3108 3586 3165 ibi
3619 3125 3632 3162 :
3667 3123 3683 3158 ι
3716 3102 3808 3174 Ego

559 3202 726 3267 tibus,
766 3200 1021 3256 salutem.
2251 3204 2373 3259 veni
2404 3213 2463 3259 ut
2491 3202 2655 3259 vitam
2690 3202 2947 3270 habeant,
2983 3212 3039 3260 et
3082 3204 3453 3261 abundantius
3494 3201 3749 3261 habeant?
3778 3211 3795 3244 ι

627 3292 969 3359 Charissimi,
996 3294 1138 3348 Dens
1162 3292 1359 3348 Filium
1389 3306 1546 3349 suum
1576 3292 1726 3348 misit
1759 3292 1812 3346 in
1841 3291 2148 3347 similitudi-
2251 3298 2378 3353 item
2411 3297 2521 3354 ibi:
2559 3315 2577 3349 ι
2615 3295 2784 3354 Nemo
2831 3298 3079 3353 ascendit
3130 3297 3183 3353 in
3222 3300 3444 3363 coelum,
3488 3293 3588 3350 nisi
3632 3288 3713 3362 qui
3751 3285 3802 3341 de

557 3399 682 3440 nem
719 3385 903 3441 carnis
948 3385 1186 3456 peccati,
1213 3394 1268 3441 et
1317 3386 1385 3441 de
1440 3393 1665 3456 peccato
1712 3384 1991 3440 damnavit
2023 3399 2148 3456 pec-
2251 3392 2390 3448 coelo
2425 3393 2725 3457 descendit,
2773 3392 2945 3450 Filius
2996 3393 3234 3451 hominis
3260 3395 3356 3467 qui
3404 3402 3487 3451 est
3517 3391 3570 3446 in
3613 3384 3751 3443 caelo.
3780 3400 3799 3432 ι

556 3484 738 3532 catum
767 3478 820 3533 in
858 3493 1045 3542 carne,
1072 3486 1133 3532 ut
1156 3476 1366 3547 iustitia
1407 3477 1542 3549 legis
1592 3475 1926 3548 impleretur.
1977 3476 2148 3533 Filius
2250 3487 2502 3557 Nunquid
2549 3488 2601 3542 in
2636 3487 2721 3543 his
2750 3488 2916 3545 tantis
2956 3504 3021 3545 ac
3061 3488 3259 3547 talibus
3287 3484 3607 3547 testimoniis
3636 3477 3800 3552 quibus

554 3584 661 3625 non
680 3570 977 3626 secundum
999 3570 1253 3625 deitatem
1281 3569 1450 3626 solam
1474 3585 1503 3624 a
1534 3568 1693 3625 Patre
1714 3569 1910 3625 missus
1931 3578 2034 3635 est,
2053 3570 2146 3626 sed
2250 3597 2307 3637 se
2338 3581 2505 3637 Filius
2537 3580 2630 3637 Dei
2673 3596 2703 3636 a
2751 3583 3046 3654 semetipso
3084 3583 3303 3641 venisse
3333 3590 3559 3640 testatus
3605 3583 3703 3638 est,
3724 3584 3801 3641 po-

559 3666 855 3721 secundum
889 3682 1135 3733 carnem,
1165 3681 1329 3738 quam
1355 3665 1652 3721 clementer
1680 3675 1734 3720 et
1755 3665 1843 3736 pie
1860 3679 1960 3736 pro
1990 3663 2151 3721 nobis
2252 3674 2377 3728 terit
2395 3674 2519 3745 quis
2544 3674 2725 3730 dicere
2750 3674 2820 3730 ab
2844 3675 2951 3731 alio
2976 3684 3033 3731 ει
3079 3691 3184 3733 non
3212 3692 3241 3731 ε
3275 3674 3564 3745 semetipso
3585 3659 3803 3724 venisse?

558 3779 835 3833 assumere
855 3780 960 3818 non
982 3762 1303 3833 dedignatus
1324 3769 1427 3816 est.
1446 3760 1580 3816 Nam
1602 3761 1747 3831 quod
1769 3760 2145 3833 semetipsum,
2249 3765 2375 3821 dum
2434 3766 2786 3822 manifestum
2844 3776 2951 3832 est,
2985 3769 3129 3839 quod
3179 3768 3272 3840 qui
3330 3779 3545 3826 carnem
3592 3764 3798 3814 nostram

558 3856 832 3911 exinanita
857 3854 1156 3923 maiestatis
1186 3870 1299 3910 suae
1340 3853 1603 3925 potentia.
1622 3854 1765 3910 idem
1790 3853 1967 3911 Filius
1989 3853 2149 3910 mise-
2248 3856 2534 3928 dignanter
2559 3860 2879 3931 assumpsit,
2904 3860 3214 3917 voluntarie
3239 3871 3296 3918 et
3328 3876 3434 3917 non
3461 3857 3528 3913 ab
3570 3852 3666 3907 alio
3692 3845 3797 3902 mis-

558 3948 650 4013 rit,
673 3944 965 4017 Apostolus
980 3955 1385 4003 contestaturct
1412 3947 1572 4002 dicit:
1596 3944 1999 4017 «Semetipsum
2025 3945 2145 4002 exi-
2248 3964 2340 4003 sus
2388 3948 2698 4016 advenerit;
2737 3964 2862 4004 nam
2890 3949 2982 4020 qui
3025 3950 3078 4004 in
3112 3949 3281 4008 Patre
3331 3960 3575 4007 manens,
3629 3936 3799 4004 0W1"e

556 4026 788 4104 nanivit,
819 4037 1045 4093 fortnam
1076 4038 1224 4093 servi
1264 4038 1559 4110 accipiens,
1592 4036 1900 4093 humiliavit
1948 4045 2147 4093 semet-
2249 4038 2488 4108 potentia
2516 4053 2611 4094 sua
2658 4040 2932 4105 consistit,
2966 4041 3059 4096 ubi
3099 4056 3208 4111 quo
3254 4056 3285 4097 a
3323 4042 3483 4097 Patre
3529 4031 3796 4089 mitteretur

557 4132 758 4202 ipsum,
792 4129 970 4185 factus
1010 4130 1269 4186 obediens
1295 4145 1467 4201 usque
1496 4128 1562 4185 ad
1595 4138 1827 4184 mortem
1854 4170 1867 4194 ,
1910 4137 2149 4185 mortem
2246 4129 2391 4183 omni
2419 4128 2578 4184 modo
2604 4144 2709 4184 non
2739 4129 3224 4201 babuit,quoniam
3248 4131 3391 4187 nulla
3420 4141 3543 4200 pars
3570 4117 3795 4177 ctelorum

554 4231 735 4278 autem
779 4222 958 4278 crucis
986 4221 1244 4294 (Philipp.
1282 4240 1339 4287 ιι,
1379 4223 1435 4287 7,
1466 4222 1545 4294 8).
1585 4242 1603 4275 ι
1633 4222 1695 4279 Et
1725 4221 1895 4279 Isaias
1926 4241 1937 4275 :
1977 4241 1997 4275 ο
2027 4221 2143 4278 Non
2222 4222 2310 4277 ac
2338 4229 2495 4278 terrae
2528 4238 2559 4277 a
2585 4231 2877 4295 conspectu
2900 4223 3079 4279 Patris
3103 4224 3397 4296 excipitur,
3423 4219 3510 4275 ubi
3537 4206 3795 4294 secundum

552 4314 780 4385 legatus,
815 4329 989 4385 neque
1016 4316 1258 4385 angelus,
1296 4315 1388 4371 sed
1417 4313 1559 4371 Deus
1587 4316 1700 4387 ipse
1724 4317 1930 4382 veniet,
1955 4324 2011 4371 et
2038 4316 2144 4372 sal-
2248 4328 2345 4367 vos
2366 4330 2394 4368 a
2419 4312 2581 4369 Patre
2607 4313 2777 4369 Filius
2800 4314 3143 4371 mitteretur?
3168 4325 3224 4371 et
3244 4315 3447 4372 Paulus
3482 4330 3494 4366 :
3526 4327 3544 4360 σ
3576 4303 3790 4359 Renova'

552 4405 850 4472 vabitnos;
878 4426 894 4457 ι
933 4405 1063 4461 item
1094 4404 1169 4460 ibi
1202 4423 1216 4460 :
1256 4424 1275 4458 ι
1306 4404 1489 4460 Palam
1521 4406 1746 4477 apparui
1771 4406 2138 4478 nonlquzeren-
2175 4395 2226 4455 Β
2253 4404 2381 4459 mini
2402 4445 2415 4470 ,
2448 4404 2662 4475 inquit,
2701 4405 2892 4476 spiritu
2928 4420 3033 4461 met

2253 4404 2415 4470 mini,
2448 4404 2662 4475 inquit,
2701 4405 2892 4476 spiritu
2928 4406 3125 4461 mentis
3153 4414 3380 4473 vestrm,
3421 4409 3477 4458 et
3503 4392 3693 4454 induite
3715 4397 3795 4486 nt)-

550 4495 698 4552 tibus
718 4513 863 4553 me.»
899 4497 967 4551 Et
986 4496 1249 4552 .lcremias
1280 4516 1293 4552 :
1334 4516 1353 4549 ι
1388 4497 1661 4568 Dereliqui
1693 4498 1908 4553 domum
1940 4514 2140 4565 meam,
2250 4510 2373 4549 vum
2434 4496 2702 4552 hominem
2743 4497 2835 4567 qui
2875 4498 3169 4553 secundum
3204 4497 3372 4555 Deum
3426 4498 3629 4550 creatus
3654 4487 3728 4537 csl
3745 4488 3792 4568 in

551 4587 730 4647 dimisi
765 4590 1134 4645 hmreditatem
1168 4604 1363 4652 meam.
1391 4590 1515 4647 veni
1561 4565 1819 4648 etractus
1866 4607 1987 4647 sum
2034 4591 2142 4649 illis
2241 4588 2449 4660 justitia
2480 4597 2534 4645 et
2560 4565 2846 4644 sanctitate
2870 4589 3133 4647 veritatis.
3164 4610 3185 4644 ι
3211 4591 3280 4646 Et
3306 4590 3372 4646 ad
3395 4584 3675 4643 Hebraeos:
3702 4588 3718 4621 ι
3744 4565 3791 4619 Ῑυ
3870 4584 3878 4594 ’

548 4686 605 4742 in
637 4684 1008 4757 opprobrium.
1046 4706 1063 4737 ι
1112 4685 1177 4740 Et
1224 4684 1277 4740 in
1331 4683 1553 4741 Michaea
1586 4703 1601 4740 :
1641 4704 1661 4738 α
1698 4685 1838 4742 Ecce
1879 4686 2140 4744 Dominus
2244 4695 2310 4736 eo
2339 4681 2483 4735 enim
2512 4682 2564 4735 in
2594 4696 2702 4752 quo
2730 4696 2924 4751 passus
2968 4690 3054 4738 est
3107 4682 3224 4754 ipse
3257 4692 3312 4739 et
3338 4684 3571 4737 tentatus
3598 4673 3690 4732 εειν
3713 4670 3791 4730 Ρ⁰¹

547 4777 750 4842 veniet,
793 4787 849 4834 et
886 4777 1374 4833 commovebuntur
1421 4777 1522 4833 sub
1551 4791 1618 4832 eo
1649 4785 1889 4845 montes;
1930 4798 1947 4830 ι
1988 4787 2045 4834 et
2083 4779 2137 4833 in
2247 4781 2365 4829 tcns
2411 4781 2497 4828 est
2521 4774 2600 4829 eis
2644 4774 2736 4844 qui
2770 4781 3051 4830 tentantur
3092 4774 3367 4841 auxiliari,
3406 4791 3426 4825 ι
3452 4764 3590 4824 unde
3617 4757 3790 4815 sanctin

549 4869 813 4925 Zacharia
854 4888 865 4924 :
906 4887 924 4920 σ
954 4867 1141 4926 Gaude
1165 4876 1220 4924 et
1248 4865 1460 4924 exsulta
1493 4866 1600 4922 tilia
1630 4866 1757 4923 Sion
1780 4909 1796 4933 ,
1844 4869 1970 4940 quia
2009 4884 2137 4925 ecce
2240 4864 2543 4921 vocationis
2594 4879 2808 4936 semper
2860 4865 3099 4923 caelestis
3124 4867 3435 4940 participes.
3474 4847 3789 4940 Considera“:

549 4976 652 5032 ego
690 4960 872 5025 venio,
918 4969 971 5015 et
995 4957 1379 5015 commorabor
1426 4957 1479 5012 in
1514 4957 1694 5013 medio
1722 4957 1834 5023 tui,
1860 4933 1992 5014 dicit
2027 4959 2132 5013 Do-
2240 4956 2554 5029 Apostolum
2599 4933 2956 5015 confessionis
3008 4933 3241 5027 nostrae,
3286 4933 3344 5016 et
3384 4947 3677 5032 pontiﬁcem
3709 4933 3786 5032 δεῖ

544 5019 760 5119 minus;
799 5072 818 5105 ι
851 5019 907 5108 et
944 5052 1237 5123 Apostolus
1268 5051 1335 5106 ad
1366 5049 1710 5107 Timotheum
1742 5069 1755 5105 :
1792 5019 1828 5102 ε⁷
1856 5050 2135 5108 Humanus
2239 5019 2359 5103 sum
2407 5048 2621 5105 ﬁdelem
2671 5049 2996 5105 existentem
3045 5051 3141 5123 qui
3187 5019 3402 5108 vocavit
3437 5056 3574 5101 eum.
3632 5031 3691 5089 Ει
3728 5019 3783 5077 ²ἀ

543 5160 726 5202 sermo
788 5154 845 5201 et
889 5146 1036 5201 omni
1064 5146 1378 5217 acceptione
1416 5143 1628 5216 dignus,
1668 5144 1922 5216 quoniam
1975 5143 2133 5201 Jcsus
2236 5142 2624 5199 Colossenses:
2652 5161 2670 5193 ι
2698 5140 2850 5199 Nunc
2875 5152 3056 5198 autem
3084 5143 3335 5215 deponite
3361 5147 3523 5196 etvos
3543 5126 3782 5185 universa,

542 5235 794 5292 Christus
833 5236 983 5292 venit
1018 5238 1072 5292 in
1122 5238 1264 5293 hunc
1293 5236 1554 5293 mundum
1603 5244 1919 5307 peccatores
1954 5236 2131 5293 salvos
2238 5235 2401 5299 iram,
2434 5232 2887 5306 indignationem,
2912 5234 3176 5290 malitiam
3197 5275 3212 5303 ,
3245 5217 3781 5309 blasphemiam:

540 5330 724 5387 facere
732 5348 777 5409 5‘
808 5350 827 5384 ι
877 5341 932 5386 et
967 5330 1302 5388 Malachias:
1350 5352 1369 5383 ι
1423 5331 1563 5387 Ecce
1606 5329 1786 5386 subito
1840 5331 2027 5387 veniet
2075 5331 2128 5386 in
2236 5330 2433 5400 pioque
2473 5329 2638 5384 verba
2668 5343 2736 5384 ex
2777 5342 2874 5383 ore
2914 5339 3100 5384 vestro
3137 5344 3243 5385 non
3272 5320 3582 5400 procedant.
3629 5299 3782 5409 βοιξξθ

522 5397 872 5497 ἰθηιριίῗειιο
898 5426 1159 5482 Dominus
1184 5442 1344 5497 quem
1374 5442 1473 5482 vos
1506 5426 1772 5498 quaeritis,
1803 5436 1859 5481 et
1905 5425 2128 5497 angelus
2236 5420 2455 5476 menliri
2506 5419 2760 5476 inVicem-
2801 5419 3182 5493 Εκεροιίαηιεε
3237 5436 3332 5478 V03
3368 5418 3595 5471 “mem
3631 5397 3779 5500 ΙῘΟὟῨ

538 5518 875 5576 Testamenti
906 5535 1067 5590 quem
1091 5534 1186 5574 vos
1208 5520 1399 5586 vultis;
1448 5539 1465 5573 ι
1496 5520 1549 5575 in
1581 5519 1875 5591 Evangelio
1906 5538 1919 5573 ε
1954 5539 1973 5570 ‹
2010 5517 2124 5574 Νοη
2235 5531 2357 5570 nem
2402 5531 2525 5569 cum
2567 5515 2777 5570 actibus
2807 5514 2940 5580 suis,
2983 5514 3190 5570 induite
3223 5525 3419 5570 novum
3443 5514 3560 5562 eum
3586 5505 3670 5564 ¹Ι¹¹¹

538 5615 660 5668 veni
684 5630 880 5670 vocare
915 5586 1230 5683 iustos,sed
1257 5620 1568 5682 peccatores
1599 5613 1649 5667 in
1673 5586 2070 5683 ptenitcntiam.
2100 5632 2121 5667 ι
2233 5616 2465 5662 novatur
2524 5607 2576 5662 in
2624 5606 2955 5678 agnitionem
3006 5609 3303 5664 secundum
3363 5595 3635 5683 imaginet“

541 5706 843 5761 ltcmibirr
877 5675 1017 5775 Quid
1040 5675 1285 5770 nobis,c-t
1317 5703 1445 5773 quid
1474 5703 1568 5760 tibi
1589 5675 1874 5772 JCSll,Filli
1902 5701 2124 5771 Dci,ve-
2231 5701 2324 5773 qui
2393 5700 2597 5758 creavit
2650 5675 2794 5756 eum.
2848 5721 2865 5754 ο
2932 5700 3185 5773 Nunquid
3244 5702 3292 5757 is
3356 5693 3443 5770 qui
3498 5675 3771 5743 universam
