4012 6440
547 323 641 378 Hi

1356 325 1651 383 APPEND‘.
1688 327 1782 382 AD
1821 324 1997 384 SEC.
2028 317 2120 383 [Χ.
2160 317 2229 369 -ξ-
2263 326 2514 386 ιδιυοιὶι
2548 327 2985 415 MERCATOIllS

3690 334 3783 393 M2

542 443 897 515 praperantes
916 434 971 491 In
1001 435 1288 499 adventum
1313 437 1419 494 diei
1444 437 1562 503 Dei,
1582 453 1679 508 per
1696 452 1857 508 quem
1889 437 2011 493 coeli
2033 454 2121 493 ar-
2151 448 2197 504 Α
2228 453 2351 517 nam
2377 453 2528 494 suam
2547 436 2795 510 gloriam,
2826 439 2879 494 in
2908 437 3125 509 Christo
3154 454 3280 511 gesu
3310 439 3576 496 modicum
3604 455 3776 511 passes

543 527 734 583 dentes
756 527 1052 596 solventur,
1075 536 1130 583 et
1153 528 1416 585 elementa
1448 524 1590 601 ignis
1614 527 1795 584 calore
1823 530 2119 585 tabescent.

542 616 654 674 Nos
688 632 820 672 vero
842 617 1010 674 cmlos
1038 633 1205 674 novos
1232 627 1287 674 et
1316 628 1515 673 terram
1553 605 1752 673 novam
1774 626 1830 674 et
1854 619 2122 688 promissa

542 706 712 774 ipsius
758 716 1138 778 exspectamus
1167 749 1182 774 ,
1232 708 1286 781 in
1334 708 1531 778 quibus
1570 705 1782 775 justitia
1833 700 2118 764 inhabitat.

542 793 689 850 Deus
712 805 892 851 autem
923 797 1100 853 omnis
1126 797 1317 871 gratiae
1352 797 1443 868 qui
1482 797 1699 853 vocavit
1722 812 1819 852 vos
1864 798 1917 852 in
1963 808 2121 854 aeter-

1644 888 1698 905 ρος

2231 528 2347 597 ipse
2396 518 2662 598 perﬁciet,
2717 528 3076 613 conﬁrmabit,
3142 538 3199 586 et
3254 530 3626 587 consolidabit.
3684 533 3776 604 ipsi

2229 621 2396 692 gloria
2437 630 2493 677 et
2538 622 2822 692 imperium
2871 623 2924 678 in
2971 623 3170 679 saecula
3219 622 3562 690 saeculorum,
3598 623 3772 681 Amen.

2225 706 2361 854 lData
2399 727 2431 766 ι
2467 711 2692 768 Kalend.
2732 712 2931 782 Martii,
2967 712 3160 799 Magno
3198 724 3254 770 et
3281 713 3564 772 Camerino
3598 728 3775 770 consu-

2248 798 2389 854 ibus.

2248 798 2389 855 ibus.

553 910 3753 941 MM

1340 983 1889 1090 INCIPIUNT
1944 985 2403 1065 DECRETA
2476 990 2622 1067 ΡΠ
2680 990 2983 1072 parm.

1574 1117 1650 1180 Ut
1694 1116 1794 1179 die
1823 1117 2147 1181 Dominico
2191 1119 2430 1185 Pascha
2469 1120 2830 1188 celebretur.

1780 1236 1946 1297 (Auno
1970 1234 2078 1298 H'l,
2107 1237 2385 1299 imperante
2408 1237 2523 1289 Ant.
2546 1237 2724 1302 Vero.)

611 1482 875 1540 Omnibus
902 1480 1161 1539 Ecelesiis
1199 1481 1254 1541 in
1282 1482 1471 1541 eadem
1517 1498 1623 1553 qua
1669 1500 1855 1541 sumus
1906 1485 2013 1541 ﬁde
2062 1496 2118 1542 et
2148 1495 2195 1556 Β
2219 1501 2543 1549 consensum
2599 1495 2827 1559 praestat
2868 1498 3075 1547 errantr
3099 1532 3112 1545 .
3144 1503 3286 1550 uves
3331 1507 3478 1550 en.m
3526 1504 3773 1567 pastorem

544 1573 792 1630 doctrina
840 1573 1202 1640 manentibus,
1245 1574 1373 1634 Ptus
1401 1574 1708 1646 apostolica:
1754 1576 1898 1633 sedis
1939 1578 2117 1633 archi-

544 1664 852 1733 episcopus.

613 1752 831 1808 Gratias
870 1753 1102 1823 agimus,
1133 1752 1364 1823 fratres,
1424 1757 1565 1825 Deo,
1612 1774 1869 1830 quoniam
1923 1761 2121 1819 crescit

543 1843 680 1899 ﬁdes
732 1851 912 1898 vestra
989 1851 1043 1910 et
1104 1844 1343 1916 abundat
1408 1847 1648 1915 cbaritas
1701 1848 2119 1922 uniuscujusque

540 1934 778 1989 omnium
808 1940 1045 1999 vestrum
1106 1935 1359 2003 invicem,
1412 1938 1485 1992 ita
1538 1946 1600 2001 ut
1650 1954 1747 1996 nos
1802 1940 1903 2010 ipsi
1935 1941 1991 1995 in
2027 1956 2121 1998 vo-

539 2024 625 2079 bis
666 2024 959 2096 gloriemur
988 2026 1041 2080 in
1070 2026 1328 2091 Ecclesiis
1376 2028 1490 2083 Dei.
1522 2028 1731 2095 Videte,
1773 2029 1992 2098 fratres,
2040 2032 2123 2088 vi-

541 2112 666 2169 dete
710 2121 771 2169 ut
820 2127 979 2170 nemo
1001 2130 1100 2170 vos
1128 2116 1372 2182 seducat,
1401 2115 1588 2173 volens
1631 2117 1686 2172 in
1733 2118 2037 2176 humilitate
2068 2130 2124 2184 et

510 2204 798 2276 ,religiOne
841 2206 1177 2278 angelorum,
1226 2225 1347 2279 qua:
1373 2226 1478 2266 non
1500 2210 1656 2279 vidit,
1704 2213 1986 2271 ambulans
2017 2214 2124 2271 fru—

542 2303 655 2350 stra
674 2334 689 2361 ,
716 2293 929 2357 inflatus
957 2311 1121 2364 sensu
1148 2299 1331 2365 carnis
1353 2315 1483 2367 suae,
1511 2308 1567 2357 et
1596 2316 1700 2356 nou
1725 2310 1911 2370 tenens
1942 2313 2122 2376 caput,

539 2400 608 2440 ex
652 2400 760 2455 quo
803 2394 973 2442 totum
1021 2403 1216 2459 corpus
1265 2404 1364 2459 per
1411 2407 1583 2455 nexus
1629 2400 1683 2449 et
1720 2394 2125 2464 coniunctiones

542 2473 907 2537 ministratum
955 2486 1009 2539 et
1052 2486 1423 2547 constructum
1470 2481 1745 2536 crescitin
1774 2493 2122 2555 augmentum

539 2564 790 2631 Domini;
832 2567 929 2633 scd
958 2567 1163 2635 induite
1191 2584 1288 2625 vos
1331 2571 1473 2639 sicut
1521 2572 1681 2647 electi
1726 2573 1845 2640 Dei,
1872 2576 2044 2630 sancti
2071 2584 2127 2630 et

540 2654 750 2722 dilecti,
778 2656 985 2719 viscera
1014 2659 1420 2726 misericordiae,
1456 2660 1863 2734 benignitatem,
1905 2666 2125 2720 humili-

543 2754 732 2812 tatem,
761 2748 1103 2823 modestiam,
1135 2752 1868 2825 patientiam,supportantes
1896 2756 2124 2819 invicem

2194 1593 2376 1637 suum
2402 1592 2509 1633 non
2538 1578 2962 1648 reprehendant,
3003 1580 3156 1652 plebs
3195 1596 3327 1643 vero
3355 1585 3657 1657 episcopum
3681 1603 3774 1646 non

2220 1678 2459 1737 accuset,
2503 1684 2605 1725 nec
2648 1670 2839 1741 vulgus
2872 1687 2996 1731 eum
3040 1683 3253 1745 arguat,
3298 1676 3554 1746 quoniam
3580 1694 3680 1735 non
3705 1687 3777 1736 est

2220 1761 2517 1832 discipulus
2567 1775 2729 1831 super
2770 1763 3125 1834 magistrum,
3180 1780 3358 1836 neque
3399 1780 3587 1825 servus
3634 1784 3774 1841 supra

2220 1849 2528 1918 Dominum.
2563 1850 2814 1922 Episcopi
2868 1861 3048 1911 autem
3095 1869 3127 1909 a
3162 1855 3273 1910 Deo
3331 1863 3459 1914 sunt
3500 1856 3772 1927 iudicandi,

2222 1943 2313 2012 qui
2341 1956 2434 1998 eos
2463 1942 2565 2000 sibi
2590 1942 2777 1999 oculos
2800 1944 2991 2015 elegit;
3024 1959 3148 2000 nam
3182 1960 3211 2000 a
3243 1947 3476 2013 subditis
3501 1957 3591 2003 aut
3616 1963 3775 2018 pran

2204 2035 2345 2095 vita:
2372 2035 2678 2091 hominibus
2701 2052 2807 2092 non
2834 2044 2961 2091 sunt
2982 2037 3240 2109 arguendi
3262 2036 3351 2093 vel
3377 2038 3675 2104 accusandi,
3696 2045 3776 2093 aut

2220 2124 2515 2192 lacerandi,
2546 2125 2662 2196 ipso
2682 2124 2909 2181 Domino
2931 2126 3235 2197 exemplum
3260 2128 3444 2194 dante,
3468 2127 3672 2197 quando
3693 2141 3776 2198 per

2223 2216 2487 2287 seipsum,
2536 2224 2592 2290 et
2625 2229 2732 2270 non
2784 2229 2880 2283 per
2922 2214 3086 2270 alium
3124 2215 3422 2272 vendentes
3470 2216 3773 2278 sacerdotes,

2224 2313 2279 2359 et
2307 2312 2551 2361 ementes
2589 2302 2750 2374 ejeeit
2792 2302 2859 2360 de
2899 2304 3120 2375 templo,
3162 2314 3219 2360 et
3254 2320 3472 2361 mensas
3501 2304 3774 2359 nummula-

2224 2395 2430 2450 riorum
2457 2394 2679 2464 proprio
2719 2396 2913 2451 evertit
2943 2394 3176 2469 ﬂagello,
3205 2404 3259 2451 et
3286 2394 3452 2467 eiecit
3474 2396 3537 2451 de
3559 2393 3767 2465 templo;

2224 2470 2281 2539 et
2308 2484 2449 2539 sicut
2478 2483 2607 2540 alibi
2637 2499 2735 2556 per
2757 2474 3077 2556 prophetam
3122 2485 3367 2557 loquitur
3409 2472 3623 2543 dicens:
3652 2483 3773 2539 Deus

2225 2577 2379 2652 stetit
2423 2576 2478 2631 in
2525 2591 2796 2655 synagoga
2852 2576 3094 2641 deorum,
3145 2576 3198 2631 in
3248 2577 3430 2633 medio
3469 2573 3772 2631 autemdeos

2226 2662 2505 2719 discernit.
2554 2662 2611 2718 Si
2658 2661 2781 2737 quis
2828 2678 3014 2719 veroa
3060 2679 3159 2719 suo
3197 2666 3472 2737 proposito
3501 2670 3769 2719 retrorsum

2228 2752 2640 2817 exorbitaverit,
2688 2759 2744 2808 et
2775 2749 2984 2828 jussum
3034 2742 3342 2823 apostolicae
3386 2753 3528 2810 sedis
3569 2752 3773 2809 libenter

541 2845 598 2891 et
640 2838 906 2897 donantes
947 2841 1348 2913 vobismetipsis
1378 2845 1422 2899 si
1451 2845 1574 2917 quis
1612 2846 1775 2903 habet
1824 2847 2117 2921 querelam.
2150 2868 2196 2931 ο
2228 2854 2600 2931 transgressus
2625 2842 2807 2910 fuerit,
2833 2842 3049 2899 infamis
3071 2841 3321 2899 edicitur.
3350 2842 3638 2931 Reprobari
3661 2852 3771 2910 ergo

541 2929 610 2985 Et
631 2931 771 2987 sicut
797 2932 1046 3009 Christus
1071 2935 1290 3011 donavit
1318 2939 1492 3005 vobis,
1523 2939 1597 3017 ita
1624 2947 1679 2995 et
1706 2955 1823 2995 vos.
2110 3008 2113 3013 _

611 3022 880 3078 Caeterum
927 3040 1087 3083 nosse
1131 3043 1228 3084 vos
1260 3020 1526 3085 volumus
1567 3032 1709 3101 quod
1757 3030 1962 3095 Pascha
2013 3031 2121 3089 Do-

540 3111 699 3177 mini,
742 3113 830 3168 die
873 3116 1153 3172 Dominica
1200 3120 1397 3190 annuis
1431 3119 1864 3197 solemnitatibus
1889 3122 1961 3177 sit
1987 3122 2123 3178 cele-

541 3204 830 3259 brandum.
863 3204 986 3277 istis
1010 3222 1140 3278 ergo
1165 3211 1502 3279 temporibus
1531 3209 1759 3268 Hermes
1786 3212 1977 3269 doctor
1997 3213 2123 3270 ﬁdei

542 3303 599 3349 et
621 3292 1024 3376 Scripturarum
1060 3298 1259 3355 etl'ulsit
1286 3301 1430 3362 inter
1458 3318 1577 3361 nos.
1611 3302 1678 3358 Et
1704 3302 1830 3367 licet
1856 3320 1954 3367 nos
1978 3305 2121 3362 idem

545 3383 753 3441 Pascha
803 3388 1060 3457 praedicta
1106 3389 1194 3445 die
1243 3376 1600 3457 celebremus,
1649 3401 1706 3450 et
1747 3394 1969 3466 quidam
1997 3396 2122 3452 inde

510 3522 515 3527 .
544 3475 879 3543 dubitarent,
912 3479 980 3534 ad
1005 3481 1436 3541 corroborandas
1478 3493 1657 3540 tamen
1697 3484 1910 3545 animas
1930 3500 2119 3548 eorum

542 3567 718 3624 eidem
769 3568 982 3629 Hermae
1031 3572 1255 3643 angelus
1305 3574 1521 3633 Domini
1565 3576 1620 3634 in
1669 3576 1856 3637 habitu
1886 3576 2123 3646 pastoris

541 3659 792 3731 apparuit
828 3669 884 3717 et
920 3665 1178 3733 praecepit
1200 3664 1270 3729 ei,
1300 3673 1359 3719 ut
1383 3664 1592 3722 Pascha
1620 3667 1709 3725 die
1735 3666 2019 3733 Dominico
2053 3666 2123 3721 ab

510 3751 797 3807 .omnibus
845 3752 1214 3830 celebraretur
1262 3765 1502 3827 tempore
1547 3771 1685 3822 suo;
1741 3756 1883 3835 unde
1923 3765 1982 3810 et
2025 3771 2123 3812 vos

542 3843 838 3911 apostolica
862 3845 1189 3906 auctoritate
1220 3847 1539 3903 instruimus
1562 3862 1752 3904 omnes
1785 3849 1974 3905 eadem
2000 3862 2121 3905 ser-

543 3945 674 3986 vare
704 3932 927 4000 debere,
956 3936 1085 4005 quia
1115 3946 1171 3997 et
1208 3952 1309 4013 nos
1325 3927 1518 4005 eadem
1551 3953 1854 4009 servamus,
1903 3955 2006 4007 nec
2029 3943 2121 4011 de-

542 4023 685 4079 betis
704 4039 735 4078 a
765 4026 942 4096 capite
970 4032 1351 4099 quoquomodo
1376 4032 1661 4109 dissidere.

612 4112 814 4173 Cavete
848 4118 1133 4190 diligenter
1160 4137 1371 4188 omnes,
1403 4139 1472 4180 ne
1497 4125 1618 4194 quis
1645 4140 1741 4203 vos
1766 4125 2003 4196 decipiat
2024 4142 2123 4198 per

2224 2922 2439 3003 oportet
2488 2922 2672 2990 eorum
2728 2933 3139 3013 redargutiones
3173 2934 3266 3013 qui
3294 2934 3349 2989 in
3380 2941 3526 2990 recta
3564 2930 3661 2986 ﬁde
3695 2944 3771 2984 su-

2223 3025 2392 3096 specti
2442 3034 2587 3080 sunt.
2636 3024 2796 3080 Fides
2848 3032 3025 3080 autem
3078 3032 3134 3081 et
3181 3026 3523 3082 conversatio
3562 3022 3768 3098 primum

2223 3113 2512 3170 scrutanda
2545 3122 2646 3179 est,
2679 3123 2729 3169 et
2762 3114 2940 3170 denuo
2966 3114 3054 3185 qui
3093 3113 3600 3187 irreprehensibiles
3631 3122 3772 3180 appa-

2221 3205 2432 3269 ruerint
2470 3214 2598 3259 sunt
2640 3204 2954 3275 recipiendi,
2986 3213 3039 3259 et
3061 3220 3168 3261 non
3209 3206 3386 3277 prius,
3416 3203 3539 3275 quia
3573 3220 3591 3254 ι
3620 3199 3770 3255 bonus

2222 3296 2404 3364 homo,
2438 3315 2458 3349 ι
2487 3304 2719 3353 testante
2744 3296 3001 3353 Veritatis
3023 3311 3178 3364 voce,
3211 3315 3230 3349 ι
3266 3313 3332 3353 ex
3366 3300 3503 3353 bono
3550 3294 3775 3349 thesauro

2222 3390 2400 3445 cordis
2425 3390 2507 3445 sui
2532 3389 2737 3460 profert
2757 3390 2923 3455 bona,
2946 3389 3120 3446 malus
3141 3390 3300 3446 homo
3321 3404 3398 3445 ex
3421 3387 3561 3445 malo
3587 3385 3780 3440 thesau-

2221 3497 2283 3537 ro
2300 3482 2480 3537 cordis
2492 3482 2574 3537 sui
2599 3481 2805 3551 profert
2823 3481 2986 3537 mala.
3006 3481 3085 3537 Ex
3106 3482 3443 3547 abundantia
3465 3480 3603 3546 enim
3622 3471 3779 3531 cordis

2221 3587 2284 3629 os
2309 3572 2567 3643 loquitur,
2601 3592 2620 3626 ι
2648 3573 2769 3629 ideo
2790 3587 3019 3643 persona
3045 3580 3100 3628 et
3122 3574 3305 3644 opinio
3326 3589 3402 3629 ac
3420 3574 3527 3627 vita
3548 3568 3777 3624 uniuscu—

2215 3661 2411 3732 jusque
2454 3662 2506 3716 in
2553 3662 2707 3734 initio
2747 3662 2993 3717 rimanda
3034 3671 3137 3730 est,
3165 3663 3291 3734 quia
3319 3663 3453 3720 boni
3478 3671 3684 3729 semper
3707 3653 3777 3727 in.

2222 3751 2488 3823 festantur
2513 3766 2545 3806 a
2571 3752 2744 3808 malis.
2792 3752 2926 3808 Boni
2966 3753 3110 3808 enim
3135 3768 3258 3809 cum
3284 3753 3465 3817 malis,
3498 3751 3618 3806 licet
3644 3739 3774 3801 misti

2222 3842 2334 3898 sint
2375 3842 2426 3897 in
2472 3842 2736 3909 Ecclesia,
2787 3844 2875 3909 vix
2902 3844 3232 3915 concordare
3262 3844 3630 3905 inveniuntur,
3654 3848 3773 3907 quo.

2223 3935 2369 3990 niam
2386 3935 2664 4009 dissimilis
2684 3946 2973 4011 esteorum
2999 3936 3276 4005 cogitatio,
3292 3936 3773 3991 voluntasetactus.

2222 4026 2367 4093 Nihil
2393 4027 2536 4083 enim
2567 4026 2784 4102 prodest
2811 4026 3017 4097 homini
3040 4026 3290 4097 jejunare
3317 4034 3379 4081 et
3406 4037 3581 4088 orare,
3612 4026 3662 4075 et
3683 4013 3774 4069 alia

2224 4118 2500 4193 religionis
2518 4118 2663 4196 bona.
2687 4132 2870 4188 agere,
2899 4117 3003 4174 nisi
3052 4132 3207 4190 ruens
3229 4118 3298 4173 ab
3321 4116 3605 4187 iniquitate
3633 4120 3774 4164 revo-

543 4206 780 4278 aliquam
831 4210 1180 4282 astrologiam
1225 4213 1311 4269 vel
1355 4202 1750 4285 philosophiam
1798 4226 1856 4283 et
1902 4218 2117 4274 inanem
2149 4218 2413 4292 Dcetur,
2466 4217 2521 4263 et
2571 4209 2639 4263 ab
2695 4207 3178 4270 obtrmtationibus
3229 4206 3412 4278 lingua
3463 4202 3773 4292 cohibeatur.

544 4300 836 4369 fallaciam,
880 4306 1176 4370 secundum
1216 4307 1558 4365 traditionem
1598 4308 1904 4373 hominum,
1933 4324 2118 4366 secunc

543 4395 671 4449 dum
699 4395 963 4459 elementa
1010 4400 1220 4475 mundi,
1269 4409 1324 4461 et
1368 4416 1474 4456 non
1517 4402 1814 4465 secundum
1842 4384 2119 4471 Christum

540 4494 596 4541 et
615 4489 959 4551 traditionem
991 4500 1217 4553 rectam.
1240 4509 1257 4544 ι
1278 4492 1335 4551 ln
1365 4494 1583 4551 Christo
1610 4495 1755 4557 enim
1774 4496 1985 4571 habitat
2004 4511 2121 4552 om-

543 4577 629 4632 nis
673 4577 953 4649 plenitudo
995 4581 1294 4640 divtnitatis
1330 4583 1687 4653 corporaliter
1714 4594 1772 4640 ut
1799 4586 1921 4641 sitis
1944 4585 1999 4641 in
2027 4586 2120 4646 illo

545 4667 755 4739 repleti,
780 4669 870 4740 qui
885 4681 969 4725 est
990 4677 1151 4740 caput
1167 4671 1343 4735 omnis
1355 4672 1688 4742 principatus
1705 4681 1760 4727 et
1778 4673 2082 4743 potestatis,
2095 4692 2115 4725 ι

543 4757 636 4827 qui
671 4758 790 4813 sine
818 4758 983 4820 dubio
1023 4759 1116 4829 qui
1151 4769 1340 4816 contra
1370 4762 1624 4824 mandata
1654 4761 1748 4828 Dei
1772 4762 1884 4833 agit
1908 4771 2117 4830 peccat,

541 4856 597 4903 et
616 4849 706 4917 qui
734 4863 1055 4904 consensum
1085 4859 1308 4920 praestat
1329 4852 1555 4906 erranti.
1585 4850 1737 4921 lianc
1763 4860 2008 4919 sanctam
2039 4866 2120 4909 se-

542 4938 666 4993 dem
707 4940 1058 5009 apostolicam
1102 4942 1345 4997 omnium
1394 4942 1761 5012 Ecclesiarum
1802 4951 1965 5013 caput
1998 4959 2119 4999 esse

543 5031 817 5100 praecepit,
865 5031 981 5101 ipso
1019 5032 1233 5100 dicente
1260 5033 1491 5103 principi
1521 5034 1888 5104 apostolorum
1914 5032 2076 5087 Petro
2102 5052 2113 5086 :

546 5139 567 5172 ι
599 5118 678 5175 Tu
712 5135 773 5175 es
814 5120 1007 5177 Petrus
1030 5131 1085 5178 et
1117 5138 1279 5193 super
1304 5123 1444 5178 hanc
1470 5132 1679 5192 petram
1708 5122 1987 5192 aediﬁcabo
2016 5122 2121 5178 Ec-

539 5210 758 5267 elesiam
777 5226 973 5278 meam,
987 5222 1221 5284 etporta:
1243 5211 1400 5283 inferi
1419 5228 1524 5268 nou
1549 5213 1917 5285 praevalebunt
1929 5213 2119 5269 adver-

542 5314 635 5355 sus
657 5313 799 5365 eam,
823 5308 879 5355 et
906 5301 999 5355 tibi
1030 5301 1168 5367 dabo
1189 5301 1371 5357 claves
1390 5301 1536 5373 regni
1558 5300 1834 5358 calorum.
1858 5302 1927 5358 Et
1948 5303 2122 5373 quod-

540 5406 755 5461 cunque
818 5391 1068 5462 ligaveris
1116 5408 1277 5463 super
1321 5401 1523 5448 terram
1586 5393 1692 5447 erit
1770 5392 1994 5463 ligatum
2060 5403 2116 5448 et

2223 4302 2365 4375 unde
2397 4301 2473 4357 ait
2497 4300 2761 4371 propheta
2789 4313 2804 4353 :
2838 4317 2861 4374 ς
2890 4298 3096 4356 Cohibe
3120 4299 3357 4372 linguam
3398 4308 3544 4354 tuaru
3571 4308 3601 4365 a
3626 4286 3771 4348 malo.

2218 4398 2275 4465 et
2318 4386 2459 4445 labia
2491 4398 2586 4444 tua
2625 4404 2694 4445 ne
2731 4388 3021 4459 loquantur
3045 4388 3249 4461 dolum,
3278 4389 3488 4455 divorte
3515 4401 3545 4440 a
3572 4379 3702 4437 malo
3729 4380 3776 4428 et

2211 4479 2307 4557 {ac
2329 4481 2551 4536 bonum.
2576 4499 2596 4533 ι
2621 4478 2790 4537 Nemo
2819 4479 2966 4536 enim
2992 4480 3193 4536 bonum
3223 4478 3431 4556 faciens
3454 4473 3605 4532 alteri
3628 4465 3774 4531 verbo

2221 4584 2315 4631 aut
2351 4574 2496 4631 facto
2520 4589 2722 4647 nocere
2746 4572 2878 4641 vult,
2908 4584 3114 4645 quanto
3143 4574 3325 4629 nrinus
3350 4574 3405 4628 in
3432 4567 3773 4638 suspicronem

2222 4668 2382 4737 debet
2404 4666 2589 4721 venire
2634 4664 2806 4721 ﬁdelis
2830 4666 2991 4732 homo
3018 4672 3078 4718 ut
3101 4664 3245 4736 dicat
3276 4673 3371 4718 aut
3392 4661 3556 4717 faciat
3580 4668 3640 4710 ea
3670 4658 3777 4737 qua:

2362 4770 2470 4809 non
2502 4753 2807 4829 vultl‘Quia
2834 4753 3012 4809 omnis
3029 4734 3265 4823 suspicio
3292 4754 3470 4824 porins
3492 4734 3775 4833 repellenda

2223 4830 2484 4917 estquam
2508 4826 2852 4917 approbando
2879 4844 2960 4898 vel
2987 4843 3312 4916 recipienda.
3340 4862 3359 4895 ‹
3382 4837 3626 4898 Charitas
3645 4826 3773 4917 enim

2206 4912 2355 5010 ,non‘
2379 4912 2595 5003 quaeri—tv
2615 4914 2736 5003 qua:
2764 4948 2859 4987 sua
2889 4941 3036 4998 sunt,
3069 4912 3210 4988 {sed
3235 4948 3355 5003 qua:
3394 4931 3639 5010 aliorum.
3662 4912 3775 4986 quia

2222 5009 2385 5096 unius
2417 5038 2581 5077 causa
2610 5023 2901 5097 multorum
2935 5039 3039 5077 non
3070 5033 3153 5103 est
3181 5018 3533 5092 prmferenda.
3558 5032 3575 5065 r
3608 5009 3776 5103 Secia-

2222 5112 2350 5169 nrini
2366 5112 2464 5167 cha
2474 5113 2707 5178 ritatem,
2721 5111 3042 5166 aanrulamini
3059 5099 3376 5183 spiritualia.
3392 5099 3774 5181 Clraritasenim

2221 5182 2432 5281 patiens
2473 5188 2579 5269 est,
2627 5203 2855 5273 benigna
2897 5213 3000 5258 est.
3035 5182 3286 5257 Charitas
3314 5203 3454 5257 enim
3487 5208 3590 5251 non
3617 5194 3772 5243 mm“-

2221 5296 2384 5359 latur,
2422 5310 2525 5349 non
2560 5296 2671 5366 agit
2693 5309 2999 5364 perperam,
3030 5282 3136 5350 non
3165 5291 3404 5357 inﬂatur,
3434 5302 3537 5343 non
3565 5286 3645 5336 est
3665 5286 3770 5328 ant-

2219 5389 2434 5453 biliosa,
2463 5402 2567 5442 non
2592 5387 2784 5456 qumr'it
2805 5401 2924 5455 qua:
2949 5400 3044 5439 sua
3074 5392 3219 5450 sunt,
3252 5400 3357 5439 non
3387 5378 3644 5436 irritatur,
3672 5375 3767 5417 ηοιι

2221 5484 2421 5554 cogitat
2466 5481 2687 5546 malum,
2734 5496 2841 5535 non
2885 5478 3084 5550 gaudet
3124 5494 3286 5549 super
3319 5473 3631 5545 iniquitate;
3657 5472 3772 5560 corr

2220 5552 2417 5644 gaudet
2451 5583 2631 5630 autem
2660 5575 2895 5641 veritati,
2925 5575 3104 5629 omnia
3134 5572 3345 5639 suﬂ'crt,
3377 5567 3555 5626 omnia
3591 5552 3777 5613 credit,

2224 5665 2401 5721 Omnia
2434 5675 2635 5736 sperat,
2683 5665 2862 5721 omnia
2915 5663 3162 5720 sustinet.
3220 5663 3467 5719 Charitas
3515 5651 3767 5714 ιιιιιιίίυτυῖι

508 5482 600 5550 .in
657 5481 796 5538 caelo
823 5523 839 5549 ,
888 5491 944 5536 et
975 5484 1331 5553 quodcunque
1369 5484 1475 5539 erit
1519 5482 1751 5539 solutum
1801 5499 1962 5554 super
2008 5491 2116 5538 ter--

510 5586 662 5643 -ram
712 5571 819 5626 erit
872 5570 1105 5627 solutum
1154 5578 1209 5626 et
1252 5572 1304 5627 in
1353 5571 1493 5645 coelo
1551 5570 1766 5643 (Matth.
1803 5571 2056 5640 xvr,18).
2090 5592 2107 5624 ι

547 5659 686 5741 Quid
729 5661 872 5718 enim
922 5661 1143 5749 prodest
1188 5661 1262 5717 illi
1308 5677 1405 5717 suo
1449 5676 1634 5719 errore
1660 5677 1767 5718 non
1810 5661 1974 5730 pollui
2021 5663 2111 5732 qui
