4012 6436
230 348 316 401 n3
1362 347 1850 405 oecasmuuu
1885 329 2286 407 COLLECTIOI
3332 354 3436 410 tu

224 453 418 511 excidit.
443 473 460 506 ι
482 451 701 524 Semper
725 468 855 525 rogo
879 470 996 520 vos,
1021 464 1079 510 nt
1103 456 1372 512 deteriora
1405 458 1680 527 rejiciatis,
1707 467 1762 514 et
1792 461 1838 522 Α
1865 474 1984 514 mus
2023 476 2143 530 quae
2181 476 2211 514 a
2252 461 2363 516 Deo
2397 459 2596 514 donata
2620 467 2746 515 sunt
2788 459 2962 525 nobis,
2989 470 3043 516 et
3068 435 3131 516 ea
3157 463 3435 520 sectemini

223 543 422 600 meliora
468 545 782 615 perficiatis,
829 545 954 617 quia
995 562 1094 602 nos
1131 563 1236 602 non
1284 549 1534 617 spiritum
1579 551 1766 605 mundi
1863 549 2255 606 indifferenter.
2296 550 2431 607 Data
2457 551 2679 607 vuldus
2701 550 2902 622 Aprilis
2973 550 3132 608 Claro
3159 562 3213 610 et
3235 551 3438 612 Severo

222 636 525 716 accepimus,
571 637 661 692 sed
703 635 963 707 Spiritum
994 638 1084 708 qui
1125 653 1191 693 ex
1237 639 1345 694 Deo
1385 650 1488 707 est,
1531 650 1591 696 ut
1628 643 1766 696 scia-
1870 639 2204 697 consulibus.

1022 853 1404 915 EPISTOLA
1449 855 1553 915 Pll
1596 817 1836 918 PAPEE.
1865 853 2207 916 ITALICIS
2250 853 2598 915 DIRECTA

272 1035 389 1091 Pius
430 1032 687 1089 Romana:
732 1035 883 1090 urbis
922 1035 1380 1108 archiepiscopus,
1427 1037 1624 1094 Italicis
1654 1039 1764 1094 fra-

217 1126 365 1181 tribus
386 1124 613 1180 salutem
643 1125 699 1179 in
729 1124 974 1180 Domino.

271 1218 442 1284 Scitis,
490 1217 707 1285 fratres,
744 1217 869 1289 quia
913 1218 1007 1272 Dei
1047 1217 1374 1290 agricultura
1400 1235 1606 1286 sumus,
1640 1220 1760 1277 ideo

211 1309 310 1379 ejus
356 1308 630 1378 adjutores
681 1324 800 1364 esse
851 1309 1130 1375 debemus,
1184 1311 1479 1367 secundum
1527 1314 1756 1386 gratiam

212 1415 350 1470 quam
374 1400 484 1470 ipse
529 1400 680 1455 dedit
721 1401 910 1467 nobis;
948 1401 991 1456 si
1024 1402 1126 1457 hoc
1155 1411 1334 1458 autem
1356 1418 1475 1460 esse
1503 1405 1754 1477 neglexe-

212 1491 372 1556 rimus,
409 1491 544 1546 nulli
587 1491 805 1548 dubium
837 1500 920 1547 est
952 1495 1094 1564 quod
1121 1493 1517 1553 damnabimur.
1548 1498 1605 1554 Si
1629 1515 1758 1556 vero

210 1581 253 1635 in
274 1581 378 1650 ejus
421 1583 646 1638 servitio
698 1598 796 1652 pro
838 1582 1042 1651 viribus
1066 1585 1508 1654 laboraverimus,
1536 1590 1760 1660 verique

209 1672 306 1742 ejus
329 1672 603 1743 adjutores
626 1671 907 1739 fuerimus,
937 1674 1157 1745 ejusque
1182 1673 1509 1732 voluntatem
1537 1680 1759 1750 implere

208 1767 560 1834 studuerimus,
593 1767 838 1839 profecto
859 1768 925 1822 ab
949 1768 1037 1823 illo
1067 1769 1377 1836 ditabimur,
1401 1771 1528 1842 quia
1568 1773 1756 1828 unius-

1869 1054 1976 1094 non
2007 1039 2062 1094 in
2093 1039 2362 1094 fermento
2387 1036 2578 1102 veteri,
2629 1051 2800 1105 neque
2836 1037 2888 1090 in
2935 1036 3200 1092 fermento
3219 1036 3437 1096 malitia:

1867 1139 1922 1186 et
1945 1131 2219 1202 nequitiae,
2247 1131 2343 1186 sed
2394 1130 2449 1184 in
2495 1127 2700 1198 azymis
2729 1129 3054 1184 sinceritatis
3080 1138 3137 1184 et
3171 1131 3432 1187 veritatis.

1868 1221 2070 1293 Scripsi
2097 1223 2250 1278 vobis
2275 1223 2328 1277 in
2354 1221 2602 1290 epistola,
2629 1219 2705 1274 ait
2738 1219 2879 1274 idem
2907 1220 3021 1290 ipse
3034 1220 3341 1290 Apostolus,
3368 1237 3437 1278 ne

1864 1311 2321 1367 commisceamini
2374 1310 2701 1377 fornicariis,
2760 1325 2867 1365 non
2908 1311 3094 1380 utique
3125 1312 3438 1368 fornicariis

1864 1402 2021 1472 hujus
2067 1403 2274 1470 mundi,
2308 1411 2401 1456 aut
2438 1402 2636 1469 avaris,
2678 1411 2771 1456 aut
2812 1403 3114 1471 rapacibus,
3151 1414 3244 1458 aut
3274 1403 3433 1458 idolis

1859 1493 2235 1547 servientibus.
2308 1491 2560 1562 Alioquin
2623 1492 2930 1547 debueratis
2983 1493 3048 1546 de
3091 1492 3193 1547 hoc
3239 1492 3439 1546 mundo

1859 1584 2056 1638 exisse.
2102 1583 2256 1638 Nunc
2285 1593 2466 1638 autem
2517 1583 2710 1652 scripsi
2756 1583 2908 1638 vobis
2936 1598 3042 1637 non
3074 1583 3435 1638 commisceri.

1861 1674 2061 1744 Siquis
2107 1683 2286 1728 autem
2333 1673 2504 1726 frater
2544 1673 2851 1727 nominatus
2882 1681 2963 1727 est
3005 1672 3316 1738 fornicator,
3347 1678 3441 1725 aut

1861 1778 2076 1828 avarus,
2109 1771 2200 1816 aut
2225 1761 2380 1817 idolis
2401 1761 2665 1826 serviens,
2699 1760 3119 1828 autmaledicus,
3150 1768 3240 1814 aut
3265 1759 3441 1815 ebrio-

208 1861 435 1930 cujusque
482 1875 622 1931 opus
663 1861 818 1930 quale
847 1861 936 1926 sit,
967 1870 1027 1914 ut
1049 1862 1123 1915 ait
1161 1862 1466 1931 Apostolus,
1497 1863 1613 1919 dies
1646 1864 1754 1920 Do-
1786 1866 1830 1924 tt
1857 1862 1982 1920 sas.
2012 1863 2105 1908 aut
2135 1870 2319 1924 rapax,
2353 1869 2474 1908 cum
2507 1851 2809 1921 huiusmodi
2858 1866 2958 1906 nec
2994 1853 3171 1907 cibum
3201 1866 3434 1906 sumere.

209 1952 315 2006 mini
352 1952 669 2017 declarabit,
701 1961 754 2006 et
795 1953 932 2023 ignis
955 1951 1218 2023 probabit.
1251 1953 1332 2009 Ad
1363 1956 1544 2011 sedem
1577 1966 1754 2013 autem

209 2043 523 2112 apostolicam
551 2045 818 2113 perlatum
848 2054 934 2100 est
957 2046 1098 2116 quod
1122 2045 1230 2100 sint
1254 2046 1394 2100 inter
1416 2062 1511 2102 vos
1536 2057 1758 2103 conten-

208 2137 350 2190 tiones
393 2144 445 2190 et
472 2135 870 2199 :emulationes,
903 2144 957 2190 et
981 2136 1178 2206 praedia
1207 2136 1405 2192 divinis
1431 2138 1614 2194 usibus
1643 2147 1756 2194 tra-

208 2227 312 2289 dita,
354 2229 566 2297 quidam
625 2228 876 2282 humanis
905 2228 1175 2296 applicant
1217 2229 1424 2293 usibus,
1447 2238 1503 2284 et
1526 2229 1756 2285 Domino

212 2319 299 2372 Deo
322 2320 400 2374 cui
433 2320 634 2374 tradita
683 2327 809 2374 sunt
850 2336 909 2375 ea
942 2320 1268 2376 subtrahunt
1317 2331 1374 2376 ut
1416 2323 1527 2377 suis
1569 2322 1757 2378 usibus

208 2408 482 2464 inserviant.
503 2410 848 2480 QuaprOpter
867 2412 934 2465 ab
955 2411 1201 2465 omnibus
1227 2411 1369 2466 illius
1394 2412 1758 2481 usurpationis

209 2503 494 2558 contumelia
540 2503 862 2574 depellenda
890 2511 994 2570 est,
1041 2519 1109 2559 ne
1151 2504 1352 2574 praedia
1385 2503 1490 2559 sibi
1520 2511 1757 2559 secreto-

209 2609 302 2646 rum
323 2594 622 2650 cmlestium
664 2595 840 2650 dicata
868 2611 897 2648 a
929 2595 1246 2665 quibusdam
1293 2595 1622 2652 irruentibus
1663 2613 1757 2653 ve-

209 2691 384 2736 xentur.
426 2683 582 2751 Quod
625 2684 670 2738 si
705 2685 987 2754 quisquam
1011 2686 1434 2754 prmsumpserit,
1462 2687 1755 2756 sacrilegus

208 2771 452 2840 habeatur,
487 2781 543 2829 et
573 2774 714 2828 sicut
751 2775 1046 2844 sacrilegus
1066 2773 1356 2842 judicetur.
1398 2776 1544 2845 lpsos
1577 2785 1754 2830 autem

209 2862 278 2930 qui
304 2863 393 2918 hoc
417 2872 606 2933 agunt,
638 2863 811 2919 cleros
858 2873 913 2919 et
957 2865 1170 2920 Domini
1224 2866 1534 2920 sacerdotes
1569 2880 1755 2936 persc-

208 2954 295 3020 qui,
322 2970 509 3025 eosque
544 2955 812 3011 infamare
861 2955 1186 3023 audivimus,
1239 2965 1297 3010 ut
1348 2957 1546 3011 malum
1595 2971 1756 3026 super

211 3045 374 3100 malum
404 3048 632 3112 addant,
656 3056 710 3100 et
736 3047 1031 3101 deteriores
1060 3046 1219 3110 fiant;
1259 3063 1365 3102 non
1397 3047 1755 3117 intelligentes

183 3136 322 3202 quod
366 3138 605 3193 Ecclesia
652 3137 860 3192 Domini
911 3139 963 3192 in
1015 3139 1384 3193 sacerdotibus
1425 3138 1672 3194 consistit
1701 3146 1758 3193 et

1860 1946 1997 2011 Quid
2055 1945 2198 2000 enim
2244 1943 2376 1998 mihi
2424 1945 2489 1999 de
2523 1944 2608 1998 his
2662 1944 2754 2013 qui
2808 1942 2940 1997 foris
2985 1951 3113 1996 sunt
3153 1941 3437 2010 judicare?

1860 2033 2049 2091 Nonne
2086 2035 2258 2090 dehis
2295 2035 2384 2104 qui
2415 2034 2560 2090 intus
2591 2043 2715 2089 sunt
2745 2033 3152 2104 vosjudicatis?
3185 2032 3318 2086 Nam
3341 2047 3435 2087 eos

1858 2125 1948 2194 qui
1996 2124 2128 2180 foris
2174 2133 2299 2180 sunt
2340 2125 2482 2179 Deus
2528 2125 2814 2195 judicabit.
2867 2123 3094 2179 Auferte
3138 2123 3334 2177 malum
3369 2138 3436 2178 ex

1859 2214 2012 2269 vobis
2049 2214 2196 2284 ipsis.
2230 2214 2407 2268 Audet
2426 2213 2622 2284 aliquis
2647 2222 2906 2280 vestrum,
2938 2214 3145 2270 habens
3166 2214 3437 2284 negotium

1861 2306 2121 2361 adversus
2171 2304 2437 2371 alterum,
2492 2301 2726 2372 judicari
2767 2304 2906 2374 apud
2952 2304 3166 2373 iniquos
3218 2312 3272 2358 et
3328 2318 3436 2357 non

1861 2401 2000 2472 apud
2031 2399 2291 2455 sanctos?
2332 2398 2414 2452 An
2451 2398 2675 2452 nescitis
2701 2397 2954 2468 quoniam
3003 2396 3176 2452 sancti
3225 2395 3319 2450 Dei
3371 2395 3437 2449 de

1830 2521 1832 2523 >
1861 2493 2063 2548 mundo
2080 2490 2444 2560 iudicabunt?
2471 2491 2535 2544 Et
2569 2490 2613 2545 si
2642 2489 2695 2543 in
2727 2489 2879 2543 vobis
2921 2487 3253 2557 judicabitur
3281 2501 3436 2540 mun-

1859 2587 1982 2650 dus,
2020 2583 2221 2653 indigui
2253 2583 2386 2638 estis
2425 2581 2642 2651 quidem
2681 2588 2740 2633 ut
2775 2579 2839 2634 de
2880 2577 3118 2632 minimis
3161 2575 3435 2647 judicetis,

1860 2676 2082 2730 nescitis
2111 2675 2364 2744 quoniam
2393 2672 2611 2744 angelos
2643 2670 3046 2742 judicabimus?
3083 2676 3287 2739 quanto
3316 2681 3432 2720 ma-

1859 2765 2275 2839 gisgsazcularia!
2312 2765 2602 2820 Saicularia
2627 2765 2784 2835 igitur
2803 2760 3009 2833 judicia
3041 2762 3085 2816 si
3115 2759 3431 2822 habueritis,

1859 2860 2292 2930 contemptibiles
2317 2859 2408 2929 qui
2461 2867 2585 2913 sunt
2611 2857 2664 2911 in
2693 2857 2938 2912 Ecclesia
2979 2853 3097 2908 illos
3125 2851 3436 2907 constituite

1859 2952 1925 3005 ad
1971 2948 2342 3020 judicandum.
2373 2947 2456 3001 Ad
2503 2947 2881 3004 verecundiam
2911 2955 3149 3002 vestram
3181 2941 3324 3004 dico,
3355 2940 3438 2995 sic

1859 3058 1964 3097 non
1995 3049 2077 3097 est
2112 3041 2253 3095 inter
2281 3055 2378 3096 vos
2420 3041 2636 3110 sapiens
2669 3039 2958 3109 quisquam
2987 3037 3077 3107 qui
3102 3035 3270 3106 possit
3289 3030 3436 3105 judi-

1858 3145 1985 3188 care
2021 3129 2247 3186 ἴηλα-επὶ
2294 3145 2469 3194 suum,
2510 3128 2606 3183 sed
2640 3128 2811 3183 frater
2851 3142 2973 3181 cum
3013 3125 3180 3179 fratre
3226 3122 3433 3192 judicio

210 3231 374 3285 crescit
419 3233 470 3286 in
512 3230 772 3302 templum
823 3231 936 3286 Dei.
999 3231 1065 3285 Et
1121 3231 1261 3286 sicut
1311 3232 1404 3300 qui
1457 3231 1752 3287 Ecclesiani
1783 3240 1826 3302 ρ
1859 3221 2154 3288 contendit,
2187 3229 2241 3276 et
2285 3221 2386 3276 hoc
2423 3218 2563 3290 apud
2619 3217 2883 3273 infideles.
2918 3215 3037 3270 Jam
3071 3215 3290 3285 quidem
3312 3228 3432 3268 om-

214 3319 288 3374 Dei
325 3331 491 3377 vastat
523 3331 585 3378 ct
620 3321 734 3390 ejus
770 3321 969 3391 praedia
1013 3328 1068 3376 et
1111 3321 1333 3374 donaria
1380 3321 1643 3389 exspoliat
1695 3329 1750 3375 et

211 3408 378 3466 invadit
419 3412 476 3466 ﬂt
525 3411 842 3482 sacrilegus,
871 3411 952 3465 sic
981 3419 1034 3464 et
1061 3410 1146 3466 ille
1173 3410 1262 3480 qui
1291 3410 1407 3480 ejus
1442 3410 1750 3464 sacerdotes

211 3500 471 3572 insequitur
500 3503 774 3573 sacrilegii
827 3517 948 3557 reus
987 3502 1192 3568 existit,
1239 3510 1294 3556 et
1337 3501 1630 3570 sacrilegus
1663 3499 1750 3569 ju-

211 3593 405 3649 dicatnr.
448 3595 823 3660 zEmulamini,
874 3594 1089 3659 fratres,
1132 3594 1460 3649 charismata
1502 3593 1743 3655 meliora,

210 3691 253 3737 et
274 3686 418 3742 nolite
444 3687 575 3742 talia
598 3701 774 3757 agere,
799 3700 900 3740 nec
923 3685 1002 3740 eis
1027 3686 1366 3741 commisceri
1394 3695 1486 3740 aut
1521 3699 1750 3740 consen-

211 3772 292 3827 tire
316 3777 395 3846 qui
426 3777 555 3831 talia
590 3784 776 3845 agunt,
818 3775 1070 3844 quoniam
1118 3791 1222 3830 non
1270 3775 1440 3831 solum
1482 3775 1573 3844 qui
1622 3774 1748 3829 talia

212 3875 344 3930 agunt
380 3877 498 3922 sunt
545 3867 705 3935 hujus
746 3867 990 3922 criminis
1030 3867 1130 3933 rei,
1171 3868 1264 3922 sed
1298 3867 1389 3938 qui
1428 3868 1750 3923 facientibus

212 3951 296 4024 26
314 3957 662 4011 consentiunt.
715 3955 827 4010 Non
877 3970 1006 4026 ergo
1061 3957 1278 4026 gravius
1329 3963 1611 4027 peccatum
1666 3964 1750 4010 est

212 4042 457 4104 fornicatio
478 4064 646 4119 quam
693 4049 1033 4120 sacrilegium
1063 4089 1078 4115 ,
1129 4050 1223 4105 sed
1271 4050 1412 4105 sicut
1459 4049 1631 4118 majus
1665 4059 1752 4104 est

212 4148 449 4202 peccatum
472 4141 619 4211 quod
661 4141 715 4194 in
742 4140 910 4195 Deum
948 4141 1306 4196 committitur
1333 4157 1496 4212 quam
1523 4141 1666 4212 quod
1695 4141 1747 4195 in

212 4225 468 4299 hominem,
503 4232 584 4286 sic
604 4231 819 4302 gravius
865 4241 950 4287 est
989 4233 1329 4303 sacrilegium
1377 4247 1554 4303 agere,
1585 4247 1747 4302 quam

211 4314 464 4390 fornicari;
498 4322 566 4377 de
614 4322 808 4377 talibus
845 4323 989 4377 enim
1030 4323 1107 4377 ait
1145 4323 1473 4393 Apostolus:
1510 4341 1528 4373 ι
1564 4322 1631 4375 Et
1651 4336 1748 4376 vos

212 4405 349 4464 inflati
365 4414 512 4478 estis,
541 4420 596 4468 et
628 4428 731 4472 non
775 4413 946 4482 magis
978 4413 1183 4468 luctum
1216 4413 1478 4468 habuistis
1502 4422 1558 4466 ut
1588 4413 1745 4467 tolla-

213 4505 280 4552 tur
302 4502 358 4557 de
386 4505 566 4559 medio
596 4516 856 4570 vestrum,
903 4505 992 4574 qui
1034 4507 1136 4560 hoc
1171 4521 1308 4575 opus
1329 4505 1472 4560 fecit.
1497 4505 1609 4574 Ego
1628 4505 1747 4574 qui-

1857 3313 1984 3367 nino
2010 3313 2268 3368 delictum
2310 3321 2394 3366 est
2451 3311 2504 3381 in
2531 3310 2684 3364 vobis
2711 3308 2852 3378 quod
2876 3307 3079 3377 judicia
3112 3305 3322 3360 habetis
3351 3304 3430 3358 in-

1856 3414 1940 3458 ter
1968 3419 2082 3458 vos.
2120 3402 2299 3469 Quare
2319 3415 2425 3454 non
2457 3399 2628 3467 magis
2658 3397 2908 3467 injuriam
2939 3395 3225 3465 accipitis?
3254 3393 3434 3460 Quare

1852 3510 1958 3549 non
2012 3493 2184 3563 magis
2231 3491 2478 3546 fraudem
2528 3487 2810 3558 patimini?
2869 3485 2975 3540 Sed
3021 3499 3116 3538 vos
3177 3483 3430 3554 injuriam

1850 3585 2031 3640 facitis
2061 3593 2116 3638 et
2161 3581 2447 3644 fraudatis,
2489 3587 2544 3633 et
2604 3578 2707 3632 hoc
2753 3575 3028 3629 fratribus.
3081 3571 3165 3626 An
3212 3571 3435 3626 nescitis

1849 3678 1974 3748 quia
2018 3674 2186 3745 iniqui
2228 3687 2448 3743 regnum
2501 3669 2594 3723 Dei
2645 3683 2750 3723 non
2805 3664 3198 3736 possidebunt?
3253 3661 3435 3716 Nolite

1850 3782 2056 3825 errare.
2132 3765 2312 3834 Neque
2361 3760 2637 3818 fornicarii
2672 3800 2686 3826 ,
2747 3773 2922 3828 neque
2975 3756 3136 3812 idolis
3193 3753 3432 3810 servien-

1852 3869 1952 3925 tes,
1997 3871 2175 3928 neque
2226 3854 2491 3919 adulteri,
2544 3864 2720 3920 neque
2763 3849 2986 3913 molles,
3022 3860 3197 3916 neque
3224 3858 3432 3898 mascu-

1853 3953 2027 4008 lorum
2075 3949 2455 4006 concubitores
2484 3986 2499 4010 ,
2571 3958 2744 4012 neque
2787 3941 2972 4007 fures,
3015 3954 3191 4009 neque
3243 3937 3429 4002 avari,

1851 4059 2025 4116 neque
2067 4042 2286 4104 ebriosi,
2335 4029 2812 4108 neque'maledici,
2860 4047 3036 4102 neque
3085 4042 3306 4099 rapaces
3342 4041 3429 4082 re-

1850 4150 2010 4206 gnum
2047 4133 2140 4188 Dei
2187 4129 2554 4201 possidebunt.
2606 4126 2672 4180 Et
2699 4125 2811 4179 haec
2836 4123 3052 4193 quidem
3085 4120 3286 4185 fuistis,
3331 4117 3426 4174 sed

1850 4230 2018 4285 abluti
2061 4230 2191 4284 estis
2231 4238 2286 4283 et
2322 4225 2644 4282 sanctificati
2692 4222 2820 4280 estis
2859 4222 2912 4276 in
2961 4219 3178 4274 nomine
3217 4214 3430 4271 Domini

1853 4324 2026 4380 nostri
2053 4322 2179 4378 Jesu
2201 4321 2426 4386 Christi,
2452 4329 2507 4374 et
2533 4319 2585 4373 in
2609 4317 2812 4386 Spiritu
2838 4314 2931 4370 Dei
2964 4312 3134 4368 nostri
3159 4309 3207 4382 (1
3233 4308 3356 4364 Cor.
3373 4323 3430 4372 v,

1846 4417 2013 4483 2-15;
2045 4432 2117 4480 vt,
2153 4415 2320 4485 l-ll).
2355 4432 2375 4464 ι
2407 4412 2480 4466 De
2508 4420 2706 4465 caetero
2743 4407 2888 4461 salva
2933 4407 2987 4461 in
3019 4402 3274 4459 omnibus
3302 4415 3432 4470 apo-

1850 4510 2039 4566 stolica
2088 4507 2408 4562 auctoritate
2446 4515 2799 4574 quzecumque
2851 4507 2978 4554 sunt
3035 4498 3100 4552 ad
3150 4495 3426 4563 religionis

213 4588 306 4654 «lem
330 4593 513 4650 absens
540 4610 785 4664 corpore,
817 4611 1053 4665 praesens
1097 4605 1276 4650 autem
1305 4596 1514 4664 spiritu,
1533 4593 1646 4664 jam
1665 4593 1752 4662 ju-
1781 4591 1827 4650 D
1854 4600 2256 4656 observantiam
2281 4595 2631 4668 pertinentia,
2658 4592 2790 4647 locis
2821 4591 2932 4646 suis
2956 4598 3013 4645 et
3043 4603 3072 4642 a
3101 4603 3212 4643 suae
3236 4587 3437 4641 dioeceo

214 4676 353 4734 dicavi
393 4694 446 4739 ut
484 4700 722 4755 prtcsens
766 4701 886 4740 eum
923 4687 1014 4756 qui
1054 4688 1132 4741 sie
1180 4696 1433 4754 operatus
1457 4693 1541 4740 est
1568 4686 1619 4738 in
1649 4701 1745 4740 no-

216 4769 331 4826 mine
354 4776 559 4832 Domini
603 4778 770 4832 nostri
819 4777 944 4832 Jesu
981 4778 1198 4840 Christi,
1231 4777 1570 4847 congregatis
1598 4776 1749 4830 vobis

215 4866 256 4909 ei
277 4877 379 4919 meo
402 4867 590 4936 Spiritu
639 4868 693 4921 in
715 4868 914 4922 virtute
953 4868 1164 4924 Domini
1200 4868 1367 4922 nostri
1397 4865 1521 4921 Jesu
1548 4865 1749 4921 Christi

217 4945 480 5019 huiusmodi
521 4959 736 5013 tradere
788 4958 1005 5014 Satanaa
1053 4959 1104 5012 in
1153 4959 1429 5014 interitum
1464 4957 1664 5021 carnis,
1691 4966 1747 5012 ut

216 5039 400 5105 spiritus
423 5044 602 5105 salvus
627 5045 698 5100 sit
731 5047 782 5099 in
810 5046 898 5100 die
936 5046 1147 5100 Domini
1179 5047 1346 5104 nostri
1376 5045 1503 5100 Jesu
1525 5045 1746 5100 Christi.

219 5124 309 5183 Non
347 5143 420 5189 est
464 5137 604 5192 bona
652 5137 898 5208 gloriatio
929 5144 1129 5192 vestra.
1158 5135 1391 5191 Nescitis
1421 5136 1548 5205 quia
1579 5135 1749 5190 modi-

219 5229 315 5273 cum
337 5221 647 5282 fermentum
691 5235 857 5282 totam
906 5242 1138 5281 massam
1183 5226 1518 5296 corrumpit?
1544 5226 1751 5295 Expur-

218 5320 335 5380 εηιε,
354 5316 516 5389 inquit
540 5319 852 5390 Apostolus,
883 5328 1036 5375 vetus
1065 5317 1389 5373 fermentum
1421 5325 1478 5372 ut
1508 5317 1629 5372 sitis
1656 5331 1755 5372 no-

220 5414 270 5454 \‘a
289 5413 594 5482 conspersio,
624 5413 763 5468 sicut
807 5412 938 5468 estis
966 5411 1158 5483 azymi.
1193 5410 1402 5465 Etenim
1425 5409 1634 5464 Pascha
1659 5422 1754 5463 no-

222 5502 360 5562 itrutn
412 5503 712 5579 immolatus
765 5513 849 5561 est
899 5504 1164 5560 Christus.
1211 5501 1394 5574 itaque
1437 5501 1740 5574 epulemur,

1855 4706 1978 4747 seos
2027 4689 2244 4760 synodis
2279 4686 2584 4740 audiantur.
2636 4683 2706 4736 Et
2747 4681 2793 4736 si
2822 4679 2944 4750 quis
2976 4676 3314 4732 sacerdotum
3343 4673 3430 4728 vel

1855 4781 2182 4849 reliquorum
2208 4777 2524 4831 clericorum
2557 4788 2654 4828 suo
2679 4771 2932 4841 episcopo
2970 4766 3290 4822 inobediens
3321 4762 3437 4818 fue-

1857 4871 1950 4935 rit,
1983 4879 2077 4924 aut
2125 4867 2349 4923 insidias
2387 4865 2438 4919 ei
2469 4863 2763 4934 paraverit,
2794 4871 2887 4914 aut
2917 4853 3320 4917 contumeliam,
3347 4859 3440 4905 aut

1856 4962 2185 5018 calumniam
2214 5001 2230 5026 ,
2257 4967 2311 5014 et
2343 4958 2589 5012 convinci
2640 4953 2894 5025 potuerit,
2932 4965 3057 5004 mox
3081 4947 3244 5002 curia:
3265 4945 3436 5000 trada-

1860 5063 1966 5108 tur.
1999 5052 2101 5118 Qui
2131 5060 2310 5105 autem
2364 5048 2498 5102 facit
2550 5045 2830 5120 injuriam,
2877 5040 3104 5108 recipiat
3152 5038 3253 5091 hoc
3299 5035 3441 5104 quod

1860 5146 2041 5216 inique
2063 5145 2247 5216 gessit.
2287 5162 2304 5196 ι
2334 5143 2707 5211 Corrumpunt
2745 5138 2889 5192 enim
2928 5149 3106 5190 mores
3130 5133 3300 5187 bonos
3328 5128 3441 5184 col-

1860 5234 2041 5304 loquia
2067 5234 2230 5288 mala.
2254 5232 2518 5304 Evigilate
2539 5229 2672 5298 justi
2701 5235 2756 5283 et
2794 5226 2960 5281 nolite
2995 5237 3218 5295 peccare
3245 5220 3293 5291 (I
3315 5217 3438 5273 Cor.

1873 5339 1962 5389 xv,
1991 5323 2080 5388 55,
2118 5323 2231 5396 54).
2269 5341 2287 5374 ι
2331 5323 2463 5377 Data
2486 5319 2608 5376 ldus
2631 5317 2830 5385 Martii,
2861 5314 3022 5372 Claro
3050 5321 3105 5370 et
3136 5310 3340 5368 Severo
3370 5306 3440 5362 IV

1863 5430 1941 5472 cc.
1972 5414 2178 5473 consul.
