4012 6490
456 292 463 301 ”
541 314 644 369 115

1388 302 1680 358 ΑΙῬΕῙῨΙ).
1721 300 1814 355 AD
1850 298 2022 356 SIEC.
2054 298 2147 354 ιχ.
2177 329 2247 339 -
2268 297 2520 357 lSlDORl
2548 295 2995 358 MERCATORlS

3700 296 3835 352 i16-

574 434 3819 473 MM

1100 591 1776 692 INCIPI‘UNT'
1806 595 2164 687 DECIUS

2249 593 2343 684 .‘A
2410 592 2802 685 ΑΝΙΤΙΙ
2876 593 3261 684 ΡΑΡίΕι

544 800 631 859 De
662 794 1058 858 ordinatione
1086 788 1705 870 archiepiscoporum
1734 789 1792 848 et
1824 784 2215 870 reliquerunt

1338 866 1422 931 ad
1432 928 1437 933 .
1454 862 1762 948 majorum
1788 862 1978 940 sedes,
2008 863 2104 927 vel
2131 862 2215 925 ad

2320 783 2681 865 iscoporugt
2703 803 2724 853 ;
2748 790 2821 865 et
2843 782 2917 865 de
2949 782 3843 865 appaltatt'onibusmiuorum

2306 860 2586 924 omanem
2609 860 2976 925 Ecclesium.

1660 1025 1824 1091 (Antio
1850 1024 1956 1090 ιϐι,
1980 1027 2096 1091 tmp.
2116 1025 2269 1077 Lucio
2290 1022 2440 1075 Ante.
2461 1023 2777 1086 Commodo.)

613 1311 839 1366 ANITIUS
862 1302 1130 1360 universis
1171 1299 1439 1357 Ecclesiis
1480 1313 1579 1371 per
1608 1297 1797 1355 Galliae
1816 1298 2130 1371 provincias
2157 1306 2205 1367 Α
2233 1314 2338 1370 qua
2361 1314 2493 1371 gens
2518 1298 2772 1370 deinceps
2793 1299 2859 1355 ad
2884 1297 3053 1355 (idem
3071 1307 3446 1366 convertatur,
3479 1300 3832 1359 eui‘necesse

545 1400 877 1464 constitutis,
906 1399 961 1452 in
991 1394 1222 1449 Domino
1255 1384 1513 1448 salutem.

616 1493 892 1547 Bonorum
924 1500 1149 1558 operum
1174 1493 1229 1539 et
1255 1480 1619 1561 spiritualium
1641 1479 1944 1559 studiorum
1966 1480 2134 1538 Deum

546 1592 828 1639 auctorem
851 1593 973 1636 esse
1007 1592 1114 1634 non
1140 1576 1361 1633 dubium
1412 1583 1516 1641 est,
1544 1574 1636 1645 qui
1668 1574 1935 1630 bonorum
1962 1574 2136 1654 homi-

544 1660 675 1732 num
705 1675 901 1731 incitat
939 1680 1155 1728 mentes
1176 1679 1232 1726 et
1257 1668 1480 1742 adjuvat
1501 1668 1774 1735 actiones;
1812 1667 1955 1738 quod
1981 1667 2135 1724 nobis

544 1768 824 1823 evidenter
849 1763 1118 1836 apparuit,
1168 1776 1290 1817 cum
1324 1761 1468 1816 inter
1501 1758 1791 1831 longinqua
1835 1759 2012 1829 spatia
2049 1774 2138 1814 re-

544 1859 763 1928 gionum
804 1846 970 1910 unum
1012 1852 1176 1908 corda
1206 1858 1387 1906 vestra
1423 1858 1713 1906 senserunt
1745 1848 2054 1915 consilium,
2083 1856 2142 1905 et

543 1964 665 2018 qua:
689 1945 1081 2004 desiderabatis
1104 1959 1388 2015 respousa,
1419 1958 1527 1998 non
1553 1943 1732 2009 unius,
1762 1942 1856 1998 sed
1878 1941 2140 2014 plurimo-

544 2057 666 2097 rum
712 2031 956 2112 epistdlre
1010 2039 1354 2095 intimarunt.
1411 2035 1491 2092 De
1532 2035 1966 2092 ordinationibus
2010 2049 2140 2091 vero

547 2134 930 2204 episcOporum
959 2147 1125 2204 super
1149 2130 1347 2202 quibus
1388 2144 1490 2186 nos
1530 2129 1817 2189 consulere
1864 2130 2141 2197 voluistis,

547 2225 677 2280 olim
700 2225 754 2280 in
784 2225 958 2281 sancti
997 2222 1422 2295 praedecessoris
1446 2222 1615 2279 nostri
1641 2222 1889 2279 Anacleti
1922 2222 2141 2278 ordina-

550 2317 789 2373 tionibus
830 2316 1079 2386 quaedam
1122 2313 1235 2385 jam
1292 2315 1511 2372 decreta
1566 2313 1893 2385 reperimus.
1925 2313 2151 2371 Scimus

548 2410 693 2465 enim
744 2409 1119 2465 beatissimum
1173 2406 1434 2466 Jacobum
1484 2408 1579 2479 qui
1609 2408 1899 2465 dicebatur
1938 2408 2138 2480 justus,

549 2502 642 2571 qui
681 2501 848 2557 etiam
897 2501 1194 2557 secundum
1240 2515 1459 2557 carnem
1489 2499 1661 2555 frater
1685 2499 1900 2557 Domini
1935 2515 2143 2556 nuneu-

548 2600 711 2661 patus
738 2599 845 2656 est,
879 2606 913 2645 a
934 2589 1115 2655 Petro,
1147 2588 1351 2652 Iacobo
1379 2599 1436 2648 et
1452 2588 1664 2647 Joanne
1702 2590 1985 2662 apostolis,
2014 2589 2144 2646 Hie-

2233 1391 2301 1447 sit
2331 1399 2548 1462 propter
2574 1391 2973 1447 multitudinem
3004 1405 3192 1446 eorum
3219 1391 3509 1461 primatem
3532 1393 3829 1450 constitui.

2234 1481 2444 1552 Reliqui
2470 1496 2600 1536 vero
2638 1481 2730 1552 qui
2769 1480 2903 1537 alias
2947 1480 3395 1551 mctropolitauas
3436 1482 3593 1538 sedes
3637 1481 3835 1552 adepti

2236 1581 2388 1641 sunt,
2418 1588 2524 1628 non
2552 1573 2837 1645 primates,
2858 1573 2953 1629 sed
3001 1573 3398 1645 metropolitani
3442 1575 3825 1632 nominentur.

2236 1662 2293 1720 Si
2332 1674 2514 1721 autem
2544 1664 2746 1736 aliquis
2796 1665 3337 1737 metropolitanorum
3383 1665 3601 1722 inﬂatus
3624 1666 3828 1736 fuerit,

2237 1765 2292 1812 et
2352 1757 2469 1812 sine
2515 1757 2760 1813 omnium
2810 1758 3346 1828 comprovincialium
3398 1760 3696 1831 praesentia
3746 1776 3829 1817 ve

2237 1849 2465 1907 consilio
2493 1849 2890 1920 episcoporum.
2925 1859 3023 1906 aut
3053 1866 3262 1919 eorum,
3308 1860 3404 1907 aut
3446 1851 3582 1908 alias
3606 1867 3835 1921 causas,

2238 1942 2345 1997 nisi
2383 1955 2474 1996 eas
2506 1949 2712 1996 tantum
2738 1955 2857 2012 quae
2902 1942 2969 1997 ad
3017 1943 3297 2014 prepriam
3319 1958 3473 1999 suam
3503 1943 3836 2014 parochiam

2239 2031 2534 2103 pertinent,
2565 2046 2759 2104 agere,
2775 2039 2872 2088 aut
2904 2047 3002 2089 eos
3044 2047 3279 2102 gravare
3325 2033 3576 2100 voluerit,
3608 2034 3682 2091 ab
3708 2050 3839 2091 om-

2241 2125 2400 2181 nibus
2434 2124 2682 2180 districte
2721 2124 3050 2198 corrigatur,
3092 2139 3160 2181 ne
3196 2125 3321 2181 talia
3348 2125 3604 2197 deinceps
3625 2141 3840 2197 praesn-

2240 2233 2393 2275 mcre
2421 2217 2639 2274 audeat.
2693 2216 2751 2274 Si
2798 2232 2928 2275 vero
2978 2217 3383 2289 iucorrigibilis,
3419 2218 3606 2289 eisque
3636 2218 3840 2275 inobe-

2240 2309 2394 2365 diens
2441 2307 2777 2379 apparuerit,
2825 2308 2895 2363 ad
2942 2308 3085 2364 hanc
3125 2308 3480 2380 apostolicam
3507 2309 3724 2375 sedem,
3750 2310 3847 2366 cui.

2241 2399 2423 2454 omnia
2445 2398 2821 2469 episcoporum
2836 2396 3043 2467 judicia
3069 2398 3361 2453 terminare
3382 2405 3653 2468 przecepta
3685 2406 3853 2462 suntr

2242 2488 2361 2561 ejus
2382 2488 2727 2544 contumacia
2765 2486 3057 2554 referatur,
3086 2496 3146 2543 ut
3160 2487 3398 2543 vindicta
3427 2487 3494 2555 de
3530 2487 3746 2555 cotiat,
3784 2497 3843 2545 et

2244 2578 2428 2636 caeteri
2461 2580 2707 2635 timorem
2744 2578 3003 2635 habeant.
3038 2577 3097 2635 Si
3122 2588 3304 2635 autem
3336 2589 3559 2651 propter
3598 2580 3835 2636 nimiam

549 2682 947 2754 rosolymorum
986 2681 1302 2753 episcOpum
1349 2696 1477 2743 esse
1518 2682 1851 2739 ordinatum.
1879 2681 1937 2738 Si
1962 2690 2143 2737 autem
2172 2670 2219 2730 B
2247 2671 2717 2744 longinquitatem,
2746 2680 2841 2727 aut
2886 2672 3147 2744 temporis
3184 2672 3719 2739 incommoditatem,
3753 2672 3851 2729 vel.

549 2790 658 2830 non
698 2789 877 2830 minus
912 2789 1076 2844 quam
1125 2788 1159 2829 a
1206 2774 1386 2832 tribus
1426 2774 1688 2845 apostolis
1724 2783 1905 2830 tantus
1934 2774 2019 2830 vir
2044 2773 2146 2829 fuit

551 2866 836 2922 ordinatus
857 2867 1177 2937 episcopus,
1213 2874 1363 2937 patet
1397 2864 1641 2937 profecto
1670 2878 1764 2920 eos
1805 2863 2037 2920 formam
2065 2864 2148 2920 in-

552 2960 811 3015 stituente
846 2959 1075 3015 Domino
1105 2958 1414 3022 tradidisse,
1466 2971 1581 3014 non
1618 2973 1649 3015 a
1693 2958 1877 3015 minus
1925 2972 2087 3027 quam
2115 2973 2150 3012 a

552 3052 728 3109 tribus
771 3052 1046 3122 episcopis
1095 3052 1413 3123 episcopum
1458 3052 1701 3112 ordinari
1749 3052 1970 3109 debere.
2037 3050 2146 3108 Sed

551 3152 834 3200 crescente
880 3157 1110 3200 numero
1157 3143 1561 3213 episcoporum,
1590 3142 1694 3199 nisi
1743 3142 2043 3199 necessitas
2065 3142 2147 3198 in-

554 3232 868 3298 tervenerit,
912 3232 1112 3288 debent
1163 3232 1329 3288 etiam
1380 3231 1562 3302 plures
1612 3232 1821 3305 augeri.
1875 3232 1934 3289 ld
1984 3239 2068 3288 est
2100 3232 2147 3288 si

546 3326 1005 3397 archiepiscopus
1047 3322 1194 3380 diem
1246 3324 1480 3390 obierit,
1529 3333 1586 3380 et
1636 3323 1774 3381 alter
1813 3324 2150 3381 ordinandus

556 3412 999 3486 archiépiscopus
1043 3412 1251 3473 electus
1299 3414 1501 3481 ﬁxerit,
1537 3431 1729 3473 omnes
1751 3415 1992 3486 ejusdem
2024 3431 2150 3495 pro:

561 3507 756 3574 vincite
781 3507 1022 3579 episcopi
1066 3507 1134 3562 ad
1172 3506 1357 3563 sedem
1407 3508 1768 3580 metropoleos
1794 3510 2150 3576 conveniant,

557 3610 620 3656 ut
639 3600 707 3655 ab
735 3599 989 3656 omnilms
1016 3600 1133 3672 ipse
1153 3599 1461 3656 ordinetur.
1493 3599 1720 3671 Oportet
1743 3611 1925 3657 autem
1946 3611 2006 3656 ut
2030 3601 2148 3671 ipse

560 3692 654 3763 qui
679 3691 786 3748 illis
819 3691 1070 3747 omnibus
1089 3706 1325 3762 praeesse
1353 3690 1533 3758 debet,
1558 3693 1626 3748 ab
1646 3692 1901 3748 omnibus
1921 3691 2027 3748 illis
2053 3691 2152 3746 eli-

559 3794 717 3856 gatur
763 3792 818 3838 et
866 3783 1173 3839 ordinetur.
1201 3781 1424 3852 Reliqui
1465 3797 1594 3838 vero
1642 3781 2009 3852 provinciales
2029 3782 2151 3853 epi-

556 3876 730 3945 scopi,
761 3875 807 3929 si
858 3888 1084 3929 necesse
1112 3872 1299 3939 fuerit,
1351 3873 1562 3929 caeteris
1599 3873 2083 3940 consentientibus,
2114 3890 2149 3929 a

564 3968 736 4023 tribus
772 3966 935 4036 jussu
980 3965 1374 4036 archiepiscopi
1426 3965 1733 4021 consecrari
1780 3972 2005 4037 possunt
2038 3965 2150 4035 epi-

2249 2762 2462 2818 itineris
2482 2761 2854 2833 asperitatem,
2890 2776 3056 2831 grave
3083 2760 3152 2818 ad
3175 2761 3316 2817 hanc
3341 2763 3524 2819 sedem
3550 2763 3678 2835 ejus
3703 2778 3830 2819 can-

2248 2870 2365 2911 sam
2387 2854 2599 2911 deferre
2647 2852 2835 2922 fuerit,
2885 2861 3015 2911 tunc
3058 2855 3126 2911 ad
3175 2852 3293 2924 ejus
3334 2855 3619 2926 primatem
3672 2870 3853 2913 causa.

2249 2945 2545 3012 deferatur,
2567 2953 2623 3000 et
2652 2959 2826 3015 penes
2848 2945 3034 3016 ipsum
3050 2944 3211 3015 hujus
3234 2956 3440 3004 sancta:
3476 2948 3624 3004 sedis
3642 2958 3841 3006 aucto-

2251 3040 2417 3095 ritate
2464 3039 2763 3110 judicetur.
2817 3036 3081 3095 Similiter
3134 3040 3179 3097 si
3229 3040 3426 3111 aliquis
3454 3042 3855 3113 episcoporum.

2250 3131 2725 3202 metropolitanum
2763 3139 3078 3201 suspectum
3137 3130 3410 3198 habuerit,
3462 3132 3603 3203 apud
3633 3133 3845 3202 prima-

2252 3229 2363 3277 tem
2389 3221 2710 3295 dimceseos,
2743 3228 2840 3277 aut
2881 3222 3200 3292 apudhanc
3251 3222 3608 3292 apostolicam
3650 3220 3855 3281 sedent

2251 3313 2521 3370 audiatur.
2548 3313 2653 3382 Qui
2677 3314 2854 3385 major
2871 3322 2957 3371 est
2982 3323 3253 3380 vestrum,
3271 3314 3564 3372 secundum
3591 3315 3843 3372 Domini-

2252 3420 2371 3461 cam
2394 3404 2717 3476 jussionem,
2750 3406 2822 3460 sit
2855 3414 3038 3462 vester
3059 3406 3329 3474 minister,
3352 3415 3410 3464 et
3435 3418 3640 3478 quanto
3664 3408 3846 3480 major

2254 3511 2316 3553 es
2338 3497 2393 3554 in
2415 3496 2687 3558 omnibus,
2713 3495 2940 3563 humilia
2967 3505 3020 3553 te
3071 3498 3268 3570 ipsum.
3295 3498 3641 3568 Charissimi,
3676 3501 3846 3559 nolite

2252 3588 2395 3644 inter
2419 3602 2516 3643 vos
2546 3587 2896 3657 contendere,
2927 3604 3028 3645 nec
3047 3599 3261 3662 quaerat
3287 3590 3489 3663 aliquis
3505 3592 3680 3662 major
3697 3606 3844 3659 esse,

2253 3681 2368 3746 sed,
2392 3677 2551 3749 juxta
2596 3679 2946 3751 Apostolum,
2986 3682 3204 3755 Diligite
3241 3698 3339 3740 vos
3367 3685 3621 3753 invicem,
3661 3703 3682 3738 ι
3714 3687 3851 3758 quia

2251 3776 2492 3832 charitas
2520 3792 2586 3832 ex
2632 3777 2750 3833 Deo
2791 3788 2899 3846 est,
2934 3787 2992 3835 et
3030 3779 3212 3835 omnis
3241 3780 3332 3851 qui
3379 3779 3573 3851 diligit,
3618 3796 3688 3836 ex
3732 3782 3847 3838 Deo

2252 3874 2413 3923 natus
2437 3875 2545 3934 est,
2563 3876 2620 3924 et
2638 3869 2915 3940 cognoscit
2942 3870 3249 3926 Dominum.
3277 3871 3379 3940 Qui
3395 3887 3500 3927 non
3517 3872 3714 3942 diligit,
3735 3890 3845 3929 non

2254 3961 2405 4017 novit
2433 3962 2625 4028 Deum,
2653 3963 2909 4033 quoniam
2957 3963 3100 4020 Deus
3145 3964 3386 4021 charitas
3417 3973 3522 4022 est.
3549 3964 3795 4033 Pascite,
3822 3982 3843 4019 ι

562 4028 883 4126 scopis.Sed
908 4055 1120 4122 melius,
1150 4028 1301 4112 estsi
1321 4028 1441 4126 ipse
1462 4070 1585 4111 cum
1605 4028 1885 4122 omnibus,
1903 4068 2026 4109 eum
2053 4028 2148 4126 qui
2177 4028 2224 4091 α
2256 4028 2709 4127 inquit'princeps
2738 4055 3129 4127 apostolorum,
3168 4074 3187 4108 ι
3219 4057 3311 4127 qui
3344 4057 3397 4112 in
3428 4056 3584 4114 vobis
3613 4067 3701 4113 est
3724 4028 3847 4128 gre-

580 4148 775 4219 dignus
810 4155 896 4204 est
940 4147 1167 4220 elegerit
1212 4154 1267 4202 et
1315 4145 1501 4204 cuncti
1556 4146 1764 4217 pariter
1810 4146 2151 4202 sacraverint

558 4238 894 4309 pontiﬁcem.
944 4240 1013 4295 Et
1059 4239 1187 4296 licet
1241 4239 1387 4296 istud
1416 4238 1742 4296 necessitate
1766 4248 1992 4311 cogente
2021 4254 2151 4295 eon-

559 4346 773 4388 cessum
804 4332 901 4399 sit,
930 4332 1062 4388 illud
1101 4342 1280 4389 tamen
1319 4333 1464 4404 quod
1490 4333 1558 4389 de
1593 4331 1988 4404 archiepiscOpi
2014 4348 2147 4389 con-

558 4425 865 4481 secratione
893 4425 1210 4497 praedictum
1243 4433 1328 4481 est
1361 4435 1527 4494 atque
1555 4432 1884 4496 praeceptum
1905 4465 1921 4491 ,
1955 4425 2009 4480 id
2040 4434 2147 4491 est,

558 4525 620 4571 ut
644 4532 835 4573 omnes
863 4517 1189 4588 sull'raganei
1232 4532 1357 4573 eum
1395 4518 1669 4585 ordinent,
1712 4517 2018 4576 nullatenus
2051 4518 2151 4573 im-

558 4608 761 4663 mutari
802 4607 957 4686 licet;
986 4609 1113 4679 quia
1142 4609 1235 4679 qui
1275 4608 1382 4667 illis
1422 4616 1638 4679 praeest,
1668 4610 1738 4664 ab
1762 4609 2015 4666 omnibus
2039 4609 2152 4681 epi-

559 4699 738 4771 scopis
774 4699 972 4770 quibus
998 4708 1193 4771 praaest
1216 4699 1376 4755 debet
1404 4700 1683 4756 constitui.
1715 4699 1812 4756 Sin
1831 4700 1990 4756 aliter
2016 4717 2148 4770 prae-

558 4801 832 4864 sumptum
872 4792 1059 4855 luerit,
1112 4791 1316 4848 viribus
1365 4807 1554 4849 carere
1598 4808 1706 4848 non
1764 4794 1989 4849 dubium
2041 4803 2146 4861 est,

556 4887 682 4957 quia
723 4885 878 4941 irrita
902 4885 1009 4941 erit
1030 4883 1146 4955 ejus
1176 4899 1333 4941 secus
1368 4894 1490 4941 acta
1508 4886 1953 4958 ordinatio;ipse
1966 4895 2148 4944 autem

558 4977 999 5048 archiepiscopus
1046 4976 1182 5032 nihil
1212 4976 1280 5032 de
1318 4992 1507 5033 eorum
1550 4977 1756 5045 causis,
1799 4987 1895 5033 aut
1927 4978 1997 5035 de
2027 4979 2149 5037 aliis

556 5068 938 5124 communibus
959 5066 1114 5138 juxta
1137 5075 1338 5124 statuta
1366 5068 1734 5139 apostolorum
1782 5069 1987 5141 absque
2016 5087 2150 5127 cun-

555 5166 767 5214 ctorum
796 5160 1012 5216 illorum
1038 5169 1160 5233 agat
1195 5160 1460 5228 consilio;
1496 5177 1598 5219 nec
1626 5161 1724 5228 illi,
1758 5162 1863 5218 nisi
1883 5174 2146 5233 quantum

559 5250 626 5304 ad
651 5251 898 5321 proprias
929 5251 1216 5322 parochias
1263 5252 1504 5323 pertinet
1556 5253 1677 5309 sine
1719 5267 1839 5320 suo,
1884 5254 2144 5325 quoniam

2253 4160 2374 4216 gem
2404 4144 2525 4212 Dei,
2574 4145 2924 4217 providentes
2967 4161 3074 4202 non
3138 4156 3352 4215 coacte,
3400 4149 3495 4205 sed
3544 4157 3848 4220 spontanee

2253 4237 2551 4294 secundum
2604 4238 2808 4304 Deum,
2842 4252 3019 4308 neque
3069 4238 3243 4310 turpis
3299 4238 3434 4295 lucri
3497 4240 3698 4312 gratia,
3752 4241 3846 4296 sed

2255 4328 2575 4385 voluntarie.
2633 4329 2821 4401 Neque
2872 4338 2933 4386 ut
2980 4331 3335 4390 dominantes
3372 4334 3425 4388 in
3481 4334 3646 4391 cleris
3680 4376 3695 4402 ,
3753 4336 3844 4391 sed

2253 4420 2427 4477 forma
2490 4421 2617 4478 facti
2674 4422 2824 4494 gregi
2862 4438 2930 4479 ex
2990 4423 3195 4480 animo.
3247 4425 3316 4481 Et
3359 4441 3483 4482 cum
3529 4428 3848 4498 apparuerit

2253 4513 2508 4584 princeps
2579 4523 2896 4584 pastorum,
2959 4515 3267 4585 percipietis
3333 4517 3849 4576 immarcescibilem

2254 4606 2441 4677 gloriae
2481 4622 2741 4664 coronam
2804 4609 2856 4681 (I
2907 4607 3052 4665 Patr.
3101 4627 3155 4678 v,
3182 4611 3295 4685 24).
3333 4631 3352 4665 ι
3383 4613 3451 4668 Et
3480 4615 3637 4685 juxta
3680 4614 3845 4670 alium

2255 4697 2557 4765 apostolum
2595 4716 2608 4754 :
2666 4719 2685 4752 ι
2718 4699 2940 4755 Fratres
2963 4742 2980 4768 ,
3016 4716 3287 4759 memores
3337 4713 3509 4760 estote
3550 4705 3843 4761 verborum

2254 4802 2375 4858 qua:
2400 4790 2658 4859 praedicta
2688 4799 2816 4847 sunt
2857 4792 2927 4848 ab
2952 4793 3212 4864 apostolis
3253 4792 3385 4850 Iesu
3409 4794 3610 4852 Christi
3647 4796 3739 4868 qui
3768 4798 3845 4853 di-

2254 4880 2452 4936 cebant
2484 4882 2657 4949 vobis,
2702 4885 2961 4952 quoniam
3009 4884 3063 4940 in
3116 4884 3413 4941 novissimo
3462 4896 3709 4958 tempore
3760 4901 3846 4943 ve-

2252 4970 2408 5027 nient
2478 4972 2726 5029 illusores
2801 4975 3098 5030 secundum
3170 4976 3442 5033 desideria
3502 4977 3843 5035 ambulantes

2254 5063 2611 5135 impietatum.
2674 5065 2740 5122 lii
2769 5075 2898 5124 sunt
2937 5066 3030 5137 qui
3059 5077 3350 5140 segregant
3387 5070 3712 5141 semetipsos
3732 5068 3843 5125 ani-

2251 5160 2444 5229 males,
2467 5162 2715 5233 spiritum
2752 5177 2859 5218 non
2911 5161 3196 5219 habentes.
3235 5161 3340 5219 Vos
3376 5173 3578 5228 autem,
3633 5165 3841 5221 charis-

2253 5252 2399 5320 simi,
2431 5253 2920 5325 supersedilicantes
2964 5255 3325 5326 vosmetipsos
3367 5255 3728 5312 sanctissima:
3755 5269 3841 5309 ve-

561 5341 654 5398 tali
701 5343 898 5414 gaudet
954 5344 1247 5402 concordia
1301 5345 1612 5403 Altissimus
1666 5355 1722 5403 et
1768 5346 2035 5418 gloriatur
2087 5348 2141 5403 in
2177 5384 2227 5443 Β
2255 5351 2383 5399 stne
2414 5343 2557 5412 ﬁdei,
2591 5345 2645 5400 in
2678 5345 2887 5415 Spiritu
2931 5353 3120 5401 sancto
3144 5354 3389 5413 orantes,
3445 5346 3593 5417 ipsos
3638 5361 3738 5402 vos
3791 5346 3851 5401 in-

561 5436 821 5493 membris
842 5453 976 5494 suis.
1001 5437 1141 5493 Nulli
1165 5439 1552 5511 archiepiscopi
1575 5440 1837 5512 primates
1862 5451 2145 5509 vocentur,

562 5526 666 5582 nisi
694 5526 770 5583 illi
808 5528 898 5597 qui
932 5529 1135 5599 primas
1160 5536 1346 5585 tenent
1389 5529 1654 5596 civitates,
1688 5547 1917 5602 quarum
1941 5533 2149 5602 episeo-

561 5630 663 5687 pos
691 5617 919 5688 apostoli
955 5626 1010 5674 et
1050 5634 1395 5676 successores
1423 5620 1794 5692 apostolorum
1825 5621 2149 5692 regulariter

563 5708 907 5785 patriarchas
936 5719 990 5768 ct
1012 5711 1273 5784 primates
1296 5726 1416 5770 esse
1465 5714 1886 5783 constituerunt,
1918 5713 2021 5771 nisi
2052 5712 2149 5770 ali-

2252 5437 2540 5494 dileetione
2569 5438 2663 5494 Dei
2714 5446 2948 5505 servate,
2983 5447 3366 5509 exspectantes
3410 5439 3836 5496 misericordiam

2253 5529 2467 5584 Domini
2504 5529 2673 5585 nostri
2719 5528 2850 5587 Jesu
2903 5529 3107 5587 Christi
3155 5532 3211 5586 in
3242 5531 3409 5587 vitam
3461 5543 3745 5588 aeternam.
3777 5532 3839 5587 Et

2255 5620 2356 5677 hos
2380 5622 2596 5692 quidem
2624 5621 2835 5694 arguite
2855 5619 3184 5691 judicantes,
3216 5621 3338 5677 illos
3377 5638 3507 5680 vero
3538 5631 3754 5680 servate
3776 5622 3837 5677 de

2255 5712 2379 5783 igne
2401 5713 2746 5786 recipientes.
2780 5712 2920 5771 Aliis
2941 5722 3122 5771 autem
3173 5714 3508 5773 miseremini
3538 5715 3594 5772 in
3626 5716 3835 5781 timore,
