4012 6436
207 326 297 382 ll?

1342 314 1839 375 DECRETALIUH
1876 317 2276 377 COLLECTIO.

3344 316 3449 378 H8

202 435 429 491 odientes
446 445 565 487 eam
596 444 711 500 qua:
744 428 979 486 carnalis
1018 436 1104 485 est
1156 429 1482 486 maculatam
1513 437 1754 485 tunicam
1788 437 1838 498 Α
1869 438 2034 499 tione,
2055 441 2131 487 tta
2156 442 2213 488 et
2237 439 2528 488 mtousura
2553 441 2607 488 et
2627 433 2775 490 omni
2798 434 2984 490 habitu
3006 433 3225 490 discreti
3252 435 3454 494 debent

204 526 361 600 (Iud,
391 522 601 594 17-23).
635 541 653 577 ι
687 521 1001 589 Prohibete,
1052 522 1279 591 fratres,
1329 537 1430 594 per
1479 522 1762 578 universas

204 620 465 692 regionum
482 624 787 673 vestrarum
814 614 1110 683 Eeclesias,
1145 624 1207 672 ut
1236 615 1449 681 clerici,
1474 616 1570 686 qui
1601 615 1761 672 laicis

202 718 252 764 et
272 705 614 778 simplicibus,
641 704 884 772 virtutis,
906 705 1228 770 honestatis,
1262 705 1536 778 pudicitia:
1561 713 1617 760 et
1633 720 1763 777 gra-

204 798 366 854 vitatis
391 796 669 867 exemplar
718 811 846 852 esse
890 796 1094 853 debent
1139 811 1203 851 ac
1250 797 1462 865 seipsos
1503 804 1761 866 tanquam

203 890 394 961 signum
442 887 680 958 purioris
730 887 857 943 vita:
910 887 1225 945 rudioribus
1281 889 1351 944 ad
1402 887 1763 944 imitationem

204 979 472 1051 prudenter
498 978 777 1045 exhibere,
801 978 961 1048 jtlxta
1006 978 1347 1051 Apostolum,
1374 993 1587 1036 comam
1654 993 1761 1035 non

204 1069 439 1143 nutriant,
468 1070 568 1124 sed
614 1070 849 1140 desuper
882 1079 1045 1140 caput
1080 1070 1134 1125 in
1173 1071 1393 1127 modum
1432 1072 1644 1141 sphera:
1671 1085 1762 1126 ra-

203 1159 331 1228 dant,
357 1160 481 1231 quia
532 1161 674 1216 sicut
718 1161 942 1218 discreti
995 1161 1197 1217 debent
1240 1162 1445 1218 essein
1472 1176 1764 1219 conversa-

1867 537 2149 598 apparcre.
2177 521 2303 578 Haec
2324 523 2498 589 vobis,
2527 523 2746 591 fratres,
2775 533 2835 579 ut
2862 526 3072 595 petistis
3098 526 3451 584 custodienda

1866 615 2155 681 mittimus,
2186 621 2241 669 et
2286 615 2561 671 custodire
2588 616 2953 687 praecipimus.
2992 634 3015 668 «ν
3060 625 3121 673 ut
3145 617 3199 672 in
3230 618 3452 675 nomine

1866 702 1997 761 Jesu
2035 719 2196 761 omne
2223 720 2361 776 genu
2398 704 2678 773 ﬂectatur,
2736 707 3039 763 cmlestium
3063 748 3079 774 ,
3112 709 3452 765 terrestrium

1867 803 1929 850 et
1950 794 2306 862 infernarum,
2328 805 2386 851 et
2403 797 2578 851 omnis
2623 797 2800 868 lingua
2829 797 3173 864 confiteatur,
3198 797 3325 867 quia
3349 796 3453 852 Do-

1888 889 2075 945 minus
2102 887 2263 944 Jesus
2283 880 2533 945 Christus
2554 889 2607 944 in
2640 889 2811 960 gloria
2839 897 2922 943 est
2949 889 3041 943 Dei
3074 888 3333 954 Patris,»
3364 887 3452 944 cui

1873 984 2047 1038 honor
2070 991 2121 1038 et
2145 983 2430 1054 imperium
2465 998 2563 1053 per
2601 992 2802 1038 aeterna
2839 983 3054 1039 saecula.
3098 984 3233 1039 Data
3262 994 3455 1040 octavo

1873 1074 2096 1131 Kalend.
2127 1074 2296 1142 Junii,
2326 1073 2574 1131 Galliano
2597 1084 2653 1132 et
2687 1075 2883 1132 Ruﬁno
2909 1074 3237 1133 consulibus.

644 1342 1283 1435 INCIPIUNT
1354 1342 1894 1435 DECRETA
1962 1339 2556 1435 SOTHERIS
2626 1340 3001 1431 PAPIE.

1619 1491 1709 1552 De
1749 1487 1892 1570 ﬁde.

1198 1616 1365 1678 (Anno
1384 1612 1574 1664 Domini
1618 1609 1726 1673 l68,
1748 1614 1972 1672 tempore
1994 1608 2227 1659 Antonini
2247 1607 2539 1672 Commodi.)

252 1801 456 1858 Somn
481 1804 797 1873 apostolica:
813 1804 957 1862 sedis
978 1805 1441 1877 archiepiscopus,
1463 1803 1757 1873 Campanis
1790 1808 1832 1867 Β
1861 1801 2081 1867 Filium,
2120 1810 2350 1873 excepto
2376 1800 2556 1858 Patris
2580 1808 2878 1873 prtecepto.
2914 1813 3138 1857 noceam
3179 1798 3351 1856 fuisse
3378 1799 3460 1855 lo-

200 1892 420 1948 omnibus
442 1893 678 1950 salutem
712 1895 765 1949 in
796 1895 1046 1950 Domino.

254 1981 486 2040 Gaudere
521 1999 623 2040 vos
676 1995 912 2055 oportet,
961 1986 1195 2052 fratres,
1253 1988 1394 2056 quod
1444 1985 1624 2040 divina
1653 1984 1761 2039 lar-

198 2075 347 2145 giente
370 2076 537 2147 gratia
582 2075 883 2134 familiares
940 2079 1154 2134 Domini
1207 2078 1502 2141 vocamini,
1534 2077 1759 2148 ejusque

198 2165 450 2220 sacerdotii
484 2166 755 2237 dignitate
780 2166 1084 2239 fungimini.
1119 2168 1276 2227 Nttnc
1304 2177 1485 2224 autem
1516 2182 1646 2239 rogo
1664 2181 1761 2221 vos

198 2267 245 2312 ut
266 2257 395 2315 circa
420 2259 610 2331 plebes
633 2259 790 2316 vobis
819 2261 1138 2317 commissas
1169 2261 1419 2316 laborare
1442 2258 1756 2329 dignemini,

198 2361 241 2405 et
262 2350 558 2409 fructuosos
586 2352 892 2425 manipulos
918 2354 1145 2410 Domino
1175 2363 1455 2426 reportare
1486 2352 1755 2408 nitamini.

198 2441 361 2499 Paulus
385 2445 530 2500 enim
566 2445 846 2517 apostolus
884 2444 954 2502 de
991 2446 1095 2504 fide
1124 2449 1200 2502 ita
1235 2446 1495 2516 loquitur,
1523 2446 1755 2501 dicens:

203 2554 216 2584 ι
244 2535 372 2603 Quod
405 2547 532 2592 ante
564 2539 910 2608 promiserat,
949 2539 1047 2605 ait,
1072 2554 1171 2611 per
1217 2540 1515 2611 prophetas
1535 2553 1665 2593 suos
1703 2537 1756 2592 in

199 2628 456 2701 Scripturis
493 2631 712 2689 sanctis
763 2633 831 2689 de
876 2633 1013 2689 Filio
1042 2649 1143 2690 suo
1179 2633 1272 2705 qui
1301 2632 1478 2688 factus
1499 2641 1585 2688 est
1607 2631 1657 2686 ei
1688 2644 1755 2686 ex

195 2722 367 2780 semine
412 2724 609 2789 David,
653 2725 951 2781 secundum
1007 2741 1229 2782 carnem
1277 2724 1452 2798 (Rom.
1505 2741 1555 2791 ι,
1607 2724 1697 2795 2).
1731 2742 1749 2775 ι

196 2815 301 2872 Item
321 2818 427 2889 ipse
453 2819 521 2875 ad
562 2817 789 2874 Galatas
819 2836 833 2873 :
868 2838 885 2869 ι
923 2818 1218 2889 Postquam
1246 2826 1428 2874 autem
1456 2817 1604 2872 vertit
1634 2815 1752 2886 ple-

198 2910 352 2967 nitudo
374 2912 657 2984 temporis,
678 2911 830 2968 misit
854 2910 1000 2967 Deus
1029 2910 1226 2967 Filium
1250 2926 1406 2967 suum
1432 2925 1497 2965 ex
1526 2908 1755 2963 muliere

198 3000 363 3060 factum
420 3006 522 3062 sub
563 3004 687 3076 lege
722 3003 926 3076 (Galat.
973 3018 1048 3070 tv,
1085 3003 1166 3076 4).
1208 3023 1226 3056 ι
1254 3003 1323 3059 Ει
1346 3004 1416 3059 ad
1442 3001 1755 3074 Philippen-

197 3107 302 3148 ses:
330 3113 348 3147 ‹
378 3095 434 3151 1η
472 3094 893 3151 similitudinem
925 3094 1207 3149 hominum
1248 3093 1429 3150 factus
1474 3102 1532 3150 et
1559 3092 1751 3148 habitu

1862 1900 2069 1958 culum,
2097 1907 2161 1947 ex
2196 1890 2350 1947 Isaia:
2385 1892 2663 1963 prophetae
2694 1890 2971 1948 volumine
3003 1888 3330 1961 proferimus
3365 1890 3461 1945 do-

1860 1990 2197 2039 cumentum.
2235 1999 2255 2034 α
2277 1980 2402 2038 Ilaec
2430 1982 2562 2038 dicit
2592 1972 2852 2039 Dominus
2872 1982 2960 2055 :Jn
2989 1983 3079 2038 illa
3100 1983 3189 2038 die
3214 1983 3350 2040 sciet
3363 1999 3467 2054 po-»

1861 2073 2020 2144 pulus
2043 2088 2217 2137 meus,
2251 2072 2507 2143 quoniam
2533 2088 2634 2143 ego
2661 2073 2777 2144 ipse
2797 2073 2889 2143 qui
2915 2073 3174 2143 loquebar
3198 2072 3252 2128 in
3282 2073 3465 2128 servis

1862 2164 1996 2221 meis
2010 2163 2297 2235 prophetis
2319 2204 2334 2229 ,
2372 2165 2751 2234 evangelizans
2771 2162 3015 2220 auditum
3055 2164 3224 2235 pacis,
3252 2170 3308 2219 et
3329 2177 3466 2220 ecce

1860 2260 2071 2315 adsum.
2099 2277 2120 2310 ι
2143 2258 2272 2314 Item
2291 2257 2364 2313 ibi
2393 2274 2407 2311 :
2436 2276 2455 2310 ι
2491 2257 2604 2330 Ego
2623 2272 2742 2313 sum
2779 2256 3029 2313 dominus
3054 2256 3145 2329 qui
3168 2255 3359 2327 loquor
3370 2254 3460 2325 ju-

1859 2351 2155 2415 stitiam,et
2173 2348 2441 2404 annuntio
2461 2350 2768 2405 veritatem.
2799 2368 2818 2401 ι
2843 2348 2973 2405 Item
3003 2348 3073 2404 ibi
3098 2366 3111 2403 :
3139 2368 3158 2402 ι
3184 2348 3463 2422 Cogitavi,

1859 2450 1914 2498 et
1937 2441 2149 2497 locutus
2178 2455 2320 2506 sum,
2351 2449 2407 2496 et
2427 2440 2644 2506 adduxi,
2668 2447 2725 2494 et
2749 2439 2929 2496 creavi
2946 2437 3140 2496 etfeci.
3177 2457 3196 2490 ι
3220 2439 3286 2495 Et
3309 2439 3456 2509 Apoo

1860 2534 2077 2592 stolus:
2118 2552 2140 2586 ‹
2180 2533 2265 2589 An
2315 2532 2752 2605 experimentum
2809 2533 3059 2604 qumritis
3106 2531 3226 2603 ejus
3271 2532 3363 2603 qui
3402 2533 3456 2588 in

1860 2640 1948 2682 me
1969 2625 2211 2697 loquitur
2231 2623 2482 2681 Christus
2508 2622 2592 2696 (II
2617 2623 2740 2678 Cor.
2769 2639 2888 2690 xm,
2915 2625 2993 2695 5).
3022 2644 3040 2676 ι
3074 2623 3143 2679 Et
3167 2623 3219 2678 in
3249 2621 3465 2695 psalmo

1861 2715 2163 2772 centesimo
2187 2713 2401 2771 decimo
2425 2723 2650 2771 octavo:
2680 2732 2701 2766 ‹
2730 2713 3016 2785 Loquebar
3043 2715 3115 2779 de,
3138 2713 3466 2770 testimoniis

1861 2807 1970 2863 tuis
2002 2807 2056 2862 in
2088 2816 2380 2877 conspectu
2416 2822 2628 2879 regum,
2661 2817 2715 2864 et
2746 2821 2852 2863 non
2880 2808 3253 2864 confundehar
3274 2807 3454 2880 (Ptol.

1858 2910 2054 2962 cxvttt,
2080 2895 2194 2967 46).
2226 2915 2245 2948 ι
2281 2896 2347 2952 Et
2376 2896 2492 2968 ipse
2512 2896 2777 2955 Dominus
2815 2897 2869 2953 in
2907 2898 3199 2970 Evangelio
3237 2913 3382 2954 οωεο
3425 2914 3455 2952 a

1860 3002 1920 3045 se
1943 2986 2248 3044 illuminato
2269 2988 2438 3046 dicit:
2468 3007 2487 3042 ‹
2511 2988 2579 3044 Et
2613 2989 2795 3047 vidisti
2827 3005 2953 3046 eum
2983 2999 3037 3047 et
3059 2991 3188 3062 quia
3221 2990 3460 3061 loquitur

1861 3088 2039 3137 tecum
2068 3079 2185 3152 ipse
2208 3088 2292 3137 est
2323 3081 2506 3153 (loan.
2539 3098 2614 3147 ιχ,
2648 3081 2762 3154 56).
2803 3103 2821 3135 ι
2855 3083 2922 3138 Ει
2951 3082 3311 3139 Samaritana:
3337 3098 3459 3137 mu-

198 3182 408 3242 inventus
459 3195 523 3242 ιιι
584 3187 748 3243 homo
786 3183 1043 3259 (Philipp.
1097 3202 1160 3252 ιι,
1188 3184 1263 3259 7),
1299 3206 1319 3239 ι
1352 3186 1421 3242 Et
1453 3186 1508 3241 in
1544 3184 1753 3257 psalmo
1780 3166 1826 3229 C
1857 3175 1976 3232 lieri
2003 3176 2111 3231 ait:
2135 3194 2153 3226 ι
2178 3175 2289 3248 Ego
2302 3190 2420 3231 sum
2443 3175 2536 3247 qui
2551 3175 2743 3247 loquor
2772 3186 2950 3234 tecum
2974 3176 3156 3249 (Joan.
3182 3192 3256 3242 tv,
3286 3175 3401 3247 26).
3431 3195 3451 3228 ι

198 3276 430 3335 tricesimo
472 3299 485 3334 :
536 3298 557 3332 ι
609 3279 883 3336 Inﬁrmata
935 3288 1018 3336 est
1066 3279 1120 3335 in
1193 3287 1508 3351 paupertate
1581 3278 1756 3333 virtus

198 3382 310 3434 mea,
329 3380 379 3425 et
410 3387 534 3427 ossa
566 3386 684 3427 mea
716 3372 1036 3428 conturbata
1070 3380 1217 3436 sunt,
1245 3380 1300 3427 et
1321 3387 1485 3442 super
1507 3370 1755 3426 inimicos

198 3474 316 3516 meos
344 3462 512 3519 factus
544 3479 668 3519 sum
694 3463 1043 3535 opprobrium
1068 3462 1242 3535 (Psal.
1277 3477 1410 3527 xxx,
1442 3460 1550 3532 ll).
1583 3481 1599 3512 ι
1619 3460 1752 3516 Item

196 3547 252 3603 ibi
294 3570 306 3605 :
350 3572 367 3604 ι
421 3553 698 3611 Oblivioni
756 3554 917 3610 datus
973 3569 1094 3609 sum
1145 3561 1402 3623 tanquam
1452 3560 1751 3607 mortuusa

198 3643 346 3699 corde.
390 3645 592 3702 Factus
642 3660 764 3701 sum
814 3653 1073 3716 tanquam
1108 3660 1203 3700 vas
1241 3643 1512 3715 perditum
1562 3641 1750 3713 (Ibid,

201 3732 286 3802 I5).
320 3736 423 3792 tEt
460 3740 518 3794 in
567 3736 970 3807 septuagesimo
1003 3756 1016 3790 :
1047 3753 1067 3788 ‹
1120 3735 1400 3806 Tanquam
1446 3732 1751 3805 prodigium

198 3820 337 3881 factus
359 3843 472 3883 sum
516 3827 733 3894 multis,
760 3835 816 3883 et
848 3835 903 3881 tu
945 3826 1159 3897 adjutor
1205 3824 1365 3881 fortis
1412 3821 1588 3894 (Psai.
1621 3838 1747 3888 cxx,

197 3913 257 3985 Ἰ).
289 3937 307 3970 ι
333 3919 393 3973 Ει
426 3921 478 3975 in
510 3918 921 3991 septuagesimo
943 3917 1183 3975 secundo
1219 3934 1232 3969 :
1271 3934 1291 3966 ι
1327 3913 1399 3970 Ut
1440 3913 1747 3985 iumentum

197 4002 338 4063 factus
389 4025 506 4064 sum
547 4008 687 4080 apud
720 4018 791 4073 te,
836 4017 894 4063 et
936 4022 1039 4076 ego
1090 4020 1306 4075 semper
1345 4012 1522 4059 tecum
1571 4000 1747 4072 (Psal.

197 4110 334 4164 tun,
371 4101 483 4172 22).
542 4120 559 4153 ι
623 4100 692 4155 Et
738 4099 793 4155 in
839 4098 1174 4171 octogesimo
1223 4106 1383 4151 sexto
1428 4113 1441 4147 :
1496 4112 1516 4145 ι
1579 4091 1752 4147 Mater

198 4184 298 4244 Sion
325 4192 456 4250 dicet
481 4212 497 4248 :
532 4193 733 4259 Homo,
755 4201 811 4250 et
835 4194 999 4249 homo
1031 4203 1189 4248 natus
1213 4198 1300 4246 est
1329 4190 1381 4244 in
1424 4203 1510 4253 ea,
1550 4195 1608 4242 et
1634 4188 1750 4257 ipse

195 4274 547 4339 Iundaviteam
589 4284 900 4340 Altissimus
943 4282 1119 4354 (Psal.
1169 4297 1390 4347 Lxxxvt,
1419 4280 1497 4351 5).
1530 4298 1549 4331 t
1585 4279 1653 4334 Et
1694 4278 1747 4333 itt

197 4375 560 4443 septuagesimo
613 4375 844 4447 septimo
876 4392 890 4429 :
939 4393 958 4426 ι
998 4372 1202 4429 Factus
1242 4387 1365 4426 sunt
1414 4371 1558 4425 sicut
1587 4369 1749 4424 homo

197 4463 555 4539 sineadjutorio
589 4469 734 4525 inter
754 4474 996 4523 mortuos
1024 4465 1163 4521 liber
1185 4461 1360 4537 (Psal.
1390 4460 1690 4531 uit-Vinii).
1722 4480 1741 4512 ι

198 4556 249 4613 Et
265 4560 310 4616 in
331 4564 625 4621 centesimo
650 4569 881 4618 octavo:
910 4579 930 4612 ι
965 4559 1033 4615 Ει
1059 4559 1243 4615 factus
1261 4572 1381 4613 sum
1413 4556 1520 4612 illis
1548 4569 1750 4627 oppro-

198 4647 358 4721 brium,
379 4656 631 4712 viderunt
661 4669 773 4720 me,
809 4659 866 4709 et
897 4660 1187 4707 moverunt
1211 4649 1392 4720 capita
1421 4662 1521 4702 sua
1569 4643 1745 4718 (Paul.

200 4756 320 4807 cun,
364 4746 467 4821 15).
514 4767 534 4801 ι
566 4747 637 4804 Et
665 4746 720 4802 in
754 4745 1054 4802 centesimo
1096 4743 1275 4816 primo
1325 4759 1339 4796 :
1379 4759 1399 4794 ι
1434 4738 1664 4811 Vigilavi
1694 4745 1750 4795 et

201 4828 342 4891 lactus
380 4853 497 4895 sum
543 4839 687 4894 sicut
721 4851 910 4909 passer
947 4834 1225 4891 solitarius
1267 4834 1321 4888 in
1377 4839 1522 4888 tecto
1569 4826 1745 4903 (Paul.

200 4934 258 4986 et,
279 4924 361 4996 5).
384 4948 401 4982 ι
430 4930 498 4985 Et
516 4929 569 4984 in
590 4927 920 5002 Evangelia:
949 4946 969 4981 ε
996 4928 1234 4985 Verbum
1258 4941 1386 4982 caro
1411 4924 1614 4981 factum
1641 4930 1742 4987 est,

200 5023 244 5067 et
284 5017 531 5077 habitavit
560 5021 616 5076 in
655 5022 814 5078 nobis
847 5021 1031 5093 (Jean.
1085 5036 1126 5085 ι,
1175 5019 1286 5088 Η).
1326 5037 1345 5071 t
1381 5017 1550 5073 Filius
1583 5015 1748 5087 igitur

199 5112 452 5168 secundum
477 5127 698 5169 carnem
720 5113 920 5169 dicitur
944 5110 1139 5168 factus.
1174 5110 1310 5166 Nam
1337 5108 1632 5166 secundum
1659 5107 1743 5164 di-

200 5197 438 5260 vinitatem
465 5220 498 5260 a
524 5205 687 5261 Patre
722 5219 991 5276 nusquam
1030 5202 1231 5259 dicitur
1258 5201 1458 5267 factus,
1480 5200 1575 5257 sed
1597 5198 1747 5271 geni-

202 5294 295 5358 tus;
314 5294 428 5351 dum
451 5297 595 5353 enim
617 5297 782 5354 Pater
805 5296 1070 5366 loquitur,
1088 5293 1529 5363 Filiusloquitur,
1551 5299 1744 5347 etcum

202 5373 337 5439 Filius
347 5384 577 5458 loquitur
588 5388 805 5444 Patrem
819 5386 874 5443 in
896 5387 989 5443 illo
1000 5401 1123 5443 esse
1135 5386 1443 5457 loquentem
1458 5383 1748 5439 documen-

203 5467 257 5524 lis
278 5474 564 5535 cmlestibns
586 5479 991 5550 comprobatur,
1008 5476 1176 5533 Paulo
1206 5472 1451 5546 apostolo
1476 5480 1744 5529 attestan-

203 5564 271 5622 te.
296 5566 376 5633 qui
412 5569 524 5625 ait:
555 5568 734 5625 Multis
768 5569 1015 5639 partibus
1065 5565 1356 5636 multisque
1399 5563 1579 5620 modis
1612 5562 1741 5618 olim

205 5648 290 5721 27
316 5655 441 5715 Deus
470 5663 684 5718 locutus
717 5671 800 5717 est
833 5659 1086 5715 Patribus
1127 5659 1181 5713 in
1217 5655 1517 5729 prophetis,
1562 5654 1746 5710 novis-

204 5739 312 5802 sime
329 5760 490 5811 autem
520 5755 731 5812 locutus
758 5763 840 5810 est
870 5753 1024 5809 nobis
1054 5753 1107 5807 in
1133 5752 1289 5808 Filio.
1321 5750 1386 5806 Et
1409 5758 1466 5805 ut
1492 5748 1740 5805 eumdem

1858 3267 1924 3323 Et
1963 3269 2031 3323 ad
2067 3266 2404 3338 discipulos:
2435 3287 2453 3321 ι
2484 3266 2671 3325 Verba
2712 3284 2834 3340 qua:
2876 3268 3091 3326 locutus
3130 3284 3249 3323 sum
3278 3267 3461 3332 vobis,

1857 3357 2084 3426 Spiritus
2112 3368 2167 3413 et
2191 3359 2300 3413 vita
2327 3367 2453 3413 sunt
2479 3358 2665 3429 (Joan.
2696 3374 2770 3425 vt,
2801 3360 2917 3430 64).
2948 3379 2966 3411 ι
3005 3359 3071 3414 Et
3098 3359 3165 3415 ad
3196 3358 3459 3415 Patrem:

1857 3450 1967 3520 Ego
1996 3450 2067 3504 ad
2096 3458 2147 3505 te
2170 3451 2350 3516 venio,
2377 3459 2432 3506 et
2461 3451 2577 3506 hmc
2602 3451 2794 3522 loquor
2825 3452 2876 3507 in
2910 3452 3129 3506 mundo.
3164 3451 3231 3505 Et
3258 3450 3455 3505 iterum

1856 3540 2061 3597 .Indmis
2084 3541 2255 3597 dixit:
2282 3541 2503 3615 Loquor
2526 3544 2703 3609 vobis,
2728 3552 2784 3597 et
2813 3557 2916 3597 non
2942 3542 3160 3597 auditis.
3192 3540 3248 3595 Si
3271 3550 3455 3596 autem

1854 3634 2064 3689 venerit
2091 3633 2249 3699 alius,
2281 3634 2430 3688 illum
2463 3633 2714 3689 audietis.
2760 3634 2822 3688 Et
2865 3633 3058 3689 iterum
3091 3652 3103 3686 :
3139 3632 3265 3688 Hmc
3290 3631 3445 3687 Iocu-

1856 3734 1941 3780 tus
1969 3734 2053 3782 est
2075 3725 2335 3782 Dominus
2381 3726 2434 3781 itt
2460 3726 2845 3798 gazophylacio
2872 3727 3075 3782 docens
3123 3726 3176 3780 in
3227 3724 3448 3795 templo.

1855 3815 1922 3870 Et
1958 3830 2118 3870 nemo
2165 3816 2521 3885 apprehendit
2566 3831 2724 3882 eum,
2773 3816 2899 3887 quia
2949 3815 3188 3872 nondum
3230 3821 3455 3869 venerat

1855 3908 1988 3962 hora
2025 3906 2162 3975 ejus.
2202 3907 2341 3961 Ecce
2374 3906 2427 3961 in
2465 3906 2552 3962 his
2577 3907 2855 3972 omnibus,
2884 3922 3005 3978 qua:
3035 3906 3284 3976 superius
3307 3905 3451 3960 dicta

1853 4006 2009 4063 sunt,
2043 4012 2149 4053 non
2194 3998 2421 4052 docetur
2454 3996 2623 4053 Filius
2660 4006 2931 4069 ιιι-ποθι)ιο
2958 3995 3138 4052 Patris
3172 3995 3337 4052 fuisse
3374 3995 3454 4051 lo-

1854 4099 2037 4153 cutus,
2065 4090 2160 4144 sed
2207 4088 2380 4160 magis
2421 4088 2697 4159 proprium
2730 4087 3040 4143 exercuisse
3087 4086 3140 4141 in
3182 4084 3452 4156 loquendo

1851 4197 2182 4237 sermonem.
2234 4180 2403 4235 Isaias
2448 4194 2664 4250 quoque
2708 4180 2969 4251 propheta
3004 4179 3126 4233 ait:
3165 4176 3291 4233 Haec
3319 4177 3452 4233 dicit

1854 4275 2120 4332 Dominus
2148 4289 2162 4327 :
2190 4273 2300 4345 Ego
2338 4272 2442 4327 feei
2472 4281 2672 4327 terram
2716 4286 2879 4327 sensu
2911 4285 3053 4335 meo,
3088 4277 3143 4325 et
3173 4268 3448 4325 hominem

1853 4383 2015 4440 super
2058 4381 2203 4431 eam,
2255 4380 2357 4437 ego
2412 4364 2639 4420 solidavi
2694 4363 2891 4420 cmlum
2938 4376 3102 4417 manu
3154 4375 3304 4427 mea,
3351 4376 3452 4433 ego

1851 4457 2107 4513 omnibus
2159 4456 2431 4512 sideribus
2473 4454 2726 4510 mandavi
2777 4462 2840 4509 nt
2888 4452 3135 4508 Iacerent
3179 4451 3235 4506 in
3286 4452 3447 4507 caelo.

1857 4552 2087 4617 Itemibi
2115 4570 2129 4607 :
2161 4552 2272 4625 Ego
2287 4566 2447 4607 omne
2471 4549 2759 4608 consilium
2778 4566 2955 4607 meum
2981 4549 3169 4615 statui,
3193 4556 3247 4604 et
3266 4547 3454 4603 omnia

1854 4658 2194 4715 qumcunque
2236 4643 2471 4715 cogitavi
2522 4628 2624 4714 ego
2666 4642 2793 4710 feci,
2826 4628 2967 4698 item
3022 4642 3092 4698 ibi
3128 4659 3141 4696 :
3171 4640 3265 4696 Sic
3316 4640 3449 4695 dicit

1856 4737 2140 4801 Dominus,
2178 4737 2269 4807 qui
2309 4736 2596 4792 constituit
2638 4736 2834 4792 cmlum
2879 4743 2934 4791 et
2976 4744 3201 4799 terram,
3236 4742 3293 4788 et
3320 4730 3451 4785 fecit

1853 4841 1974 4882 eam
2003 4834 2059 4882 et
2085 4825 2330 4882 fundavit
2357 4841 2502 4881 eam.
2545 4825 2677 4882 Item
2717 4826 2791 4881 ibi
2820 4842 2835 4880 :
2864 4825 2978 4895 Ego
3005 4824 3238 4896 primus,
3266 4828 3322 4877 et
3346 4835 3455 4891 ego

1850 4918 1906 4973 in
1932 4927 2193 4973 aeternum
2216 4957 2231 4982 ,
2265 4931 2465 4973 manus
2502 4931 2624 4973 mea
2664 4915 2908 4972 fundavit
2937 4923 3162 4970 terram.
3210 4910 3451 4967 Dextera

1849 5028 1968 5069 mea
1999 5011 2251 5068 solidavit
2271 5009 2489 5066 caelum.
2516 5010 2585 5066 Et
2603 5010 2657 5065 in
2679 5007 2912 5065 Ieremia
2937 5023 2951 5061 :
2980 5006 3092 5077 Ego
3114 5003 3214 5059 feci
3241 5010 3452 5059 terram

1850 5107 1903 5162 in
1948 5104 2263 5162 fortitudine
2298 5118 2417 5158 mea
2467 5118 2698 5175 magna,
2748 5109 2804 5156 et
2844 5107 2897 5155 tn
2935 5097 3160 5153 brachio
3194 5110 3318 5152 meo
3350 5110 3445 5152 ex-

1848 5197 2015 5254 celso.
2046 5196 2176 5250 Item
2201 5194 2314 5249 ibi:
2352 5194 2611 5250 Dominus
2639 5192 2769 5248 fecit
2793 5200 2993 5248 terram
3034 5190 3086 5244 in
3119 5189 3318 5243 virtute
3345 5202 3449 5241 sua

1847 5302 2069 5358 magna,
2098 5294 2154 5343 et
2175 5286 2354 5341 erexit
2383 5286 2572 5342 orbem
2619 5293 2776 5340 terra:
2816 5283 2870 5339 in
2914 5282 3201 5354 sapientia,
3234 5289 3289 5337 et
3314 5295 3444 5351 prn-

1849 5380 2029 5437 detttia
2066 5394 2162 5435 sua
2203 5378 2448 5438 extendit
2484 5376 2680 5434 coelum
2707 5383 2764 5431 et
2788 5375 2972 5447 posuit
2992 5390 3184 5430 sonum
3211 5386 3364 5442 aqua:
3385 5370 3444 5425 in

1849 5473 2009 5530 caelo.
2053 5475 2363 5538 Defendite,
2411 5470 2753 5538 charissinti,
2796 5486 2896 5542 ego
2932 5485 3063 5540 rogo
3089 5481 3221 5532 vos,
3251 5472 3444 5520 contra

1849 5566 2133 5622 malivolos
2182 5566 2432 5622 homines
2487 5564 2866 5620 inconcussum
2909 5557 3164 5618 Ecclesiae
3212 5563 3440 5623 statum,

1846 5668 1906 5714 ut
1936 5676 2032 5715 vos
2054 5659 2254 5715 Christi
2288 5658 2510 5714 dextera
2544 5656 2800 5713 defendat
2842 5655 2895 5709 in
2926 5666 3121 5708 aevum.
3167 5647 3303 5703 Data
3334 5644 3439 5701 No-

1849 5768 1944 5806 nas
1972 5751 2119 5819 Maii,
2145 5751 2369 5807 Rustico
2395 5760 2447 5806 et
2469 5749 2724 5821 Aquilino
2753 5747 2820 5804 1V
2847 5743 3177 5804 consulibus.
