4012 6502
518 351 620 410 “9

1327 348 1617 406 APPEND.
1656 316 1749 406 An
1782 349 1956 405 szsc.
1980 349 2070 405 IX.
2110 382 2181 393 —
2216 352 2465 409 lSlDORl
2504 349 2938 410 MERCATORIS

3686 343 3810 405 120

1594 482 1981 545 EPISTOLA
2030 482 2423 546 SOTHERIS
2465 484 2718 547 ΡΑΡᾸΞ.

590 642 966 700 Dilectissimis
1016 633 1276 698 fratribus
1311 656 1409 712 per
1446 640 1613 696 italiae
1638 640 1947 711 provincias
1975 655 2100 695 san-
2127 641 2174 702 Α
2201 647 2287 694 est
2309 639 2583 711 vigilantia
2608 641 2744 695 tanti
2775 638 3099 697 sacramenti
3127 638 3402 708 sapientiae
3423 636 3810 694 discretionis.

520 735 623 791 clis
647 734 953 790 constitutis
980 733 1265 804 episcopis,
1292 731 1509 788 Sornea
1531 747 1690 802 papa.

594 824 803 879 Divinis
835 824 1123 895 praeceptis
1155 831 1212 880 et
1251 822 1563 893 apostolicis
1599 822 1819 877 monitis
1853 821 2112 877 informa-

523 929 667 993 ntur,
701 922 762 968 ut
791 929 889 983 pro
918 912 1159 969 omnium
1190 912 1561 969 Ecclesiarum
1602 921 1746 968 statu
1776 913 2008 984 impigro
2032 912 2112 967 vi-

524 1004 755 1075 gilemus
797 1003 1024 1069 affectu,
1073 1012 1129 1060 at
1170 1005 1215 1060 si
1255 1005 1387 1075 quid
1425 1020 1655 1074 usquam
1704 1003 2112 1075 reprehensioni

528 1094 799 1149 invenitur
826 1095 1143 1161 obnoxium,
1171 1095 1336 1152 celeri
1370 1095 1733 1152 sollicitudine
1760 1095 1829 1151 ab
1855 1095 2113 1167 ignoran-

527 1186 616 1241 tiae
654 1187 926 1258 imperitia
957 1196 1014 1243 et
1042 1189 1475 1260 prmsumptionis
1506 1191 1857 1261 usurpatione
1886 1205 2110 1247 revoce-

527 1295 670 1337 mus.
724 1280 983 1338 Sacratas
1025 1282 1137 1338 Deo
1179 1280 1412 1338 feminas
1457 1282 1543 1338 vel
1585 1283 1910 1348 monachas,
1959 1298 2113 1339 sacra

528 1384 658 1427 vasa
689 1370 774 1426 vel
801 1379 1047 1427 sacratas
1076 1371 1247 1440 pallas
1276 1388 1443 1442 penes
1470 1387 1565 1428 vos
1595 1374 1908 1444 contingere
1944 1383 2000 1430 et
2035 1375 2117 1430 in-

531 1478 756 1519 censum
777 1463 923 1519 circa
950 1448 1145 1519 altaria
1169 1463 1378 1519 deferre
1405 1463 1668 1535 perlatum
1696 1475 1779 1521 est
1805 1467 1872 1522 ad
1900 1476 2118 1538 aposto-

488 1602 491 1605 .
540 1553 703 1609 licam
752 1554 968 1620 sedem,
1009 1569 1129 1624 quae
1159 1555 1338 1609 omnia
1380 1556 1799 1625 reprehensione
1831 1565 1886 1611 et
1912 1557 2121 1628 vitupe-

536 1646 748 1701 ratione
787 1646 943 1717 plena
983 1661 1138 1713 esse,
1186 1646 1315 1701 nulli
1354 1655 1502 1703 recte
1546 1647 1865 1717 sapientium
1898 1647 2119 1705 dubium

536 1747 641 1793 est.
672 1738 1017 1809 Quapropter
1041 1739 1202 1809 hujus
1230 1747 1431 1795 sancta:
1470 1739 1615 1794 sedis
1636 1740 1978 1805 auctoritate,
2005 1741 2123 1796 haec

538 1828 719 1883 omnia
748 1828 904 1884 vobis
930 1841 1179 1884 resecare
1226 1828 1499 1894 funditus,
1546 1838 1753 1899 quanto
1782 1830 1943 1885 citius
1970 1839 2125 1901 pote-

538 1920 681 1986 ritis,
705 1933 1006 1984 censemus,
1024 1927 1166 1975 etne
1188 1919 1356 1988 pestis
1382 1919 1496 1975 haec
1523 1919 1685 1975 latius
1706 1920 2011 1990 divulgetur
2029 1935 2126 1991 per

2212 746 2335 800 qua:
2365 731 2575 787 occulta
2620 732 2961 788 tenebrarum
3009 732 3232 797 revelat,
3274 733 3340 787 ad
3381 730 3813 801 requisitioncm

2214 821 2521 892 hujusmodi
2553 825 2626 880 rei
2659 834 2715 879 et
2742 826 3159 891 scrutationem,
3207 825 3460 895 quoniam
3499 825 3634 880 latet
3662 839 3819 894 quo—

2214 913 2503 970 dammodo
2553 923 2611 970 et
2649 916 3031 982 absconditur,
3081 916 3280 986 vixque
3321 915 3821 986 comprehenditur

2214 1003 2397 1060 dolosa
2441 1004 2682 1060 existens
2724 1004 2926 1060 malitia
2972 1020 3072 1075 pro
3106 1020 3172 1061 eo
3206 1006 3349 1076 quod
3392 1006 3494 1060 sibi
3533 1004 3818 1076 pietatem

2214 1097 2409 1153 callide
2449 1098 2780 1164 blandiatur,
2820 1106 2881 1153 ut
2928 1098 3104 1154 valeat
3150 1099 3511 1155 scrutantium
3559 1105 3819 1154 mentem

2215 1188 2403 1244 latere.
2454 1189 2608 1258 Quod
2655 1191 2844 1260 utique
2888 1191 3066 1246 sciens
3109 1193 3299 1247 beatus
3322 1190 3635 1263 Apostolus,
3684 1190 3774 1244 ait
3802 1206 3821 1244 :

2223 1300 2242 1334 σ
2279 1280 2412 1336 Nam
2453 1281 2757 1351 hujusmodi
2782 1283 3249 1354 pseudoapostoli,
3290 1284 3524 1355 operarii
3567 1281 3825 1350 subdoli,

2219 1371 2607 1443 transfigurant
2636 1387 2694 1427 se
2742 1373 2796 1427 in
2842 1373 3114 1444 apostolos
3159 1374 3360 1431 Christi
3418 1373 3505 1447 (II
3551 1372 3680 1429 Cor.
3733 1388 3823 1439 xl,

2220 1462 2331 1532 15).
2368 1482 2385 1515 ι
2423 1461 2527 1517 Sed
2557 1478 2663 1517 non
2693 1463 2890 1518 mirum
2920 1463 3138 1534 quando
3173 1463 3288 1533 ipse
3322 1463 3552 1520 Satanas
3588 1463 3829 1519 transﬁ-

2221 1562 2380 1623 gurat
2409 1569 2467 1609 se
2506 1554 2558 1609 in
2587 1554 2833 1625 angelum
2858 1554 3025 1622 lucis,
3051 1555 3098 1612 si
3121 1555 3357 1612 ministri
3377 1555 3493 1626 ejus
3518 1554 3830 1627 transfigu-

2224 1656 2414 1701 rantur
2428 1646 2572 1701 velut
2593 1648 2826 1703 ministri
2845 1648 3088 1719 justitize,
3110 1663 3339 1719 quorum
3363 1647 3488 1704 finis
3506 1647 3829 1704 secundum

2223 1751 2386 1808 opera
2425 1752 2634 1792 eorum.
2681 1736 2787 1793 Sed
2824 1747 2880 1793 et
2908 1737 3171 1794 Dominus
3216 1737 3271 1792 in
3309 1736 3414 1793 hoc
3445 1737 3828 1808 praemuniens

2224 1845 2344 1896 nos,
2373 1832 2487 1885 ait:
2516 1848 2535 1883 ι
2570 1830 2852 1887 Attendite
2879 1846 2910 1885 a
2940 1830 3093 1886 falsis
3128 1830 3413 1901 prophetis
3455 1829 3548 1901 qui
3586 1828 3833 1885 veniunt

2226 1921 2291 1975 ad
2319 1937 2414 1976 vos
2442 1922 2495 1976 in
2521 1922 2861 1978 vestimentis
2886 1922 3090 1986 ovium,
3123 1920 3450 1977 intrinsecus
3474 1926 3662 1975 autem
3694 1927 3830 1975 sunt

538 2024 729 2065 omnes
760 2009 1091 2080 provincias,
1120 2009 1355 2081 abstergi
1390 2010 1652 2067 citissime
1681 2010 2018 2076 mandamus,
2047 2010 2126 2065 ait
2153 2022 2200 2081 Β
2228 2011 2336 2082 lupi
2383 2025 2655 2081 rapaces;
2717 2027 2746 2066 a
2788 2009 3056 2068 fructibus
3102 2026 3291 2067 eorum
3338 2010 3685 2082 cognoscetis
3730 2024 3831 2066 eos

541 2100 688 2156 enim
719 2100 1008 2171 Apostolus
1034 2117 1047 2153 :
1087 2119 1105 2152 ς
1136 2100 1407 2172 Despondi
1448 2101 1596 2157 enim
1623 2117 1720 2158 vos
1748 2101 1841 2156 uni
1874 2101 1995 2157 viro
2014 2101 2127 2157 vir-

543 2190 723 2261 ginem
779 2198 987 2246 castam
1036 2191 1295 2246 exhibere
1336 2190 1555 2247 Christo
1603 2190 1688 2261 (II
1718 2189 1841 2246 Cor.
1870 2207 1945 2255 xl,
1990 2190 2067 2263 2).
2104 2210 2121 2244 ι

544 2281 638 2335 Illa
675 2290 759 2336 est
786 2281 929 2336 enim
959 2282 1113 2354 virgo
1143 2282 1406 2350 Ecclesia,
1436 2298 1632 2355 sponsa
1658 2284 1816 2340 unius
1841 2284 1943 2339 viri
1965 2283 2128 2341 Chri-

549 2372 643 2436 sti,
673 2389 797 2443 quae
824 2373 969 2429 nullo
996 2389 1055 2429 se
1085 2375 1288 2443 patitur
1312 2390 1497 2432 errore
1524 2375 1604 2431 vel
1632 2376 1913 2432 inhonesta
1943 2391 2130 2447 reprco

548 2466 811 2523 hensione
836 2468 1038 2535 vitiari,
1064 2477 1123 2523 ut
1150 2485 1247 2540 per
1270 2478 1439 2526 totum
1466 2472 1722 2526 mundum
1744 2487 1849 2526 una
1877 2472 1948 2526 sit
1976 2471 2131 2527 nobis

551 2562 710 2613 unius
734 2568 896 2615 castae
923 2560 1324 2616 communionis
1366 2561 1669 2631 integritas.
1721 2559 1876 2617 Unde
1905 2576 2132 2617 consur-

553 2650 684 2721 gite,
716 2652 1048 2718 charissimi,
1072 2669 1193 2708 cum
1220 2653 1467 2719 Domino,
1497 2665 1553 2710 et
1570 2654 1805 2710 assistite
1830 2653 1878 2709 ei
1909 2654 2137 2710 induen-

554 2751 636 2797 tes
663 2757 815 2797 arma
844 2743 1065 2813 spiritus
1094 2745 1351 2800 adversus
1378 2743 1736 2814 malignantes
1760 2751 1945 2800 contra
1973 2744 2132 2800 fidem

552 2831 689 2901 ejus,
736 2842 792 2889 et
833 2834 1092 2905 probetur
1120 2836 1344 2906 spiritus
1386 2836 1685 2907 sapientiae,
1730 2835 1784 2891 id
1827 2844 1933 2901 est,
1969 2834 2132 2891 verba

554 2923 771 2980 illorum
801 2924 846 2979 si
876 2939 944 2980 ex
969 2925 1079 2981 Deo
1114 2934 1261 2982 sunt.
1316 2926 1590 2996 Scriptum
1617 2935 1703 2983 est
1728 2926 1872 2981 enim
1900 2926 1954 2980 in
1976 2923 2129 2981 Jere-

555 3017 664 3072 mia
695 3034 710 3071 :
746 3036 765 3068 ι
801 3016 1152 3076 Probatorem
1185 3019 1307 3076 dedi
1357 3028 1409 3076 te
1448 3020 1502 3074 in
1532 3019 1784 3090 populum
1819 3034 1998 3075 meum
2041 3033 2134 3074 ro-

557 3109 800 3177 bustum,
828 3120 882 3168 et
915 3113 1076 3180 scies,
1105 3122 1154 3169 et
1188 3112 1372 3180 facies,
1399 3121 1455 3170 et
1475 3113 1728 3183 probabis
1755 3112 1899 3168 viam
1922 3112 2131 3168 illorum

558 3199 775 3271 (Jerem.
806 3219 881 3269 vt,
911 3203 1023 3264 27).
1056 3224 1075 3256 ι
1102 3203 1331 3259 Multum
1368 3218 1605 3275 namque
1645 3203 1800 3258 nobis
1829 3203 2132 3259 necessaria

575 3341 823 3358 —_

2230 2104 2448 2175 (.llauh.
2478 2119 2574 2169 vn,
2609 2104 2696 2171 15,
2721 2103 2865 2176 16).»
2895 2104 3038 2175 Ergo
3068 2104 3123 2159 in
3156 2104 3387 2174 idipsum
3415 2120 3480 2159 ex
3509 2112 3623 2159 toto
3655 2102 3831 2159 corde

2229 2203 2412 2250 vestro
2445 2194 2781 2261 referentes,
2812 2203 2941 2251 ante
2971 2196 3173 2263 omnia,
3198 2211 3360 2267 super
3388 2196 3479 2251 tali
3519 2195 3833 2267 quaestione

2232 2288 2688 2360 deprecationem,
2740 2296 2796 2343 et
2841 2289 3086 2344 dicentes
3135 2304 3258 2344 cum
3303 2288 3510 2344 David:
3561 2305 3581 2338 ‹
3614 2286 3829 2343 Revela

2231 2383 2417 2439 oculos
2459 2396 2637 2445 meos,
2670 2389 2726 2436 et
2759 2381 3115 2438 considerabo
3150 2380 3421 2437 mirabilia
3454 2379 3519 2436 de
3547 2379 3670 2450 lege
3698 2388 3826 2444 tua;

2234 2474 2456 2530 lucerna
2497 2473 2726 2543 pedibus
2774 2473 2909 2529 meis
2936 2469 3162 2527 verbum
3198 2479 3347 2525 tuum
3370 2511 3384 2535 ,
3415 2478 3467 2525 et
3508 2469 3696 2525 lumen
3743 2485 3833 2526 se-

2233 2566 2384 2622 mitis
2430 2564 2568 2620 meis
2612 2562 2785 2635 (Paul.
2813 2579 3002 2629 cxvm,
3033 2561 3115 2625 l8,
3150 2560 3295 2632 {05).
3334 2581 3353 2613 ι
3401 2560 3671 2629 Quoniam
3698 2602 3716 2624 ,
3772 2570 3832 2614 ut

2235 2658 2312 2713 ait
2340 2658 2534 2713 beatus
2557 2655 2747 2711 Daniel
2783 2655 3074 2725 propheta,
3115 2670 3134 2704 ι
3173 2652 3435 2723 sapientia
3476 2661 3530 2708 et
3559 2651 3831 2708 fortitudo

2235 2746 2351 2816 ejus
2379 2754 2505 2804 sunt
2526 2744 2689 2817 (Dan.
2716 2760 2778 2811 ιι,
2798 2743 2915 2817 20),
2948 2764 2965 2796 ι
2995 2743 3085 2799 dat
3111 2742 3432 2814 sapientiam
3461 2743 3827 2813 sapientibus,

2236 2846 2292 2894 et
2338 2837 2624 2894 scientiam
2687 2835 3117 2906 intelligentibus
3169 2841 3226 2890 et
3258 2834 3652 2905 .disciplinam;
3715 2836 3832 2906 ipse

2240 2929 2447 2984 revelat
2472 2926 2739 2999 profunda
2767 2937 2823 2984 et
2852 2925 3193 2991 abscondita,
3225 2934 3280 2981 et
3307 2926 3462 2981 novit
3496 2926 3551 2980 in
3585 2926 3832 2982 tenebris

2208 3058 2214 3064 ς
2239 3021 2558 3084 constituta,
2585 3028 2640 3075 et
2663 3019 2754 3073 lux
2779 3033 2899 3073 cum
2916 3030 2980 3071 eo
3008 3025 3108 3073 est.
3135 3015 3271 3084 Quia
3296 3015 3613 3087 sapientiam
3636 3027 3695 3071 et
3718 3015 3834 3071 for-

2241 3112 2524 3167 titudinem
2563 3110 2756 3167 dedisti
2787 3109 2919 3164 mihi
2950 3118 3011 3164 et
3027 3107 3309 3164 ostendisti
3343 3107 3475 3162 mihi
3497 3122 3617 3180 quae
3637 3108 3830 3179 rogavi

2243 3209 2315 3257 te.
2340 3201 2469 3255 Data
2493 3218 2526 3257 χ
2541 3199 2763 3257 Kalend.
2778 3198 2942 3263 Junii,
2958 3197 3147 3257 Getico
3166 3197 3389 3255 etGlero
3407 3196 3830 3255 IVconsulibus.

954 3489 1588 3581 INCIPIUNT
1643 3488 2151 3580 DECRETA

2250 3489 3009 3580 ΕΙιΕΙΙἸἪΕΙὶΙΙΔ
3075 3489 3451 3581 PAPIE.

1522 3674 1684 3736 (Anno
1707 3673 1901 3725 Domini
1925 3673 2033 3734 l77,
2059 3682 2280 3739 tempore
2299 3675 2528 3727 Antonini
2546 3675 2835 3739 Commodi.)

643 3936 1022 3991 ELEUTHERIUS
1075 3933 1377 4004 episcopus,
1408 3933 1675 3989 universis
1728 3931 1985 3988 Ecclesiis
2043 3932 2212 4003 per'c
2241 3936 2392 3991 velut
2428 3934 2652 3993 linteum
2690 3952 2970 4010 magnum,
2999 3947 3234 4010 quatuor
3266 3939 3434 3998 initiis
3469 3941 3712 3999 submitti
3771 3945 3833 4000 de

568 4028 755 4087 Callia:
800 4026 1104 4099 provincias
1144 4027 1369 4083 Domino
1419 4026 1798 4093 militantibus,
1830 4027 1883 4081 in
1917 4026 2142 4082 Domino

569 4121 820 4176 salutem.

641 4211 835 4282 Magno
878 4225 1103 4267 munere
1144 4210 1532 4267 misericordia:
1559 4211 1655 4266 Dei
1703 4210 1867 4266 totius
1891 4209 2146 4267 Ecclesia:

577 4303 851 4360 catholica:
888 4301 1237 4372 multiplicata
1276 4310 1403 4358 sunt
1427 4302 1641 4374 gaudia,
1672 4318 1792 4357 cum
1825 4301 2023 4357 multos
2050 4304 2163 4372 po?

571 4399 725 4470 pulos
773 4397 841 4451 ad
887 4396 1099 4453 Domini
1142 4396 1419 4452 servitium
1468 4394 1726 4451 festinare
1771 4395 2145 4467 cognovimus.

573 4489 686 4556 Qua
717 4490 783 4545 de
810 4504 871 4544 re
902 4489 1266 4545 necessarium
1315 4487 1675 4556 indicavimus
1712 4502 1809 4542 vos
1854 4487 2145 4553 instruere,

574 4589 633 4636 ut
664 4595 816 4636 escas
854 4595 990 4650 quas
1024 4579 1197 4635 vitare
1228 4594 1325 4635 vos
1364 4579 1666 4634 audivimus
1706 4576 2148 4632 irrationabiliter

575 4684 682 4723 non
716 4668 1005 4739 respuatis.
1032 4667 1215 4733 Scitis,
1242 4667 1459 4732 fratres,
1486 4666 1846 4738 legislatorem
1877 4666 2145 4731 docuisse,

574 4760 755 4816 omnia
796 4776 918 4831 quae
958 4759 1167 4817 creavit
1190 4758 1331 4815 Deus
1360 4767 1518 4814 erant
1553 4757 1710 4813 valde
1748 4757 1921 4821 bona,
1951 4765 2006 4811 et
2034 4756 2143 4827 ipsa

574 4865 672 4921 per
714 4867 772 4906 se
802 4849 1014 4906 Veritas
1043 4849 1159 4904 ait:
1192 4866 1212 4900 ι
1240 4846 1357 4903 Νοη
1403 4847 1546 4917 quod
1593 4847 1761 4901 intrat
1809 4846 1860 4900 in
1900 4860 1962 4900 os
1999 4845 2149 4900 coin-

574 4945 762 5014 quinat
794 4943 1088 5009 hominem,
1133 4941 1228 4999 sed
1271 4942 1415 5012 quod
1457 4941 1571 4998 exit
1594 4942 1661 4996 de
1685 4955 1780 4997 ore
1807 4938 2022 5009 (ΜαιιΙι.
2054 4955 2144 5007 xv,

577 5034 685 5104 ll).
721 5053 739 5086 ι
775 5033 923 5089 Unde
946 5041 1158 5089 constat
1185 5047 1291 5087 non
1323 5033 1518 5088 debere
1543 5031 1782 5088 refutare
1823 5047 1978 5087 escas
2004 5048 2151 5087 com-

575 5137 766 5178 munes
787 5139 923 5194 quas
944 5124 1085 5179 Deus
1105 5123 1171 5177 ad
1192 5122 1344 5179 cibos
1369 5123 1555 5179 tribuit
1573 5122 1818 5179 ﬁdelibus
1841 5124 1971 5179 suis.
2001 5123 2067 5178 Et
2096 5123 2149 5179 in

576 5211 797 5268 Actibus
834 5211 1224 5281 apostolorum,
1273 5211 1342 5267 de
1370 5211 1583 5267 mundis
1624 5212 1766 5268 escis
1798 5211 1996 5281 legitur
2042 5213 2147 5267 ita:

2244 4026 2385 4082 coelo
2430 4028 2483 4083 in
2532 4038 2756 4095 terram,
2789 4030 2843 4085 in
2888 4045 2995 4101 quo
3035 4041 3193 4087 erant
3235 4033 3413 4087 omnia
3461 4034 3830 4105 quadrupedis

2242 4126 2298 4172 et
2324 4118 2597 4187 serpentia
2628 4128 2806 4179 terrae.
2833 4129 2888 4176 et
2910 4120 3146 4176 volatilia
3177 4122 3320 4177 coeli.
3351 4122 3418 4178 Et
3445 4123 3585 4180 facta
3615 4134 3700 4180 est
3723 4140 3828 4180 vox

2245 4210 2312 4265 ad
2337 4224 2462 4265 eum
2488 4228 2501 4264 :
2528 4210 2721 4283 Surge,
2747 4211 2930 4277 Petre,
2962 4213 3150 4269 occide
3184 4221 3241 4269 et
3266 4214 3553 4269 manduca.
3603 4215 3697 4269 Ait
3728 4232 3831 4270 au-

2246 4309 2354 4356 tem
2376 4301 2571 4358 Petrus
2594 4317 2620 4357 εΔ
2642 4302 2818 4367 Absit,
2852 4304 3101 4371 Domine,
3140 4304 3265 4374 quia
3296 4320 3570 4375 nunquam
3600 4307 3832 4361 mandu-

2246 4393 2366 4449 cavi
2393 4408 2556 4448 omne
2585 4409 2872 4450 commune
2901 4404 2957 4451 et
2986 4396 3342 4451 immundum.
3393 4398 3460 4452 Et
3498 4412 3601 4453 vox
3630 4398 3831 4454 iterum

2247 4482 2486 4540 secundo
2532 4484 2780 4540 adeum
2831 4504 2844 4540 :
2898 4486 3029 4554 Quae
3074 4487 3334 4543 Dominus
3385 4487 3732 4558 purificavit,
3778 4499 3830 4544 tu

2247 4588 2537 4630 commune
2565 4590 2635 4630 ne
2659 4574 2880 4630 dixeris.
2912 4575 3026 4630 lloc
3051 4584 3230 4631 autem
3261 4575 3464 4632 factum
3494 4587 3578 4632 est
3604 4592 3706 4646 per
3726 4586 3829 4644 ter,

2249 4671 2304 4719 et
2328 4663 2510 4719 statim
2533 4680 2631 4720 vas
2653 4673 2926 4735 receptum
2951 4674 3035 4721 est
3061 4665 3113 4720 in
3140 4666 3336 4722 coelum
3363 4667 3502 4738 (Act.
3527 4682 3581 4730 x,
3602 4668 3658 4733 9,
3683 4668 3794 4737 16).
3809 4687 3825 4718 ι

2322 4756 2399 4813 De
2443 4757 2882 4814 accusationibus
2909 4772 3041 4830 ergo
3070 4757 3416 4827 clericorum,
3444 4775 3607 4830 super
3635 4762 3832 4830 quibus

2251 4848 2483 4904 consulti
2539 4863 2747 4915 sumus,
2801 4848 2929 4920 quia
2980 4863 3172 4903 omnes
3218 4863 3403 4904 eorum
3457 4852 3832 4906 accusationes

2253 4938 2467 4995 difﬁcile
2503 4948 2589 4996 est
2627 4939 2695 4994 ad
2733 4939 2917 4996 sedem
2963 4938 3313 5008 apostolicam
3352 4939 3586 5004 deferre,
3623 4940 3828 4995 finitiva

2238 5030 2627 5102 episcoporum
2652 5038 2860 5086 tantum
2877 5029 3081 5099 judicia
3104 5030 3211 5085 huc
3230 5029 3566 5096 deferantur,
3593 5038 3650 5087 et
3673 5031 3832 5102 hujus

2246 5128 2456 5175 sancta:
2482 5119 2627 5175 sedis
2656 5118 2983 5174 auctoritate
3012 5119 3289 5184 liniantur,
3317 5118 3458 5174 sicut
3483 5120 3830 5190 abapostolis

2256 5226 2549 5281 eorumque
2575 5209 2981 5267 successoribus
3010 5210 3300 5265 multorum
3331 5225 3597 5267 consensu
3623 5212 3831 5281 episco-

583 5320 602 5354 ι
633 5301 852 5358 Postera
881 5310 1059 5358 autem
1085 5303 1172 5358 die
1203 5302 1307 5357 iter
1333 5302 1501 5357 tribus
1531 5302 1852 5366 facientibus
1893 5303 2151 5359 domesti-
2181 5291 2227 5350 D
2252 5317 2444 5372 porum
2485 5303 2597 5373 jam
2643 5302 2925 5358 definitum
2976 5310 3078 5357 est.
3129 5300 3241 5357 Nec
3274 5301 3328 5356 in
3360 5315 3547 5358 eorum
3575 5302 3831 5359 Ecclesiis

575 5394 655 5451 cis
680 5409 802 5459 cum
826 5393 1004 5460 Petro,
1037 5402 1093 5450 et
1119 5394 1673 5465 appropinquantibus
1697 5396 1923 5459 civitati,
1958 5411 2149 5451 ascen-

575 5487 655 5542 dit
682 5485 873 5541 Petrus
900 5485 953 5539 in
983 5484 1296 5557 superiora,
1328 5492 1386 5540 ut
1413 5495 1594 5539 oraret
1625 5486 1772 5541 circa
1806 5486 1995 5541 horam
2023 5501 2148 5541 sex-

580 5590 710 5648 tam,
758 5592 813 5637 et
860 5596 983 5636 cum
1035 5576 1310 5645 esuriret,‘
1338 5578 1508 5636 voluit
1550 5588 1783 5651 gustare.
1823 5579 2148 5637 Parantibus

578 5683 757 5727 autem
798 5672 878 5726 eis
921 5671 1117 5727 cecidit
1155 5684 1316 5740 super
1358 5685 1482 5726 eum
1528 5670 1725 5724 mentis
1769 5684 2064 5726 excessus:
2094 5679 2150 5726 et

579 5762 713 5819 vidit
751 5762 947 5821 coelum
989 5769 1233 5832 apertum
1275 5770 1330 5818 ct
1370 5760 1700 5818 descendens
1729 5774 1824 5816 vas
1853 5762 2146 5831 quoddam,

2246 5397 2343 5453 alii
2371 5404 2467 5451 aut
2488 5405 2895 5467 praeponantur,
2927 5404 3020 5450 aut
3054 5396 3376 5451 ordinentur
3424 5406 3716 5467 antequam
3748 5397 3831 5451 hic

2255 5500 2442 5541 eorum
2474 5483 2619 5552 juste
2650 5486 3011 5541 terminentur
3034 5486 3270 5555 negotia,
3298 5484 3555 5554 quoniam
3583 5486 3829 5554 quamvis

2256 5574 2418 5630 liceat
2476 5574 2616 5646 apud
2668 5575 3025 5645 provinciales
3074 5584 3129 5630 et
3174 5576 3620 5647 metmpolitanos
3672 5586 3829 5646 atque

2256 5667 2516 5737 primates
2545 5681 2731 5722 eorum
2763 5665 3025 5723 ventilare
3066 5667 3442 5723 accusationes
3470 5666 3551 5723 vel
3581 5667 3829 5722 crimina-

2257 5759 2459 5828 tiones,
2505 5773 2612 5819 non
2652 5767 2833 5816 tamen
2873 5757 2999 5823 licet
3037 5757 3267 5816 diffinire
3304 5773 3468 5818 secus
3495 5773 3665 5829 quam.
3695 5773 3825 5829 pra:-
