4012 6436
175 477 282 535 lii

1319 456 1812 519 DECRETALIUM
1843 454 2222 513 COLLECTIO

3293 461 3397 515 122

171 596 349 650 dictum
373 596 472 645 est.
495 586 840 654 Reliquorum
856 597 984 638 vero
1013 581 1336 636 clericorum
1359 593 1552 634 causas
1577 575 1717 646 apud

1829 593 2104 664 Dppressis
2129 607 2359 664 namque
2385 593 2451 648 ab
2471 593 2794 649 omnibusin
2821 595 3030 650 cunctis
3051 595 3402 652 subveniatur

169 676 500 754 provinciales
517 686 575 730 et
589 672 1024 744 metropolitanos
1037 685 1100 725 ac
1114 669 1372 739 primates
1389 675 1444 722 et
1456 667 1720 722 ventilare

169 780 214 826 et
249 770 381 839 iuste
424 763 658 822 diffinire
703 763 850 828 licet,
890 760 1221 832 iudicantem
1269 767 1452 813 tamen
1505 763 1722 826 oportet

170 868 336 916 cuncta
363 856 573 922 rimari,
600 863 656 909 et
685 853 929 908 ordinem
966 866 1148 906 rerum
1177 848 1335 920 plena
1373 847 1719 918 inquisitione

170 951 437 1011 discutere,
463 943 838 1016 interrogandi
860 957 924 998 ac
954 940 1306 1012 proponendi,
1329 937 1719 1008 adjiciendique

170 1037 366 1111 przebita
393 1035 662 1106 patientia
690 1035 759 1090 ab
785 1048 873 1098 eo,
906 1043 965 1087 ut
991 1032 1064 1086 ibi
1091 1031 1232 1087 actio
1280 1031 1560 1085 ambarum
1595 1043 1720 1098 par-

172 1131 282 1184 tium
332 1127 565 1180 limitata
615 1123 686 1180 sit
731 1123 980 1194 pleniter.
1036 1120 1145 1176 Nec
1187 1118 1520 1191 litigantibus
1553 1116 1720 1186 judcx

171 1225 294 1296 prius
328 1237 422 1278 sua
454 1220 589 1276 velit
626 1219 893 1276 sententia
933 1217 1156 1274 obviare
1229 1214 1332 1268 nisi
1361 1212 1580 1282 quando
1617 1211 1718 1280 ipsi

167 1316 258 1385 jam
297 1313 533 1385 peractis
579 1310 828 1368 omnibus
873 1309 1008 1364 nihil
1052 1307 1290 1363 habeant
1329 1306 1383 1360 in
1423 1303 1720 1374 qumstione

171 1405 286 1477 quod
336 1413 674 1475 proponant,
719 1410 775 1458 et
822 1400 1006 1456 tandiu
1047 1399 1192 1453 actio
1236 1396 1542 1461 ventiletnr,
1587 1409 1724 1466 quo-

171 1509 312 1567 usque
339 1495 414 1549 rei
443 1494 654 1549 veritas
679 1490 1002 1547 inveniatur.
1027 1488 1361 1557 Frequenter
1387 1486 1721 1555 interrogare

172 1595 372 1658 oportet,
423 1600 494 1640 ne
535 1582 740 1654 aliquid
786 1580 1212 1652 praetermissum
1258 1576 1396 1633 forte
1445 1583 1722 1631 remaneat

173 1681 288 1751 quod
311 1677 521 1733 annecti
553 1675 872 1740 conveniat;
915 1672 1144 1728 induciae
1175 1671 1318 1726 enim
1348 1685 1454 1725 non
1496 1667 1722 1722 modicae

173 1771 226 1825 ad
251 1769 624 1840 inquirendum
655 1765 844 1822 danda:
879 1773 1022 1829 sunt,
1054 1777 1123 1818 ne
1150 1759 1355 1830 aliquid
1382 1771 1721 1828 praepropere

175 1861 242 1932 agi
267 1877 294 1915 a
318 1873 646 1930 quacunque
668 1865 820 1928 parte
844 1853 1110 1918 videatur,
1137 1852 1261 1923 quia
1292 1865 1389 1921 per
1415 1849 1715 1920 subrepti»-

174 1924 272 2006 nem
299 1924 458 2004 multa
480 1924 832 2020 proveniunt.
867 1944 1011 2000 Nihil
1040 1952 1221 1997 tamen
1248 1941 1452 2011 absque
1480 1938 1718 2010 legitimo
1748 1924 1794 1982 Β

177 2050 218 2096 et
235 2041 408 2096 idoneo
428 2046 756 2096 accusatore
776 2035 888 2091 fiat.
913 2034 1047 2089 Nam
1069 2043 1120 2088 et
1146 2032 1405 2086 Dominus
1434 2039 1617 2085 noster
1637 2026 1723 2083 Je-

177 2148 248 2187 sus
266 2131 502 2187 Christus
527 2129 728 2186 Judam
759 2128 931 2182 furem
953 2140 1073 2181 esse
1097 2123 1323 2186 sciebat,
1349 2122 1441 2176 sed
1464 2120 1590 2190 quia
1614 2133 1720 2174 non

177 2227 244 2274 est
261 2223 556 2282 accusatus,
587 2216 711 2271 ideo
745 2227 848 2268 non
881 2222 964 2268 est
987 2209 1212 2280 ejectus.
1253 2207 1317 2263 Et
1350 2207 1608 2278 quidquid
1635 2205 1719 2259 in-

178 2321 242 2366 ter
277 2310 540 2382 apostolos
591 2309 725 2378 egit,
765 2321 865 2372 pro
901 2303 1164 2376 dignitate
1210 2299 1498 2356 ministerii
1545 2306 1720 2352 ratum

179 2403 358 2458 mansit.
397 2400 532 2455 Nam
569 2399 618 2454 si
650 2398 794 2468 leges
830 2395 1009 2452 saeculi
1040 2401 1388 2448 accusatores
1416 2388 1720 2460 requirunt,

178 2501 342 2563 quanto
368 2492 541 2564 magis
570 2487 949 2545 ecclesiasticae
979 2484 1200 2557 regulae!
1225 2483 1415 2539 docent
1443 2479 1586 2535 enim
1619 2488 1722 2533 ler-

180 2585 336 2639 restria
360 2594 412 2639 et
435 2584 682 2639 humana
711 2595 834 2650 quae
880 2579 986 2633 sint
1018 2574 1382 2632 ecclesiastica
1412 2580 1573 2642 atque
1614 2585 1724 2626 coe-

178 2675 322 2730 lestia.
352 2677 424 2730 De
453 2671 894 2730 accusationibus
918 2683 1048 2723 vero
1077 2663 1615 2737 comprovincialibus
1647 2662 1720 2715 ita

180 2766 340 2837 legitur
395 2781 518 2822 esse
568 2770 832 2819 statutum
869 2775 884 2814 :
917 2759 974 2814 Si
1014 2758 1136 2829 quis
1184 2772 1349 2828 super
1391 2753 1722 2826 quibuslibet

181 2857 458 2914 criminibus
487 2853 792 2927 quemlibet
820 2851 1078 2908 clericum
1107 2848 1430 2920 pulsandum
1472 2845 1721 2902 credide-

181 2949 234 3002 rit
270 2950 317 3004 in
351 2947 634 3020 provincia
679 2947 733 3001 in
774 2959 880 3015 qua
931 2943 1178 2999 consistit
1218 2940 1306 2997 ille
1348 2940 1439 3012 qui
1477 2939 1723 3010 pulsatur

182 3057 280 3098 suas
312 3049 562 3098 exerceat
600 3039 872 3103 actiones,
915 3051 1016 3091 nec
1053 3035 1284 3090 aestimet
1323 3048 1444 3088 eum
1477 3030 1601 3086 alibi
1630 3038 1723 3084 aut

181 3131 354 3205 longius
401 3135 466 3190 ad
512 3131 782 3202 judicium
832 3127 1269 3199 protrahendum.
1345 3124 1423 3179 Illi
1462 3139 1591 3178 vero
1629 3123 1720 3193 qui

182 3223 385 3292 pulsatus
408 3221 910 3291 fuerit,sijudiccm
937 3229 1245 3291 suspectum
1270 3217 1536 3283 habuerit,
1565 3217 1722 3271 liceat

182 3315 428 3384 appellare.
451 3317 700 3372 Caveant
722 3313 883 3368 etiam
903 3311 1113 3381 judices
1135 3309 1388 3365 Ecclesiae
1411 3323 1478 3363 ne
1501 3308 1723 3362 absente

184 3420 234 3460 eo
264 3406 401 3478 cujus
437 3421 608 3463 causa
659 3404 988 3471 ventilatur,
1038 3403 1362 3458 sententiam
1418 3399 1720 3471 proferant,

185 3497 284 3565 quia
319 3499 464 3554 irrita
481 3497 615 3563 erit,
639 3498 748 3552 imo
769 3496 934 3551 etiam
961 3509 1177 3550 causam
1201 3509 1298 3563 pro
1325 3492 1468 3547 facto
1497 3493 1721 3547 dabunt.

237 3588 512 3645 Proditoris
553 3602 683 3643 vero
718 3601 820 3642 nec
854 3585 1120 3640 calumnia
1169 3598 1270 3638 nec
1303 3598 1405 3638 vox
1453 3581 1721 3636 audiatur.

186 3675 322 3734 Nemo
359 3681 501 3736 enim
558 3679 852 3734 debitorem
902 3676 1134 3746 amplius
1180 3683 1357 3745 potest
1400 3688 1727 3744 cognoscere

187 3783 316 3838 quam
337 3771 423 3828 ille
445 3770 545 3843 qui
570 3770 842 3842 injuriam,
869 3766 1093 3838 ejusque
1125 3765 1380 3822 sustinuit
1408 3765 1726 3836 nequitiam.

1822 686 2022 740 causis.
2083 684 2210 740 Haec
2261 685 2443 740 omnia
2494 699 2835 754 summopere
2878 694 3005 741 sunt
3054 686 3398 744 attendeuda.

1819 775 1930 832 Nec
1956 776 2262 832 criminatio
2287 776 2574 842 minorum,
2599 786 2804 846 quanto
2830 777 3002 848 magis
3027 777 3400 848 episcoporum

1824 867 1981 922 facile
2007 876 2091 923 est
2118 867 2446 936 recipienda,
2469 867 2683 922 dicente
2708 867 2970 923 Domino:
3003 886 3022 919 ‹
3051 868 3166 924 Non
3206 883 3402 938 seque-

1821 960 1897 1012 ris
1931 959 2118 1012 turbas
2164 959 2230 1012 ad
2257 957 2560 1012 faciendum
2601 958 2800 1012 malum
2844 957 3042 1029 (Exod.
3076 958 3335 1026 ηυδε).
3375 977 3396 1010 ι

1818 1052 1887 1106 Ει
1917 1051 2042 1106 alibi
2069 1068 2080 1104 :
2112 1069 2130 1101 ι
2159 1049 2273 1105 Non
2296 1050 2560 1120 suscipias
2581 1063 2768 1105 vocem
2794 1049 3058 1104 mendacii
3086 1048 3250 1119 (Ibid.
3277 1049 3350 1118 i).
3376 1068 3395 1101 ι

1819 1143 1888 1198 Et
1931 1145 1984 1196 in
2011 1141 2456 1211 Paralipomenon
2497 1139 2731 1210 legitur:
2765 1157 2784 1190 ι
2825 1138 3016 1195 Omnia
3047 1140 3211 1194 corda
3246 1151 3399 1192 scru-

1823 1243 1965 1290 tatur
1990 1232 2252 1288 Dominus
2299 1230 2350 1294 (I
2381 1228 2532 1285 Psal.
2558 1246 2753 1295 xxvm,
2782 1229 2861 1301 9),
2891 1248 2910 1281 ι
2962 1240 3018 1283 et
3053 1243 3268 1284 omnem
3306 1242 3402 1282 co-
3484 1261 3486 1263 ›

1819 1326 2134 1396 gitationem
2177 1323 2355 1389 novit;
2401 1323 2562 1377 homo
2602 1337 2730 1377 vero
2772 1323 2918 1376 videt
2965 1323 3019 1376 in
3063 1320 3231 1384 facie,
3262 1321 3403 1374 Deus

1819 1426 2000 1473 autem
2036 1417 2088 1471 in
2121 1416 2304 1471 corde.
2354 1415 2422 1468 Et
2449 1414 2576 1468 alibi
2625 1413 2886 1484 scriptum
2927 1419 3049 1466 est:
3084 1409 3198 1465 Non
3225 1419 3404 1482 potest

1819 1508 2057 1562 humano
2092 1504 2441 1560 condemnari
2477 1503 2726 1557 examine
2753 1517 2913 1571 quem
2939 1499 3082 1554 Deus
3107 1514 3204 1555 suo
3230 1512 3403 1553 reser-

1819 1597 1964 1653 vavit
1994 1595 2220 1665 judicio.
2261 1594 2430 1666 Igitur
2467 1607 2628 1648 omne
2657 1593 2864 1663 pondus
2902 1598 2958 1646 et
2995 1589 3403 1644 circumstantia

1822 1684 2256 1740 adversariorum
2299 1683 2617 1738 documenta
2657 1696 2753 1751 per
2792 1677 3139 1749 patientiam,
3181 1675 3398 1738 fratres,

1821 1774 2177 1843 comprimere
2227 1772 2482 1842 satagite,
2541 1771 2775 1825 scientes
2819 1768 2944 1839 quia
2991 1767 3232 1823 subversi
3276 1777 3404 1821 sunt

1823 1864 2128 1936 hujusmodi
2157 1871 2212 1919 et
2236 1863 2550 1933 delinquunt
2575 1861 2795 1931 proprio
2842 1875 2937 1916 ore
2977 1859 3238 1924 damnati,
3270 1859 3398 1928 quia

1821 1956 1912 2026 qui
1947 1954 2145 2008 fratres
2173 1963 2429 2008 accusant
2456 1952 2538 2006 vel
2577 1951 2856 2015 infestant,
2887 1962 2991 2002 non
3021 1961 3114 2002 eos
3153 1946 3399 2016 diligunt,

1821 2047 1918 2103 sed
1962 2046 2135 2116 magis
2179 2044 2457 2116 negligunt
2497 2051 2552 2097 et
2596 2048 2842 2112 peccant,
2875 2039 3086 2094 dicente
3111 2036 3396 2108 Apestolo:

1828 2155 1847 2189 ι
1879 2136 2105 2192 Dilectio
2147 2134 2379 2207 proximi
2411 2133 2614 2189 malum
2652 2147 2758 2187 nou
2783 2138 3039 2200 operatur
3077 2127 3248 2199 (Rom.
3278 2143 3401 2193 xm,

1823 2233 1932 2306 10).
1957 2252 1976 2286 ι
2011 2232 2079 2288 Et
2108 2231 2232 2288 alibi
2258 2251 2271 2284 :
2303 2250 2321 2283 ι
2345 2229 2448 2297 Qui
2479 2244 2586 2284 non
2612 2226 2782 2298 diligit
2809 2224 3032 2280 fratrem
3057 2238 3212 2278 suum
3241 2237 3402 2291 quem

1822 2326 1994 2388 videt,
2028 2324 2194 2378 Deum
2215 2337 2376 2392 quem
2402 2336 2507 2376 non
2539 2319 2688 2374 videt
2715 2317 2982 2387 quomodo
2996 2321 3174 2385 potest
3203 2313 3397 2385 dilige-

1823 2419 1917 2474 re?
1933 2437 1952 2470 ι
1986 2416 2094 2472 Nos
2119 2417 2263 2471 enim
2290 2413 2520 2469 humiles
2544 2411 2727 2475 corde,
2752 2410 2820 2464 ad
2839 2423 2902 2462 ea
2931 2423 3051 2478 qua:
3079 2413 3227 2460 recta
3254 2392 3424 2471 sunt,

1823 2508 2064 2578 adiutore
2095 2506 2322 2561 Domino
2355 2504 2629 2573 sapienter
2654 2499 2868 2555 vinculo
2908 2497 3190 2553 charitatis
3219 2496 3402 2551 vobis-

1823 2617 1947 2657 cum
1991 2614 2178 2656 sumus
2221 2596 2539 2660 constricti,
2602 2593 2920 2665 religionem
2973 2589 3296 2645 catholicam
3348 2587 3402 2640 in

1822 2692 2076 2748 omnibus
2106 2689 2321 2744 fortiter
2350 2686 2724 2750 defensantes,
2759 2682 3018 2753 improbis
3058 2678 3225 2750 probe
3265 2679 3403 2734 resi-

1823 2792 1967 2838 stere
2014 2794 2122 2834 non
2181 2777 2522 2848 negligimus,
2553 2775 2694 2830 unde
2736 2775 2939 2830 dictum
2979 2769 3406 2840 est:Negligere

1823 2876 1991 2940 enim,
2029 2888 2150 2928 cum
2191 2871 2371 2943 possis
2398 2866 2685 2924 deturbare
2732 2880 3040 2936 perversos,
3086 2863 3217 2918 nihil
3260 2860 3406 2916 aliud

1822 2977 1907 3024 est
1923 2981 2082 3036 quam
2098 2964 2300 3029 fovere,
2317 2978 2416 3018 nec
2431 2970 2581 3017 caret
2593 2957 2845 3027 scrupulo
2863 2955 3136 3011 societatis
3155 2951 3404 3017 occultrc,

1823 3059 1916 3130 qui
1964 3057 2254 3113 manifesto
2299 3053 2530 3110 facinori
2581 3051 2784 3107 desiuit
2828 3048 3068 3104 obviare.
3107 3045 3280 3114 Hujus
3325 3044 3404 3098 rei

1825 3152 1997 3225 gratia
2031 3149 2352 3205 universalis
2381 3146 2534 3201 vobis
2563 3159 2592 3198 a
2619 3142 2836 3198 Christo
2858 3139 2984 3195 Jesu
3008 3137 3292 3193 commissa
3324 3144 3408 3191 est

1825 3243 2089 3306 Ecclesia,
2121 3249 2181 3295 ut
2206 3255 2306 3309 pro
2332 3237 2582 3293 omnibus
2617 3232 2894 3296 laboretis,
2925 3238 2981 3285 et
3013 3229 3222 3284 cunctis
3251 3241 3407 3296 opem

1830 3333 1974 3388 ferre
2001 3348 2106 3386 non
2133 3329 2449 3402 negligatis;
2483 3325 2651 3380 frater
2677 3332 2859 3376 autem
2890 3319 3116 3374 fratrem
3146 3316 3409 3386 adjuvans

1830 3425 2173 3489 exaltabitur,
2197 3413 2254 3476 et
2279 3419 2504 3475 illudens
2531 3414 2900 3485 dissipabitur.
2951 3410 3295 3479 Quapropter
3323 3421 3409 3460 re-

1832 3517 2008 3571 levate
2061 3526 2274 3581 semper
2325 3521 2648 3578 oppressos,
2705 3503 2959 3572 corripite
3003 3499 3290 3568 inquietos,
3350 3503 3410 3548 ut

1834 3606 2044 3662 zizania
2077 3602 2408 3659 Dominicam
2457 3611 2687 3652 messem
2743 3608 2849 3648 non
2896 3589 3070 3662 possit
3120 3585 3407 3643 suffocare.

1836 3700 1968 3754 Data
1994 3713 2029 3748 v
2053 3697 2178 3752 ldus
2203 3693 2351 3758 Julii,
2384 3690 2618 3746 Paterno
2643 3694 2698 3742 et
2723 3685 2934 3740 Bardua
2958 3677 3290 3736 consulibus.

188 3919 3412 3968 ____________________________________——————-

517 4107 631 4179 28
701 4095 1336 4190 INCIPIUNT
1408 4086 1945 4182 DECRETA
2007 4077 2572 4179 VICTORIS
2645 4071 3016 4163 PAPIE.

1267 4299 1352 4358 De
1380 4295 1616 4357 Pascha
1647 4301 1699 4354 et
1733 4292 1939 4354 causis
1974 4285 2261 4367 reliquis.

1129 4462 1291 4527 (Anno
1305 4459 1496 4512 Domini
1523 4457 1628 4518 189,
1646 4463 1870 4520 tempore
1893 4453 2058 4507 Helvii
2076 4448 2387 4508 Pertinacis.)

255 4744 434 4803 inc-ron
459 4745 719 4802 Romanae
747 4757 812 4797 ac
839 4734 1160 4796 universalis
1182 4733 1438 4791 Ecclesiae
1463 4731 1737 4801 archiepi-

199 4851 361 4910 scopus
389 4839 688 4910 Theophilo
717 4837 971 4918 episeopo
1015 4839 1069 4888 et
1115 4831 1326 4886 cunctis
1379 4827 1640 4883 fratribus
1685 4826 1740 4880 in

201 4932 487 4991 Alexandria
543 4932 768 4989 Domino
816 4925 1202 4984 famulantibus
1265 4925 1318 4978 in
1369 4921 1598 4978 Domino
1652 4934 1741 4974 sa-

1841 4729 2189 4798 discrepent,
2222 4737 2325 4778 nec
2354 4717 2626 4777 contraria
2671 4721 2876 4788 gerant.
2911 4712 2956 4767 A
2976 4720 3168 4784 quarta
3208 4707 3415 4766 decima

1843 4837 1970 4877 vero
1995 4819 2120 4873 luna
2151 4815 2309 4888 primi
2333 4812 2534 4868 mensis
2557 4823 2730 4880 usque
2757 4807 2823 4862 ad
2846 4805 3157 4861 vicesimum
3183 4799 3417 4870 primum

1841 4911 2082 4980 ejusdem
2127 4907 2329 4962 mensis
2364 4905 2506 4960 diem
2557 4901 2744 4957 eadem
2795 4895 3096 4952 celebretur
3133 4889 3416 4946 festivitas.

1843 5003 2046 5058 Eodem
2073 5015 2204 5054 vero
2237 5009 2480 5067 tempore
2505 4993 2804 5063 baptismus
2835 4983 3186 5043 celebrandus
3213 4989 3296 5036 est
3323 4995 3417 5035 ea-

259 5114 402 5174 Multa
443 5116 576 5174 mihi
605 5112 924 5187 gratulatio,
956 5105 1291 5165 dilectissimi
1336 5103 1566 5166 fratres,
1597 5098 1740 5170 quod
1769 5119 1819 5179 ι)
1847 5092 2108 5154 tholicus,
2153 5090 2248 5144 sed
2297 5097 2478 5141 tamen
2509 5084 2555 5139 si
2591 5094 2832 5187 necesse"
2847 5075 3046 5187 fuerit,
3093 5081 3186 5175 aut
3230 5070 3421 5126 mortis

206 5210 517 5266 manifestato
542 5209 684 5265 sicut
708 5214 958 5277 optamus
1003 5216 1100 5271 per
1128 5197 1356 5270 gratiam
1399 5195 1498 5251 Dei
1539 5194 1744 5249 lumine

207 5301 489 5370 evangelica
551 5297 813 5354 claritatis
857 5301 911 5349 et
961 5292 1028 5346 ab
1075 5288 1316 5344 Ecclesia
1375 5285 1486 5354 jam
1551 5299 1744 5355 magna

211 5400 263 5440 ex
298 5398 437 5458 parte
486 5386 774 5460 perniciosi
817 5381 1022 5438 erroris
1079 5386 1234 5434 nocte
1305 5376 1555 5446 depulsa,
1625 5388 1745 5428 crc-

213 5477 315 5534 dilae
354 5481 502 5535 nobis
547 5473 961 5546 dispensationis
1014 5469 1223 5524 fructus
1279 5465 1506 5528 crescit,
1533 5471 1588 5518 et
1618 5476 1750 5531 aug-

215 5580 452 5626 mentatur
498 5573 551 5626 in
593 5568 834 5624 Domino.
879 5562 1260 5619 Celebritatem
1307 5555 1480 5612 sancti
1525 5552 1748 5607 Pascha:

219 5661 290 5716 die
311 5662 571 5718 Dominica
614 5660 700 5730 agi
746 5656 941 5713 debere
970 5652 1399 5724 praedecessores
1427 5645 1594 5701 nostri
1635 5641 1748 5710 jam

221 5763 520 5822 statuerunt,
548 5763 601 5811 et
632 5767 732 5808 nos
759 5749 889 5806 illud
915 5748 1101 5802 eadem
1127 5745 1212 5801 die
1255 5738 1517 5798 celebrari
1553 5735 1750 5791 solem-

224 5843 339 5900 uiter
358 5847 661 5904 mandamus
683 5885 697 5912 ,
721 5842 847 5916 quia
874 5853 979 5897 non
1002 5835 1156 5892 decet
1177 5842 1236 5890 ut
1263 5831 1503 5889 membra
1525 5845 1556 5885 a
1578 5828 1754 5900 capite

1847 5180 2148 5252 periculum
2180 5175 2440 5248 ingruerit
2471 5171 2696 5243 gentiles
2715 5169 2781 5222 ad
2805 5166 2961 5220 fidem
2987 5164 3264 5218 venientes
3283 5175 3418 5231 quo—

1849 5289 2062 5343 cunque
2105 5273 2251 5333 loco,
2305 5269 2390 5323 vel
2445 5263 2742 5326 momento,
2799 5260 3103 5328 ubicunque
3149 5255 3418 5319 evenerit,

1849 5367 1964 5422 sive
1992 5366 2043 5418 in
2075 5361 2292 5416 flumine
2314 5400 2328 5424 ,
2353 5358 2466 5412 sive
2508 5356 2562 5408 in
2609 5351 2781 5414 mari,
2814 5349 2928 5404 sive
2956 5349 3011 5402 in
3045 5347 3312 5409 fontibus,
3343 5352 3424 5398 ta-

1849 5473 1998 5520 men,
2031 5453 2352 5510 Christianae
2379 5443 2719 5502 confessione
2747 5439 3081 5496 credulitatis
3107 5434 3423 5496 clariticata,

1850 5545 2211 5616 baptizentur.
2243 5539 2375 5609 Ipsis
2403 5548 2616 5606 quoque
2649 5531 2793 5602 quod
2827 5531 2880 5584 in
2908 5528 3178 5599 baptismo
3203 5522 3422 5592 polliciti

1853 5615 1981 5696 sunt
2023 5647 2362 5703 summopere
2395 5639 2478 5685 est
2506 5624 2884 5682 attendendum
2906 5664 2920 5690 ,
2951 5639 3017 5678 ne
3044 5616 3303 5681 infideles,
3330 5615 3427 5671 sed

1858 5731 2042 5787 ﬁdeles
2089 5725 2448 5782 inveniantur.
2483 5720 2587 5792 lpsi
2623 5734 2750 5774 vero
2793 5718 2882 5786 qui
2934 5711 3260 5769 infidelitatis
3300 5717 3428 5763 uota

1861 5827 2239 5893 asperguntur,
2275 5815 2506 5871 infames
2532 5811 2858 5874 efﬁciuntur,
2886 5817 3045 5878 atque
3073 5805 3214 5861 inter
3246 5800 3430 5859 fideles
