4012 6448
555 460 656 517 125

1397 454 1684 510 ΔΡΡΕΝΙ).
1715 453 1805 508 AD
1830 452 2001 509 Sx’EC.
2038 451 2128 508 IX.
2154 483 2221 495 —-
2253 453 2502 512 lSlDORl
2542 455 2983 518 MERCATORIS

3625 483 3629 490 ·
3699 462 3803 516 ηδ

551 582 774 638 minime
803 587 1138 649 reputautur.
1171 575 1296 632 Haec
1323 590 1452 630 vero
1496 584 1697 630 statuta
1743 575 1892 630 nulla
1930 575 2125 629 debent
2153 588 2198 640 Α
2231 574 2400 629 mihi?
2449 585 2653 633 stemus
2701 579 2880 634 simul.
2926 579 3058 647 Quis
3101 589 3184 638 est
3227 580 3567 640 adversarius
3609 587 3807 641 meus?

553 674 900 743 improbitate
927 671 1178 736 convelli,
1207 669 1348 722 nulla
1381 669 1620 723 novitate
1643 667 2002 736 mutari,quia
2027 666 2129 720 alia

554 765 692 818 ratio
716 771 801 818 est
827 776 1112 817 causarum
1142 759 1503 825 saecularium,
1529 758 1633 814 alia
1657 767 1743 814 est
1769 758 2092 812 divinarum.

619 855 936 910 Audivimus
981 866 1213 921 namque
1255 851 1395 921 apud
1449 866 1543 906 vos
1591 857 1908 920 vestrosque
1953 849 2131 904 diver-

552 959 609 998 sa
636 943 836 1012 judicia
861 941 1008 1007 ﬁeri,
1057 950 1111 995 et
1138 938 1613 1008 incertajudicari.
1662 940 1895 1006 Incerta,
1921 937 2130 993 charis-

550 1037 691 1102 simi,
727 1035 1034 1090 nullatenus
1060 1031 1384 1103 judicemus,
1419 1032 1768 1102 quoadusque
1807 1029 1991 1085 veniat
2026 1028 2129 1084 Do-

551 1131 750 1193 minus,
775 1129 866 1198 qui
895 1127 1113 1182 latentia
1144 1126 1403 1198 producet
1427 1127 1479 1179 in
1503 1125 1698 1191 lucem,
1722 1134 1776 1178 et
1803 1120 2128 1178 illuminabit

550 1219 863 1274 abscondita
897 1219 1266 1281 tenebrarum,
1291 1225 1346 1270 et
1374 1211 1978 1269 manifestabitconsilia
2010 1224 2132 1264 cor-

549 1311 697 1365 dium
716 1349 731 1376 ,
760 1309 888 1379 quia
913 1308 1165 1378 quamvis
1188 1322 1316 1361 vera
1341 1306 1480 1370 sint,
1505 1319 1608 1359 non
1635 1312 1814 1358 tamen
1835 1298 2125 1365 credenda,

549 1402 655 1457 nisi
685 1415 806 1471 quae
835 1399 1138 1454 manifestis
1160 1397 1376 1468 judiciis
1403 1396 1848 1465 comprobantur,
1879 1393 1979 1447 nisi
2008 1407 2128 1461 quae

549 1489 835 1545 manifesto
856 1487 1058 1559 judicio
1085 1489 1502 1551 convincuntur,
1535 1486 1640 1540 nisi
1683 1498 1802 1553 quae
1838 1482 2128 1552 judiciario

545 1582 741 1638 ordine
769 1581 1130 1652 publicentur.
1179 1579 1445 1635 Similiter
1505 1591 1571 1633 ea
1634 1589 1731 1630 vos
1768 1571 2016 1642 judicare
2058 1573 2126 1627 ad

544 1674 898 1746 apostolicam
922 1673 1158 1729 delatum
1179 1681 1266 1728 est
1293 1672 1474 1727 sedem
1491 1710 1508 1736 ,
1531 1685 1652 1740 quae
1671 1679 1865 1739 praeter
1885 1675 2124 1723 nostram

550 1764 703 1820 vobis
749 1763 976 1819 deﬁnire
1005 1777 1112 1818 non
1144 1761 1270 1817 licet
1318 1760 1698 1816 auctoritatem
1746 1757 2124 1829 episcoporum

544 1872 740 1913 causas
762 1897 778 1924 ,
803 1856 949 1912 unde
977 1857 1048 1910 ita
1077 1855 1431 1910 constitutum
1459 1853 1630 1924 liquet
1654 1868 1687 1906 a
1715 1860 1956 1921 tempore
1997 1865 2126 1922 apo-

2231 667 2456 722 accedat
2483 669 2549 722 ad
2579 685 2695 736 me,
2724 685 2852 726 ecce
2875 673 3133 730 Dominus
3157 673 3299 731 Deus
3317 690 3493 742 meus,
3516 677 3806 734 auxiliator

2233 773 2405 813 meus.
2452 759 2586 826 Quis
2637 769 2720 816 est
2769 762 2863 831 qui
2912 764 3232 820 condemnet
3269 767 3395 822 me?
3438 767 3574 823 Ecce
3616 783 3808 827 omnes

2230 851 2386 920 quasi
2417 851 2800 907 vestimentum
2827 851 3197 920 conterentur,
3233 856 3378 912 tinea
3412 860 3656 915 comedet
3685 874 3802 915 eos.

2231 939 2364 1007 Quis
2413 956 2480 996 cx
2525 943 2678 998 vobis
2739 944 2935 1000 timens
2979 944 3297 1013 Dominum,
3349 948 3572 1005 audiens
3615 964 3805 1006 vocem

2231 1035 2374 1089 servi
2401 1036 2516 1089 sui?
2538 1036 2672 1103 Quis
2697 1037 2988 1093 ambulavit
3009 1039 3062 1094 in
3092 1040 3328 1097 tenebris
3346 1081 3362 1106 ,
3393 1050 3448 1096 et
3476 1056 3581 1097 non
3605 1051 3693 1096 est
3723 1041 3806 1094 lu-

2231 1141 2351 1180 men
2381 1127 2466 1181 ei?
2495 1126 2692 1197 Speret
2717 1128 2768 1180 in
2794 1130 3015 1184 nomine
3057 1130 3302 1198 Domini,
3329 1140 3385 1188 et
3410 1133 3673 1187 innitatur
3718 1149 3809 1189 su-

2229 1233 2326 1289 per
2345 1219 2510 1272 Deum
2533 1234 2709 1273 suum.
2735 1220 2876 1276 Ecce
2897 1237 2993 1277 vos
3016 1236 3205 1278 omnes
3229 1224 3806 1296 accendentesignem,

2229 1309 2455 1365 accincti
2472 1310 2722 1375 flammis,
2743 1310 3013 1366 ambulate
3036 1314 3087 1367 in
3107 1313 3308 1369 lumine
3331 1315 3668 1384 ignisvestri,
3687 1323 3740 1370 et
3755 1316 3807 1370 in

2227 1401 2458 1456 flammis
2471 1417 2604 1472 quas
2616 1402 3072 1458 succendistis.De
3085 1407 3244 1460 manu
3256 1421 3374 1460 mea
3390 1407 3588 1460 factum
3607 1406 3810 1461 esthoc

2229 1494 2400 1560 vobis,
2425 1495 2478 1548 in
2501 1495 2774 1551 doloribus
2787 1496 3083 1551 dormietis.
3100 1497 3296 1552 Audite
3315 1513 3400 1552 me
3410 1498 3501 1567 qui
3517 1498 3810 1568 sequimini

2229 1583 2373 1654 quod
2413 1583 2621 1655 justqu
2667 1594 2785 1651 est,
2817 1595 2872 1640 et
2901 1587 3143 1656 quaeritis
3189 1586 3474 1643 Dominum
3495 1629 3510 1655 ,
3541 1587 3810 1642 attendite

2229 1676 2297 1731 ad
2317 1684 2529 1747 petram
2552 1717 2567 1744 ,
2598 1678 2742 1733 unde
2775 1679 2945 1735 excisi
2971 1680 3135 1746 estis,
3164 1692 3220 1736 et
3247 1681 3314 1736 ad
3341 1695 3630 1737 cavernam
3663 1681 3772 1736 laci
3791 1722 3806 1748 ,

2229 1770 2295 1825 de
2323 1786 2427 1841 qua
2455 1772 2668 1842 praacisi
2706 1773 2859 1828 estis.
2887 1772 3166 1830 Attendite
3185 1774 3254 1828 ad
3281 1773 3554 1830 Abraham
3591 1783 3809 1844 patrem

2227 1873 2467 1920 vestrum
2489 1905 2504 1929 ,
2529 1873 2588 1918 et
2623 1863 2689 1918 ad
2715 1863 2910 1918 Saram
2937 1879 3057 1935 quae
3081 1865 3290 1935 peperit
3312 1878 3405 1920 vos
3427 1905 3442 1930 ,
3471 1865 3601 1934 quia
3634 1879 3807 1920 unum

548 1947 810 2004 διοιοτιιω
837 1954 893 2000 ει
917 1945 1171 2016 deinceps
1200 1943 1402 2015 Ρ¹³⁰υίι
1424 1951 1484 1998 ιιι
1508 1950 1790 1998 accusatus
1812 1934 2127 2012 νὲι·]υ‹ιίειι·
2157 1938 2201 1994 Β
2229 1959 2417 2014 vocavi
2459 1974 2616 2024 eum,
2662 1966 2722 2014 et
2765 1934 3015 2014 benedixi
3053 1934 3237 2025 ei,iet
3277 1957 3629 2027 multiplicavi
3653 1971 3806 2012 eum.

549 2050 633 2094 tus
647 2053 677 2092 a
695 2036 1236 2108 comprovincialibus
1269 2037 1321 2090 in
1345 2035 1581 2105 aliquam
1597 2049 1817 2090 causam
1843 2033 2128 2102 episcopus

547 2133 775 2187 licenter
795 2129 1027 2200 appellet
1045 2137 1101 2184 et
1121 2129 1276 2184 adeat
1297 2115 1606 2198 apostolica:
1627 2127 1772 2182 sedis
1793 2124 2124 2197 pontiﬁcem,

545 2222 639 2292 qui
667 2229 760 2275 aut
789 2235 886 2290 per
913 2233 1006 2287 se,
1037 2228 1131 2274 aut
1157 2233 1254 2289 per
1282 2218 1517 2295 vicarios
1544 2230 1672 2272 suos
1699 2214 1815 2284 ejus
1842 2213 2124 2270 retractari

547 2314 822 2386 negotium
851 2321 1136 2385 procuret;
1177 2323 1230 2367 et
1258 2312 1384 2367 dum
1430 2312 1624 2366 iterato
1647 2307 1853 2381 judicio
1881 2306 2125 2379 pontifex

545 2422 766 2463 causam
796 2421 949 2462 suam
977 2414 1132 2476 agat,
1157 2404 1334 2460 nullus
1354 2403 1495 2458 alius
1519 2403 1572 2458 in
1593 2401 1710 2472 ejus
1746 2401 1864 2456 loco
1898 2407 2128 2471 ponatur

547 2507 642 2553 aut
681 2498 961 2554 ordinetur
989 2498 1296 2569 episcopus,
1325 2497 1602 2566 quoniam,
1635 2507 1942 2565 quanquam
1973 2505 2127 2548 com-

546 2589 968 2661 provincialibus
1009 2589 1274 2660 episcopis
1317 2588 1558 2644 accusati
1587 2601 1808 2643 causam
1851 2583 2126 2655 pontiﬁcis

549 2681 780 2737 scrutari
809 2681 1002 2747 liceat,
1031 2695 1141 2736 non
1171 2688 1352 2736 tamen
1400 2678 1631 2735 diﬁinire
1673 2661 2000 2734 inconsulto.
2019 2674 2126 2730 llo-

546 2787 710 2827 mano
751 2772 1005 2842 pontiﬁce
1050 2771 1374 2842 permissum
1412 2779 1530 2837 est,
1575 2785 1701 2826 cum
1759 2770 1920 2824 beato
1963 2766 2125 2823 Petro

546 2863 790 2935 apostolo
835 2879 946 2919 non
991 2864 1060 2920 ab
1106 2863 1213 2919 alio
1255 2877 1416 2934 quam
1444 2864 1515 2919 ab
1546 2863 1661 2933 ipso
1684 2863 1883 2918 dictum
1911 2861 1981 2916 sit
2023 2860 2126 2916 Do-

548 2955 698 3011 mino
738 2955 1141 3024 :Quaacumque
1173 2953 1428 3025 ligaveris
1477 2969 1642 3023 super
1687 2962 1919 3018 terram,
1968 2959 2126 3007 erunt

546 3047 710 3118 ligata
724 3055 780 3102 et
803 3047 855 3101 in
881 3047 1040 3113 etelo,
1055 3055 1110 3102 et
1131 3062 1465 3118 quaecunque
1485 3047 1709 3102 solveris
1723 3062 1884 3118 super
1900 3054 2122 3113 terram,

549 3145 708 3192 erunt
732 3136 907 3192 soluta
938 3145 993 3192 et
1021 3137 1077 3192 in
1105 3135 1265 3192 caelo.
1296 3136 1364 3191 Et
1393 3136 1519 3192 alibi
1549 3137 1602 3191 in
1635 3137 1897 3192 institutis
1927 3136 2125 3208 legitur

549 3229 894 3301 apostolicis:
918 3229 974 3285 Si
998 3231 1119 3300 quis
1143 3231 1414 3302 putaverit
1437 3245 1497 3286 se
1518 3246 1548 3285 a
1568 3232 1788 3302 proprio
1808 3231 2122 3301 metropoli-

549 3330 676 3376 tano
705 3320 947 3392 gravari,
980 3319 1118 3390 apud
1154 3321 1519 3390 patriarcham
1545 3322 1630 3377 vel
1655 3322 1939 3393 primatem
1982 3323 2120 3378 ἀίω*

548 3425 762 3478 ceseos,
810 3421 902 3466 aut
941 3426 1106 3482 penes
1153 3411 1471 3468 universalis
1516 3414 1824 3484 apostolicae
1869 3413 2122 3469 Ecclesia:

541 3499 816 3570 judicetur
841 3503 1043 3558 sedem.
1072 3501 1214 3558 Nihil
1240 3505 1384 3561 aliud
1408 3514 1522 3572 est,
1552 3504 1780 3573 fratres,
1831 3506 1953 3562 talis
1983 3523 2124 3578 prae-

547 3594 817 3664 sumptio,
846 3594 948 3649 nisi
974 3596 1338 3665 apostolorum
1383 3613 1711 3668 suorumque
1749 3614 2120 3656 successorum

547 3685 806 3740 terminos
857 3686 1194 3756 transgredi,
1249 3703 1546 3759 eorumque
1611 3691 1829 3745 decreta
1892 3692 2118 3746 violare.

547 3772 842 3843 Culpantur
870 3774 1045 3840 enim,
1078 3784 1136 3828 ut
1167 3777 1426 3846 scriptum
1456 3785 1570 3844 est,
1600 3777 1832 3846 fratres,
1864 3781 1990 3851 quia
2021 3781 2121 3835 ali-

547 3874 630 3919 ter
655 3865 799 3920 cirea
834 3867 1114 3935 episcopos
1135 3867 1384 3939 judicare
1427 3880 1760 3940 prmsumunt
1801 3887 1961 3942 quam
1993 3889 2122 3944 apo-

545 3957 754 4012 stolicae
780 3958 922 4013 sedis
950 3974 1101 4029 papa:
1127 3960 1245 4016 ﬁeri
1275 3961 1554 4032 placuerit.
1583 3958 1649 4019 Et
1671 3966 1791 4034 quis
1809 3976 1895 4022 est
1925 3970 2014 4038 qui
2034 3971 2123 4041 ju-

546 4049 693 4104 dicat
734 4064 858 4104 eum
901 4065 1061 4120 quem
1097 4053 1356 4109 Dominus
1387 4055 1488 4110 sibi
1533 4065 1584 4111 et
1615 4057 1741 4112 huic
1783 4069 1982 4116 sanctae
2007 4063 2119 4118 sedi

547 4139 819 4194 reservari
846 4141 1016 4197 voluit
1053 4141 1441 4212 judicandum?
1468 4144 1560 4200 Ait
1604 4163 1835 4220 namque
1866 4151 2122 4210 Dominus

545 4243 645 4299 per
687 4233 1007 4302 prophetam
1053 4233 1247 4290 Isaiam
1279 4255 1292 4290 :
1327 4254 1345 4287 ι
1382 4236 1608 4294 Domine
1649 4240 1789 4297 Deus
1835 4245 2124 4302 auxiliator

547 4338 732 4391 meus,
763 4324 882 4380 ideo
925 4341 1030 4381 non
1076 4343 1194 4382 sum
1237 4329 1528 4397 confusus,
1572 4331 1692 4388 ideo
1734 4336 1890 4402 posui
1928 4336 2121 4394 faciem

548 4431 724 4470 meam
751 4427 810 4472 ut
839 4427 1047 4488 petram
1079 4419 1422 4476 durissimam
1446 4463 1460 4487 ,
1485 4432 1540 4478 et
1566 4425 1680 4480 scio
1707 4427 1831 4495 quia
1861 4444 1968 4484 non
1993 4445 2123 4486 con-

545 4505 762 4573 fundar,
788 4507 944 4579 juxta
987 4518 1073 4566 est
1097 4511 1189 4582 qui
1213 4511 1476 4582 justiﬁcat
1504 4529 1608 4568 me.
1642 4515 1773 4582 Quis
1800 4522 2120 4576 contradicit

2227 2049 2610 2106 Consolabitur
2649 2064 2779 2120 ergo
2824 2049 3083 2105 Dominus
3117 2049 3281 2116 Sion,
3329 2058 3387 2112 et
3435 2049 3812 2105 consolabitur

2226 2153 2415 2195 omnes
2464 2140 2650 2194 ruinas
2679 2139 2818 2208 ejus.
2869 2139 2937 2196 Et
2980 2148 3145 2211 ponet
3175 2141 3447 2196 desertum
3487 2139 3604 2209 ejus
3650 2141 3811 2210 quasi

2229 2231 2472 2298 delicias,
2506 2239 2563 2287 et
2606 2230 2947 2287 solitudinem
2989 2231 3105 2300 ejus
3128 2233 3283 2301 quasi
3309 2233 3524 2289 hortum
3553 2233 3802 2298 Domini;

2227 2323 2481 2397 gaudium
2507 2331 2562 2377 et
2589 2322 2771 2377 laetitia
2801 2323 3104 2378 invenietur
3129 2323 3184 2378 in
3209 2338 3275 2379 ea
3293 2365 3307 2390 ,
3339 2324 3636 2396 gratiarum
3659 2325 3808 2379 actio

2225 2426 2281 2473 et
2323 2433 2425 2473 vox
2455 2416 2650 2472 laudis.
2687 2415 2965 2471 Attendite
2995 2415 3062 2470 ad
3107 2430 3231 2483 me,
3260 2416 3490 2487 populus
3533 2432 3724 2482 meus,
3759 2428 3813 2471 et

2227 2506 2400 2563 tribus
2427 2521 2545 2561 mea
2565 2546 2579 2572 ,
2610 2519 2697 2561 me
2721 2504 2920 2561 audite.
2949 2503 3086 2572 Quia
3126 2505 3212 2561 lex
3241 2521 3268 2559 a
3298 2520 3386 2560 me
3412 2505 3556 2560 exiet
3583 2515 3638 2561 et
3655 2504 3810 2576 judi-

2225 2600 2368 2656 cium
2400 2614 2580 2655 meum
2611 2599 2666 2653 in
2693 2598 2869 2655 lucem
2900 2598 3219 2669 populorum
3271 2599 3608 2668 requiescet;
3639 2614 3814 2670 prope

2225 2700 2309 2747 est
2349 2692 2528 2763 justus
2574 2704 2761 2756 meus,
2793 2702 3044 2760 egressus
3093 2697 3176 2742 est
3226 2687 3467 2743 salvator
3513 2704 3707 2755 meus,
3757 2699 3812 2743 et

2225 2790 2508 2846 brachium
2554 2802 2731 2844 meum
2777 2783 3317 2858 populosjudicabit;
3365 2799 3449 2839 me
3479 2783 3669 2839 insulas
3718 2799 3809 2839 ex-

2225 2878 2548 2950 spectabunt
2593 2884 2649 2931 et
2691 2874 2976 2930 brachium
3006 2888 3185 2928 meum
3216 2872 3575 2926 sustinebunt.
3603 2870 3810 2926 Levatc

2227 2973 2281 3026 in
2303 2971 2501 3027 coelum
2528 2967 2714 3024 oculos
2756 2977 2999 3032 vestros,
3028 2973 3084 3020 et
3107 2965 3287 3021 videte
3318 2965 3418 3020 sub
3465 2972 3607 3020 terra
3646 2964 3814 3021 dcor-

2225 3078 2342 3119 sum
2361 3103 2377 3128 ,
2406 3060 2532 3132 quia
2559 3059 2681 3116 caeli
2713 3059 2854 3114 sicut
2898 3056 3078 3112 fumus
3107 3056 3438 3128 liquescent,
3470 3065 3525 3110 et
3554 3065 3703 3110 terra
3733 3057 3809 3110 si—

2224 3163 2315 3210 cut
2345 3153 2721 3209 vestimentum
2752 3157 3038 3215 atteretur,
3072 3157 3128 3204 ct
3167 3147 3501 3203 habitatores
3524 3145 3639 3214 ejus
3667 3147 3812 3202 sicut

2225 3247 2340 3300 lucc
2371 3241 2685 3298 interibunt.
2720 3238 2879 3295 Salus
2926 3246 3104 3293 autem
3153 3252 3271 3291 mea
3319 3238 3372 3291 in
3416 3236 3811 3304 sempiternum

2227 3337 2363 3401 erit,
2409 3343 2466 3390 et
2503 3333 2713 3404 justitia
2762 3345 2881 3385 mea
2927 3345 3033 3385 non
3063 3330 3297 3386 deﬁciet.
3345 3328 3543 3384 Audite
3577 3341 3667 3382 me
3716 3328 3809 3397 qui

2226 3427 2378 3484 scitis
2398 3424 2601 3494 justum
2623 3465 2636 3490 ,
2669 3422 2896 3495 popilius
2939 3435 3125 3488 meus,
3154 3420 3234 3477 les
3275 3435 3396 3475 mea
3426 3420 3480 3473 in
3523 3419 3688 3474 corde
3713 3435 3812 3474 eo-

2226 3536 2366 3574 rum.
2415 3515 2590 3571 Nolitc
2637 3517 2822 3570 timere
2870 3513 3214 3584 opprobrium
3258 3512 3535 3567 hominum
3582 3519 3637 3568 et
3691 3511 3814 3567 bla-

2225 3609 2499 3680 sphemias
2527 3623 2745 3672 eorum;
2794 3606 2933 3661 sicut
2978 3605 3122 3661 enim
3162 3604 3573 3670 vestimentum,
3605 3605 3683 3659 sic
3714 3620 3812 3661 co-

2227 3701 2408 3755 medet
2435 3713 2530 3753 eos
2555 3697 2756 3753 vermis
2773 3738 2789 3764 ,
2816 3706 2870 3750 et
2893 3697 3034 3751 sicut
3058 3697 3261 3762 lanam,
3292 3695 3377 3751 sic
3397 3695 3679 3751 devorabit
3708 3710 3810 3751 eos

2227 3790 2392 3844 tinea.
2425 3787 2582 3844 Salus
2612 3795 2793 3842 autem
2832 3802 2952 3842 mea
2975 3787 3027 3841 in
3055 3787 3442 3858 sempiternum
3467 3787 3602 3852 erit,
3636 3795 3692 3842 et
3713 3787 3811 3857 ju-

2225 3881 2372 3937 stitia
2407 3896 2524 3936 mca
2555 3880 2609 3935 in
2635 3880 2980 3952 generatione
3004 3889 3057 3935 et
3081 3878 3485 3951 generationem
3507 3877 3642 3951 (Isa.
3667 3895 3719 3946 ι,
3745 3881 3805 3946 7,

2225 3978 2328 4044 21;
2362 3993 2412 4033 ιι
2437 4018 2450 4042 ,
2486 3978 2550 4043 1,
2576 3976 2657 4047 2).
2705 3996 2722 4028 ι
2754 3975 2934 4030 Multis
2963 3975 3145 4029 mundi
3168 3973 3326 4043 hujus
3351 3973 3641 4036 illecebris.
3664 3973 3807 4027 mul-

2227 4068 2296 4123 tis
2313 4067 2645 4122 vanitatibus
2663 4065 3022 4120 resistendum
3049 4073 3155 4130 est,
3183 4071 3243 4118 ut
3268 4079 3412 4119 verae
3439 4064 3720 4120 charitatis
3747 4074 3805 4118 et

2225 4158 2572 4215 continentia:
2615 4157 2925 4212 obtineatur
2991 4155 3292 4226 integritas.
3346 4154 3604 4209 Dominus
3651 4154 3802 4209 enim

2225 4249 2429 4303 nullum
2459 4247 2574 4302 vult
2602 4247 2810 4316 perire,
2841 4246 2933 4301 sed
2971 4261 3161 4300 omnes
3207 4244 3382 4300 salvos
3421 4244 3559 4299 ﬁeri.
3604 4243 3803 4298 Certus

2223 4350 2401 4394 autem
2447 4353 2564 4394 sum
2596 4353 2692 4392 vos
2722 4337 2787 4391 ad
2827 4338 2941 4391 hac
2979 4336 3312 4391 emendanda
3333 4335 3420 4389 vel
3464 4332 3799 4388 defendenda

2223 4432 2451 4486 Domino
2473 4430 2773 4486 auxiliante
2796 4428 3080 4499 proﬁcere.
3112 4429 3244 4483 Data
3271 4444 3365 4482 xm
3398 4427 3518 4482 Kal.
3545 4427 3796 4499 Augusti,

2221 4524 2515 4580 Commodo
2551 4533 2606 4578 et
2639 4522 2901 4578 Gratiano
2925 4521 2989 4576 ιν
3018 4521 3350 4577 consulibus.

1461 4696 1679 4756 CUJUS
1716 4701 1944 4759 SUPRA
1977 4707 2315 4766 EPISTOLA
2349 4709 2441 4764 AD
2473 4704 2768 4763 APHROS.

1761 4839 1845 4900 De
1872 4842 2077 4902 causis
2107 4843 2562 4924 superioribus.
2597 4914 2600 4916 η

618 4993 825 5050 Vicron
872 4992 1130 5050 Romana:
1174 4995 1434 5053 Ecclesiae
1471 4999 1624 5054 urbis
1652 5001 2114 5074 archiepiscOpus,
2148 5008 2198 5066 D
2227 5023 2332 5062 non
2361 5006 2693 5076 discrepare,
2715 5005 2810 5060 sed
2830 5004 3125 5062 concordes
3149 5020 3300 5073 esse,
3330 5007 3456 5077 quia
3485 5007 3612 5064 licet
3633 5011 3791 5079 pauci

544 5087 814 5142 universis
830 5088 1094 5157 episcopis
1114 5104 1210 5159 per
1230 5087 1464 5145 Africam
1488 5091 1792 5148 constitutis
1815 5093 1866 5147 in
1890 5093 2116 5152 Domino

546 5178 795 5235 salutem.

619 5273 848 5344 Semper
872 5275 1016 5330 enim
1040 5276 1092 5328 iu
1130 5286 1335 5331 aeterno
1369 5279 1597 5334 consilio
1643 5280 1736 5335 Dei
1783 5282 1983 5336 mansit
2010 5283 2113 5336 hu-

545 5367 690 5421 mani
717 5367 930 5438 generis
977 5367 1484 5425 incommutabilitcr
1515 5374 1870 5442 praeordinata
1895 5389 2110 5441 repara-

545 5459 654 5524 tio,
701 5459 796 5513 sed
839 5459 971 5512 ordo
1012 5474 1190 5513 rerum
1221 5475 1318 5528 per
1350 5461 1631 5516 Dominum
1656 5473 1899 5518 nostrum
1929 5465 2112 5519 Jesum

540 5547 820 5603 Christum
899 5548 1261 5617 tcmporaliter
1328 5553 1681 5621 gerendarum
1767 5553 2119 5624 dispositione

544 5640 697 5693 verbi
743 5638 905 5694 divini
948 5641 1173 5710 sumpsit
1217 5645 1517 5698 exordium.
1548 5645 1883 5715 Quapropter
1906 5657 2119 5716 oportet

546 5745 663 5810 vos,
688 5729 903 5796 fratres,
927 5733 1208 5788 unanimes
1228 5749 1368 5800 esse,
1386 5743 1440 5789 et
1470 5735 1850 5791 adminiculum
1879 5738 2114 5792 vicissim

543 5820 732 5877 ferre:
763 5822 815 5878 in
865 5832 1008 5879 recta
1043 5841 1169 5896 ergo
1197 5825 1297 5881 ﬁde
1341 5833 1395 5882 et
1437 5825 1491 5880 in
1539 5829 1894 5885 sacramentis
1921 5829 2115 5886 divinis

2223 5098 2342 5153 sitis
2365 5097 2624 5152 malorum
2646 5098 3066 5166 comparatione,
3091 5098 3133 5153 si
3158 5107 3337 5154 tamen
3359 5101 3657 5157 concordes
3680 5103 3794 5159 fue-

2222 5188 2362 5254 ritis,
2393 5187 2571 5253 facile,
2605 5189 2896 5243 auxiliante
2927 5189 3175 5254 Domino,
3201 5200 3410 5246 vestros
3447 5192 3792 5250 insidiatores

2221 5277 2563 5347 superabitis.
2599 5277 2653 5332 Si
2683 5294 2810 5334 vero
2834 5280 3142 5346 discordes,
3174 5283 3314 5350 quod
3343 5282 3513 5349 absit,
3543 5282 3785 5354 fueritis,

2221 5383 2326 5422 non
2347 5370 2690 5438 superabitis,
2709 5373 2800 5427 sed
2823 5375 3228 5442 superabimini.
3247 5377 3518 5435 Perlatum
3541 5391 3625 5437 est
3643 5385 3786 5439 enim

2221 5461 2288 5515 ad
2308 5461 2487 5516 sedem
2510 5464 2856 5534 apostolicam
2877 5467 3084 5537 aliquos
3104 5477 3344 5524 vestrum
3367 5486 3566 5526 nocere
3593 5472 3786 5529 fratres

2219 5552 2355 5608 velle
2373 5594 2386 5619 ,
2415 5556 2546 5624 etlut
2565 5556 3087 5624 cadan,tdecertare,
3120 5558 3367 5616 similiter
3396 5561 3449 5616 in
3472 5578 3778 5620 sacramen-

2220 5645 2288 5700 tis
2323 5647 2660 5716 discrep'arc,
2691 5657 2744 5702 et
2771 5648 2841 5703 ob
2864 5649 2915 5705 id
2937 5651 3307 5707 contemiones
3328 5661 3382 5708 et
3410 5655 3778 5710 aemulationes

2219 5735 2359 5792 inter
2385 5753 2477 5791 vos
2506 5737 2655 5803 ﬁeri;
2682 5755 2711 5792 a
2731 5740 2927 5809 quibus
2949 5740 3373 5799 dissensionibus
3395 5759 3490 5800 vos
3509 5754 3775 5808 avertere,

2217 5838 2270 5885 et
2296 5830 2347 5884 in
2377 5831 2460 5886 his
2482 5833 2728 5889 omnibus
2748 5838 3098 5904 concordare,
3122 5847 3176 5893 et
3194 5853 3349 5908 opem
3375 5837 3521 5896 ferre
3547 5840 3780 5898 vicissim

3199 5967 3230 5981 ᾳ
