3998 5416
88 411 182 468 125

1219 411 1709 473 DECRETALIUM
1744 411 2147 472 COLLECTIO.

3241 420 3345 477 126

87 525 420 586 mandamus.
453 524 587 583 Nam
634 528 679 584 si
710 528 813 585 hoc
852 542 1013 600 agere
1060 528 1170 584 cito
1199 526 1581 599 neglexeritis,
1607 534 1662 581 et
1689 529 1738 590 Λ
1764 534 1847 581 est
1874 527 1926 581 in
1957 528 2091 583 urbe
2134 528 2367 585 solitudo
2387 572 2401 596 ,
2434 537 2492 586 et
2524 530 2807 588 calamitas
2831 532 3104 605 opprimet
3131 543 3339 607 portas.

87 615 315 672 vicissim
367 619 703 674 reconciliari
747 633 853 675 non
883 619 1231 686 studueritis,
1257 620 1327 674 ab
1354 618 1659 691 apostolicae

87 710 211 766 sedis
238 716 300 766 et
336 711 502 787 totius
530 710 788 769 Ecclesia:
819 713 1201 769 communione
1243 727 1342 768 vos
1378 710 1504 782 pelli
1551 724 1657 765 non

82 799 367 867 dubitetis,
396 817 498 858 nec
537 803 850 870 attenditis,
894 802 1241 870 charissimi,
1272 801 1505 874 qualiter
1555 800 1662 857 Do-

89 889 251 944 minus
277 905 379 961 per
398 891 592 947 Isaiam
615 892 932 964 prophetam
956 894 1153 949 talibus
1174 893 1534 949 comminatus
1554 898 1659 956 est,

88 979 256 1034 dicens
302 997 318 1034 :
375 999 395 1033 ι
443 980 702 1039 Dominus
744 984 825 1039 eis
870 983 1081 1039 locutus
1126 992 1210 1040 est
1255 983 1483 1039 verbum
1520 982 1655 1047 hoc',

86 1070 203 1124 luxit
234 1080 295 1125 et
323 1071 550 1128 deﬂuxit
577 1082 719 1129 terra
740 1116 754 1140 ,
783 1084 839 1131 et
866 1075 1138 1131 inﬁrmata
1168 1084 1284 1141 est,
1317 1073 1541 1131 deﬂuxit
1570 1088 1660 1129 or-

89 1160 183 1223 his,
205 1169 268 1213 et
296 1160 574 1216 inﬁrmata
618 1171 702 1219 est
730 1164 961 1221 altitudo
989 1165 1171 1237 populi
1219 1173 1406 1230 terrm,
1435 1172 1490 1219 et
1518 1173 1660 1220 terra

90 1246 361 1304 interfecta
390 1259 476 1306 est
498 1251 567 1307 ab
595 1252 997 1310 habitatoribus
1022 1254 1164 1318 suis,
1190 1255 1314 1325 quia
1341 1252 1661 1325 transgressi

90 1347 191 1394 sunt
238 1338 422 1412 leges,
456 1352 804 1399 mutaverunt
848 1344 970 1416 jus,
1022 1344 1429 1415 dissipaverunt
1482 1343 1659 1398 foedus

88 1432 489 1503 sempiternum.
539 1432 769 1508 Propter
815 1438 920 1495 hoc
956 1436 1266 1493 maledictio
1310 1437 1521 1491 vorabit
1548 1445 1660 1491 ter-

89 1537 219 1591 ram,
248 1532 310 1580 et
333 1525 641 1596 peccabunt
685 1528 1018 1585 habitatores
1045 1527 1197 1599 ejus,
1228 1527 1458 1599 ideoque
1513 1528 1659 1583 insae

89 1614 220 1669 nient
247 1615 495 1673 cultores
524 1615 676 1687 eius,
704 1626 761 1675 et
789 1619 1163 1691 relinquentur
1200 1618 1451 1675 homines
1480 1617 1658 1690 pauci,

91 1705 209 1762 luxit
251 1708 572 1777 vindemia,
620 1710 897 1767 inﬁrmata
943 1720 1029 1768 est
1078 1712 1241 1778 vitis;
1283 1712 1665 1783 ingemuerunt

86 1812 263 1857 omnes
283 1800 379 1872 qui
406 1801 733 1859 lmtabantur
753 1803 950 1872 corde;
976 1804 1214 1861 cessavit
1235 1804 1492 1877 gaudium
1524 1812 1660 1874 tymo

1760 614 1896 683 Quia
1928 617 2041 671 haec
2065 626 2225 672 erunt
2254 618 2305 672 in
2339 619 2517 674 medio
2548 626 2737 683 terrae,
2784 628 2839 676 et
2882 622 2937 676 in
2968 621 3147 678 medio
3176 636 3345 694 popu-

1757 703 1931 761 lorum
1950 745 1965 768 ,
1993 707 2264 775 quomodo
2311 706 2356 762 si
2399 723 2585 777 pauca:
2606 709 2760 765 olivae
2786 725 2906 780 qua:
2938 720 3342 777 remanserunt,

1758 798 2108 851 excutiantur
2133 810 2196 851 ex
2226 796 2377 863 olea,
2421 806 2475 853 et
2500 800 2728 867 racemi,
2757 815 2879 855 cum
2909 798 3071 855 fuerit
3111 799 3344 855 ﬁnitima

1758 884 2053 941 vindemia.
2101 885 2166 941 lli
2209 886 2469 943 levabunt
2515 904 2704 945 vocem
2754 904 2905 944 suam
2954 899 3118 960 atque
3163 889 3344 945 lauda-

1758 979 1895 1035 bunt
1921 992 1937 1033 :
1964 994 2086 1034 cum
2117 979 2447 1051 gloriﬁcatus
2472 980 2640 1037 fuerit
2669 981 2956 1051 Dominus,
2984 982 3236 1039 hinnient
3275 982 3344 1038 de

1760 1071 1918 1125 mari.
1944 1069 2173 1141 Propter
2199 1072 2303 1127 hoc
2323 1073 2377 1128 in
2405 1073 2668 1130 doctrinis
2700 1074 3000 1145 gloriﬁcate
3028 1074 3339 1139 Dominum,

1759 1168 1816 1213 et
1854 1158 1910 1214 in
1957 1159 2147 1215 insulis
2176 1161 2344 1217 maris
2382 1177 2582 1219 nomen
2614 1163 2825 1218 Domini
2872 1163 2968 1219 Dei
3009 1163 3175 1219 Israel
3205 1161 3341 1234 (Isa.

1759 1263 1911 1315 xxxv,
1935 1247 1991 1316 '5,
2019 1248 2133 1321 15).
2171 1268 2190 1303 ι
2227 1250 2293 1305 Et
2314 1250 2597 1317 Dominus,
2628 1252 2682 1308 in
2715 1251 2965 1308 oratione
2986 1267 3150 1323 quam
3181 1252 3346 1307 disci-

1758 1341 1916 1411 pulos
1938 1356 2067 1398 suos
2095 1341 2280 1398 docuit
2307 1358 2486 1411 orare,
2516 1344 2632 1400 ait:
2668 1361 2687 1396 ‹
2714 1343 2879 1399 Pater
2905 1351 3115 1410 noster,
3155 1343 3247 1414 qui
3285 1357 3345 1398 es

1760 1434 1816 1490 in
1858 1434 2040 1502 ccelis,
2084 1435 2457 1493 sanctiﬁcetur
2510 1453 2707 1493 nomen
2761 1448 2934 1493 tuum.
2967 1456 2987 1490 ι
3014 1437 3070 1491 1η
3098 1433 3259 1491 bonis
3289 1443 3347 1490 et

1753 1525 1917 1597 justis
1943 1526 2253 1584 hominibus
2287 1528 2664 1585 sanctiﬁcatur
2693 1544 2890 1585 nomen
2931 1528 3178 1595 Domini,
3206 1536 3261 1584 et
3293 1528 3347 1582 in

1760 1613 1918 1672 malis
1961 1614 2389 1686 blasphematur,
2411 1627 2467 1674 et
2487 1619 2604 1690 ipsa
2626 1634 2725 1690 per
2753 1634 2814 1675 se
2848 1618 3061 1675 Veritas
3091 1617 3165 1672 ait
3195 1631 3210 1670 :
3245 1635 3264 1668 ι
3289 1614 3348 1671 Si

1760 1704 1924 1762 otl‘ers
1951 1722 2146 1762 munus
2170 1715 2324 1763 tuum
2366 1708 2434 1763 ad
2477 1708 2682 1776 altare,
2729 1719 2785 1766 et
2826 1707 3147 1765 recordatus
3177 1705 3348 1762 fueris

1763 1798 1892 1869 quia
1936 1796 2107 1855 frater
2149 1807 2273 1856 tuus
2303 1799 2468 1857 habet
2498 1801 2704 1873 aliquid
2754 1802 3041 1858 adversum
3072 1809 3156 1866 te,
3185 1798 3350 1854 relin-

91 1905 369 1960 panorum,
401 1892 611 1965 quievit
641 1896 851 1951 sonitus
879 1894 1211 1962 laetantium,
1239 1872 1510 1951 conticuit
1547 1872 1661 1948 dul-
1692 1872 1736 1934 Β
1761 1903 1869 1959 que
1899 1887 1971 1944 ibi
2007 1904 2205 1946 munus
2234 1900 2384 1946 tuum
2410 1892 2479 1947 ad
2506 1872 2709 1957 altare,
2740 1900 2796 1948 et
2821 1892 2955 1946 vade
2980 1890 3133 1961 prius
3162 1904 3350 1944 recon-

86 1981 206 2038 cedo
231 1984 493 2051 citharae;
526 2001 651 2042 cum
668 1986 887 2042 cantico
906 2001 1013 2042 non
1037 1986 1223 2042 bibent
1246 1986 1455 2051 vinum,
1478 2000 1662 2039 amara

92 2071 181 2126 erit
205 2075 354 2145 potio
383 2076 699 2133 bibentibus
744 2076 928 2145 illam;
961 2077 1153 2132 attrita
1180 2083 1267 2132 est
1297 2077 1490 2132 civitas
1512 2076 1665 2131 vani-

94 2162 229 2228 tatis,
276 2163 469 2220 clausa
512 2173 600 2222 est
646 2166 825 2222 omnis
875 2166 1071 2223 domus
1132 2165 1283 2223 nullo
1331 2166 1661 2222 introeunte.

88 2249 289 2308 Clamor
316 2254 426 2310 erit
456 2270 625 2327 super
670 2256 798 2313 vino
826 2257 879 2312 in
908 2257 1137 2328 plateis,
1191 2256 1410 2314 deserta
1438 2266 1521 2313 est
1547 2271 1665 2312 om-

89 2340 166 2396 nis
187 2342 399 2413 lastitia;
436 2348 760 2405 translatum
810 2358 895 2407 est
942 2351 1201 2424 gaudium
1240 2360 1433 2419 terrae,
1476 2349 1669 2407 relicta
1737 2378 1741 2382 >

1763 1980 1938 2036 ciliari
1982 1980 2138 2037 fratri
2169 1990 2295 2050 tuo,
2326 1990 2382 2039 et
2426 1993 2612 2054 postea
2662 1981 2857 2039 offeres
2900 1996 3097 2065 munus
3125 1989 3294 2035 tuum.
3320 1996 3340 2030 ι

1764 2068 1907 2126 Nulli
1929 2084 2059 2126 vero
2081 2070 2245 2128 liceat
2268 2072 2575 2128 doctrinam
2595 2072 2960 2143 evangelicam
2988 2071 3264 2133 deserere,
3291 2077 3349 2124 et

1762 2163 2091 2237 sacerdotali
2119 2164 2326 2221 honore
2372 2166 2629 2238 gaudere.
2660 2166 2797 2221 Data
2831 2164 2951 2221 Kal.
2983 2162 3351 2237 Septembris,

1763 2255 2032 2314 Laterano
2057 2268 2113 2314 et
2140 2258 2354 2315 Ruﬁino
2385 2258 2455 2315 ιν
2484 2274 2570 2317 cc.
2596 2259 2908 2317 consulibus

90 2471 3343 2501 -—____.__________________________________________________

482 2593 1125 2689 INCIPIUNT
1195 2598 1734 2691 DECRETA
1800 2601 2463 2693 ZEPHERINI
2538 2602 2913 2692 PAPIE.

1068 2764 1233 2830 (Anno
1250 2764 1447 2819 Domini
1464 2764 1577 2830 208,
1598 2773 1823 2831 tempore
1843 2767 2020 2822 Severi
2041 2768 2395 2836 imperatoris.)

158 3012 410 3071 Romana:
456 3014 611 3072 urbis
635 3016 1075 3091 archiepiscopus
1119 3020 1458 3082 Zementnus
1492 3027 1667 3082 omni-
1694 3028 1743 3093 ο
1773 3028 1933 3085 miter
1957 3037 2104 3085 stare
2128 3030 2328 3099 voluit,
2354 3046 2463 3088 non
2485 3047 2515 3088 a
2541 3031 2874 3101 quibuslibet
2895 3032 3109 3107 agitari.
3137 3016 3373 3095 Nullum'

98 3105 187 3161 bus
226 3122 320 3177 per
364 3106 616 3165 Siciliam
660 3112 974 3168 constitutis
1018 3114 1287 3186 episcopis
1337 3118 1393 3172 in
1443 3117 1671 3175 Domino

104 3199 337 3255 salutem.

158 3288 355 3346 Divina
377 3292 530 3346 circa
580 3306 678 3347 nos
724 3292 915 3362 gratia;
957 3309 1230 3353 memores
1257 3311 1379 3355 esse
1409 3301 1671 3359 debemus

102 3393 208 3447 quae
250 3395 351 3436 nos
394 3395 495 3451 per
561 3380 889 3455 dignationis
942 3400 1053 3442 sua:
1104 3388 1534 3446 misericordiam
1601 3394 1672 3448 ob

101 3467 193 3524 hoc
218 3469 281 3525 ad
310 3470 589 3544 fastigium
628 3473 966 3532 sacerdotale
992 3478 1273 3548 provexit,
1313 3489 1372 3535 ut
1404 3484 1672 3541 mandatis

101 3556 257 3627 ipsius
282 3559 643 3626 inhmrentes,
693 3570 750 3618 et
797 3562 852 3619 in
900 3564 1135 3636 quadam
1167 3571 1513 3627 sacerdotum
1552 3574 1671 3645 ejus

101 3648 455 3716 speculatione
479 3652 784 3720 constituti,
831 3656 1219 3726 prohibeamus
1249 3660 1433 3717 illicita
1487 3673 1544 3719 et
1592 3681 1673 3723 se-

101 3742 303 3809 quenda
326 3742 641 3803 doceamus.
673 3746 826 3802 Sicut
850 3747 1038 3805 stellas
1080 3751 1205 3806 coeli
1236 3767 1342 3808 non
1373 3756 1672 3828 exstinguit

101 3846 237 3899 nox,
285 3833 363 3890 sic
415 3845 630 3893 mentes
678 3836 918 3896 ﬁdelium
965 3841 1306 3903 ﬁrmamento
1345 3848 1671 3908 inhaerentes

102 3933 297 3981 sancta
321 3925 621 3999 Scriptura:
650 3945 758 3987 non
788 3933 1046 3992 obscurat
1078 3938 1349 3995 mundana
1390 3941 1667 4013 iniquitas.

102 4014 298 4073 Idcirco
327 4020 580 4078 meditari
608 4036 704 4079 vos
731 4034 949 4095 oportet
987 4037 1043 4085 et
1085 4028 1420 4103 Scripturas,
1452 4044 1507 4090 et
1537 4051 1672 4106 prae-

104 4116 252 4179 cepta
294 4111 504 4181 divina,
552 4128 674 4185 quas
704 4117 761 4172 in
802 4117 1105 4192 Scripturis
1153 4126 1521 4195 continentur,
1554 4130 1674 4185 dili-

106 4208 287 4266 genter
310 4203 593 4260 attendcre
610 4244 626 4272 ,
672 4221 744 4263 ne
770 4216 1209 4288 transgressores
1238 4214 1374 4288 legis
1402 4216 1528 4283 Dei,
1578 4222 1672 4276 sed

110 4287 405 4357 impletores
433 4286 1116 4364 appareatis.‘Patriarch:e
1143 4318 1273 4360 vero
1298 4286 1387 4362 vel
1412 4308 1673 4378 primates

110 4389 403 4438 accusatum
434 4383 793 4443 discutientes
818 4389 1164 4462 episcopum,
1214 4410 1322 4452 non
1371 4375 1498 4454 ante
1544 4415 1668 4457 sen-
1703 4375 1749 4434 θ

111 4471 318 4528 tentiam
354 4474 639 4545 proferant
670 4477 971 4550 ﬁnitivam,
1012 4498 1176 4553 quam
1223 4489 1518 4558 apostolica
1550 4491 1672 4549 fulti

109 4563 446 4651 auctoritate,
493 4581 562 4623 ac
604 4582 757 4624 reum
799 4570 1034 4641 seipsum
1065 4575 1409 4646 conﬁteatur,
1442 4591 1534 4636 aut
1579 4599 1677 4654 per

111 4646 410 4711 innocentes
461 4664 519 4712 et
583 4658 910 4730 regulariter
943 4666 1281 4723 examinatos
1324 4646 1680 4730 convinco-tur

112 4746 288 4795 testes.
313 4742 412 4811 Qui
437 4745 635 4802 minori
682 4763 791 4803 non
817 4749 928 4804 sint
963 4766 1189 4811 numero
1216 4770 1377 4825 quam
1406 4758 1484 4814 illi
1513 4760 1678 4818 disci-

113 4828 219 4924 puli
267 4832 516 4904 luerunt,
547 4854 684 4911 quos
719 4840 981 4899 Dominus
1011 4845 1078 4900 ad
1128 4846 1496 4918 adjumentum
1544 4869 1677 4924 apo-

116 4919 356 5013 stolarum
404 4926 607 4997 eligere
652 4930 934 5001 praecepit,
980 4933 1033 4989 id
1059 4946 1142 4992 est
1185 4943 1521 5013 septuaginta
1548 4919 1673 5001 duo.

117 5008 436 5074 Detractores
484 5034 700 5092 quoque
746 5022 933 5078 divina
985 5008 1306 5085 auctoritate
1367 5008 1678 5091 eradicandi

117 5116 256 5175 sunt,
268 5120 320 5167 et
343 5124 588 5173 auctores
611 5117 964 5173 inimicorum
993 5122 1061 5177 ab
1086 5125 1376 5196 episcopali
1393 5129 1678 5187 submove-

120 5212 234 5238 “’“·ἐ
249 5210 575 5267 accusatione
599 5210 681 5265 vel
711 5209 1045 5278 testimonio,
1061 5231 1160 5272 nec
1181 5233 1514 5275 summorum
1530 5223 1680 5292 quis-

576 5316 582 5317 ί
603 5296 1678 5381 ~--e.qtionibusimpetatnrautdispereat.

1775 3129 1956 3176 autem
1979 3137 2169 3178 eorum
2199 3125 2470 3180 sententia
2499 3139 2529 3180 a
2559 3143 2666 3182 non
2692 3143 2793 3183 suo
2813 3127 2997 3199 judice
3040 3130 3182 3185 dicta
3225 3147 3357 3187 con-

1773 3213 2169 3286 stringat,quia
2216 3224 2269 3272 et
2316 3217 2461 3290 leges
2506 3219 2686 3276 sreculi
2730 3222 2784 3276 id
2812 3222 2987 3292 ipsum
3023 3223 3137 3280 ﬁeri
3167 3229 3356 3295 ρι’ωεί-

1772 3305 1946 3376 piunt.
1980 3308 2271 3363 Duodecim
2306 3310 2680 3380 enimjudices
2710 3312 2938 3384 quilibet
2960 3316 3243 3388 episcopus
3266 3335 3358 3375 ac-

1774 3404 2013 3461 cusatus,
2030 3397 2073 3452 si
2098 3413 2322 3454 necesse
2343 3399 2535 3468 fuerit,
2560 3402 2756 3473 eligat,
2780 3418 2810 3457 a
2837 3404 3033 3474 quibus
3057 3407 3173 3476 ejus
3193 3424 3355 3465 causa

1766 3487 1911 3556 juste
1934 3486 2227 3557 judicetur,
2274 3504 2377 3544 nec
2407 3490 2558 3561 prius
2589 3492 2860 3559 audiatur,
2908 3504 3003 3551 aut
3042 3511 3358 3553 excommu-

1772 3578 2003 3645 nicetur,
2033 3578 2113 3634 vel
2138 3579 2432 3651 judicetur,
2459 3598 2621 3653 quam
2652 3582 2754 3654 ipsi
2782 3599 2882 3655 per
2906 3600 2964 3642 se
2986 3585 3276 3657 eligantur,
3301 3596 3358 3644 et

1773 3670 2092 3743 regulariter
2134 3679 2360 3728 vocatus
2406 3673 2474 3728 ad
2521 3689 2743 3729 suorum
2798 3675 2978 3746 primo
3031 3688 3357 3733 conventum

1773 3763 2164 3834 episcoporum,
2210 3779 2307 3836 per
2347 3779 2442 3822 eos
2470 3765 2589 3838 ejus
2631 3782 2792 3822 causa
2828 3768 2976 3839 juste
3021 3770 3276 3826 audiatur
3302 3782 3359 3827 et

1772 3856 2165 3912 rationabiliter
2193 3857 2554 3915 discernatur.
2588 3859 2738 3916 Finis
2772 3874 2901 3918 vero
2935 3862 3052 3933 ejus
3085 3877 3260 3919 causae
3291 3864 3357 3919 ad

1773 3945 1954 4001 sedem
1984 3945 2334 4016 apostolicam
2362 3945 2660 4016 deferatur,
2692 3959 2753 4005 ut
2783 3949 2981 4006 ibidem
3014 3954 3353 4009 terminetur.
3410 3940 3414 3944 ’

1774 4034 1885 4091 Nec
1912 4044 2071 4092 antea
2118 4035 2358 4103 ﬁniatur,
2393 4039 2533 4095 sicut
2561 4041 2629 4095 ab
2658 4043 2918 4113 apostolis
2948 4044 3030 4100 vel
3073 4060 3354 4102 successo-

1764 4124 1924 4201 Dribns
1947 4139 2135 4181 eorum
2160 4125 2288 4182 olim
2318 4136 2581 4185 statutum
2609 4141 2725 4199 est,
2759 4149 2922 4204 quam
2963 4132 3078 4201 ejus
3123 4137 3360 4191 auctori-

1774 4222 1885 4271 tate
1907 4215 2196 4285 fulciatur;
2235 4220 2302 4274 ad
2325 4234 2446 4274 eam
2480 4236 2695 4292 quoque
2720 4224 2788 4278 ab
2814 4224 3066 4279 omnibus
3098 4224 3357 4298 (maxime

1776 4314 1953 4363 tamen
1968 4309 2037 4363 ab
2051 4310 2344 4383 Oppressis)
2363 4312 2737 4382 appellandum
2756 4324 2838 4371 est
2854 4325 2908 4371 et
2925 4321 3356 4375 concurrendum

1773 4401 1928 4471 quasi
1954 4401 2021 4457 ad
2053 4411 2280 4457 matrem
2301 4444 2316 4471 ,
2350 4412 2411 4459 ut
2439 4404 2557 4476 ejus
2589 4406 2846 4463 uberibus
2879 4408 3212 4476 nutriantur,
3255 4427 3357 4466 au-

1775 4493 2031 4549 ctoritate
2077 4493 2457 4563 defendamur,
2505 4504 2562 4552 et
2591 4512 2622 4551 a
2657 4498 2768 4554 suis
2798 4501 3242 4570 oppressionibus
3276 4520 3361 4559 re-

1773 4584 2041 4653 leventur,
2078 4587 2203 4657 quia
2230 4602 2336 4643 non
2361 4597 2576 4660 potest,
2601 4605 2702 4646 nec
2722 4591 2884 4649 debet
2911 4602 3087 4650 mater
3110 4594 3357 4653 oblivisci

1776 4674 1945 4730 ﬁlium
1973 4691 2150 4733 suum.
2720 4686 2723 4687 ⁷

1846 4767 1956 4838 29
1974 4766 2181 4824 Iudicia
2205 4769 2348 4824 cnim
2378 4770 2771 4845 episcoporum,
2807 4775 3147 4848 majoresque
3175 4778 3360 4835 Eccle—

1776 4855 1872 4912 sia:
1893 4872 2068 4914 causa:
2091 4875 2120 4914 a
2148 4859 2275 4915 sede
2299 4861 2589 4930 apostolica
2608 4872 2662 4918 et
2686 4879 2793 4919 non
2819 4865 2885 4920 ab
2906 4866 3037 4934 alia,
3058 4858 3197 4924 sicut
3222 4886 3355 4940 apo-

1775 4946 1898 5003 stoli
1928 4951 2163 5006 etsancti
2180 4965 2519 5008 successores
2533 4968 2720 5009 eorum
2739 4962 3074 5025 statuerunt,
3093 4975 3215 5015 cum
3238 4960 3362 5016 aliis

1777 5037 2043 5110 episcopis
2063 5051 2192 5097 sunt
2218 5044 2602 5112 terminandze;
2628 5047 2752 5116 quia
2772 5045 2898 5099 licet
2913 5047 2965 5102 in
2983 5049 3116 5106 alios
3132 5053 3334 5108 transfc

1779 5130 2211 5203 rantepiscopos,
2228 5134 2387 5189 beato
2403 5141 2577 5190 tamen
2593 5135 2836 5207 apostolo
2854 5136 3019 5197 Petro
3035 5145 3233 5199 dictum
3247 5154 3358 5201 est:

1781 5218 2126 5293 Qumcunque
2163 5224 2414 5295 ligaveris
2434 5240 2599 5295 super
2622 5238 2823 5282 terram
2849 5242 3009 5287 erunt
3036 5234 3196 5307 ligata
3225 5245 3279 5289 et
3306 5235 3361 5289 in

1781 5311 2372 5386 cmlis,etquaecumque
2383 5314 2605 5372 solveris
2617 5331 2780 5388 super
2798 5326 3000 5378 terram
3019 5324 3362 5379 eruntsoluta
3383 5398 3387 5405 θ
