3908 5434
554 397 656 455 427

1264 396 1553 453 APPEND.
1581 396 1668 452 AD
1693 395 1863 454 SE6.
1905 396 1995 452 IX.
2026 427 2094 438 —-
2130 395 2379 454 lSlDORl
2414 396 2855 457 MERCATORIS

3719 403 3808 462 128

556 508 847 582 episcopis,
876 517 930 565 et
956 509 1248 566 servandas
1269 518 1617 567 censuerunt.
1647 512 1723 568 De
1743 511 1973 567 occultis
1995 511 2140 565 enim
2168 519 2216 579 Α
2244 512 2470 580 perituri
2509 527 2670 584 super
2698 529 2784 570 me
2808 512 3081 583 veniebat,
3104 523 3159 571 et
3185 529 3280 572 eor
3306 516 3482 575 viduae
3506 512 3811 572 consolatus

557 601 720 657 alieni
747 602 927 658 cordis
959 611 1160 657 temere
1193 601 1439 671 judicare
1481 611 1760 672 peccatum
1787 608 1891 666 est,
1918 611 1974 657 et
2012 616 2137 657 eum

556 695 709 765 cujus
751 712 856 751 non
906 697 1156 751 videnlur
1204 712 1366 767 opera
1415 696 1520 751 nisi
1563 698 1723 760 bona,
1757 696 1999 765 iniquum
2053 703 2138 751 est

556 804 624 845 ex
653 788 956 859 suspicione
997 787 1411 858 reprehendere,
1436 802 1560 843 cum
1587 803 1774 842 eorum
1803 802 1923 857 quae
1952 786 2133 842 homi-

556 880 717 936 nibus
741 890 866 935 sunt
895 880 1163 950 incognita
1195 879 1341 935 solus
1370 878 1691 949 Deusjudex
1721 880 1830 945 sit;
1862 879 1973 948 ipse
2003 893 2134 934 vero

555 973 706 1028 novit
746 972 1059 1028 abscondita
1087 972 1289 1038 cordis,
1332 980 1518 1027 etnon
1548 972 1714 1036 alius;
1752 971 1952 1041 injusta
1986 970 2131 1026 enim

547 1063 749 1133 judicia
773 1064 842 1118 ab
862 1064 1113 1118 omnibus
1142 1063 1383 1118 cavenda
1412 1073 1559 1129 sunt,
1605 1063 1841 1117 maxime
1872 1071 2051 1117 tamen
2100 1077 2133 1116 a

552 1155 721 1210 servis
758 1153 993 1209 Domini.
1035 1152 1266 1209 Servum
1291 1163 1469 1209 autem
1498 1153 1590 1208 Dei
1618 1168 1723 1207 non
1764 1160 1978 1222 oportet
2024 1151 2133 1207 liti—

552 1261 702 1317 gare,
732 1261 834 1302 nec
862 1261 1186 1316 quemquam
1225 1246 1502 1301 damnare.
1536 1244 1786 1315 Episcopi
1816 1258 2049 1315 namque
2100 1258 2131 1299 a

550 1335 816 1406 plebibus,
859 1343 914 1388 et
957 1335 1120 1396 clero,
1150 1342 1206 1389 et
1244 1334 1455 1391 Domini
1486 1350 1517 1389 a
1544 1334 1717 1390 servis
1750 1332 1959 1389 ferendi
1983 1341 2131 1400 sunt,

548 1434 612 1479 ιιι
639 1425 737 1480 sub
765 1425 1158 1481 exercitatione
1184 1425 1484 1481 tolerantize
1511 1425 1884 1501 sustineantur
1917 1432 2127 1493 tempo-

552 1517 683 1571 ralia
711 1557 726 1583 ,
770 1528 1053 1588 sperentur
1111 1525 1334 1573 aeterna.
1376 1517 1551 1587 Auget
1592 1517 1738 1572 enim
1788 1516 1981 1570 merita
2022 1516 2131 1570 vir-

552 1609 682 1664 tutis
708 1609 849 1679 quod
893 1608 1228 1679 prepositum
1274 1624 1382 1665 non
1429 1607 1595 1664 violat
1639 1605 1933 1675 religionis.
1974 1603 2130 1660 Sata-

550 1699 778 1770 gendutn
808 1708 888 1755 est
912 1701 1069 1755 nobis
1090 1715 1157 1755 ne
1178 1699 1374 1771 aliquis
1403 1699 1632 1754 fratrum
1672 1705 1982 1754 nostrorum
2006 1712 2130 1768 gra-

549 1788 688 1843 viter
747 1787 1016 1844 laceretur
1071 1788 1155 1843 vel
1203 1799 1409 1859 pereat.
1463 1787 1792 1843 Succurrere
1844 1801 1975 1856 ergo
2031 1800 2128 1840 vos

2236 615 2374 664 sum,
2399 599 2614 671 justitia
2649 605 2868 662 indutus
2894 619 3035 672 sum,
3072 613 3128 660 et
3164 605 3355 661 vestivi
3380 620 3465 660 me
3490 605 3811 661 vestimento

2233 699 2289 745 et
2315 691 2645 762 diademate,
2669 692 2874 764 judicio
2896 710 3047 763 meo;
3081 694 3269 751 oculus
3310 686 3387 747 fui
3413 709 3586 764 caeo,
3626 703 3687 753 et
3730 711 3811 765 pes

2233 782 2455 851 claudo;
2501 794 2659 855 pater
2704 801 2856 841 eram
2899 801 3240 858 pauperum,
3285 786 3614 844 et'causam
3660 802 3810 857 quam

2233 874 2540 929 nesciebam
2577 875 2989 947 diligentissime
3020 875 3427 947 investigabam.
3454 874 3808 931 Conterebam

2232 962 2404 1018 molas
2450 964 2642 1034 iniqui,
2690 973 2744 1021 et
2786 965 2853 1021 de
2881 966 3133 1022 dentibus
3157 966 3300 1023 illius
3332 965 3655 1024 auferebam
3682 980 3803 1037 pre

2232 1052 2355 1107 dam
2403 1053 2547 1125 (Job.
2591 1071 2752 1122 χχιι,
2804 1056 2916 1128 15),
2959 1074 2979 1109 ι
3008 1065 3064 1112 et
3093 1056 3320 1127 reliqua.
3366 1057 3478 1114 Vos
3521 1072 3680 1130 ergo,
3728 1058 3807 1127 qui

2231 1142 2286 1196 in
2331 1142 2547 1214 specula
2597 1160 2630 1201 a
2677 1145 2905 1203 Domino
2954 1146 3086 1202 estis
3131 1146 3314 1217 positi,
3359 1148 3730 1217 comprimere
3763 1156 3807 1202 et

2232 1234 2493 1308 repellere
2551 1250 2646 1291 eos
2703 1251 3048 1307 summopere
3121 1237 3331 1292 debetis
3397 1237 3491 1307 qui
3553 1237 3809 1298 fratribus

2231 1328 2458 1384 insidias
2502 1337 2831 1398 praeparant,
2877 1336 2972 1384 aut
3004 1328 3058 1382 in
3091 1342 3187 1384 eos
3228 1327 3525 1384 seditiones
3556 1335 3615 1383 et
3658 1342 3808 1383 scan-

2230 1420 2353 1476 dala
2395 1421 2655 1478 excitant.
2698 1419 2878 1477 Facile
2918 1429 3001 1477 est
3027 1422 3172 1477 enim
3212 1422 3390 1485 verbo_
3424 1419 3619 1477 fallere
3646 1422 3807 1475 homi-

2232 1524 2385 1578 nem,
2422 1526 2529 1567 non
2585 1520 2763 1566 tamen
2809 1511 2999 1567 Deum.
3029 1512 3155 1569 Ideo
3199 1513 3298 1569 hos
3335 1512 3623 1583 repellere,
3655 1521 3714 1567 et
3748 1513 3807 1567 ab

2229 1603 2316 1658 his
2344 1617 2439 1659 vos
2470 1616 2664 1658 cavere
2692 1612 2928 1674 oportet,
2966 1612 3233 1675 quatenus
3259 1604 3535 1662 exstincta
3572 1603 3806 1659 funditus

2233 1692 2391 1762 hujus
2421 1691 2565 1748 modi
2588 1691 2837 1763 caligine,
2871 1692 3061 1748 lucifer
3076 1693 3154 1750 eis
3177 1691 3536 1765 resplendeat,
3561 1691 3805 1750 etlatitia

2228 1785 2452 1848 oriatur,
2484 1783 2814 1839 sanctissimi
2856 1782 3072 1839 fratres.
3121 1783 3258 1840 Data
3296 1800 3375 1840 xu
3410 1783 3685 1841 Kalendas
3721 1781 3805 1841 0c-

546 1888 759 1948 oportet
802 1880 1094 1951 oppressis,
1143 1888 1197 1935 et
1237 1879 1469 1935 liberare
1513 1892 1606 1933 eos
1637 1878 1703 1933 de
1744 1891 1906 1931 manu
1937 1890 2122 1946 perse-
2150 1869 2195 1926 Β
2225 1873 2420 1939 tobris,
2442 1870 2735 1929 Saturnino
2759 1884 2814 1929 et
2837 1870 3114 1929 Gallicano
3136 1871 3204 1928 lV
3239 1888 3325 1933 cc.
3355 1872 3564 1931 consul.

546 1969 848 2040 quentium,
881 1979 939 2026 ut
967 1986 1090 2026 cum
1118 1970 1276 2027 beato
1314 1968 1415 2026 Job
1454 1968 1685 2024 dicatis:
1733 1985 1752 2020 ι
1805 1964 2125 2021 Benedictio

1433 2207 1598 2264 ITEM
1657 2204 1992 2263 EPISTOLA
2030 2192 2342 2260 EJUSDEM
2380 2160 2720 2259 ZEPHIRINI
2756 2202 2980 2261 ΡΔΡᾹ.

614 2379 963 2438 Charissimis
983 2377 1238 2434 fratribus
1260 2392 1355 2449 per
1375 2376 1670 2450 Egyptum
1710 2376 1938 2433 Domino
1988 2374 2129 2431 mili-

546 2473 784 2529 tantibus
802 2470 1139 2526 Zsrnannvus
1168 2469 1425 2524 Romana:
1463 2468 1613 2523 urbis
1663 2466 2123 2537 archiepiscopus.

615 2561 844 2615 Tantam
875 2574 905 2612 a
933 2557 1161 2613 Domino
1181 2556 1342 2627 hujus
1367 2565 1567 2613 sancta:
1595 2556 1761 2623 sedis,
1798 2564 1855 2612 et
1910 2563 2130 2625 aposto-

543 2648 661 2704 licae
710 2646 966 2703 Ecclesia:
1009 2644 1332 2712 fundatore,
1377 2653 1435 2700 et
1484 2645 1646 2701 beato
1689 2644 1850 2701 Petro
1888 2644 2132 2714 principe

545 2736 931 2808 apostolorum,
963 2736 1270 2805 accepimus
1299 2734 1576 2802 fiduciam,
1603 2742 1663 2789 ut
1709 2750 1809 2806 pro
1838 2734 2132 2795 universali

549 2826 751 2883 Christi
774 2826 1035 2896 sanguine
1057 2825 1334 2896 redempta
1361 2824 1626 2895 Ecclesia,
1660 2822 1890 2895 impigro
1914 2822 2129 2881 labore-

547 2930 669 2971 mus
689 2914 907 2981 all‘ectu,
928 2924 981 2970 et
1009 2915 1260 2970 omnibus
1306 2915 1536 2971 Domino
1571 2914 1954 2972 famulantibus
2003 2931 2131 2973 suc-

544 3019 850 3073 curramus,
864 3014 919 3059 et
940 3004 1146 3061 cunctis
1158 3005 1245 3075 pie
1259 3005 1559 3060 viventibus
1582 3005 1874 3076 apostolica
1890 3007 2130 3064 auctori-

549 3106 660 3153 tate
681 3114 839 3168 opem
869 3097 1127 3153 feramus.
1160 3097 1359 3153 Omnes
1381 3098 1473 3168 qui
1495 3097 1551 3152 in
1579 3095 1797 3154 Christo
1817 3099 2004 3155 volunt
2043 3099 2132 3170 pie

548 3192 753 3256 vivere,
783 3206 1001 3247 necesse
1025 3200 1127 3257 est,
1161 3199 1221 3246 ut
1244 3193 1311 3247 ab
1339 3192 1521 3263 impiis
1547 3200 1601 3247 et
1620 3192 1978 3249 dissimilibus
2036 3209 2133 3263 pa-

548 3283 754 3343 tiantur
781 3283 1093 3360 opprobra,
1121 3293 1174 3345 et
1200 3284 1567 3361 despiciantur
1595 3295 1852 3360 tantulam
1896 3284 2046 3344 stulti
2073 3294 2130 3345 et

542 3379 740 3444 insani,
758 3386 817 3431 ut
834 3378 1082 3433 meliores
1100 3388 1153 3433 et
1171 3379 1508 3449 purgatiores
1522 3376 1843 3433 efﬁciantur.
1871 3378 1972 3445 Qui
1985 3378 2124 3433 bona

540 3469 855 3539 temporalia
904 3467 1134 3538 perdunt
1180 3477 1240 3522 ut
1283 3468 1590 3539 percipiant
1630 3478 1856 3523 interna.
1921 3467 2122 3522 Eorum

540 3574 671 3614 vero
718 3559 989 3631 despectio
1017 3568 1072 3615 et
1100 3559 1279 3614 irrisio
1321 3559 1375 3613 in
1426 3559 1572 3629 ipsos
1605 3557 2002 3628 retorquebitur
2027 3557 2121 3628 qui

537 3665 633 3706 eos
671 3630 987 3721 afﬂiguntet
1012 3650 1352 3705 contumeliis
1393 3649 1653 3716 alliciunt,
1707 3665 1831 3705 cum
1873 3657 1929 3703 et
1952 3646 2121 3703 abun—
2147 3630 2192 3693 ε

536 3739 719 3795 dantia
748 3756 933 3796 eorum
962 3740 1015 3795 in
1044 3749 1362 3811 egestatem,
1392 3748 1448 3796 et
1471 3740 1728 3811 superbia
1758 3741 2035 3796 transierit
2062 3740 2116 3795 in

535 3830 925 3886 confusionem.
949 3828 1263 3885 Nuntiatum
1284 3839 1365 3887 est
1384 3831 1529 3886 enim
1555 3832 1669 3887 sedi
1694 3832 1999 3901 apostolica:
2024 3849 2120 3903 per

541 3919 918 3988 apocrisiarios
960 3928 1173 3975 nostros
1218 3920 1480 3990 quosdam
1534 3920 1763 3976 fratrum
1811 3933 2119 3980 nostrorum

540 4010 915 4080 episcoporum
935 4008 1182 4066 videlicet
1209 4013 1277 4068 ab
1330 4012 1587 4069 Ecclesiis
1633 4023 1689 4069 et
1733 4015 1951 4073 sedibus
1995 4033 2119 4088 pro-

541 4101 676 4171 priis
706 4100 853 4170 pelli,
899 4117 1102 4172 suaque
1156 4103 1235 4159 eis
1268 4103 1470 4160 auferri
1511 4107 1896 4178 supcllectilia,
1945 4120 2000 4166 et
2040 4112 2118 4168 sic

540 4190 713 4248 nudos
752 4203 806 4248 et
833 4195 1159 4265 cxspoliatos
1201 4195 1494 4265 adjudieia
1520 4201 1741 4268 vocari,
1781 4203 1923 4271 quod
1970 4206 2117 4260 omni
2154 4216 2157 4219 '

541 4284 750 4339 ratione
773 4293 943 4352 caret,
968 4302 1087 4341 cum
1122 4287 1414 4342 constituta
1437 4290 1800 4359 apostolorum
1823 4307 2118 4364 eorumque

543 4389 934 4444 successorum,
962 4386 1018 4434 et
1044 4388 1309 4451 praecepta
1340 4380 1744 4451 imperatorum,
1768 4398 1831 4439 ac
1855 4386 2118 4441 constitu-

542 4469 716 4526 tiones
746 4469 922 4544 legum
952 4472 1181 4544 idipsum
1205 4473 1548 4544 prohibeant,
1568 4484 1625 4532 et
1646 4478 1951 4547 apostolicae
1973 4480 2117 4537 sedis

537 4563 831 4619 auctoritas
872 4563 1101 4635 idipsum
1136 4565 1251 4620 fieri
1282 4575 1446 4622 vetet.
1481 4565 1815 4640 Praeceptum
1852 4578 1935 4631 est
1962 4586 2114 4643 ergo,

535 4652 588 4711 in
616 4653 857 4724 antiquis
887 4656 1128 4721 statutis,
1162 4655 1446 4726 episcopos
1464 4654 1664 4726 ejectos
1691 4668 1852 4730 atque
1879 4661 1992 4716 suis
2031 4676 2117 4716 re—

535 4743 637 4799 bus
657 4743 985 4813 exspoliatos
1010 4744 1065 4799 in
1097 4744 1350 4801 Ecclesiis
1380 4747 1610 4818 propriis
1638 4749 1827 4821 recipi,
1857 4760 1913 4806 et
1938 4752 2115 4821 primo

532 4849 628 4890 sua
658 4834 839 4889 omnia
865 4835 944 4889 eis
975 4834 1154 4901 reddi,
1207 4845 1262 4891 et
1296 4836 1510 4892 demum
1553 4854 1688 4909 quos
1716 4855 1809 4897 eos
1843 4840 1989 4911 juste
2025 4859 2117 4901 ac-

2232 2375 2386 2443 mini,
2423 2376 2564 2432 unde
2593 2384 2648 2432 et
2674 2377 2789 2447 ipse
2832 2377 2904 2433 ait
2938 2396 2950 2432 :
2985 2397 3003 2431 ι
3032 2377 3183 2436 Beati
3235 2380 3328 2451 qui
3377 2384 3797 2456 persecutionem

2231 2467 2507 2536 patiuntur
2564 2477 2784 2538 propter
2815 2469 3082 2541 justitiam
3110 2470 3325 2544 (Matth.
3371 2490 3427 2541 v,
3478 2475 3605 2546 10);
3650 2497 3670 2532 ι
3723 2479 3797 2535 his

2231 2557 2352 2611 fulti
2379 2556 2648 2629 suffragiis
2668 2575 2776 2614 non
2806 2560 3031 2617 multmn
3061 2562 3321 2620 debemus
3378 2566 3574 2624 timere
3618 2584 3798 2640 oppro-

2231 2646 2404 2703 brium
2420 2650 2717 2718 huminum,
2733 2668 2907 2723 neque
2923 2667 3108 2710 eorum
3125 2657 3632 2726 exprobrationibus
3646 2664 3794 2730 vinci,

2229 2740 2484 2811 quoniam
2514 2743 2617 2799 hoc
2642 2744 2797 2800 nobis
2830 2744 3256 2816 Dominus'jubet
3307 2763 3404 2820 per
3449 2749 3644 2807 Isaiam
3689 2770 3797 2825 pre

2232 2833 2448 2902 phetam
2485 2834 2667 2890 dicens
2699 2855 2712 2889 :
2743 2835 2937 2893 Audite
2959 2853 3046 2894 me
3073 2840 3165 2909 qui
3194 2840 3347 2897 scitis
3375 2841 3663 2912 judicium,
3712 2861 3797 2917 po-

2231 2923 2386 2992 pulus
2414 2939 2567 2981 meus
2596 2926 2650 2981 in
2685 2943 2914 2997 quorum
2937 2932 3188 2987 cordibus
3207 2932 3293 2988 lex
3315 2948 3436 2989 mea
3461 2944 3570 2991 est.
3634 2936 3794 2995 Nolite

2233 3014 2420 3097 timere
2455 3017 2803 3086 opprobrium
2824 3018 3118 3085 hominum,
3143 3030 3199 3076 et
3223 3022 3588 3094 blasphemias
3622 3042 3793 3084 eorum

2230 3122 2297 3161 ne
2322 3107 2582 3176 timeatis,
2607 3111 3015 3168 considerantes
3042 3114 3186 3183 quod
3216 3115 3271 3169 in
3306 3116 3517 3186 psalmo
3545 3120 3793 3190 scriptum

2233 3209 2317 3255 est
2343 3219 2356 3256 :
2389 3221 2406 3254 ι
2430 3202 2621 3259 Nonne
2648 3204 2790 3259 Deus
2815 3205 3042 3275 requirit
3064 3205 3186 3267 iSta.
3209 3206 3324 3276 ipse
3348 3210 3493 3264 enim
3516 3214 3669 3269 novit
3686 3214 3792 3268 als-

2226 3293 2444 3351 condita
2501 3294 2681 3351 cordis
2726 3292 2898 3366 (Paul.
2944 3311 3095 3360 xuii,
3129 3296 3241 3367 2‘2),
3270 3317 3290 3351 ι
3346 3307 3402 3354 et
3454 3302 3791 3373 cogitationes

2228 3384 2415 3439 talium
2447 3384 2724 3440 hominum
2750 3385 3004 3455 quoniam
3029 3402 3177 3443 vanae
3197 3398 3353 3461 sunt;
3388 3410 3407 3442 ι
3450 3390 3603 3449 Vana
3632 3404 3789 3449 autem

2225 3474 2389 3530 locuti
2410 3485 2537 3531 sunt
2561 3476 2929 3548 unusquisque
2953 3479 3018 3533 ad
3040 3480 3344 3549 proximum
3356 3496 3538 3551 suum,
3554 3482 3698 3539 labia
3718 3484 3792 3540 do-

2224 3564 2338 3622 losa
2368 3566 2422 3621 in
2449 3568 2613 3623 corde
2634 3577 2687 3623 et
2708 3570 2871 3626 corde
2893 3569 3060 3626 locuti
3089 3580 3218 3627 sunt
3246 3572 3411 3627 mala.
3463 3572 3577 3631 Sed
3604 3577 3792 3648 disper-

2223 3657 2313 3712 det
2333 3659 2476 3716 Deus
2504 3660 2752 3726 universa
2775 3661 2918 3718 labia
2967 3663 3150 3721 dolosa
3176 3674 3232 3721 et
3254 3665 3492 3737 linguam
3540 3671 3788 3743 magnilo-

2221 3765 2403 3819 quam.
2435 3750 2538 3817 Qui
2567 3752 2822 3809 dixerunt
2843 3754 2984 3811 labia
3030 3765 3217 3812 nostra
3244 3773 3272 3812 η
3295 3758 3452 3815 nobis
3479 3770 3650 3829 sunt,
3687 3764 3791 3834 quis

2222 3851 2406 3899 noster
2433 3846 2688 3901 Dominus
2706 3855 2791 3902 est
2822 3846 2993 3918 (Psal.
3037 3863 3115 3915 ιι,
3166 3847 3202 3905 ὅ
3231 3849 3279 3904 5‘
3307 3850 3331 3905 Ἰ
3365 3869 3385 3902 ι
3412 3850 3551 3907 Nam
3601 3856 3648 3910 si
3692 3857 3789 3911 haec

2221 3932 2275 3987 in
2304 3935 2563 3990 memoria
2587 3937 2904 4003 retinerent,
2930 3938 3150 3996 minime
3207 3950 3276 3997 ad
3331 3949 3543 3998 tantam
3595 3947 3791 4014 prosili-

2221 4033 2342 4079 rent
2370 4024 2739 4095 iniquitatem.
2768 4026 2887 4084 Non
2909 4030 3055 4088 enim
3081 4031 3348 4100 probabili
3370 4042 3426 4089 et
3451 4044 3685 4104 paterna
3708 4037 3790 4092 do-

2219 4117 2395 4171 ctrina
2423 4118 2527 4173 hoc
2548 4117 2777 4185 faciunt,
2806 4121 2899 4176 sed
2932 4129 2990 4176 ut
3030 4135 3182 4176 suam
3208 4135 3500 4181 exerceant
3530 4128 3586 4182 in
3616 4143 3789 4183 servos

2218 4205 2314 4262 Dei
2339 4207 2653 4263 vindictam.
2688 4207 2965 4280 Scriptum
2992 4228 3226 4282 namque
3237 4222 3351 4269 est:
3375 4232 3394 4266 ι
3415 4215 3517 4271 Via
3537 4210 3789 4273 stulti're—

2218 4308 2302 4352 cta
2319 4299 2372 4353 in
2390 4298 2560 4355 oculis
2577 4298 2692 4369 ejus
2712 4298 2891 4372 (Prov.
2916 4302 3186 4375 101,15)!»
3212 4305 3280 4360 Et
3303 4322 3317 4336 ο
3346 4324 3365 4358 ‹
3398 4305 3541 4362 Sunt
3559 4310 3663 4363 vim
3680 4323 3789 4378 qua:

2215 4390 2470 4445 videntur
2496 4390 2698 4446 homini
2714 4390 2896 4460 justas,
2921 4394 3214 4450 novissima
3239 4404 3423 4452 autem
3468 4411 3664 4454 earum
3706 4399 3785 4454 de-

2217 4481 2417 4538 ducunt
2437 4484 2504 4538 ad
2531 4493 2760 4540 mortem
2793 4484 2974 4557 (Prov.
2999 4502 3112 4554 xw,
3135 4488 3244 4559 12).
3274 4507 3295 4542 ι
3354 4487 3465 4546 Nos
3515 4493 3665 4547 enim
3704 4492 3783 4563 qui

2215 4574 2333 4631 haec
2356 4575 2837 4647 patimur,judicio
2878 4578 2977 4635 Dei
3005 4579 3122 4636 haec
3166 4596 3453 4637 reservare
3511 4585 3780 4647 debemus.

2215 4668 2307 4736 qui
2329 4668 2515 4723 reddet
2535 4669 2821 4740 unicuique
2843 4672 3137 4727 secundum
3161 4687 3329 4743 opera
3353 4672 3491 4742 ejus.
3517 4675 3782 4744 Quietiam

2214 4772 2312 4827 per
2327 4758 2602 4815 ministros
2627 4775 2755 4816 suos
2778 4760 3242 4820 intonuitdicens:
3264 4784 3282 4817 ι
3312 4765 3439 4821 Mihi
3477 4767 3781 4831 vindictam,

2213 4862 2313 4919 ego
2342 4850 2637 4906 retribuam
2674 4850 2852 4922 (Rom.
2878 4869 2976 4918 ιιι,
3009 4854 3119 4927 19).
3157 4875 3176 4909 ι
3198 4856 3308 4912 Vos
3339 4858 3486 4912 enim
3533 4859 3592 4913 in
3649 4866 3785 4914 recta

534 4940 721 5035 (iusare
751 4925 979 4979 voluerit
998 4941 1165 5031 .aequo
1191 4928 1431 4998 periculo
1482 4929 1680 4987 facere.
1725 4931 1941 4991 Judices
1991 4952 2110 4994 esse
2137 4975 2189 5035 υ
2214 4938 2318 4995 fide
2344 4950 2397 4995 et
2417 4956 2578 5011 opere
2608 4956 2672 4997 ac
2692 4943 2828 4998 bona
2857 4925 3132 5002 voluntate
3174 4950 3475 5005 succurrite
3526 4952 3781 5016 vicissim,

533 5017 902 5122 decernentes,
928 5017 1207 5089 episcopos
1228 5031 1377 5075 recta
1400 5023 1691 5093 sapientes,
1718 5034 1775 5080 et
1817 5026 1872 5080 in
1926 5027 2112 5084 Eccle—
2137 5017 2186 5035 ν
2213 5047 2312 5089 nec
2344 5032 2537 5104 aliquis
2562 5051 2592 5089 a
2617 5036 2986 5106 supplemento
3013 5038 3198 5095 fratris
3229 5042 3515 5097 subtrahat
3548 5060 3779 5106 manum,
