3926 6504
461 428 555 484 ibi

1278 419 1569 477 APPEND.
1602 417 1693 472 AD
1731 414 1905 472 snas.
1945 414 2036 470 ix.
2068 401 2133 455 —-’
2156 413 2407 472 tsmom
2436 413 2881 473 usucuoms

3608 417 3716 474 132

461 559 590 614 ergo
612 539 886 597 doctorem
922 550 1020 609 per
1042 537 1240 605 scripta
1266 541 1505 597 accuset,
1537 544 1637 586 nec
1663 528 1765 584 nisi
1798 525 1940 584 ﬁdeli
1976 535 2033 583 et
2060 530 2106 588 Α
2136 527 2237 581 lica
2263 526 2505 582 defendit
2532 527 2795 584 Ecclesia.
2829 527 2966 583 Nulli
2995 528 3310 599 imperatori
3352 527 3443 583 vel
3474 529 3724 597 cuiquam

460 637 701 708 legitimo
731 634 822 702 qui
845 635 1007 686 etiam
1053 624 1580 698 irrcprehensibilem
1610 624 1777 677 vitam
1806 635 1871 677 ac
1909 635 2040 676 con-

461 726 820 784 versationem
856 723 1015 778 ducat
1041 717 1364 782 accusatori,
1391 714 1735 787 respondeat,
1776 712 1902 784 quia
1955 712 2040 766 in-

460 820 679 890 dignum
715 824 798 872 est
828 823 888 869 ut
917 814 1105 869 doctor
1134 809 1301 867 stulto
1324 816 1379 864 et
1416 807 1635 864 indocto
1654 814 1817 876 atque
1856 818 2041 874 repre-

459 907 796 964 hensibiliter
820 903 1020 960 viventi
1046 901 1368 974 respondeat
1383 899 1535 972 juxta
1562 898 1845 955 stultitiam
1863 909 2040 962 suam,

458 1000 673 1053 dicente
731 995 1050 1067 Scriptura:
1101 1012 1119 1045 ι
1156 990 1270 1048 Non
1311 988 1644 1060 respondeas
1686 985 1855 1043 stulto
1885 983 2039 1054 juxta

458 1086 739 1142 stultitiam
768 1098 919 1141 suam
947 1083 1130 1156 (Prov.
1158 1097 1307 1160 xxvi,
1329 1080 1384 1152 ὁ)
1408 1096 1422 1146 ;
1451 1097 1470 1133 ι
1504 1093 1611 1134 non
1636 1077 1775 1133 bene
1793 1073 1927 1130 vivit
1950 1072 2041 1143 qui

458 1195 564 1234 non
601 1182 750 1233 recte
790 1175 983 1232 credit.
1024 1173 1168 1228 Nihil
1207 1170 1330 1226 mali
1361 1169 1474 1224 vult
1514 1169 1606 1240 qui
1631 1166 1805 1223 ﬁdelis
1837 1171 1942 1221 est.
1983 1161 2040 1218 Si

457 1272 581 1341 quis
610 1270 782 1326 ﬁdelis
796 1279 899 1334 est,
924 1269 1102 1323 videat
1129 1281 1194 1320 ne
1211 1263 1342 1320 falsa
1362 1262 1632 1333 loquatur,
1672 1265 1765 1313 aut
1785 1257 2040 1326 cuiquam

459 1364 683 1419 insidias
714 1371 900 1434 ponat.
942 1360 1142 1416 Fidelis
1178 1359 1341 1414 homo
1380 1368 1597 1425 semper
1636 1350 1864 1407 ﬁdeliter
1908 1347 2040 1418 agit,

458 1455 568 1525 30
588 1466 642 1509 ct
667 1452 903 1509 inﬁdelis
929 1451 1121 1508 callide
1151 1449 1461 1515 insidiatur,
1487 1455 1648 1516 atque
1675 1442 1859 1499 ﬁdeles
1881 1451 1936 1494 et
1958 1436 2045 1509 pie

465 1559 528 1597 ac
553 1543 698 1613 juste
735 1543 979 1597 viventes
1011 1539 1238 1610 perdere
1261 1538 1474 1601 nititur,
1512 1534 1640 1605 quia
1671 1531 1864 1589 similis
1893 1528 2043 1584 simi-

462 1635 567 1689 lem
598 1633 696 1688 sibi
726 1633 940 1704 qumrit.
973 1630 1210 1686 lnﬁdelis
1238 1630 1404 1685 homo
1428 1634 1677 1683 mortuus
1705 1630 1792 1679 est
1835 1621 1888 1676 in
1927 1633 2044 1675 cor-

456 1740 588 1797 pore
617 1724 851 1781 vivente.
877 1723 944 1779 Et
971 1731 1158 1779 contra
1181 1734 1458 1778 sermones
1489 1717 1658 1774 ﬁdelis
1687 1712 1922 1772 hominis
1944 1709 2028 1765 vi-

462 1826 568 1870 tam
590 1815 904 1870 custodiunt
943 1815 1272 1870 auditorum.
1303 1813 1594 1869 Doctorem
1631 1809 1777 1865 enim
1809 1804 2042 1863 catholi-

2144 620 2403 692 pietatem
2429 620 2753 675 custodienti
2778 660 2794 685 ,
2826 620 2955 675 licet
2987 619 3193 691 aliquid
3232 630 3425 675 contra
3465 619 3720 674 mandata

2144 710 2323 768 divina
2347 726 2697 782 praesumere.
2739 711 3002 783 lnjustum
3032 727 3164 783 ergo
3182 710 3474 782 judicium,
3505 720 3564 766 et
3587 709 3727 766 (1ὶίῐί-

2144 804 2281 860 nitio
2322 801 2521 872 injusta
2550 804 2701 875 regio
2741 814 2887 861 metu
2919 813 3013 859 aut
3038 802 3212 874 jussu,
3243 814 3338 861 aut
3364 805 3731 877 cujuscunque

2143 894 2383 965 episcopi
2412 905 2507 949 aut
2547 895 2788 965 potentis
2822 911 2853 950 a
2901 896 3172 968 judicibus
3199 896 3449 953 ordinata
3475 893 3565 952 vel
3608 903 3731 950 acta

2144 999 2250 1040 non
2276 984 2473 1050 valeat,
2512 984 2718 1043 homini
2756 986 3008 1057 religioso
3044 1002 3238 1058 parum
3272 1000 3396 1043 esse
3434 986 3597 1043 debet
3624 984 3731 1040 ini-

2145 1080 2382 1136 micitias
2409 1079 2639 1135 aliorum
2670 1095 2778 1137 non
2808 1096 3088 1148 exercere,
3111 1080 3199 1138 vel
3228 1095 3334 1136 non
3366 1093 3567 1150 augere
3592 1077 3734 1134 male

2144 1169 2435 1242 loquendo,
2464 1173 2566 1228 nisi
2587 1174 2751 1229 etiam
2786 1189 2881 1231 eas
2910 1175 3257 1245 exstinguere
3285 1174 3424 1230 bene
3457 1171 3734 1243 loquendo

2145 1263 2427 1319 studuerit.
2459 1263 2645 1320 Melior
2686 1273 2773 1322 est
2798 1266 2850 1321 in
2881 1266 3036 1321 malis
3082 1264 3243 1322 factis
3273 1263 3489 1320 humilis
3516 1261 3736 1319 confes-

2144 1354 2227 1409 sio
2250 1369 2412 1425 quam
2433 1355 2486 1409 in
2512 1354 2668 1411 bonis
2701 1357 2932 1427 superba
2960 1355 3229 1428 gloriatio.
3255 1353 3457 1413 Omnes
3480 1368 3617 1409 vero
3639 1352 3732 1423 qui

2144 1451 2329 1499 amant
2350 1444 2515 1499 vitam
2539 1444 2775 1512 beatam,
2800 1445 3007 1501 malunt
3029 1460 3151 1501 eam
3180 1443 3595 1515 tranquillitatis
3628 1455 3739 1497 suae

2145 1540 2201 1589 et
2225 1531 2453 1601 iustitia:
2499 1542 2646 1589 statu
2679 1547 2900 1590 currere
2939 1549 3103 1605 quam
3136 1542 3444 1589 nostrorum
3474 1537 3734 1601 peccato-

2144 1640 2263 1681 rum
2298 1627 2470 1697 ptenis
2501 1625 2784 1683 ultricibus
2820 1626 3157 1695 interpolari.
3191 1626 3398 1682 Memor
3441 1624 3593 1680 enim
3618 1637 3743 1678 sum

2143 1733 2232 1774 me
2276 1718 2378 1773 sub
2412 1718 2555 1774 illius
2595 1719 2814 1774 nomine
2858 1718 3113 1775 Ecclesiae
3163 1716 3487 1787 praesidere,
3515 1712 3681 1782 cujus
3712 1726 3742 1765 a

2143 1808 2370 1864 Domino
2394 1807 2521 1864 Jesu
2547 1807 2764 1865 Christo
2786 1816 2871 1866 est
2898 1808 3197 1880 gloriﬁcata
3223 1804 3522 1869 confessio,
3551 1812 3616 1860 et
3650 1817 3740 1857 cu-

459 1921 603 1970 cnm,
659 1914 714 1960 ct
760 1905 1031 1977 praecipue
1078 1904 1281 1960 domini
1328 1904 1692 1967 sacerdotem,
1723 1900 1870 1955 sicut
1897 1895 2047 1952 nullo
2078 1882 2124 1942 Β
2146 1898 2236 1970 jus
2266 1899 2400 1956 ﬁdes
2432 1914 2623 1956 omnes
2658 1914 2875 1971 semper
2902 1899 3133 1955 destruit
3156 1912 3391 1954 errores.
3431 1895 3501 1950 Et
3527 1891 3737 1949 intelli-

456 2012 643 2053 errore
667 1997 956 2068 implicari,
985 1996 1057 2051 ita
1081 1996 1223 2051 nulla
1249 2003 1467 2066 oportet
1489 1992 1913 2053 machinatione,
1938 1999 2034 2045 aut

466 2087 763 2157 cupiditate
790 2085 999 2152 violari,
1030 2086 1245 2142 dicente
1265 2086 1467 2156 quippe
1489 2084 1769 2155 Scriptura
1792 2089 1979 2137 sancta
2010 2100 2025 2136 :

466 2200 482 2229 ι
518 2178 646 2233 Post
675 2176 1143 2247 concupiscentias
1176 2187 1294 2233 tuas
1332 2192 1438 2231 non
1467 2190 1590 2241 eas,
1617 2182 1673 2230 et
1704 2189 1734 2229 a
1763 2173 2040 2229 voluntate

462 2280 547 2323 tua
621 2274 867 2323 avertere
931 2265 1121 2336 (Eccli.
1179 2282 1345 2332 xvm,
1401 2265 1527 2337 30);
1566 2284 1586 2318 ι
1645 2264 1827 2319 multis
1879 2263 2040 2334 hujus

461 2358 643 2412 mundi
702 2356 1000 2421 illecebris,
1066 2355 1253 2411 multis
1297 2354 1627 2410 vanitatibus
1677 2354 2038 2408 resistendum

456 2459 541 2503 est
570 2456 627 2501 ut
651 2462 793 2502 verte
821 2446 1168 2502 centinentia:
1194 2445 1508 2502 obtineatur
1534 2445 1842 2515 integritas.
1869 2444 2036 2513 Cujus

456 2540 629 2608 prima
661 2548 745 2594 est
767 2538 918 2593 labes
945 2538 1217 2609 superbia,
1246 2536 1457 2592 initium
1488 2538 1952 2609 transgressionis,
1983 2545 2041 2595 et

457 2631 609 2701 origo
637 2629 866 2700 peccati,
883 2630 1139 2701 quoniam
1168 2642 1322 2685 mens
1349 2637 1539 2699 sponte
1566 2629 1718 2684 avida
1737 2621 1841 2685 nec.
1863 2628 2035 2685 absti-

461 2733 590 2774 nere
619 2719 880 2777 novitnec
907 2720 1092 2792 pietati
1122 2721 1377 2778 adhibere
1401 2735 1716 2777 consensus.
1736 2717 1926 2776 Nullus
1941 2723 2035 2777 bo-

457 2826 651 2866 norum
717 2811 995 2867 inimicum
1054 2813 1214 2869 habet
1251 2813 1353 2869 nisi
1386 2811 1609 2867 malum.
1640 2811 1741 2881 Qui
1779 2812 1899 2870 ideo
1919 2828 2041 2871 csse

458 2901 819 2971 permittitur,
852 2910 911 2957 ut
948 2911 1041 2957 aut
1066 2902 1387 2973 corrigatur,
1417 2912 1510 2958 aut
1540 2919 1637 2975 per
1669 2906 1843 2976 ipsum
1869 2907 2046 2964 bonus

450 3002 794 3049 exerceatur.
809 2993 1080 3065 Quidquid
1099 3008 1227 3067 ergo
1250 2995 1725 3065 irreprehensibile
1749 3007 1830 3052 est
1858 2999 2047 3053 catho-

2157 2007 2225 2060 κο
2267 1990 2428 2046 aliter
2473 1990 2608 2045 mihi
2650 2006 2757 2047 non
2798 1989 2963 2047 licere
2998 2004 3162 2060 quam
3192 1998 3252 2043 ut
3282 2001 3473 2043 omnes
3506 1992 3745 2041 conatus

2147 2097 2299 2139 meos
2325 2083 2374 2139 ei
2402 2098 2582 2139 causa:
2607 2083 2659 2139 in
2676 2098 2780 2151 qua
2805 2082 3130 2138 universalis
3147 2081 3400 2137 Ecclesia:
3427 2078 3579 2136 salus
3600 2076 3748 2133 infc-

2146 2182 2341 2240 statur,
2372 2173 2697 2245 impendam.
2729 2172 2903 2244 Spero
2947 2184 3126 2228 autem
3158 2172 3467 2228 adfuturam
3521 2167 3743 2224 miseri-

2147 2257 2389 2319 cordiam
2431 2264 2522 2319 Dei
2553 2264 2696 2334 quod
2731 2275 3059 2334 cooperante
3106 2263 3225 2333 ejus
3252 2260 3541 2317 clementia
3558 2257 3749 2314 omnis

2148 2356 2376 2427 pestifer
2396 2358 2618 2415 morbus
2645 2359 2764 2430 ipso
2795 2359 3031 2430 pellente
3057 2358 3352 2414 auferatur.
3386 2358 3453 2412 Et
3477 2352 3753 2426 quidquid

2159 2447 2279 2518 ipso
2325 2448 2625 2518 inspirante
2667 2459 2829 2520 atque
2877 2448 3174 2504 auxiliante
3202 2447 3403 2519 poterit
3444 2445 3750 2502 salubriter

2146 2539 2287 2603 ﬁeri.
2331 2556 2453 2596 cum
2497 2550 2601 2597 tuae
2643 2541 2765 2598 ﬁdei
2809 2551 2865 2598 et
2888 2541 3190 2612 devotionis
3219 2541 3376 2596 laude
3404 2546 3730 2612 peragatur.

2142 2630 2397 2700 quoniam
2423 2647 2512 2687 res
2535 2647 2724 2687 omnes
2752 2631 2910 2687 aliter
2938 2610 3207 2686 tutaz'esse
3223 2645 3327 2685 non
3351 2610 3597 2701 possunt,
3615 2628 3729 2684 nisi

2142 2734 2266 2789 qua:
2298 2720 2365 2776 ad
2389 2721 2552 2776 divini
2582 2721 2823 2777 muneris
2861 2720 3176 2776 famulatum
3225 2720 3514 2791 pertinent,
3548 2732 3743 2774 sacer-

2143 2810 2337 2866 dotalis
2379 2811 2633 2869 defendat
2674 2812 2988 2887 auctoritas.
3024 2812 3157 2867 Data
3200 2827 3255 2867 ιι
3294 2809 3483 2866 Kalen.
3511 2809 3749 2866 Decem-

2143 2900 2278 2966 bris,
2309 2903 2547 2959 Antonio
2575 2912 2630 2957 et
2657 2903 2968 2959 Alexandro
2991 2901 3333 2959 consulibus.

1113 3207 1450 3268 EPISTOLA
1490 3208 1693 3267 PAPIE
1732 3211 2010 3270 CALIXTl
2042 3213 2137 3270 AD
2172 3213 2409 3272 ΟΜΝεὸ
2446 3213 2722 3272 GALLIE
2772 3212 3149 3273 EPISCOPOS

712 3356 751 3379 κ

1177 3370 1266 3432 De
1287 3369 1877 3450 conspirationibus
1900 3376 1957 3433 et
1977 3369 2243 3451 reliquis
2272 3368 2479 3431 causis
2509 3370 2762 3434 illicitis
2788 3389 2864 3431 ne
2884 3371 3062 3452 ﬁant.

530 3538 911 3595 Dilectissimis
941 3537 1198 3595 fratribus
1221 3536 1532 3610 perGallias
1556 3538 1898 3605 constitutis,
1927 3539 2051 3595 uni-
2078 3567 2126 3631 ο
2155 3538 2398 3595 existunt
2436 3537 2796 3608 jussionibus,
2842 3537 3203 3595 severioribus
3245 3538 3596 3610 corrigantur
3627 3537 3751 3594 vin-

466 3632 639 3688 versis
674 3630 944 3701 episcopis
968 3629 1264 3687 Caunus.

534 3724 897 3779 Plurimorum
936 3722 1110 3777 relatu
1147 3722 1512 3792 comperimus
1535 3763 1549 3789 ,
1582 3721 1922 3778 dilectionem
1951 3737 2045 3778 ve-

461 3826 631 3872 stram
654 3813 866 3868 fervore
881 3811 1117 3882 Spiritus
1132 3813 1304 3868 sancti
1319 3813 1394 3867 ita
1414 3812 1668 3869 Ecclesia:
1687 3812 2048 3885 gubernacula

460 3907 694 3963 ﬁrmiter
708 3913 897 3959 contra
924 3904 1154 3974 impetus
1172 3911 1358 3961 tenere
1378 3913 1434 3960 et
1454 3920 1665 3977 regere,
1686 3916 1748 3961 ut
1770 3905 2048 3977 naufragia

465 4006 562 4050 aut
595 3994 997 4065 naufragiorum
1023 3994 1353 4050 detrimenta
1385 3997 1499 4053 Deo
1526 4005 1747 4053 auctore
1775 4013 1880 4053 non
1911 4013 2039 4053 sen-

464 4089 586 4148 tiat.
617 4086 839 4142 Talibus
883 4086 1048 4157 igitur
1084 4087 1383 4159 gloriantes
1423 4090 1667 4156 indiciis,
1698 4084 1952 4163 rogamus
1977 4104 2050 4148 ne

458 4174 518 4236 in
539 4175 654 4231 illis
689 4177 938 4247 partibus
973 4189 1163 4235 contra
1190 4191 1396 4237 statuta
1428 4184 1727 4254 apostolica
1751 4184 2047 4254 quidquam

467 4269 585 4324 ﬁeri
607 4270 830 4336 sinatis;
871 4271 967 4327 sed
986 4280 1172 4328 nostra
1196 4272 1316 4329 fulti
1339 4277 1663 4331 auctoritate
1686 4276 1876 4333 nociva
1898 4292 2048 4333 com-

464 4361 675 4431 pescite
693 4401 706 4425 ,
736 4360 921 4416 illicita
947 4361 1251 4433 prohibete.
1281 4363 1761 4437 Conspirationum
1785 4382 1917 4425 vero
1937 4367 2050 4423 cri-

470 4451 617 4505 mina
675 4452 874 4508 vestris
924 4454 976 4508 in
1008 4455 1252 4525 partibus
1282 4457 1465 4529 vigere
1498 4458 1824 4524 audivimus,
1857 4467 1911 4515 et
1936 4459 2053 4529 ple-

463 4542 566 4598 ‘bes
614 4551 805 4598 contra
831 4543 1116 4615 episcopos
1145 4561 1273 4602 suos
1296 4549 1613 4619 conspirare
1641 4548 1795 4604 nobis
1819 4549 2050 4604 manda-

461 4643 584 4690 tum
633 4644 734 4690 est.
789 4634 955 4705 Cujus
998 4638 1244 4696 criminis
1285 4642 1485 4697 astutia
1525 4657 1632 4697 non
1687 4641 1860 4698 solum
1911 4642 2054 4697 inter

457 4726 806 4784 Christianos
834 4728 1213 4786 abominabilis
1231 4741 1336 4796 est,
1375 4735 1470 4788 sed
1495 4733 1659 4789 etiam
1700 4734 1842 4788 inter
1869 4733 2050 4789 ethni-

2154 3631 2335 3697 dictis,
2369 3640 2638 3700 quatenus
2663 3631 2847 3686 caeteri
2876 3632 3125 3686 timorem
3152 3630 3392 3688 habeant
3414 3631 3551 3686 talia
3596 3645 3753 3687 com-

2151 3721 2388 3788 mittere,
2414 3731 2470 3778 et
2490 3721 2632 3777 Deus
2656 3722 2889 3793 gaudeat
2906 3720 3248 3778 fraternitate
3269 3735 3335 3777 ac
3354 3704 3679 3787 concordia,
3692 3729 3753 3777 et

2151 3813 2333 3868 cuncti
2371 3822 2591 3869 sumant
2610 3812 2918 3869 severitatis
2939 3822 3103 3884 atque
3127 3812 3385 3869 bonitatis
3404 3811 3748 3883 exemplum.

2150 3901 2318 3968 Nam,
2345 3903 2433 3969 si,
2458 3904 2603 3974 quod
2651 3904 2820 3967 absit,
2858 3903 3287 3960 ecclesiasticam
3319 3903 3751 3960 sollicitudinem

2152 3993 2506 4066 vigoremque
2556 3993 2900 4066 negligimus,
2928 3994 3106 4065 perdit
3138 3993 3345 4050 desidia
3371 3994 3746 4065 disciplinam,

2148 4093 2207 4142 et
2239 4087 2522 4143 animabus
2573 4086 2809 4143 ﬁdelium
2849 4086 3092 4157 profecto
3130 4086 3432 4143 nocebitur.
3490 4084 3563 4141 lli
3616 4102 3754 4144 vero

2152 4175 2207 4230 in
2251 4176 2453 4232 nullius
2477 4176 2879 4232 accusationem
2910 4186 3036 4232 sunt
3076 4175 3393 4248 recipiendi,
3423 4190 3527 4232 nec
3556 4189 3751 4232 eorum

2155 4265 2241 4319 vel
2273 4265 2861 4322 anathematizatorum
2887 4280 2995 4322 vox
3019 4265 3115 4322 ulli
3145 4281 3343 4323 nocere
3366 4264 3454 4321 vel
3481 4280 3755 4323 accusare

2148 4369 2351 4432 potest.

2222 4452 2732 4510 Excommunicatos
2755 4468 2971 4526 quoque
2990 4470 3021 4511 a
3040 4455 3418 4512 sacerdotibus
3448 4456 3634 4513 nullus
3664 4471 3752 4513 re-

2150 4543 2321 4615 cipiat
2347 4553 2472 4600 ante
2502 4546 2787 4617 utriusque
2829 4548 2999 4616 partis
3013 4547 3215 4619 justam
3245 4548 3709 4605 exatninationem
3728 4588 3747 4614 ,

2152 4649 2255 4693 nec
2299 4651 2422 4693 cum
2467 4638 2547 4695 eis
2592 4637 2647 4694 in
2703 4638 2971 4707 oratione,
3001 4649 3097 4696 aut
3137 4640 3285 4702 cibo.
3324 4648 3419 4695 aut
3461 4649 3623 4709 potu,
3656 4648 3755 4695 aut

2156 4728 2349 4784 osculo
2390 4729 2785 4795 communicet,
2837 4744 2941 4786 nec
2981 4743 3082 4786 ave
3123 4728 3207 4785 eis
3237 4728 3405 4784 dicat.
3447 4727 3607 4796 Quia'
3627 4729 3755 4800 qui-

462 4833 584 4883 eos,
613 4828 666 4873 ct
696 4821 764 4874 ab
793 4819 996 4875 exteris
1023 4819 1231 4890 legibus
1253 4823 1544 4891 prohibita.
1572 4824 1637 4878 Et
1663 4824 1867 4878 idcirco
1895 4824 2053 4894 hujus
2152 4819 2442 4891 cunquein
2474 4819 2561 4875 his
2591 4820 2677 4876 vel
2713 4819 2770 4875 in
2813 4820 2935 4876 aliis
2965 4818 3258 4892 prohibitis
3277 4820 3514 4876 scienter
3533 4833 3757 4875 excom-

470 4910 714 4966 criminis
742 4926 866 4967 reos
891 4927 996 4967 non
1029 4912 1201 4967 solum
1221 4914 1624 4982 ecclesiasticae,
1653 4915 1746 4971 sed
1770 4916 1930 4971 etiam
1954 4930 2053 4972 sae-
2089 4977 2122 4982 _
2157 4912 2451 4969 municatis
2479 4912 2986 4977 communit-siverit,
3007 4911 3167 4982 juxta
3195 4910 3567 4982 apostolorum
3600 4911 3757 4967 insti-

461 5003 576 5057 euli
609 5005 866 5060 damnant
891 5006 1057 5076 leges,
1097 5016 1153 5061 ct
1193 5022 1297 5061 non
1327 5007 1498 5063 solum
1526 5008 1927 5079 conspirantes,
1962 5010 2055 5065 sed
2088 4977 2135 5036 θ
2164 5005 2429 5061 tutionem
2461 5012 2515 5060 et
2542 5004 2659 5075 ipse
2688 5004 2853 5061 simili
2904 5002 3452 5061 excommunicationi
3504 5002 3758 5073 subiace-

470 5092 634 5148 etiam
674 5097 1075 5153 consentientes
1124 5098 1225 5152 eis.
1274 5098 1663 5155 Antecessores
1706 5115 1838 5155 vero
1882 5100 2055 5155 nostri

472 5196 594 5236 cum
636 5182 867 5251 plurima
901 5187 1055 5241 turba
1102 5186 1502 5256 episcoporum,
1529 5188 1840 5258 quicunque
1868 5202 2057 5243 eorum

466 5272 873 5327 insaccrdotali
900 5276 1106 5331 honore
1129 5287 1257 5333 sunt
1277 5278 1461 5348 positi,
1485 5287 1573 5334 aut
1595 5279 2056 5345 existuntclerici,

474 5362 681 5417 honore
723 5377 832 5431 quo
874 5373 1100 5420 utuntur
1136 5368 1338 5425 cadere
1387 5379 1783 5441 praeceperunt.
1815 5370 2059 5428 Caeteros

468 5466 605 5506 vero
646 5455 1027 5510 communione
1056 5459 1295 5526 privari,
1332 5470 1388 5515 et
1426 5462 1494 5516 ab
1523 5461 1767 5517 Ecclesia
1810 5469 2059 5518 extorres

478 5544 593 5598 ﬁeri
616 5545 930 5615 jusserunt,
989 5563 1287 5620 onmesque
1322 5552 1481 5607 simul
1530 5552 1811 5623 utriusque
1850 5554 2061 5609 ordinis

477 5650 498 5684 \
513 5634 622 5689 iros
644 5634 871 5691 infames
886 5652 1004 5693 esse
1016 5652 1363 5707 censuerunt,
1384 5652 1438 5697 et
1455 5657 1560 5698 non
1583 5643 1753 5700 solum
1774 5643 2056 5710 facientes,

478 5724 573 5779 sed
618 5734 674 5779 et
716 5728 796 5783 eis
853 5730 1273 5788 consentientes.
1306 5733 1518 5790 Justum
1558 5746 1643 5792 est
1669 5737 1838 5803 enim,
1867 5746 1929 5791 ut
1965 5738 2059 5808 qui

476 5816 662 5871 divina
680 5828 1033 5877 contemnunt
1064 5824 1336 5889 mandata,
1366 5835 1419 5883 et
1443 5826 1814 5886 inobedicntes
1841 5837 2061 5900 patrum

2166 5096 2267 5151 bit.
2310 5096 2394 5152 Ab
2434 5097 2521 5152 his
2559 5112 2688 5169 ergo
2727 5096 2912 5153 clerici
2953 5104 3010 5151 et
3036 5094 3160 5151 laici
3197 5110 3260 5153 se
3313 5094 3630 5152 abstineant
3659 5093 3752 5165 qui

2167 5187 2353 5243 eadem
2381 5187 2493 5259 pati
2521 5187 2811 5244 noluerint.
2844 5186 3156 5244 lnﬁdelibus
3181 5199 3401 5259 quoque
3425 5184 3598 5241 nolite
3622 5200 3754 5241 con-

2159 5276 2337 5351 jungi,
2356 5293 2458 5334 nec
2479 5294 2604 5335 eum
2627 5281 2708 5336 eis
2730 5278 2892 5335 ullam
2915 5278 3388 5349 participationem
3411 5278 3637 5333 habere.
3651 5274 3755 5331 Ta-

2167 5370 2237 5424 lia
2260 5385 2391 5425 vero
2411 5379 2635 5442 agentes
2655 5385 2762 5426 non
2786 5370 3001 5435 ﬁdeles,
3029 5370 3127 5428 sed
3156 5369 3401 5426 inﬁdeles
3414 5368 3751 5442 judicantur,

2166 5464 2311 5518 unde
2340 5462 2725 5533 aitApostolus
2754 5480 2769 5518 :
2815 5483 2834 5518 ι
2869 5462 3001 5531 Quae
3026 5477 3158 5533 pars
3193 5461 3335 5519 ﬁdeli
3364 5475 3491 5518 cum
3519 5459 3747 5522 inﬁdeli.

2164 5554 2253 5626 (II
2280 5553 2405 5611 Cor.
2434 5570 2513 5621 vt,
2544 5555 2660 5627 t5),
2685 5574 2705 5608 ι
2733 5565 2829 5611 aut
2860 5569 2981 5625 qua:
3005 5552 3351 5625 participatio
3367 5551 3599 5624 justitia:
3626 5565 3747 5608 cum

2163 5648 2471 5720 iniquitate.
2491 5647 2663 5705 Nemo
2701 5663 2919 5719 quoque
2945 5646 3172 5704 alterius
3210 5643 3479 5703 terminos
3500 5651 3750 5716 usurpet,

2164 5756 2266 5799 nec
2299 5741 2523 5798 alterius
2560 5742 2952 5812 parochianum
2985 5740 3270 5812 judicare,
3302 5747 3398 5794 aut
3436 5750 3749 5794 excommu-

2163 5831 2350 5888 nicare
2376 5831 2800 5904 przesumpserit,
2827 5831 2958 5904 quia
2984 5829 3107 5888 talis
3123 5827 3406 5902 judicatio,
3426 5833 3522 5884 aut
3536 5839 3755 5882 excon-
