3908 5434
144 277 254 334 133

1357 265 1847 328 DECRETALIUM
1877 263 2276 322 COLLECTIO.

3305 266 3408 322 154

145 386 443 445 municatio
462 427 478 451 ,
505 384 588 440 vel
620 383 919 450 damnatio,
961 397 1062 438 nec
1106 392 1220 438 rata
1259 383 1362 437 crit
1387 423 1401 446 ,
1451 395 1550 436 nec
1581 379 1725 433 vires
1753 385 1800 440 Α
1829 375 2169 446 regulariter.
2193 375 2248 431 Si
2276 375 2420 432 enim
2447 390 2514 432 eo
2541 375 2776 442 vivente,
2796 376 2948 432 alteri
2973 378 3408 449 nupserit,adul-

145 484 287 538 ullas
330 481 590 544 habebit,
623 478 876 548 quoniam
910 476 1088 532 nullus
1124 477 1349 531 alterius
1385 474 1584 543 judicis
1619 472 1727 526 nisi

141 576 226 630 sui
272 573 545 629 sententia
597 571 904 636 tenebitur,
963 579 1057 624 aut
1102 567 1472 631 damnabitur,
1499 568 1639 620 unde
1674 572 1730 618 et

143 667 408 723 Dominus
510 663 783 734 loquitur,
855 663 1095 718 dicens:
1161 679 1180 712 ι
1218 660 1293 715 Ne
1362 659 1728 730 transgredia-

143 760 222 813 ris
277 756 545 812 terminos
601 756 850 825 antiquos
901 769 1036 824 quos
1092 761 1385 824 posuerunt
1420 760 1601 820 patres
1649 748 1726 803 tui

141 850 332 919 (Prov.
366 865 506 913 xxtt,
537 847 649 917 28).
684 868 702 900 υ
731 847 916 902 Nullus
949 857 1130 901 autem
1178 845 1380 916 primas
1414 844 1495 899 vel
1533 852 1727 899 metro-

140 941 415 1012 politanus
469 940 762 995 dioecesani
802 939 1101 994 Ecclesiam
1133 937 1217 992 vel
1269 937 1582 1008 parochiam
1632 943 1729 991 aut

139 1035 376 1104 aliquem
404 1034 472 1089 de
494 1033 610 1102 ejus
637 1033 889 1104 parochia
915 1039 1205 1101 przesumat
1231 1029 1724 1094 excommunicare,

137 1128 221 1182 vel
248 1126 536 1195 judicare,
563 1125 646 1180 vel
682 1124 882 1194 aliquid
912 1139 1072 1194 agere
1097 1124 1302 1193 absque
1342 1121 1458 1190 ejus
1494 1119 1724 1176 consilio

141 1219 220 1273 vel
244 1218 488 1286 judicio;
520 1217 613 1272 sed
653 1218 755 1272 hoc
788 1215 1058 1281 observet,
1086 1215 1227 1285 quod
1257 1214 1325 1268 ab
1381 1211 1638 1284 apostolis
1663 1225 1727 1265 ac

136 1308 383 1378 patribus
423 1317 480 1363 et
514 1305 998 1376 prmdecessoribus
1026 1305 1224 1360 nostris
1253 1312 1336 1360 est
1375 1313 1634 1358 statutum
1671 1311 1724 1357 et

144 1415 172 1451 a
196 1399 359 1454 nobis
383 1398 768 1454 confirmatum
793 1439 808 1462 ,
839 1397 891 1452 id
911 1406 994 1452 est
1031 1397 1075 1451 si
1101 1397 1223 1466 quis
1276 1395 1726 1466 metropolitanus

135 1490 462 1559 cpiscopus,
497 1489 603 1543 nisi
622 1489 764 1558 quod
789 1488 854 1542 ad
886 1503 1037 1542 suam
1072 1486 1412 1542 solummodo
1441 1486 1720 1556 propriam

139 1580 380 1647 pertinet
419 1579 735 1648 parochiam
776 1577 894 1634 sine
935 1577 1164 1633 consitio
1201 1592 1264 1633 ac
1309 1576 1587 1631 voluntate
1615 1590 1725 1629 om-

141 1670 286 1724 nium
318 1668 860 1739 comprovincialium
903 1668 1278 1739 episcoporum
1322 1675 1475 1721 extra
1522 1664 1725 1735 aliquid

1835 477 1946 522 tera
1970 467 2321 536 judicabitur.
2372 466 2634 522 Similiter
2661 478 2716 522 et
2749 468 2860 534 ille,
2885 469 2932 524 si
2971 468 3195 524 alteram
3216 480 3409 540 sponte

1830 559 2066 623 duxerit,
2101 557 2312 613 adulter
2334 558 2692 613 aestimabitur
2729 567 2784 614 et
2817 559 3195 614 communione
3221 561 3404 630 priva—

1828 649 1992 704 bitur.
2030 649 2087 704 Si
2135 658 2315 704 autem
2365 658 2682 718 persecutus
2727 649 2894 708 fuerit
2925 651 2979 705 in
3013 651 3287 718 Ecclesia,
3325 649 3410 707 fu-

1829 740 2081 812 giendum
2114 740 2187 794 illi
2214 748 2300 796 est
2329 741 2395 795 ad
2429 741 2656 795 alteram
2708 741 2867 811 eique
2920 744 3292 807 associandus,
3323 744 3408 798 di-

1827 841 1984 886 ccnte
2021 831 2251 885 Domino
2283 848 2298 884 :
2334 830 2390 886 Si
2429 834 2694 900 persecuti
2725 849 2822 889 vos
2863 834 3064 890 fuerint
3093 836 3144 887 in
3189 851 3294 889 una
3326 835 3408 890 ci-

1827 923 2035 986 vitate,
2084 922 2249 993 fugite
2298 922 2349 976 in
2391 922 2574 976 aliam.
2617 923 2674 978 Si
2715 933 2896 979 autem
2941 925 3196 980 utilitatis
3238 939 3404 980 causa

1827 1012 1989 1068 fuerit
2028 1013 2317 1068 mutandus
2355 1027 2462 1067 non
2494 1028 2592 1084 per
2617 1028 2675 1068 se
2702 1013 2803 1068 hoc
2842 1024 2986 1086 agat,
3014 1015 3108 1071 sed
3141 1014 3410 1072 fratribus

1827 1105 2178 1161 invitantibus
2205 1114 2262 1160 et
2285 1107 2608 1160 auctoritate
2637 1107 2797 1178 hujus
2822 1115 3022 1162 sancte
3049 1108 3194 1163 sedis
3221 1107 3406 1172 faciat,

1825 1211 1931 1251 nou
1953 1196 2188 1252 ambitus
2211 1210 2406 1261 causa,
2440 1197 2534 1252 sed
2572 1197 2838 1252 utilitatis.

1893 1288 2334 1359 Conjunctiones
2365 1298 2544 1344 autem
2573 1291 3096 1359 consanguineorum
3132 1290 3248 1345 fieri
3280 1304 3406 1362 pro-

1826 1381 2041 1445 bibette,
2063 1383 2402 1452 quando‘ltas
2423 1391 2480 1437 et
2506 1383 2700 1437 divina:
2725 1391 2780 1438 et
2805 1383 2986 1438 saeculi
3017 1383 3308 1453 prohibent
3334 1382 3410 1436 le-

1824 1488 1936 1542 ges.
1969 1471 2138 1543 Leges
2174 1487 2304 1544 ergo
2338 1472 2535 1528 divinae
2565 1474 2967 1544 luec‘agentes,
2996 1482 3052 1529 et
3077 1489 3172 1530 eos
3205 1474 3299 1543 qui
3335 1489 3406 1530 ex

1823 1565 1926 1626 eis,
1955 1564 2245 1634 prodeunt,
2268 1579 2374 1619 non
2399 1564 2572 1620 solum
2601 1563 2824 1634 ejiciunt
2841 1605 2857 1630 ,
2893 1566 2988 1622 sed
3015 1574 3072 1622 et
3092 1565 3410 1622 maledictos

1825 1654 2116 1724 appellant.
2158 1653 2330 1727 Leges
2367 1669 2499 1727 ergo
2536 1656 2717 1711 szrculi
2751 1657 2978 1712 infames
3009 1657 3146 1713 tales
3176 1665 3406 1724 vocant,

142 1775 305 1830 agere
338 1761 660 1824 tentaverit,
707 1760 907 1829 gradus
945 1760 1026 1815 sui
1059 1759 1300 1830 periculo
1319 1758 1640 1830 suhjacebit,
1669 1765 1724 1813 et

1832 1759 1881 1802 et
1905 1748 1973 1801 ab
2001 1747 2314 1802 haereditate
2347 1748 2632 1818 repellunt.
2680 1748 2790 1805 Nos
2827 1765 2958 1806 vero
2987 1760 3283 1820 sequentes
3309 1765 3410 1822 pa-

137 1851 280 1920 quod
310 1851 512 1921 egerit,
546 1851 761 1906 irritum
790 1852 1055 1907 habeatur
1079 1861 1131 1906 et
1154 1867 1405 1908 vacuum.
1432 1851 1539 1906 Sed
1566 1849 1724 1920 quid-

142 1943 267 2011 quid
293 1943 363 1999 de
383 1943 796 2014 provincialium
827 1944 1268 2015 coepiscoporum
1300 1943 1478 1999 causis
1507 1957 1725 1997 eorum-

137 2049 248 2104 que
299 2035 658 2092 ecclesiarum
694 2044 750 2091 et
777 2035 1126 2102 clericorum,
1175 2045 1336 2107 atque
1382 2034 1722 2090 saecularium

141 2127 558 2183 necessitatibus
585 2143 745 2200 agere
762 2168 777 2193 ,
803 2137 896 2182 aut
928 2129 1212 2200 diSponere
1229 2169 1244 2194 ,
1269 2143 1490 2184 necesse
1523 2127 1722 2191 fuerit,

147 2218 250 2272 hoc
295 2233 422 2273 cum
474 2220 716 2272 omnium
765 2233 1034 2274 consensu
1077 2218 1488 2289 provincialium
1533 2224 1725 2288 agatur

133 2309 475 2380 pontificum,
501 2326 600 2365 nec
622 2310 802 2379 aliquo
815 2311 1202 2365 dominationis
1227 2309 1391 2375 fastu,
1413 2310 1505 2365 sed
1527 2307 1724 2364 humil-

146 2396 273 2449 lima
295 2406 351 2450 et
373 2397 627 2451 concordi
645 2396 1135 2462 administratione,
1163 2397 1304 2452 sicut
1329 2395 1591 2450 Dominus
1613 2394 1720 2448 ait:

135 2485 258 2541 Non
289 2487 409 2542 veni
445 2487 767 2554 ministrari,
797 2488 891 2543 sed
927 2487 1270 2553 ministrare;
1311 2496 1367 2541 et
1402 2485 1530 2540 alibi
1565 2501 1580 2537 :
1619 2483 1721 2552 Qui

127 2575 400 2645 majorem
439 2577 693 2630 virtutem
714 2617 729 2640 ,
759 2577 865 2632 erit
899 2577 1147 2631 minister
1163 2585 1344 2631 vester
1368 2615 1383 2639 ,
1411 2583 1467 2629 et
1492 2573 1720 2643 reliqua.

144 2669 419 2724 Similiter
444 2669 545 2739 ipsi
570 2669 1053 2740 comprovinciales
1083 2669 1456 2740 cpiscopicum
1477 2667 1557 2724 eis
1589 2681 1720 2722 con-

133 2759 262 2814 silio
295 2759 427 2831 (nisi
452 2769 714 2829 quantum
749 2760 814 2813 ad
839 2760 1087 2831 pr0prias
1121 2761 1357 2830 pertinet
1409 2754 1719 2830 parochias)

137 2859 306 2921 agant
372 2849 526 2918 juxta
578 2858 890 2906 sanctorum
961 2853 1257 2906 constituta
1324 2860 1566 2922 patrum,
1625 2848 1718 2918 qui

141 2942 400 3010 quamvis
432 2941 613 3011 aliquo
643 2951 942 3012 temporum
972 2942 1258 2997 intervallo
1284 2957 1383 2996 nos
1409 2950 1720 2996 antecesse-

133 3032 264 3095 rint,
284 3031 357 3085 ab
375 3047 485 3086 uno
503 3041 682 3086 tamen
706 3033 1004 3102 eodemque
1023 3033 1278 3102 puritatis
1304 3031 1450 3088 fonte
1474 3031 1720 3087 veritatis

131 3129 187 3173 et
211 3121 340 3176 fidei
369 3121 553 3176 lumen
578 3122 898 3187 hauserunt,
921 3132 978 3177 et
999 3125 1188 3178 eodem
1212 3123 1540 3178 illustratore
1560 3131 1614 3176 et
1645 3121 1722 3176 di-

132 3224 349 3269 rectore
377 3213 592 3283 spiritu,
620 3214 874 3270 Ecclesia:
913 3216 1005 3270 Dei
1049 3216 1470 3271 stabilimentum
1513 3223 1570 3270 ct
1611 3228 1724 3267 om-

135 3307 290 3360 nium
335 3307 772 3361 Christianorum
816 3322 1159 3362 communem
1209 3307 1540 3376 quzesieruut
1581 3305 1728 3359 utili-

137 3405 328 3458 tatem,
354 3404 414 3450 ut
457 3412 567 3451 uno
601 3398 817 3463 animo,
865 3415 973 3454 uno
1013 3415 1109 3453 ore
1149 3398 1492 3453 concorditer
1534 3407 1723 3454 sancta

133 3489 473 3559 glorificetur
501 3490 816 3546 Trinitasin
849 3493 1066 3547 saecula.

215 3580 414 3636 Nullus
441 3581 671 3652 primas,
702 3582 882 3638 nullus
925 3584 1392 3655 ntetropolitanus,
1444 3581 1726 3652 nullusque

133 3672 477 3743 reliquorum
529 3673 903 3744 episc0porum
956 3675 1178 3730 alterius
1225 3677 1384 3730 adeat
1428 3675 1723 3738 civitatem,

133 3772 234 3817 aut
261 3763 330 3817 ad
358 3764 757 3833 possessionem
787 3765 1009 3820 accedat
1037 3781 1156 3835 qua:
1183 3767 1248 3820 ad
1270 3779 1394 3820 eum
1421 3780 1526 3820 non
1557 3764 1724 3834 perti-

136 3863 250 3917 net,
277 3863 335 3909 et
358 3853 577 3909 alterius
591 3855 829 3925 episcopi
850 3864 932 3910 est
952 3856 1220 3926 parochiae
1236 3871 1397 3926 super
1408 3855 1724 3924 cujusquam

135 3947 512 4017 dispositione,
531 3948 633 4003 nisi
651 3958 872 4002 vocatus
905 3949 973 4003 ab
993 3963 1058 4004 eo
1084 3947 1234 4016 cujus
1246 3947 1387 4017 juris
1400 3963 1519 4004 esse
1540 3948 1726 4017 digno-

133 4039 342 4099 scitur.
367 4038 627 4108 quidquid
649 4037 720 4092 ibi
737 4039 1008 4110 disponat,
1030 4038 1114 4092 vel
1135 4039 1367 4102 ordinet,
1385 4046 1479 4092 aut
1499 4038 1726 4108 judicct,

134 4132 176 4184 si
212 4132 300 4185 sui
352 4131 555 4198 gradus
593 4132 797 4186 honore
827 4131 990 4202 potiri
1023 4131 1273 4186 voluerit.
1309 4129 1364 4184 Si
1399 4129 1556 4184 aliter
1583 4145 1726 4200 prae-

135 4221 461 4292 sumpserit,
476 4221 841 4276 damnabitur.
867 4221 934 4276 Et
954 4237 1058 4276 non
1081 4221 1252 4276 solum
1278 4221 1385 4284 ille,
1416 4220 1509 4276 sed
1529 4235 1730 4290 coope-

137 4324 357 4368 ratores
381 4320 546 4382 atque
572 4313 1002 4378 consentientes,
1027 4312 1153 4382 quia
1173 4311 1617 4374 sicutordinatio,
1653 4310 1726 4364 ita

137 4406 223 4460 eis
249 4414 308 4460 et
328 4403 684 4474 judicatio,ct
701 4405 929 4460 aliarqu
961 4421 1140 4460 rerum
1167 4405 1448 4476 dispositio
1472 4401 1759 4473 prohibe-7

143 4507 252 4552 tur.
269 4497 412 4552 Nam
441 4498 532 4568 qui
559 4498 814 4553 ordinare
829 4514 933 4552 non
949 4499 1170 4568 poterit,
1187 4498 1418 4569 qualiter
1427 4497 1728 4568 iudicabit?

143 4588 470 4644 Nullatenus
491 4589 843 4659 proculdubio
857 4586 1227 4657 judicabitaut
1243 4591 1488 4662 judicare
1509 4589 1727 4660 poterit,

143 4684 406 4754 quoniam
428 4684 568 4739 sicut
590 4683 816 4739 alterius
831 4697 987 4746 uxor,
1005 4697 1107 4738 nec
1127 4683 1420 4738 adulterari
1438 4683 1506 4737 ab
1529 4681 1728 4752 aliquo,

146 4774 230 4829 vel
271 4773 526 4844 judicari,
578 4782 671 4829 aut
700 4771 940 4842 disponi,
969 4774 1071 4829 nisi
1103 4789 1132 4828 a
1159 4775 1378 4845 proprio
1407 4774 1524 4829 viro
1552 4789 1618 4830 eo
1654 4773 1736 4827 vi-

147 4872 311 4918 vente
352 4863 699 4933 permittitur,
751 4863 834 4918 sic
873 4877 973 4918 nec
1009 4879 1148 4919 uxor
1181 4863 1419 4935 episcopi
1457 4879 1576 4934 quae
1619 4878 1736 4935 ejus

150 4954 395 5010 Ecclesia
425 4954 508 5008 vel
532 4956 792 5024 parochia
825 4953 1196 5010 indubitanter
1220 4955 1557 5027 intelligitur,
1579 4973 1643 5012 eo
1668 4955 1743 5009 vi-

152 5059 312 5101 vente
349 5048 554 5117 absque
595 5047 714 5118 ejus
749 5045 957 5116 judicio
1002 5059 1058 5102 et
1104 5047 1378 5104 voluntate
1408 5048 1563 5105 alteri
1592 5049 1739 5117 judi-

157 5139 270 5193 cari
331 5137 416 5193 vel
469 5139 714 5209 disponi,
767 5145 863 5191 aut
891 5137 1004 5207 ejus
1052 5140 1340 5197 concubitu
1398 5142 1527 5208 frui,
1558 5144 1610 5197 id
1662 5151 1746 5196 est

157 5231 524 5296 ordinatione,
569 5233 892 5287 nullatenus
922 5232 1264 5297 conceditur,
1312 5233 1454 5288 unde
1501 5233 1741 5303 aitApo-

160 5321 324 5377 stolus
353 5339 366 5374 :
395 5321 618 5392 Alligata
645 5329 736 5378 est
764 5332 904 5374 uxor
934 5319 1032 5392 legi
1063 5323 1300 5391 quandiu
1326 5325 1412 5378 vir
1447 5322 1562 5391 ejus
1588 5323 1739 5387 vivit,

166 5428 220 5434 -_
265 5429 380 5434 ____-
423 5411 560 5434 1-0.--
584 5425 646 5434 _._
735 5410 911 5434 ,ΑΙηιιι
941 5423 1011 5434 Α-.
1038 5430 1051 5434 -
1090 5413 1202 5434 1---
1234 5416 1282 5434 __'
1324 5416 1336 5427 ο
1395 5413 1450 5434 ﬁ!
1478 5432 1484 5434 _
1518 5416 1662 5434 ον.--
1695 5420 1740 5434 ,ι

1395 5413 1450 5434 τις
1478 5432 1484 5434 .
1518 5416 1593 5434 ⁸1⁸.

1830 1849 1939 1895 tres
1962 1849 2199 1905 nostros,
2230 1848 2281 1894 et
2311 1854 2499 1894 eorum
2525 1841 2766 1912 vestigiis
2795 1841 3139 1909 inhaerentes,
3183 1842 3410 1898 infamia

1827 1945 1922 1987 eos
1950 1941 2203 1986 notamus
2222 1973 2237 1997 ,
2272 1941 2327 1986 et
2369 1931 2595 1988 infames
2622 1947 2743 1988 esse
2770 1947 3085 1997 censemus,
3111 1935 3239 2004 quia
3270 1935 3413 1990 infa-

1828 2023 1951 2077 mia:
1981 2021 2208 2077 maculis
2234 2031 2360 2078 sunt
2386 2023 2613 2092 aspersi.
2645 2021 2756 2079 Nec
2776 2036 2874 2079 eos
2896 2024 3044 2080 viros
3072 2024 3157 2078 vel
3186 2039 3406 2082 accusa-

1830 2123 1974 2169 tores
1999 2129 2135 2184 quos
2161 2113 2306 2184 leges
2333 2114 2515 2169 saeculi
2546 2115 2797 2185 rejiciunt
2826 2117 3103 2187 suscipere
3127 2118 3408 2174 debemus.

1826 2205 1960 2273 Quis
1994 2206 2136 2260 enim
2166 2206 2380 2260 dubitat
2417 2206 2562 2277 leges
2590 2207 2855 2263 humanas
2889 2207 3086 2264 rationi
3120 2217 3177 2264 et
3238 2209 3413 2265 hone—

1826 2297 1955 2351 stati
1979 2310 2085 2352 nou
2111 2305 2473 2367 repugnantes
2498 2312 2621 2354 esse
2649 2287 3087 2368 amplectendas?
3109 2300 3411 2370 praesertim

1825 2387 1916 2443 ubi
1946 2387 2031 2442 vel
2061 2387 2286 2457 publica:
2311 2388 2601 2443 consulunt
2627 2389 2868 2458 utilitati,
2902 2390 2988 2447 vel
3022 2392 3411 2449 ecclesiastica:

1825 2479 2103 2551 dignitatis
2131 2478 2510 2536 auctoritatem
2533 2479 2843 2546 defendunt,
2869 2497 2934 2538 ac
2953 2498 3052 2553 pro
3080 2484 3411 2541 adminiculo

1827 2570 2083 2626 tuentur?
2112 2570 2218 2626 Eos
2243 2579 2422 2626 autem
2453 2573 2886 2643 consanguineos
2913 2575 3170 2642 diximus,
3199 2589 3337 2646 quos
3356 2586 3414 2632 et

1827 2661 2022 2716 divina:
2045 2661 2453 2732 imperatorum,
2483 2678 2548 2719 ac
2578 2663 2970 2731 Romanorum,
3002 2674 3166 2736 atque
3189 2665 3410 2722 Graeco-

1825 2765 1944 2804 rum
1980 2750 2126 2822 leges
2154 2753 2586 2824 cousanguineos
2611 2752 2902 2824 appellant,
2926 2763 2984 2810 et
3013 2755 3066 2810 in
3096 2755 3412 2812 haereditate

1825 2843 2154 2913 suscipiunt,
2187 2859 2286 2899 nec
2307 2843 2568 2914 repellere
2589 2857 2835 2920 possunt.
2869 2845 3076 2900 Talium
3103 2847 3248 2902 enim
3272 2862 3412 2902 con-

1817 2935 2150 3005 juncttones,
2182 2951 2282 2991 nec
2311 2936 2564 3006 legitimae
2593 2947 2742 3003 sunt,
2783 2952 2884 2994 nec
2913 2953 3136 2994 manere
3159 2951 3409 3009 possunt,
3443 2963 3447 2966 -

1826 3029 1919 3082 sed
1943 3037 2068 3082 sunt
2095 3029 2432 3100 repellendae,
2456 3039 2510 3084 et
2529 3030 2571 3084 si
2587 3043 2707 3100 qua:
2731 3046 2864 3086 ausu
2891 3034 3178 3087 temerario
3191 3041 3411 3088 tentata:

1751 3101 1794 3164 (ἶ
1825 3118 1966 3183 sint,
2019 3121 2342 3175 auctoritate
2387 3122 2679 3190 apostolica
2729 3123 3099 3179 rcscindenda:
3157 3125 3406 3180 veniunt.

1827 3209 2085 3280 Quisquis
2129 3224 2261 3280 ergo
2292 3211 2382 3280 qui
2423 3227 2529 3265 non
2567 3222 2651 3267 est
2677 3212 2912 3281 legitime
2939 3213 3296 3283 conjunctus,
3324 3216 3410 3270 vel

1828 3305 2032 3372 absque
2047 3304 2212 3358 dotali
2237 3305 2414 3370 titulo,
2437 3321 2502 3360 ac
2523 3307 2897 3362 benedictione
2925 3307 3222 3362 sacerdotis
3276 3323 3414 3362 con-

1827 3404 1935 3450 stat
1950 3395 2251 3464 copulatus,
2276 3396 2585 3451 sacerdotes
2609 3396 2693 3452 vel
2708 3397 2956 3468 legitime
2970 3395 3286 3463 conjunctos
3305 3399 3416 3452 cri-

1827 3490 2045 3553 minari,
2069 3490 2151 3544 vel
2181 3489 2232 3545 in
2259 3506 2355 3545 eos
2381 3491 2659 3547 testificari
2686 3491 2908 3547 minime
2928 3501 3124 3562 potest,
3153 3493 3410 3562 quoniam

1832 3580 2010 3635 omnis
2041 3582 2234 3636 incesti
2265 3582 2474 3638 macula
2502 3583 2737 3653 pollutus
2769 3582 2986 3640 infamis
3025 3593 3109 3639 est
3129 3625 3145 3649 ,
3175 3594 3231 3639 et
3259 3599 3417 3641 accu-

1830 3688 1953 3728 sare
1993 3674 2331 3743 supradictus
2372 3690 2479 3730 non
2526 3676 2884 3746 permittitur;
2921 3691 3030 3732 non
3072 3677 3244 3731 solum
3280 3691 3415 3749 ergo

1831 3763 1886 3818 hi
1929 3765 2206 3835 rejiciendi
2235 3774 2394 3830 sunt,
2422 3775 2477 3821 et
2507 3766 2740 3823 infames
2769 3766 3109 3834 efficiuntur,
3129 3769 3222 3824 sed
3249 3770 3416 3825 etiam

1829 3869 2016 3910 omnes
2042 3855 2122 3909 eis
2135 3857 2553 3912 consentientes.
2582 3856 2842 3912 Similiter
2872 3857 2940 3912 de
2966 3861 3304 3929 raptoribus,
3330 3861 3417 3915 vel

1839 3949 1920 4003 eis
1951 3947 2042 4017 qui
2076 3947 2318 4003 seniores
2359 3949 2625 4017 impetunt
2653 3949 2768 4004 fieri
2794 3964 3101 4006 censemus.
3135 3951 3246 4007 Hos
3280 3967 3414 4022 ergo

1830 4039 2012 4094 saeculi
2031 4038 2174 4107 leges
2189 4037 2540 4102 interficiunt,
2569 4039 2662 4094 sed
2680 4055 2778 4094 nos
2795 4041 3152 4096 misereordia
3172 4057 3419 4113 praeeun-

1830 4136 1882 4186 te
1902 4130 2000 4184 sub
2016 4128 2250 4182 iufatuiae
2266 4138 2388 4183 nota
2405 4129 2470 4182 ad
2486 4131 2856 4198 paenitentiam
2895 4132 3205 4202 recipimus,
3238 4133 3414 4203 ipsam

1830 4235 2046 4292 quoque
2071 4220 2346 4274 infamiam
2370 4237 2475 4291 qua
2492 4231 2616 4276 sunt
2643 4222 2874 4291 aspersi,
2902 4223 3084 4280 delere
3100 4240 3204 4279 non
3227 4241 3414 4296 possu-

1833 4328 1975 4377 mus,
1990 4311 2085 4366 sed
2105 4311 2314 4364 animas
2325 4326 2512 4366 eorum
2528 4326 2625 4380 per
2639 4311 3014 4382 paenitentiam
3038 4314 3329 4383 publicam,
3362 4323 3419 4371 et

1833 4402 2090 4458 Ecclesia:
2127 4401 2554 4457 satisfactionem
2595 4416 2789 4456 sanare
2829 4403 3108 4473 cupimus,
3137 4405 3262 4473 quia
3300 4419 3419 4460 ma-

1835 4495 2032 4550 nifesta
2050 4502 2271 4564 peccata
2328 4508 2434 4548 non
2488 4503 2614 4548 sunt
2648 4494 2860 4549 occulta
2897 4496 3240 4550 correctione
3287 4511 3420 4566 pur-

1836 4587 2031 4659 ganda.
2071 4585 2272 4641 Omnes
2306 4601 2435 4656 ergo
2466 4587 2555 4654 qui
2601 4587 2654 4640 in
2689 4596 2836 4640 recta
2861 4586 2965 4640 fide
2996 4583 3230 4655 snspecii
3271 4596 3418 4654 sunt,

1840 4681 1893 4734 in
1927 4679 2273 4734 accusatione
2316 4679 2657 4733 sacerdotum
2688 4686 2743 4731 et
2782 4693 2968 4732 eorum
2994 4694 3155 4748 super
3184 4695 3417 4747 quorum

1842 4773 1948 4851 fide
1982 4788 2088 4828 non
2115 4771 2424 4834 haesitatur,
2459 4771 2680 4825 minime
2721 4769 3066 4838 recipiantur,
3103 4779 3158 4824 et
3185 4771 3238 4824 in
3271 4774 3426 4828 testi-

1845 4865 2026 4920 monio
2048 4866 2286 4920 humano
2307 4863 2455 4919 dubii
2471 4863 2798 4920 habeantur.
2823 4861 3093 4918 lnfirmari
3118 4877 3248 4934 ergo
3270 4882 3430 4936 opor.

1844 4969 1920 5012 tet
1945 4972 2134 5012 eorum
2162 4971 2348 5011 vocem
2380 4955 2446 5010 de
2475 4969 2709 5026 quorum
2736 4951 2842 5008 fide
2865 4952 3166 5021 dubitatur,
3212 4973 3314 5013 nec
3347 4962 3429 5016 eis

1843 5051 2061 5105 omnino
2090 5064 2210 5104 esse
2243 5047 2571 5104 credendum
2607 5046 2698 5116 qui
2728 5055 2931 5100 rectam
2964 5047 3122 5104 ﬁdem
3157 5049 3426 5118 ignorant.

1846 5138 2206 5206 Quaerendum
2234 5151 2318 5194 est
2343 5152 2474 5207 ergo
2513 5139 2581 5206 in_
2594 5135 2801 5206 judicio
2821 5177 2834 5200 ,
2860 5138 3016 5208 cujus
3045 5139 3116 5194 sit
3140 5153 3431 5194 conversa-

1849 5229 2011 5285 tionis
2051 5241 2105 5286 et
2143 5231 2263 5285 fidei
2307 5232 2352 5285 is
2382 5228 2473 5297 qui
2515 5234 2766 5288 accusat,
2799 5236 2857 5281 et
2898 5229 2944 5282 is
2981 5231 3073 5300 qui
3123 5239 3429 5292 accusatur,

1851 5321 2104 5388 quoniam
2119 5321 2171 5374 hi
2189 5320 2277 5388 qui
2302 5335 2405 5373 non
2420 5328 2548 5371 sunt
2572 5325 2734 5372 rectae
2759 5317 3187 5374 conversationis
3205 5331 3269 5369 ac
3287 5315 3434 5381 fidei,

1936 5425 2158 5434 η---..---...
2185 5410 2289 5434 ..ξιι-
2319 5417 2394 5434 η’..
2422 5407 2745 5434 ann..nn|.:l:n
2776 5422 2880 5434 -ιΛιι
2910 5411 3296 5434 ..Α-...ξιοιιηιιι-
3317 5421 3398 5434 m-
