3926 6446
497 428 599 484 135

1338 427 1627 486 APPEND.
1662 426 1754 483 AD
1783 426 1959 485 sae.
1987 424 2080 483 tx.
2108 382 2176 469 -ὲ
2213 428 2461 489 tsmont
2491 431 2933 492 MERCATORIS

3660 437 3766 493 £36

420 579 431 593 ι
490 552 1161 619 personae‘accusatorum,
1193 559 1313 614 quae
1342 544 1461 600 sine
1485 545 1686 614 scripto
1712 543 1948 611 difﬁcile,
1976 558 2073 614 per
2100 548 2154 607 Α
2180 547 2473 615 credimus,
2502 559 2735 606 testante
2780 550 3006 607 Domino
3032 566 3128 620 per
3155 549 3470 622 prophetam
3498 567 3511 604 :
3560 570 3578 602 ι
3615 549 3765 607 Nun-

504 645 770 714 scriptum
793 651 977 697 autem
1002 655 1279 711 nunquam
1302 641 1655 711 recipiantur,
1681 639 1807 709 quia
1831 654 1926 709 per
1946 637 2075 693 scri-

489 743 704 804 pturam
749 733 927 789 nullus
944 745 1208 789 accusare
1228 730 1314 787 vel
1341 730 1585 786 accusari
1611 737 1804 800 potest,
1829 726 1922 783 sed
1949 742 2076 797 pro—

489 828 608 897 pria
637 840 768 882 voce
785 833 838 881 et
852 833 1122 897 praesente
1130 838 1197 879 eo
1210 838 1372 894 quem
1385 836 1640 879 accusare
1654 820 1903 885 voluerit,
1919 835 2073 875 suam

490 918 726 989 quisque
771 924 897 988 agat
947 914 1375 979 accusationem,
1413 928 1516 969 nec
1549 912 1776 983 absente
1817 925 1883 966 eo
1909 925 2071 982 quem

486 1025 745 1067 accusare
794 1008 1057 1076 voluerit,
1109 1007 1419 1078 quicunque
1461 1012 1750 1060 accusator
1793 1003 2069 1058 credatur.

490 1102 758 1159 Similiter
779 1110 943 1157 testes
964 1115 1063 1170 per
1084 1113 1463 1170 quamcunque
1485 1096 1809 1167 scripturam
1826 1094 2071 1149 testimo-

483 1197 634 1251 nium
674 1209 781 1250 non
818 1191 1136 1265 proferant,
1182 1191 1277 1246 sed
1312 1197 1607 1261 praesentes
1639 1187 1706 1241 de
1732 1186 1817 1241 his
1843 1199 1963 1256 qua:
1990 1184 2073 1238 vi-

483 1290 679 1344 derunt
716 1299 771 1344 et
817 1294 1108 1352 noverunt,
1138 1284 1406 1339 veraciter
1453 1280 1819 1337 testimonium
1860 1279 2067 1335 dicant.

481 1380 594 1437 Nec
623 1382 689 1437 de
718 1380 840 1435 aliis
870 1378 1055 1435 causis
1084 1377 1169 1433 vel
1200 1375 1434 1449 negotiis
1467 1374 1651 1430 dicant
1678 1371 2065 1436 testimonium,

480 1470 587 1525 nisi
613 1470 680 1524 de
710 1469 798 1523 his
819 1483 940 1538 quae
964 1469 1064 1523 sub
1092 1465 1379 1539 praesentia
1403 1478 1591 1519 eorum
1646 1471 1766 1519 aeta
1818 1476 1938 1518 esse
1970 1477 2066 1518 no-

486 1568 731 1618 scuntur.
752 1561 1114 1616 Accusatores
1134 1574 1266 1615 vero
1289 1556 1673 1626 consanguinei
1695 1557 1954 1611 adversus
1965 1571 2063 1611 ex-

485 1648 705 1710 traneos
736 1653 1105 1709 testimonium
1134 1666 1241 1707 non
1268 1651 1478 1715 dicant,
1506 1663 1608 1705 nec
1641 1647 1943 1703 familiares
1979 1646 2062 1702 vel

480 1744 547 1800 de
581 1745 742 1800 domo
790 1744 1148 1813 prodeuntes,
1196 1743 1301 1798 sed
1344 1740 1393 1796 si
1446 1739 1761 1806 voluerint,
1815 1747 1873 1794 et
1929 1738 2065 1793 invi-

476 1848 595 1889 cem
620 1833 1058 1898 consenserint,
1101 1832 1245 1887 inter
1282 1846 1342 1887 se
1385 1840 1639 1901 parentes
1684 1829 2059 1885 tantummodo

2177 639 2306 707 quid
2340 640 2429 710 qui
2461 642 2606 697 cadit
2635 658 2738 698 non
2764 644 2982 715 adjiciet
3015 653 3074 698 ut
3102 651 3367 714 resurgat,
3392 653 3448 697 et
3486 644 3577 715 qui
3607 659 3768 700 aver-

2177 744 2269 784 sus
2286 738 2391 796 est,
2410 747 2515 787 non
2531 735 2870 789 revertetur?
2893 735 3027 807 (Jer.
3051 751 3169 798 vttt,
3191 735 3270 806 4.)
3293 755 3313 788 ι
3334 735 3399 789 Ει
3420 735 3545 792 alibi
3570 754 3583 789 :
3603 736 3762 803 Nolo,

2176 822 2351 894 inquit
2396 823 2671 892 Dominus,
2715 837 2942 882 mortem
2976 827 3297 898 peccatoris,
3328 828 3422 881 sed
3454 836 3512 883 ut
3536 842 3767 882 conver-

2177 924 2322 971 tatur
2348 926 2403 972 et
2424 918 2588 972 vivat.
2614 918 2681 972 Et
2703 920 2959 990 propheta
2987 920 3154 974 David
3179 919 3549 990 pteuitentiam
3574 934 3764 990 agens,

2174 1006 2347 1060 dixit:
2388 1025 2407 1058 ι
2449 1006 2632 1063 Redde
2670 1010 2802 1064 mihi
2851 1009 3092 1065 laetitiam
3136 1011 3392 1065 salutaris
3440 1011 3536 1075 tui,
3570 1021 3626 1065 et
3651 1012 3767 1082 spi-

2174 1097 2278 1152 ritu
2332 1100 2615 1171 principali
2665 1102 2926 1158 coufirma
2975 1120 3061 1159 me
3088 1103 3261 1176 (Psal.
3311 1122 3364 1171 ι,
3416 1106 3526 1176 lt).
3568 1124 3587 1158 ι
3642 1107 3768 1175 ipse

2173 1203 2407 1259 namque
2432 1200 2554 1261 post
2587 1194 2961 1262 pmnitentiam
3002 1204 3058 1249 et
3080 1196 3213 1253 alios
3236 1197 3441 1262 docuit,
3470 1205 3523 1252 et
3551 1197 3767 1251 sacrifi-

2172 1278 2316 1333 cium
2332 1281 2455 1336 Deo
2481 1282 2696 1349 obtulit,
2718 1284 2854 1339 dans
2878 1284 3186 1355 exemplum
3211 1285 3526 1341 doctoribus
3549 1296 3764 1341 sancta:

2169 1369 2448 1439 Ecclesiae,
2478 1374 2688 1445 si1apsi
2725 1373 2928 1430 fuerint
2950 1383 3005 1431 et
3026 1377 3345 1449 condignam
3375 1379 3763 1448 paenitentiam

2171 1460 2279 1515 Deo
2306 1454 2590 1534 gesserint,
2625 1474 2915 1535 utrumque
2944 1464 3126 1521 facere
3164 1481 3343 1536 posse.
3376 1466 3573 1521 Docuit
3608 1468 3763 1521 enim

2135 1567 2143 1579 '
2168 1555 2381 1624 quando
2402 1555 2570 1622 dixitj:
2592 1575 2611 1607 ι
2634 1555 2847 1612 Docebo
2877 1557 3091 1628 iniquos
3115 1558 3228 1612 vias
3259 1567 3399 1622 tuas,
3432 1567 3488 1613 et
3511 1558 3666 1629 impii
3690 1558 3763 1613 ad

2167 1648 2825 1720 teconvet-tentur(lbid.,
2853 1649 2962 1721 l5).
3001 1668 3020 1700 ι
3054 1650 3121 1704 Et
3145 1649 3478 1706 sacrificium
3515 1647 3625 1704 Deo
3653 1663 3763 1719 pro

2165 1751 2225 1792 se
2253 1736 2446 1792 obtulit
2486 1739 2613 1793 dum
2659 1739 2912 1794 dicebat:
2951 1759 2969 1791 ι
3013 1738 3355 1795 Sacrificium
3391 1739 3504 1794 Deo
3533 1741 3767 1809 spiritus

2164 1830 2557 1887 contribulatus
2578 1831 2663 1903 (Ib
2685 1832 2901 1904 id.,'l9).
2918 1853 2936 1886 ι
2959 1828 3162 1889 Videtis
3180 1834 3322 1888 enim
3347 1834 3609 1905 propheta
3632 1847 3762 1888 sce-

475 1921 1125 1989 testificentur,’etnon.in
1154 1921 1307 1977 alios.
1326 1920 1443 1976 Nec
1469 1928 1814 1975 accusatores
1840 1918 1945 1991 31
1976 1918 2064 1975 vel
2094 1907 2135 1966 Β
2165 1922 2274 1977 lera
2291 1936 2386 1975 sua
2403 1923 2661 1978 mundata
2684 1925 3192 1994 perpoenitcntiam,
3210 1940 3314 1979 non
3339 1924 3766 1995 dubitavitpraa-

474 2022 643 2070 testes
680 2014 918 2084 suspecti
949 2013 1305 2083 recipiantur,
1355 2010 1481 2082 quia
1530 2009 1952 2081 propinquitatis
2004 2016 2060 2065 et

473 2101 887 2167 familiaritatis,
943 2115 1010 2157 ac
1052 2100 1439 2158 dominationis
1500 2096 1716 2155 atl‘ectio
1767 2098 2056 2154 veritatem

470 2193 735 2264 impedire
784 2192 944 2258 solet,
999 2191 1419 2248 amor~carnalis
1447 2200 1503 2247 et
1540 2192 1703 2246 timor
1726 2202 1890 2262 atque
1922 2204 2055 2244 ava-

474 2276 603 2337 ri’tia
630 2281 953 2352 plerumque
978 2296 1171 2338 sensus
1196 2281 1457 2337 hebetant
1486 2281 1792 2347 .humanos,
1839 2288 1894 2336 et
1929 2296 2057 2351 per—

469 2379 688 2431 vertunt
711 2372 1015 2443 opiniones,
1045 2381 1105 2428 ut
1130 2381 1395 2443 quaestum
1426 2372 1701 2443 pietatem
1744 2380 1956 2443 putent,
2002 2379 2057 2427 et

467 2467 755 2539 pecuniam
784 2468 939 2539 quasi
988 2468 1291 2524 mercedem
1343 2466 1661 2538 prudentiaa.
1702 2467 1873 2522 Nemo
1910 2467 2056 2522 enim

465 2559 523 2615 in
553 2558 676 2615 dolo
701 2558 957 2629 loquatur
994 2559 1062 2616 ad
1085 2559 1391 2630 proximum
1422 2575 1599 2622 suum,
1646 2559 1799 2616 fovea
1836 2559 1943 2614 alta
1974 2566 2058 2614 est

466 2664 531 2706 os
551 2649 822 2714 malevoli,
855 2650 1117 2706 innocens
1143 2649 1272 2705 dum
1301 2649 1475 2705 credit
1498 2649 1675 2716 facile,
1700 2650 1808 2705 cito
1832 2648 2051 2704 labitur.

466 2739 575 2796 Sed
602 2741 704 2796 iste
731 2739 913 2811 lapsus
957 2741 1152 2811 surgit,
1192 2750 1254 2796 et
1280 2741 1667 2813 tergiversatur
1707 2741 1827 2809 suis
1848 2740 2055 2796 artibus

462 2831 852 2903 prateipitatur,
903 2830 1354 2901 undenunquam
1387 2831 1607 2887 exsiliat
1633 2840 1794 2901 atque
1826 2831 2041 2885 evadat.

465 2924 736 2982 Ponderet
786 2941 920 2998 ergo
980 2927 1355 2998 unusquisque
1404 2942 1685 2984 sermones
1759 2943 1923 2991 suos,
1997 2936 2055 2983 et

462 3018 608 3089 quod
658 3017 763 3073 sibi
819 3017 968 3088 loqui
1015 3032 1120 3073 non
1175 3018 1326 3082 vult,
1397 3018 1555 3074 alteri
1603 3033 1708 3074 non
1759 3018 2048 3088 loquatur,

446 3110 607 3166 unde
672 3111 811 3166 bene
879 3124 1036 3165 sacra
1128 3110 1206 3165 ait
1276 3094 1608 3181 Scriptura:
1674 3129 1693 3162 ι
1749 3109 1902 3177 Quod
1955 3109 2050 3164 tibi

460 3216 569 3258 non
597 3201 681 3256 vis
717 3199 859 3266 ﬁeri,
884 3200 1041 3257 alteri
1072 3217 1140 3257 ne
1170 3200 1387 3257 feceris.
1442 3221 1461 3254 ›
1489 3202 1598 3258 Nos
1625 3202 1768 3257 enim
1809 3212 2049 3272 tempore

459 3292 786 3364 indigemus,
824 3300 884 3347 ut
910 3292 1112 3363 aliquid
1156 3294 1422 3350 maturius
1450 3309 1697 3366 agamus,
1728 3310 1828 3350 nec
1844 3297 2047 3365 praeci-

456 3382 694 3453 pitemus
741 3383 968 3440 consilia
1021 3393 1077 3440 et
1103 3399 1271 3456 opera
1315 3394 1525 3451 nostra,
1575 3401 1752 3456 neque
1792 3388 2040 3444 ordinem

453 3490 883 3546 eorrutupamus.
909 3476 1015 3533 Sed
1035 3478 1082 3533 si
1103 3477 1299 3548 aliquis
1316 3476 1500 3547 lapsus
1531 3494 1850 3549 quocunque
1888 3480 2047 3536 modo

457 3566 623 3623 fuerit
649 3582 755 3623 non
781 3568 1073 3639 perdamus
1093 3584 1240 3635 eum,
1282 3570 1376 3625 sed
1406 3569 1649 3625 fraterno
1684 3570 2046 3640 corripiamus

453 3655 673 3724 affectu.
705 3660 844 3717 sicut
882 3660 961 3715 ait
994 3660 1187 3716 beatus
1214 3661 1504 3730 Apostolus
1534 3679 1548 3716 :
1612 3678 1633 3711 ι
1673 3659 1729 3716 Si
1756 3676 2037 3731 prmoccu-

452 3759 615 3820 patus
658 3750 823 3806 fuerit
866 3752 1028 3805 homo
1059 3752 1111 3805 in
1148 3750 1330 3820 aliquo
1355 3751 1574 3817 delicto,
1619 3766 1736 3815 vos,
1767 3751 1858 3820 qui
1888 3750 2048 3820 spiri-

452 3840 626 3897 tuales
646 3841 801 3905 estis,
826 3840 1075 3895 instruile
1097 3838 1403 3909 hujusmodi
1438 3840 1492 3894 in
1538 3838 1734 3910 spiritu
1776 3838 2043 3905 lenitatis,

450 3930 804 3987 considerans
827 3931 1057 4001 teipsum
1100 3946 1170 3987 ne
1212 3939 1269 3985 et
1294 3940 1349 3985 tu
1377 3930 1627 3998 tenteris,
1659 3930 1799 3986 alter
1824 3931 2049 3988 alterius

452 4033 622 4093 onera
666 4029 903 4090 portate,
941 4030 996 4077 et
1043 4022 1122 4078 sic
1182 4020 1549 4094 adimplebitis
1608 4022 1778 4094 legem
1822 4022 2046 4091 Christi,

453 4111 601 4185 (Gal.
627 4128 700 4177 vr,
728 4113 784 4177 l,
805 4112 888 4180 2.)
912 4133 930 4165 υ
962 4111 1133 4169 Porro
1173 4121 1397 4169 sanctus
1436 4113 1604 4169 David
1641 4113 1709 4170 de
1730 4114 2049 4171 criminibus

450 4199 754 4257 mortiferis
791 4202 905 4273 egit
959 4203 1356 4273 paenitentiam,
1408 4212 1464 4260 et
1509 4212 1689 4259 tamen
1734 4204 1789 4259 in
1842 4205 2048 4264 honore

446 4291 771 4361 permansit.
798 4292 998 4347 Beatus
1019 4307 1235 4362 quoque
1264 4292 1459 4348 Petrus
1481 4293 1850 4351 amarissimas
1873 4295 2050 4367 lacry-

446 4396 566 4438 mas
597 4381 736 4439 fudit
760 4384 980 4453 quando
1023 4384 1314 4440 Dominum
1368 4400 1597 4457 negasse
1622 4387 1897 4455 pmnituit,
1949 4389 2044 4444 sed

446 4478 630 4528 tamen
674 4472 955 4543 apostolus
1000 4474 1322 4544 permansit.
1360 4474 1427 4530 Et
1474 4476 1735 4532 Dominus
1778 4492 1876 4547 per
1916 4492 2045 4548 pro-

2160 2013 2410 2079 dicando,
2438 2022 2495 2068 et
2517 2012 2740 2069 Domino
2770 2014 2991 2069 libando
3014 2028 3211 2070 curare
3231 2012 3428 2069 aliena.
3455 2011 3764 2084 Lacryma-

2162 2118 2281 2174 rum
2316 2117 2446 2174 ergo
2488 2101 2681 2158 effusio
2717 2112 2896 2158 movet
2938 2103 3104 2158 animi
3147 2104 3478 2174 passionem.
3512 2102 3762 2158 Sa‘tisfa—

2158 2194 2339 2251 ctione
2365 2202 2549 2249 autem
2577 2194 2795 2263 impleta
2828 2196 3094 2249 avertitur
3142 2194 3357 2248 animus
3386 2193 3454 2247 ab
3481 2194 3559 2247 ira
3587 2210 3602 2257 ;
3658 2192 3761 2261 qui

2157 2286 2300 2340 enim
2332 2300 2437 2339 non
2465 2284 2697 2354 ignoscit
2724 2284 2903 2352 alteri,
2929 2284 3201 2355 quomodo
3222 2283 3323 2339 sibi
3363 2281 3755 2354 putat'subve-

2157 2375 2305 2432 niri?
2335 2373 2790 2445 Superabuudant
2814 2391 2944 2447 ergo
2988 2386 3236 2446 peccata,
3267 2376 3672 2445 superabundet
3699 2385 3763 2430 et

2156 2450 2550 2525 misericordia.
2576 2468 2843 2536 Quoniam
2865 2468 3007 2539 apud
3030 2468 3321 2524 Dominum
3351 2467 3754 2530 misericordia,

2154 2569 2210 2616 et
2235 2560 2451 2631 copiosa
2486 2560 2627 2630 apud
2654 2574 2777 2613 eum
2808 2559 3149 2629 redemptio;
3184 2572 3350 2627 penes
3387 2558 3533 2611 enim
3568 2556 3761 2612 Domi-

2154 2669 2283 2708 num
2320 2653 2561 2707 omnium
2590 2652 2922 2707 abundantia
2956 2660 3059 2715 est,
3102 2652 3229 2722 quia
3275 2651 3541 2705 Dominus
3570 2650 3752 2703 virtu-

2156 2754 2266 2797 tum
2318 2744 2435 2813 ipse
2490 2750 2575 2797 est
2628 2757 2725 2797 rex
2772 2741 2994 2813 gloriae;
3056 2742 3132 2795 ait
3191 2743 3336 2796 enim
3387 2743 3680 2812 Apostolus
3735 2760 3752 2795 :

2158 2853 2177 2884 ι
2224 2833 2425 2889 Omnes
2452 2842 2819 2903 peccaverunt
2847 2843 2902 2887 et
2929 2840 3089 2902 egent
3117 2832 3289 2903 gloria
3330 2832 3445 2898 Dei,
3463 2830 3757 2901 justiﬂcati

2153 2926 2321 2998 gratis
2340 2942 2443 2998 per
2469 2926 2701 2997 gratiam
2730 2925 2928 2996 ipsius,
2960 2939 3059 2996 per
3086 2924 3651 2995 redemptionemqnae
3665 2933 3759 2979 est

2155 3019 2206 3071 in
2245 3015 2462 3073 Christo
2496 3016 2668 3082 Jesn,
2709 3032 2871 3088 quem
2915 3016 3197 3088 proposuit
3238 3015 3383 3071 Deus
3420 3016 3752 3087 propitiato-

2153 3124 2290 3175 rem,
2328 3123 2425 3178 per
2458 3108 2620 3164 tidem
2672 3109 2726 3163 itt
2758 3108 3021 3178 sanguine
3071 3107 3240 3177 ipsius
3280 3107 3345 3160 ad
3378 3106 3754 3161 ostensionem

2145 3198 2372 3271 justitite
2401 3215 2511 3255 sua:
2533 3210 2755 3271 propter
2779 3199 3153 3255 remissionem
3198 3197 3621 3269 praecedentium
3652 3196 3754 3251 de-

2074 3273 2117 3333 C
2150 3290 2420 3357 lictorum,
2438 3290 2490 3346 in
2512 3291 2965 3347 sustentationem
2982 3289 3097 3353 Dei,
3116 3289 3181 3343 ad
3203 3289 3568 3344 ostensiouem
3590 3287 3755 3350 iusti-

2151 3382 2239 3438 tire
2259 3382 2378 3453 ejus
2401 3382 2454 3437 in
2494 3383 2597 3439 hoc
2628 3392 2888 3453 tempore,
2917 3390 2976 3436 ut
3015 3381 3087 3437 sit
3112 3379 3423 3457 ipsejustus
3451 3388 3507 3435 et
3542 3377 3747 3450 justifi-

2148 3488 2279 3530 cans
2307 3488 2430 3529 eum
2457 3475 2553 3544 qui
2584 3490 2651 3531 ex
2681 3473 2783 3529 fide
2811 3483 2895 3529 est
2940 3472 3067 3529 Jesu
3096 3472 3301 3528 Christi
3346 3473 3525 3542 (Rom.
3553 3489 3636 3536 tn.
3668 3474 3741 3527 2|

2149 3575 2197 3618 et
2223 3564 2353 3635 seq.)
2385 3584 2403 3614 ι
2431 3565 2600 3621 David
2623 3565 2764 3619 enim
2788 3564 2917 3620 dicit
2944 3580 2956 3617 :
2992 3582 3015 3615 ι
3052 3562 3204 3618 Beati
3233 3579 3464 3633 quorum
3495 3561 3751 3618 remissae

2151 3665 2276 3710 sunt
2324 3656 2656 3726 iniquitates,
2688 3665 2744 3711 et
2788 3671 3020 3726 quorum
3068 3664 3213 3711 tecta
3260 3664 3390 3710 sunt
3427 3665 3678 3726 peccata.
3724 3677 3744 3709 ι

2150 3742 2439 3800 Mundatur
2472 3759 2602 3817 ergo
2644 3745 2807 3801 homo
2837 3761 2867 3799 a
2896 3755 3141 3816 peccato,
3173 3753 3229 3800 et
3277 3746 3515 3817 resurgit
3555 3748 3747 3817 gratia

2155 3835 2250 3890 Dei
2277 3836 2478 3906 lapsus,
2514 3845 2570 3892 et
2604 3836 2658 3892 in
2694 3838 2924 3908 pristino
2951 3846 3133 3892 manet
3162 3835 3339 3893 ofilcio
3360 3836 3514 3905 juxta
3538 3841 3744 3907 praedi-

2150 3936 2267 3984 ctas
2296 3927 2671 3992 auctoritates.
2708 3928 2886 3985 videat
2930 3944 2997 3983 ne
3030 3927 3262 3999 amplius
3302 3937 3490 3999 peccet
3529 3939 3592 3982 ut
3616 3945 3746 3985 sen-

2152 4020 2321 4076 tentia
2348 4019 2622 4092 Evangelii
2646 4028 2864 4075 maneat
2905 4021 2959 4074 in
2997 4036 3083 4085 eo,
3110 4021 3245 4076 vade
3273 4028 3329 4075 et
3362 4019 3598 4090 amplius
3628 4022 3742 4078 noli

2149 4125 2407 4180 peccare;
2463 4110 2605 4164 unde
2645 4110 2721 4163 ait
2749 4109 3080 4179 Apostolus:
3139 4128 3160 4160 ι
3222 4108 3340 4164 Non
3375 4124 3505 4181 ergo
3547 4124 3743 4183 regnet

2147 4213 2428 4273 peccatum
2477 4201 2530 4255 in
2579 4208 2760 4254 vestro
2809 4200 3024 4253 mortali
3076 4215 3326 4272 corpore,
3367 4210 3428 4255 ut
3469 4202 3742 4257 obediatis

2148 4292 2601 4362 concupiscentiis
2626 4291 2781 4361 ejus;
2823 4291 2916 4346 sed
2948 4306 3124 4361 neque
3164 4292 3467 4346 exhibeatis
3492 4293 3737 4348 membra

2146 4390 2324 4436 vestra
2345 4397 2494 4436 arma
2513 4380 2812 4450 iniquitatis
2833 4390 3078 4452 peccato,
3104 4381 3196 4436 sed
3225 4381 3477 4437 exhibete
3490 4398 3588 4437 vos
3616 4393 3739 4437 tan-

2146 4485 2308 4542 quam
2337 4487 2403 4526 ex
2430 4472 2656 4526 mortuis
2684 4473 2931 4529 viventes
2978 4484 3033 4527 et
3073 4474 3320 4528 membra
3357 4483 3540 4529 vestra
3583 4491 3736 4530 arma

442 4563 662 4633 phetam
695 4564 1044 4636 peccantibus
1079 4564 1367 4635 pollicetur
1412 4566 1602 4623 dicens
1631 4585 1646 4621 :
1685 4568 1947 4625 Peccator
1984 4570 2038 4624 in
2139 4563 2362 4634 justitize
2387 4561 2516 4617 Deo.
2550 4561 2833 4618 Peccatum
2861 4564 3005 4618 enim
3037 4565 3187 4619 vobis
3214 4580 3321 4619 non
3348 4566 3733 4633 damnabitur;

446 4670 768 4725 quacunque
793 4655 884 4710 die
919 4670 1213 4712 conversus
1255 4656 1603 4726 ingemuerit,
1633 4658 1877 4713 omnium
1930 4659 2037 4715 ini-
2069 4637 2120 4697 θ
2143 4671 2251 4711 non
2282 4656 2424 4711 enim
2452 4656 2551 4710 sub
2584 4655 2701 4727 lege
2744 4657 2898 4721 estis,
2941 4656 3034 4711 sed
3072 4657 3174 4711 sub
3206 4657 3405 4727 gratia.
3439 4657 3581 4725 Quid
3606 4675 3739 4731 ergo

486 4746 712 4819 uitatum
753 4745 1026 4802 illius.non
1060 4747 1388 4802 recordabor
1416 4749 1667 4819 amplius.

517 4835 719 4891 Errant
748 4836 892 4892 enim
922 4836 1013 4906 qui
1041 4846 1250 4906 ,putant
1299 4837 1609 4893 sacerdotes
1647 4847 1768 4908 post
1798 4839 2028 4910 lapsum,

440 4929 491 4985 si
520 4930 839 5001 condignam
889 4929 1097 5000 egerint
1130 4931 1541 5000 paenitentiam,
1590 4930 1819 4989 Domino
1872 4935 2031 4990 mini-

441 5029 620 5076 strare
643 5037 749 5077 non
798 5038 957 5093 posse
1002 5033 1057 5078 et
1087 5025 1214 5080 suis
1250 5026 1543 5080 honoribus
1589 5024 1715 5091 frui,
1755 5027 1802 5082 si
1832 5028 2028 5084 bonam

436 5111 693 5183 deinceps
715 5113 883 5169 vitam
904 5115 1194 5180 duxerint,
1224 5125 1277 5169 et
1305 5130 1463 5169 suum
1511 5116 1873 5171 sacerdotium
1904 5133 2034 5173 con-

368 5261 374 5273 ,
423 5204 599 5276 .digne
622 5208 1000 5263 custodieriut.
1033 5208 1100 5262 Et
1121 5209 1222 5278 ipsi
1248 5209 1337 5277 qui
1362 5209 1464 5264 huc
1493 5218 1690 5279 putant
1719 5224 1826 5265 non
1856 5211 2033 5267 solum

422 5308 646 5365 errant,
692 5301 786 5355 sed
829 5302 997 5355 etiam
1038 5310 1229 5356 contra
1278 5300 1504 5355 traditas
1551 5300 1807 5356 Ecclesiae
1851 5301 2033 5358 claves

438 5392 795 5462 disputareet
823 5407 989 5462 agere
1020 5392 1293 5455 videntur,
1340 5390 1410 5446 de
1440 5392 1637 5462 quibus
1666 5393 1870 5447 dictum
1899 5402 1982 5449 est
2015 5412 2028 5447 :

439 5501 459 5537 ι
489 5483 836 5554 Quaecunque
882 5481 1155 5541 solvet-itis
1186 5485 1241 5538 in
1273 5491 1439 5548 terra,
1482 5491 1645 5537 erunt
1685 5482 1865 5538 soluta
1891 5492 1947 5538 et
1975 5484 2030 5540 in

430 5575 575 5631 εωιο
598 5573 814 5646 (Matth.
848 5590 1005 5639 xvttt,
1052 5574 1164 5647 18),
1224 5594 1244 5628 ι
1299 5574 1538 5645 alioquin
1590 5574 1707 5630 haec
1758 5576 2031 5631 sententia

416 5674 530 5721 .aut
552 5664 766 5722 Domini
796 5681 903 5722 non
936 5674 1041 5730 est,
1069 5674 1165 5720 aut
1189 5678 1339 5721 vera.
1366 5662 1475 5720 Nos
1502 5677 1631 5719 vero
1658 5662 2029 5720 indubitanter

419 5765 547 5811 .tam
576 5756 784 5813 domini
815 5757 1129 5814 sacerdotes
1180 5772 1345 5828 quam
1394 5755 1631 5827 reliquos
1670 5756 1861 5815 fideles
1906 5765 2029 5828 post

414 5845 654 5915 .tljgnam
725 5847 1152 5909 satisfactionem
1201 5862 1364 5920 posse
1420 5847 1597 5907 redire
1649 5851 1716 5908 ad
1787 5850 2020 5910 honores

2138 4749 2501 4819 peccabimus,
2536 4749 2789 4816 qttoniam
2830 4765 2935 4803 non
2986 4763 3173 4804 sumus
3203 4752 3303 4804 sub
3329 4750 3469 4820 lege,
3505 4752 3603 4805 sed
3634 4753 3738 4806 sub

2139 4841 2339 4914 gratia?
2351 4840 2523 4894 Absit.
2540 4838 2770 4894 Nescitis
2784 4838 3039 4909 quoniam
3055 4840 3140 4893 cui
3155 4840 3423 4895 exitihetis
3436 4854 3535 4895 vos
3546 4855 3737 4897 servos

2139 4935 2209 4989 ad
2252 4918 2633 4993 obediendum‘,
2679 4930 2822 4984 servi
2859 4929 2994 4984 estis
3039 4928 3157 4998 ejus
3201 4931 3285 4985 cui
3331 4931 3589 4998 oheditis,
3621 4934 3739 4988 sive

2137 5025 2345 5096 peccati
2386 5024 2453 5079 ad
2502 5030 2756 5086 mortem,
2789 5021 2906 5076 sive
2936 5022 3262 5076 oheditiouis
3311 5027 3378 5078 ad
3420 5021 3735 5092 justitiam?

2136 5116 2353 5172 Gratias
2382 5123 2561 5169 autem
2596 5113 2702 5167 Deo
2744 5112 2887 5182 qttod
2921 5112 3100 5167 fuistis
3138 5114 3280 5168 servi
3333 5116 3569 5184 peccati,
3596 5116 3734 5174 ohe-

2138 5208 2294 5264 distis
2326 5217 2506 5262 autem
2561 5222 2628 5262 ex
2673 5208 2838 5261 corde
2886 5206 2939 5261 in
2973 5220 3096 5260 eam
3128 5207 3356 5261 formam
3384 5207 3650 5264 doctrin-.2
3681 5211 3734 5266 in

2135 5314 2243 5369 qua
2294 5298 2476 5353 traditi
2513 5298 2662 5353 estis.
2728 5297 2964 5353 Liberali
2995 5311 3173 5354 autem
3220 5315 3251 5354 a
3297 5313 3545 5371 peccato,
3586 5305 3733 5358 servi

2136 5401 2317 5447 autem
2365 5388 2493 5446 facti
2524 5390 2655 5445 estis
2682 5387 2930 5459 justitite,
2962 5390 3259 5445 humanum
3300 5393 3421 5447 dico
3445 5392 3628 5464 (liam.
3656 5410 3729 5456 vt,

2137 5482 2209 5538 12
2243 5492 2291 5537 et
2328 5480 2473 5553 seq.)
2504 5501 2524 5535 ι
2552 5479 2721 5552 Majus
2757 5481 2902 5535 enim
2953 5489 3234 5553 peccatum
3296 5491 3383 5538 est
3435 5484 3731 5551 iudicantis

2138 5590 2301 5646 quam
2324 5576 2443 5648 ejus
2466 5576 2557 5646 qui
2580 5574 2875 5646 judicatur.
2909 5595 2927 5627 ι
2958 5575 3269 5642 Existimas,
3305 5576 3728 5648 inquitAposto-

2125 5666 2240 5735 lus,
2267 5684 2301 5724 ο
2330 5669 2513 5732 homo,
2545 5667 2721 5723 omnis
2759 5668 2851 5738 qui
2876 5667 3093 5736 judicas
3135 5682 3232 5723 eos
3276 5669 3365 5736 qui
3402 5665 3530 5721 talia
3559 5675 3725 5737 agunt

2135 5768 2190 5817 et
2219 5759 2357 5817 facis
2399 5776 2485 5828 ea,
2516 5761 2641 5831 quia
2676 5770 2730 5815 tu
2760 5759 2984 5833 effugies
3008 5759 3275 5830 judicium
3299 5760 3440 5816 Dei?
3466 5762 3550 5817 An
3590 5761 3722 5816 divi-

2136 5850 2239 5910 tias
2257 5851 2520 5910 bonitatis
2550 5851 2667 5923 ejus
2688 5861 2741 5909 et
2767 5853 3043 5924 patientiae
3066 5862 3122 5908 et
3150 5852 3578 5926 longanimitatis
3597 5869 3721 5909 con-

3894 4164 3899 4297 ί
