3926 6440
299 401 400 458 I37

1509 375 1997 473 pecuarium!
2025 409 2423 473 COLLECTIO.

3464 402 3566 458 158

300 512 540 570 temnis?
569 516 786 588 Ignoras
809 521 1062 591 quoniam
1083 524 1390 597 benignitas
1414 526 1597 598 Deijad
1620 526 1890 597 paeniten-
1914 529 1964 589 Α
1989 522 2265 594 operantis
2304 518 2526 585 malum,
2557 515 2728 573 Judaei
2776 515 3007 587 primum
3054 522 3111 570 et
3144 514 3337 572 Graeci.
3385 516 3567 572 Gloria

298 605 435 657 tiam
471 613 525 661 te
552 608 817 666 adduxit?
838 613 1144 672 Secundum
1167 616 1422 673 duritiam
1446 627 1625 674 autem
1656 626 1802 673 tuam
1828 623 1884 673 et

300 695 653 766 imposniteus
698 718 813 770 cor,
866 698 1205 765 thesaurizas
1242 710 1339 765 tibi
1387 712 1524 766 iram
1558 710 1614 766 in
1653 710 1742 766 die
1787 711 1882 766 irae

294 794 355 840 et
382 788 735 849 revelationis
750 792 879 863 justi
898 796 1089 866 judicii
1121 799 1241 866 Dei,
1264 800 1355 871 qui
1381 800 1566 857 reddet
1586 800 1882 871 unicuique

294 880 597 935 secundum
646 898 810 954 opera
856 885 995 957 ejus.
1043 887 1139 945 llis
1185 891 1402 961 quidem
1442 890 1535 961 qui
1582 891 1880 947 secundum

292 967 617 1033 patientiam
647 972 769 1029 boni
796 977 976 1047 operis
1028 978 1256 1050 gloriam
1304 989 1360 1035 et
1401 982 1687 1047 honorem,
1716 989 1773 1035 et
1799 981 1884 1036 in—

290 1060 704 1130 corruptionem
757 1069 1124 1136 quaerentibus
1188 1073 1357 1127 vitam
1415 1081 1722 1137 :eternam;
1798 1072 1884 1127 bis

291 1157 478 1203 autem
509 1153 603 1222 qui
657 1170 725 1210 ex
771 1160 1136 1227 contentione,
1175 1172 1232 1217 et
1273 1164 1364 1234 qui
1396 1178 1503 1221 non
1531 1163 1885 1234 acquiescunt

287 1240 539 1307 veritati,
565 1244 793 1301 credunt
812 1258 990 1304 autem
1021 1252 1316 1322 iniquitati,
1355 1254 1435 1308 ira
1464 1261 1521 1309 et
1546 1251 1878 1324 indignatio;

291 1333 581 1393 tribulatio
630 1347 685 1393 et
728 1342 979 1409 angustia
1022 1343 1076 1397 in
1114 1358 1340 1399 omnem
1358 1344 1598 1399 animam
1645 1341 1883 1399 hominis

1988 623 2169 671 autem
2195 622 2249 668 et
2276 613 2469 676 honor,
2502 619 2558 667 et
2587 624 2690 680 pax
2712 609 2859 664 omni
2885 608 3132 679 aperanti
3154 608 3354 663 bonum
3387 607 3564 681 (Rom.

1988 722 2049 771 tt,
2072 704 2107 760 5
2130 715 2179 759 et
2211 702 2346 776 seq.)
2381 723 2400 756 ι
2453 700 2824 764 Sententiam,
2851 698 3071 764 fratres,
3115 713 3234 769 quae
3261 674 3681 831 misericod

1988 797 2130 831 Mum
2158 803 2300 831 umor
2347 809 2451 831 nnn
2477 792 2647 831 cnlnm
2681 801 2863 831 tamam
2910 790 3004 831 emi
3032 798 3082 831 pl
3108 788 3298 831 audit-9.
3322 788 3511 831 refugit

1987 797 2131 852 diam
2158 803 2327 860 vetat,
2347 809 2451 848 non
2477 792 2648 849 solum
2681 801 2883 857 tenere,
2910 790 3004 845 sed
3032 798 3088 845 et
3108 788 3298 844 audire
3321 788 3487 860 rem

1989 888 2115 959 quia
2143 886 2321 957 potior
2341 894 2426 940 est
2454 883 2827 939 misericordia
2855 882 3109 936 omnibus
3136 882 3573 937 holocaustoma-

1991 976 2134 1032 tibus
2157 983 2213 1031 et
2234 973 2539 1030 sacrificiis.
2568 967 3057 1028 Consultis'vcstris
3084 971 3323 1026 breviter
3342 984 3571 1040 respon-

1990 1065 2211 1131 dimus,
2269 1064 2397 1133 quia
2470 1075 2757 1132 Oppressos
2816 1061 2979 1115 nimis
3035 1068 3102 1114 et
3167 1054 3572 1130 praaoccupatos

1989 1156 2109 1211 aliis
2150 1153 2370 1225 judiciis
2428 1152 2623 1207 littera:
2683 1166 2785 1206 nos
2844 1151 3113 1206 invenere.
3158 1158 3374 1205 vestrae.
3435 1148 3571 1204 Data

1988 1263 2084 1303 Vill
2184 1246 2307 1301 ldus
2405 1244 2655 1300 Octobris
2688 1283 2702 1309 ,
2798 1241 3036 1297 A’ntonio
3119 1252 3176 1296 et
3265 1239 3571 1296 Alexandro

1989 1339 2322 1397 consulibus.

313 1467 3511 1495 MM

826 1624 1464 1716 INCIPIUNT
1535 1623 2073 1715 DECRETA
2145 1623 2592 1713 URBANI
2669 1621 3044 1712 PAPIE.

1289 1828 1377 1888 De
1407 1824 1720 1888 communi
1749 1825 1880 1885 vita
1909 1830 1964 1884 et
2005 1822 2318 1884 oblatione
2357 1819 2653 1900 ﬁdelium.

1228 1990 1393 2049 (Anno
1407 1988 1521 2049 29.2,
1548 1996 1774 2052 tempore
1798 1986 1986 2038 Aurelii
2020 1984 2253 2036 Antonini
2275 1966 2629 2048 imperatoris.)

364 2247 623 2305 URBANUS
655 2244 943 2317 episcopus
990 2242 1243 2299 omnibus
1283 2240 1610 2299 Christianis
1649 2240 1706 2298 in
1755 2257 1880 2298 san-
1907 2244 1954 2305 Β
1982 2257 2050 2299 ex
2082 2240 2259 2312 pretio
2287 2256 2494 2307 eorum,
2521 2251 2800 2313 cmperunt
2819 2243 3001 2314 predia
3031 2251 3091 2298 et
3111 2258 3270 2315 agros
3291 2258 3427 2316 quos
3453 2260 3579 2303 ven-

285 2337 686 2395 etilicationem
739 2334 982 2406 spiritus,
1028 2332 1081 2387 in
1147 2332 1511 2389 obedientiam
1567 2340 1624 2388 et
1696 2347 1883 2403 asper-

283 2432 504 2485 sionem
531 2427 807 2500 sanguinis
848 2425 1060 2482 Demini
1108 2424 1277 2481 nostri
1318 2423 1445 2480 Jesu
1490 2425 1694 2481 Christi
1740 2424 1885 2481 salu-

285 2533 428 2577 tem.

368 2611 533 2666 Decet
552 2624 741 2665 omnes
766 2607 1125 2671 Christianos.
1159 2607 1487 2673 charissimi,
1532 2617 1591 2663 ut
1616 2624 1737 2663 eum
1764 2608 1886 2663 imi-

286 2712 486 2757 tentur
531 2699 687 2770 cujus
737 2716 932 2756 nomen
981 2700 1157 2770 sortiti
1203 2708 1373 2755 sunt:
1411 2719 1429 2751 ο
1467 2698 1605 2767 Quid
1635 2699 1881 2771 prodest,

285 2794 498 2847 fratres
544 2792 668 2857 mei,
714 2791 989 2861 apostolus
1017 2788 1252 2846 Jacobus
1308 2790 1404 2856 ait,
1461 2790 1504 2846 si
1552 2790 1714 2845 ﬁdem
1760 2790 1884 2861 quis

285 2884 448 2937 dicat
475 2897 534 2937 se
570 2882 790 2947 habere,
826 2896 987 2954 Opera
1011 2890 1191 2935 autem
1227 2894 1333 2936 non
1358 2881 1593 2937 habeat?
1625 2880 1765 2943 (Jac.
1806 2896 1882 2948 η,

284 2973 413 3043 εἰ.)
456 2993 476 3025 ι
504 2972 676 3028 Nolite
697 2972 881 3044 plures
903 2973 1146 3043 magistri
1171 2972 1311 3038 fieri,
1336 2972 1531 3027 fratres
1554 2971 1684 3038 mei",
1709 2972 1884 3028 scien-

284 3074 384 3119 tes
410 3065 664 3135 quouiam
692 3063 867 3133 m'ajus
882 3062 1148 3133 judicium
1176 3063 1408 3128 sumitis;
1448 3063 1501 3117 in
1527 3061 1712 3117 multis
1739 3062 1883 3116 enim

285 3152 623 3209 offendimus
641 3168 848 3210 omnes.
881 3151 984 3221 Qui
1015 3155 1233 3223 sapiens
1253 3161 1309 3207 et
1337 3151 1717 3223 disciplinatus
1744 3153 1885 3208 inter

284 3262 419 3311 vos,
447 3247 697 3301 ostendat
732 3261 798 3301 ex
828 3246 971 3301 bona
1018 3244 1437 3300 conversatione
1471 3259 1690 3315 operam
1727 3259 1881 3299 suam

289 3340 356 3395 in
380 3337 794 3393 mansuetudine
844 3337 1144 3409 sapientia).
1194 3335 1411 3391 Scimus
1433 3351 1531 3390 vos
1575 3351 1680 3389 non
1726 3336 1883 3407 igno-

293 3443 448 3495 rare,
507 3428 632 3498 quia
686 3429 947 3483 hactenus
995 3428 1103 3482 vita
1166 3427 1468 3483 communis
1521 3427 1663 3482 inter
1714 3427 1885 3482 bonos

291 3519 638 3575 Christianos
684 3519 873 3590 viguit,
915 3528 970 3574 et
1021 3519 1200 3574 adhuc
1248 3518 1418 3588 gratia
1474 3517 1570 3573 Dei
1619 3517 1782 3588 viget,
1830 3526 1887 3573 et

1987 2335 2117 2392 dere
2143 2336 2409 2403 solebant,
2456 2336 2776 2392 matricibus
2826 2337 3077 2394 ecclesiis
3123 2338 3360 2405 tradere,
3410 2348 3465 2393 et
3508 2355 3579 2396 ex

1987 2430 2295 2501 sumptibus
2343 2445 2533 2486 eorum
2580 2431 2784 2509 vivere.
2819 2431 2952 2502 Ipsae
2988 2444 3120 2486 vero
3174 2445 3261 2487 res
3288 2431 3342 2486 in
3370 2432 3576 2489 ditione

1985 2520 2320 2590 singularum
2373 2522 2783 2592 parochiarum,
2841 2521 3216 2594 episcoporum
3263 2523 3353 2594 qui
3387 2523 3575 2586 ,locum

1989 2620 2176 2667 tenent
2203 2613 2570 2682 apostolOrum
2599 2620 2776 2677 erant,
2806 2623 2861 2667 et
2914 2621 3042 2666 sunt
3091 2627 3262 2683 usque
3291 2612 3486 2678 adhuc,
3523 2624 3580 2669 et

1989 2700 2190 2758 futuris
2218 2717 2432 2773 semper
2462 2702 2659 2758 debent
2696 2718 2819 2759 esse
2864 2704 3215 2774 temporibus.
3268 2703 3337 2759 Et
3381 2705 3580 2775 quibus

1986 2794 2225 2865 episcopi
2283 2802 2339 2850 et
2384 2794 2570 2851 ﬁdeles
2632 2795 3036 2865 dispensatores
3082 2811 3271 2852 eorum
3327 2798 3580 2853 omnibus

1988 2902 2330 2944 communem
2409 2889 2577 2943 vitam
2642 2888 2839 2960 degere
2902 2888 3207 2945 volentibus
3266 2889 3580 2946 ministrare

1987 2991 2180 3037 cuncta
2213 2982 2520 3038 necessaria
2562 2983 2793 3048 debent,
2835 2992 2993 3052 prout
3037 2982 3230 3039 melius
3270 2984 3576 3054 potuerint.

1987 3078 2047 3124 ut
2073 3087 2232 3126 nemo
2262 3072 2313 3127 in
2344 3072 2424 3128 eis
2453 3086 2620 3144 egens
2642 3073 2970 3128 inveniatur.
3002 3072 3132 3142 Ipsa:
3154 3072 3302 3127 enim
3327 3086 3414 3129 res
3444 3073 3579 3129 ﬁde-

1988 3160 2119 3216 lium
2142 3160 2443 3218 oblationes
2463 3162 2821 3231 appellantur,
2849 3163 2975 3233 quia
3008 3163 3235 3219 Domino
3256 3161 3575 3218 offeruntur.

1988 3249 2105 3305 Non
2132 3266 2263 3321 ergo
2299 3252 2494 3307 debent
2523 3252 2575 3307 in
2615 3251 2736 3307 aliis
2784 3253 2973 3309 usibus
2999 3268 3162 3323 quam
3189 3253 3582 3310 ecclesiasticis

1989 3349 2039 3395 et
2072 3342 2453 3412 praedictorum
2481 3344 2915 3399 Christianorum
2950 3343 3181 3399 fratrum
3210 3344 3295 3401 vel
3334 3345 3581 3418 indigen-

1990 3432 2121 3486 tium
2146 3434 2412 3499 converti,
2433 3435 2557 3504 quia
2583 3447 2708 3490 vota
2730 3448 2855 3490 sunt
2883 3436 3140 3503 fidelium,
3168 3447 3223 3494 et
3251 3440 3427 3511 pretia
3454 3455 3580 3511 pec-

1988 3530 2254 3588 catorum,
2279 3538 2344 3578 ac
2367 3524 2690 3593 patrimonia
2740 3540 3056 3595 pauperum,
3094 3534 3259 3596 atque
3287 3529 3355 3582 ad
3381 3530 3581 3600 praedi-

296 3610 539 3665 tnaxime
567 3610 710 3664 inter
745 3625 839 3666 eos
869 3610 961 3680 qui
1008 3610 1060 3665 in
1093 3620 1243 3667 sorte
1289 3609 1500 3665 Domini
1549 3619 1675 3665 sunt
1698 3608 1884 3677 electi,
1913 3610 1958 3672 C
1989 3621 2135 3667 ctum
2193 3628 2327 3683 opus
2378 3614 2700 3684 explendum
2750 3616 2981 3671 Domino
3035 3617 3266 3672 traditae.
3322 3618 3381 3673 Si
3449 3620 3574 3690 quis

299 3700 354 3757 id
380 3709 470 3756 est
490 3699 718 3757 clericos
739 3702 886 3757 sicut
921 3702 974 3756 in
1002 3702 1228 3757 Actibus
1255 3701 1449 3774 legitur
1478 3701 1843 3772 apostolorum
1867 3718 1884 3756 :

301 3813 325 3846 ς
357 3793 715 3850 Μηιιίῑιιᾱίιιὶδ
744 3805 924 3850 autem
965 3795 1301 3851 credentium
1349 3805 1469 3851 erat
1501 3810 1790 3851 cornuum
1833 3803 1888 3848 et

299 3887 481 3942 anima
513 3903 647 3954 una;
697 3904 798 3944 nec
851 3889 1138 3960 quisquam
1183 3904 1369 3944 eorum
1402 3905 1521 3959 quae
1574 3889 1888 3960 possidebat

299 3976 504 4045 aliquid
556 3993 711 4033 suum
765 3992 884 4034 esse
936 3979 1168 4044 dicebat,
1218 3980 1312 4035 sed
1355 3988 1515 4035 erant
1562 3978 1667 4033 illis
1703 3978 1886 4033 omnia

300 4067 634 4122 communia.
687 4068 754 4123 Et
808 4069 1010 4124 virtute
1055 4084 1249 4138 magna
1303 4069 1600 4125 reddebant
1654 4069 1885 4138 apostoli

300 4158 669 4213 testimonium
725 4158 1144 4215 resurrectionis
1171 4158 1297 4214 Iesu
1344 4158 1544 4214 Christi
1573 4176 1587 4225 ;
1631 4167 1687 4214 et
1715 4157 1885 4228 gratia

298 4264 499 4319 magna
523 4258 645 4304 erat
675 4248 729 4303 in
756 4250 1009 4305 omnibus
1045 4249 1166 4306 illis.
1197 4249 1381 4320 Neque
1409 4250 1555 4305 enim
1596 4249 1884 4319 quisquam
1926 4278 1936 4285 ε

298 4355 467 4411 egens
511 4340 800 4418 eratjnter
850 4342 993 4406 illos,
1041 4349 1309 4412 quotquot
1349 4343 1492 4397 enim
1541 4356 1886 4413 possessores

300 4448 556 4503 agrorum
584 4442 677 4488 aut
706 4435 988 4489 domorum
1035 4443 1193 4488 erant
1239 4435 1536 4489 vendentcs
1585 4432 1886 4488 alferebant

300 4523 475 4593 pretia
501 4539 688 4579 eorum
715 4540 836 4595 qua:
862 4526 1165 4580 vendebant
1191 4534 1243 4581 et
1272 4524 1547 4596 ponebant
1569 4533 1696 4578 ante
1722 4525 1886 4595 pedes

302 4613 688 4684 apostolorum.
756 4615 1143 4671 Dividebantur
1213 4629 1394 4673 autem
1447 4616 1675 4688 singulis
1727 4626 1889 4686 prout

305 4707 498 4777 cuique
525 4722 662 4778 opus
688 4717 826 4763 erat.
874 4707 1073 4779 Ioseph
1125 4719 1305 4765 autem
1331 4710 1425 4780 qui
1476 4709 1887 4780 cognominatus

302 4806 384 4853 est
409 4796 688 4853 Barnabas
717 4797 787 4853 ab
833 4799 1113 4869 apostolis,
1145 4802 1287 4871 quod
1335 4808 1420 4854 est
1467 4800 1883 4869 interpretatum

298 4889 446 4945 illius
477 4890 886 4957 consolationis,
919 4891 1108 4948 levites
1146 4902 1200 4948 et
1243 4894 1461 4963 cyprius
1512 4888 1727 4964 génere,
1761 4909 1883 4949 cum

1990 3712 2195 3769 autem,
2223 3705 2367 3774 quod
2408 3705 2570 3771 absit,
2599 3720 2755 3762 secus
2785 3708 2978 3780 egerit,
3012 3709 3192 3764 videat
3234 3724 3304 3765 ne
3352 3712 3579 3767 damna-

1992 3795 2195 3849 tionem
2221 3795 2448 3850 Anania:
2472 3804 2528 3851 et
2556 3795 2803 3868 Saphirae
2851 3799 3134 3870 percipiat,
3172 3809 3228 3856 ct
3262 3817 3385 3857 reus
3411 3803 3581 3859 sacri-

1989 3883 2112 3956 legii
2144 3884 2411 3942 elliciatur
2437 3890 2578 3945 sicut
2624 3890 2698 3944 illi
2720 3890 2898 3948 effecti
2944 3902 3071 3949 sunt
3109 3895 3201 3965 qui
3241 3896 3580 3967 pretiaprat-

1988 3973 2257 4029 dictarum
2289 3991 2470 4032 rerum
2500 3976 2906 4048 fraudaverunt,
2961 3976 3029 4038 de
3056 3983 3255 4055 quibus
3299 3984 3495 4057 legitur
3523 3987 3577 4042 in

1987 4067 2262 4135 praedictis
2302 4070 2664 4139 apostolorum
2692 4072 2961 4130 Actibus:
2998 4093 3017 4127 ‹
3044 4066 3047 4069 ’
3072 4075 3169 4131 Vir
3196 4085 3319 4133 erat
3356 4078 3575 4148 quidam

1989 4155 2207 4210 nomine
2227 4156 2489 4225 Ananias,
2532 4174 2653 4215 cum
2693 4160 2926 4232 Sapbira
2967 4178 3138 4219 uxore
3185 4180 3305 4233 sua,
3333 4167 3615 4222 vendidit.

1989 4259 2200 4317 agrum,
2227 4255 2281 4303 et
2320 4248 2594 4307 fraudavit
2637 4253 2705 4308 de
2746 4255 2921 4324 pretio
2962 4255 3100 4324 agri,
3142 4257 3361 4312 conscia
3408 4274 3580 4315 uxore

1987 4351 2084 4391 sua
2109 4353 2122 4403 ;
2152 4346 2207 4391 et
2237 4337 2468 4396 all‘erens
2497 4349 2703 4410 partem
2734 4345 3045 4414 quamdam,
3074 4346 3141 4401 ad
3171 4346 3338 4417 pedes
3360 4358 3579 4420 aposto-

1986 4425 2163 4481 lorqu
2224 4429 2423 4499 posuit.
2480 4431 2625 4486 Dixit
2660 4443 2841 4493 autem
2887 4433 3083 4492 Petrus
3136 4438 3364 4494 Ananiae
3407 4458 3422 4496 :
3469 4430 3619 4497 Cur.-

1988 4519 2215 4573 tentavit
2246 4518 2493 4599 Satanas
2521 4540 2616 4579 cor
2643 4533 2791 4579 tuum
2824 4528 3040 4582 mentiri
3093 4539 3147 4585 te
3177 4529 3405 4603 Spiritui
3452 4548 3577 4589 san-
3608 4569 3612 4573 -

1986 4618 2094 4675 clo,
2122 4619 2176 4665 et
2196 4609 2450 4668 fraudare
2478 4613 2544 4668 de
2586 4616 2760 4685 pretio
2789 4619 2902 4689 agri
2926 4618 2950 4672 ?
3004 4618 3190 4676 Nonne
3208 4637 3449 4679 manens
3474 4623 3572 4700 tibi

1986 4704 2237 4757 manebat
2260 4714 2315 4760 et
2334 4708 2697 4762 venundatum
2719 4718 2838 4765 erat
2868 4711 2919 4765 in
2943 4722 3030 4767 tua
3058 4715 3370 4784 potestate?
3394 4696 3575 4783 Quare

1984 4794 2211 4861 posuisti
2248 4795 2301 4849 in
2332 4796 2492 4851 corde
2524 4808 2613 4853 tuo
2643 4799 2779 4855 hanc
2804 4817 2915 4856 rem
2935 4802 2979 4859 ?.
3006 4800 3121 4857 Non
3170 4818 3229 4858 es
3265 4804 3576 4862 hominibus

1990 4883 2269 4952 mentitus,
2294 4885 2385 4942 sed
2416 4887 2664 4943 Domino.
2706 4891 2945 4946 Audiens
2974 4902 3152 4947 autem
3182 4892 3418 4950 Ananias
3459 4895 3575 4952 haec

308 4981 531 5037 haberet
577 4996 786 5053 agrum,
844 4985 1080 5038 vendidit
1121 4957 1367 5039 illumvet
1418 4957 1599 5040 attulit
1654 4957 2175 5056 pretianVel'ba.
2211 4980 2410 5037 cecidit
2463 4992 2519 5036 et
2565 4983 2855 5054 expiravit.
2922 4984 2991 5041 Et
3047 4985 3222 5041 factus
3269 4996 3354 5043 est
3415 4987 3578 5045 timor

309 5081 429 5126 ante
471 5072 637 5142 pedes
686 5075 1048 5144 apostolorum
1108 5074 1245 5146 (Act.
1305 5092 1378 5143 tv,
1431 5078 1546 5148 52),
1612 5096 1630 5128 ι
1690 5087 1746 5131 et
1798 5093 1885 5135 rc-

309 5159 472 5231 ﬁqua.

379 5253 637 5310 Videntes
674 5270 807 5326 ergo
838 5257 1144 5314 Sacerdotes
1177 5260 1371 5314 summi
1399 5268 1453 5314 et
1491 5258 1581 5313 alii
1613 5268 1776 5328 atque
1807 5259 1888 5314 le-

315 5343 451 5409 vitte,
501 5354 559 5399 et
609 5347 802 5418 reliqui
837 5348 1019 5406 fideles
1047 5350 1167 5422 plus
1195 5351 1447 5406 utilitatis
1489 5366 1647 5422 posse
1672 5350 1884 5417 afferre,

314 5431 356 5485 si
393 5433 739 5491 haereditales
775 5447 829 5492 et
859 5454 1018 5509 agros
1040 5455 1178 5510 quos
1209 5450 1335 5495 ante
1366 5442 1687 5505 vendebant,
1714 5440 1887 5496 eccle-

316 5524 407 5580 siis
428 5527 627 5596 quibus
653 5529 1016 5598 praesidebant
1042 5532 1280 5602 episc0pi
1316 5532 1611 5596 traderent,
1645 5546 1710 5587 eo
1740 5530 1883 5601 quod

319 5628 378 5671 ex
420 5616 720 5685 sumptibus
740 5633 928 5674 eorum
960 5630 1065 5675 tam
1095 5621 1452 5691 praesentibus
1480 5636 1640 5690 quam
1688 5619 1884 5676 futuris

320 5707 641 5775 temporibus
690 5710 918 5779 plurima
968 5721 1022 5767 ct
1067 5713 1396 5783 elegantiora
1448 5722 1668 5784 possent
1720 5712 1882 5767 mini-

322 5800 483 5849 strare
513 5796 758 5853 fidelibus
783 5816 1121 5856 communem
1161 5804 1323 5857 vitam
1367 5802 1690 5860 ducentibus
1718 5817 1881 5870 quant

1990 5082 2219 5138 magnus
2264 5070 2318 5124 in
2366 5086 2556 5128 omnes
2583 5074 2676 5144 qui
2704 5075 3005 5129 audierant.
3050 5073 3346 5148 Surgentcs
3391 5088 3574 5136 autem

1983 5156 2213 5226 juvenes
2241 5174 2561 5218 amoverunt
2590 5181 2735 5231 eum,
2787 5176 2841 5221 et
2889 5166 3175 5224 ell‘erentes
3218 5169 3570 5239 sepelierunt.

1990 5249 2213 5307 Factum
2242 5261 2324 5309 est
2344 5264 2526 5311 autent
2569 5258 2722 5328 quasi
2756 5259 3009 5313 horarum
3043 5259 3201 5317 trium
3231 5265 3487 5334 Spatium,
3520 5274 3577 5322 et
3606 5288 3613 5297 ί

1988 5358 2127 5397 uxor
2162 5344 2330 5414 ipsius
2380 5348 2627 5403 nesciens
2655 5350 2797 5417 quod
2848 5348 3046 5405 factum
3096 5352 3275 5408 fuerat
3305 5354 3569 5410 introivit.

1991 5430 2343 5501 Respondens
2378 5444 2559 5490 autem
2609 5435 2805 5492 Petrus
2850 5439 2899 5493 ei
2945 5441 3081 5495 dixit
3128 5459 3139 5496 :
3196 5442 3291 5498 Dic
3343 5443 3475 5497 mibi
3526 5444 3572 5499 si

1993 5520 2128 5574 tanti
2159 5536 2348 5591 agrum
2377 5525 2737 5581 vendidistis?
2768 5526 2839 5581 At
2884 5527 2973 5583 illa
3008 5531 3163 5585 dixit.
3189 5531 3364 5586 Etiam
3408 5533 3568 5588 tanti.

1989 5609 2182 5669 Petrus
2225 5626 2401 5671 autem
2430 5618 2496 5671 ad
2528 5631 2648 5673 eam
2695 5635 2710 5674 :
2754 5620 2892 5688 Quid
2923 5623 3109 5693 utique
3140 5626 3393 5680 convenit
3419 5625 3575 5681 vobis

1988 5712 2198 5761 tentare
2252 5707 2513 5780 Spiritum
2546 5710 2756 5768 Domini
2798 5714 2994 5770 ?Ecce
3039 5717 3201 5786 pedes
3245 5732 3431 5772 eorum
3478 5720 3570 5787 qui

1986 5796 2313 5867 sepelierunt
2364 5802 2538 5860 virum
2586 5811 2735 5861 tuum
2770 5805 2840 5863 ad
2879 5806 3101 5868 ostium.
3153 5817 3203 5863 et
3242 5808 3467 5864 ell‘creut
3499 5820 3567 5863 te.
