3908 5434
480 326 586 381 159

1231 326 1523 383 ΑΡΡΕΝΙ).
1564 326 1658 382 AD
1694 326 1865 385 SIEC.
1908 324 2000 382 IX.
2042 323 2387 381 -~--lSlDORl
2426 325 2871 386 MERCATORIS

3638 328 3732 383 140

474 436 774 496 Confestim
797 437 994 494 cecidit
1020 437 1087 495 ad
1114 439 1275 509 pedes
1294 439 1430 509 ejus,
1455 449 1509 495 et
1533 440 1820 509 expiravit.
1844 438 2051 493 lntran-
2080 445 2125 499 Α
2156 434 2389 505 faciatis,
2419 436 2512 491 sed
2541 439 2884 508 sponsionem
2915 453 3078 509 quam
3119 437 3343 494 Domino
3369 436 3423 492 in
3468 436 3735 505 baptismo

479 538 562 585 tes
602 538 785 585 autem
811 529 1040 601 juvenes
1088 531 1413 586 invenerunt
1461 531 1607 585 illam
1663 541 1952 596 mortuam,
2005 538 2061 585 et

380 654 385 655 ί
477 622 791 679 extulerunt
820 629 876 677 et
899 621 1228 693 sepelierunt
1271 622 1339 677 ad
1373 622 1548 678 virum
1591 630 1771 679 suum.
1799 622 1864 677 Et
1884 620 2060 676 factus

477 721 563 767 est
608 712 773 767 timor
824 727 1052 782 magnus
1101 713 1158 769 in
1195 713 1503 771 universam
1556 713 1852 769 Ecclesiam
1905 721 1961 768 et
2003 712 2058 767 in

478 804 780 876 omnesqui
824 805 1107 861 audierant
1135 806 1251 862 hac
1279 806 1417 879 (Acr.
1457 823 1517 874 v,
1556 806 1583 861 l
1612 815 1661 861 et
1698 805 1829 879 seq).
1861 824 1880 857 ι
1911 804 2056 871 Haec,

480 896 700 962 fratres,
753 895 908 952 valde
948 896 1187 953 cavenda
1228 905 1358 953 sunt
1405 906 1461 954 et
1506 897 1765 963 timenda,
1812 896 1940 966 quia
1973 910 2062 952 res

478 986 722 1042 ecclesiae
768 1001 875 1042 non
927 987 1085 1058 quasi
1134 987 1391 1058 propriae,
1426 986 1521 1043 sed
1551 994 1610 1042 ut
1653 1000 1971 1043 communes
2008 992 2063 1040 et

481 1077 716 1134 Domino
749 1076 1121 1145 oblatm,.cum
1167 1093 1382 1134 summo
1429 1077 1622 1134 timore
1670 1092 1780 1133 non
1821 1077 1877 1133 in
1927 1075 2062 1132 alios

478 1183 641 1239 quam
670 1168 726 1222 in
782 1166 1039 1240 prmfatos
1067 1184 1198 1226 usus
1224 1177 1352 1225 sunt
1398 1169 1631 1225 ﬁdeliter
1665 1168 2061 1239 dispensanda,

477 1273 547 1314 ne
568 1259 840 1331 sacrilegii
870 1270 1083 1316 reatum
1128 1262 1409 1317 incurrant
1432 1261 1524 1332 qui
1555 1276 1649 1318 eas
1676 1261 1800 1317 inde
1844 1261 2061 1317 abstra-

477 1350 619 1405 hunt
644 1350 738 1406 ubi
772 1350 985 1406 traditae
1018 1360 1170 1418 sunt,
1206 1368 1276 1407 ne
1300 1367 1518 1422 poenam
1544 1359 1601 1405 et
1642 1361 1873 1406 mortem
1917 1350 2064 1404 Ana-

478 1442 581 1498 niae
621 1451 679 1499 et
705 1441 953 1515 Saphira:
988 1443 1297 1511 incurrant,
1331 1454 1388 1502 et
1416 1444 1581 1517 (quod
1621 1445 1774 1516 pejus
1801 1444 2065 1514 est),ana—

478 1536 661 1592 thema
690 1538 1005 1593 maranatha
1034 1538 1187 1593 ﬁant.
1223 1539 1292 1593 Et
1317 1539 1365 1595 si
1389 1555 1498 1595 non
1533 1552 1783 1609 corpore,
1817 1547 1875 1593 ut
1910 1537 2060 1593 Ana-

478 1628 601 1684 nias
620 1638 678 1685 et
724 1630 973 1701 Saphira,
1021 1632 1219 1687 mortui
1256 1633 1591 1695 ceciderunt.
1639 1633 1821 1688 anima
1852 1640 2060 1698 tamen,

478 1732 601 1788 quae
644 1719 819 1788 potior
846 1728 930 1776 est
977 1736 1226 1792 corpore,
1255 1730 1470 1778 mortua
1500 1732 1557 1779 et
1607 1723 1840 1779 alienata
1872 1740 1902 1778 a
1932 1737 2062 1779 con—

479 1814 653 1871 sortlo
676 1809 911 1866 ﬁdelium
948 1813 1129 1878 cadat,
1169 1814 1311 1869 etin
1357 1813 1683 1885 profundum
1706 1801 1950 1889 barathri
1982 1813 2060 1868 la-
2088 1792 2135 1852 Β

476 1898 657 1953 batur.
698 1898 853 1957 Unde
896 1904 1282 1960 attendendum
1309 1916 1394 1962 est
1441 1908 1693 1964 omnibus
1730 1917 1787 1964 et
1835 1906 2065 1962 ﬁdeliter

479 1991 994 2061 custodiendum,et
1035 1995 1180 2052 illius
1209 1998 1575 2068 usurpationis
1612 1998 1936 2054 contumelia
1971 1997 2067 2052 de-

476 2080 746 2151 pellenda,
797 2097 867 2138 ne
910 2085 1110 2153 praedia
1152 2087 1340 2143 usibus
1389 2088 1732 2145 decretorum
1760 2089 2064 2146 crelestium

481 2173 732 2228 dedicata
763 2190 793 2228 a
819 2175 1144 2246 quibusdam
1169 2178 1501 2236 irruentibus
1528 2191 1811 2237 vexentur.
1839 2182 1992 2249 Quod
2015 2181 2062 2239 si

479 2265 603 2334 quis
651 2262 869 2335 fecerit,
921 2276 1043 2339 post
1071 2268 1267 2326 debitae
1314 2272 1535 2328 ultionis
1562 2273 1912 2330 acrimoniam
1943 2289 2065 2344 qua:

477 2368 607 2426 erga
629 2356 918 2429 sacrilegos
948 2357 1073 2428 jure
1095 2362 1392 2431 promenda
1426 2372 1527 2429 est,
1558 2373 1814 2435 perpetua
1843 2365 2065 2422 damne-

480 2454 569 2500 tur
598 2444 840 2513 infamia,
866 2455 921 2502 et
943 2450 1151 2505 carceri
1182 2451 1429 2507 tradatur
1453 2464 1549 2509 aut
1571 2455 1763 2510 exsilio
1792 2465 2065 2527 perpetua:

476 2535 874 2606 deportationis
912 2547 1113 2606 utatur,
1146 2543 1401 2613 quoniam
1425 2542 1583 2614 juxta
1611 2544 1927 2616 Apostolum
1958 2556 2064 2602 tra-

478 2625 609 2682 dere
633 2628 1165 2700 oportethujusmodi
1187 2631 1461 2688 hominem
1486 2631 1722 2701 Satanae,
1764 2644 1824 2689 ut
1843 2635 2065 2707 spiritus

483 2714 671 2772 salvus
691 2717 767 2773 sit
796 2718 850 2773 in
877 2719 965 2774 die
995 2720 1231 2777 Domini.
1262 2722 1571 2781 Mcmoratis
1599 2742 1729 2799 ergo
1749 2737 2064 2800 augmenta-

482 2805 722 2863 tionibus
801 2822 868 2864 ac
938 2808 1175 2866 cultibus
1223 2812 1494 2869 intantum
1561 2815 1804 2872 ecclesize
1865 2817 2065 2889 quibus

477 2899 719 2970 episcopi
756 2899 1066 2971 prresident,
1114 2904 1342 2962 Domino
1382 2907 1825 2976 adminiculante,
1877 2925 2065 2967 creve-

479 3000 632 3058 runt,
661 3002 716 3047 et
740 2994 905 3050 tantis
941 2995 1181 3051 maxima
1209 3013 1337 3068 pars
1357 3014 1546 3054 earum
1574 3002 1854 3058 abundant
1876 3003 2062 3068 rebus,

481 3089 542 3134 ut
566 3080 746 3139 nullus
787 3082 861 3139 sit
888 3084 945 3140 in
974 3085 1056 3141 eis
1085 3100 1427 3144 communem
1467 3089 1675 3160 eligens
1723 3093 1890 3147 vitam
1922 3091 2064 3148 indi-

2156 524 2385 593 fecistis,
2425 526 2652 583 ﬁrmiter
2690 529 2938 595 teneatis,
2972 545 3038 584 ne
3091 529 3326 600 reprobi,
3364 528 3460 585 sed
3487 528 3737 597 condigni

2158 632 2338 673 coram
2372 633 2438 673 eo
2470 618 2837 674 inveniamini.
2885 621 2953 675 Et
2980 621 3286 692 quicunque
3308 629 3549 674 vestram
3595 634 3739 674 cum.

2156 723 2374 765 munem
2396 710 2561 766 vitam
2583 721 2888 783 susceptam
2910 714 3094 777 habet,
3114 723 3168 768 et
3200 713 3343 767 vovit
3364 727 3424 768 se
3454 710 3592 767 nihil
3623 726 3741 781 pro-

2157 801 2334 871 prium
2367 803 2590 870 habere,
2617 805 2797 860 videat
2839 820 2907 861 ne
2948 805 3392 876 pollicitationem
3423 819 3582 859 suam
3622 802 3742 857 irri-

2160 902 2268 948 tam
2296 894 2479 960 faciat,
2507 895 2601 951 sed
2619 896 2720 969 hoc
2743 897 2886 966 quod
2910 896 3137 951 Domino
3172 902 3255 952 est
3293 894 3589 964 pollicitus,
3623 891 3746 947 ﬁde

2159 982 2282 1039 liter
2313 987 2580 1041 custodiat
2611 1001 2679 1042 ne
2711 986 3141 1053 damnationem,
3183 987 3278 1042 sed
3320 986 3601 1058 pnemium
3634 983 3734 1038 sibi

2158 1077 2429 1146 acquirat,
2446 1080 2703 1149 quoniam
2727 1079 2896 1135 satius
2908 1087 2991 1135 est
3011 1095 3118 1135 non
3141 1094 3332 1137 vovere
3358 1093 3520 1148 quam
3535 1086 3747 1140 votum.

2158 1176 2322 1237 prout
2366 1170 2556 1225 melius
2611 1179 2807 1243 potest,
2858 1186 2966 1227 non
3000 1170 3282 1242 perﬁcere.
3331 1167 3566 1225 Gravius
3603 1166 3743 1221 enim

2162 1263 2456 1335 puniuntur
2481 1260 2574 1331 qui
2622 1269 2806 1316 votum
2853 1258 3119 1326 fecerunt,
3160 1269 3217 1316 et
3254 1269 3436 1314 votum
3479 1271 3590 1311 non
3625 1270 3747 1324 per-

2161 1355 2430 1420 fecerunt,
2465 1361 2559 1407 aut
2598 1352 2759 1407 ﬁdem
2797 1360 3173 1423 perceperunt,
3217 1359 3273 1407 et
3304 1352 3356 1406 in
3392 1348 3555 1404 malis
3582 1348 3749 1402 vitam

2162 1448 2438 1515 ﬁnierunt,
2474 1458 2638 1518 quam
2683 1445 2760 1502 illi
2793 1445 2888 1517 qui
2926 1447 3093 1502 vitam
3134 1446 3252 1502 sine
3296 1455 3420 1499 voto
3467 1441 3747 1505 ﬁnierunt,

2161 1544 2255 1592 aut
2299 1536 2418 1592 sine
2466 1536 2572 1591 ﬁde
2617 1534 2816 1590 mortui
2855 1543 3002 1601 sunt,
3043 1544 3099 1590 et
3126 1542 3305 1589 tamen
3350 1531 3492 1587 bona
3520 1536 3748 1601 egerunt

2161 1641 2351 1701 opera.
2382 1626 2463 1683 Ad
2524 1627 2629 1682 hoc
2656 1626 2802 1682 enim
2840 1641 3059 1683 sensum
3113 1623 3490 1681 rationabilem
3538 1630 3747 1676 natura:

2162 1731 2387 1773 munere
2422 1726 2480 1773 et
2511 1717 2761 1774 secundae
2798 1716 3099 1772 nativitatis
3123 1713 3523 1787 reparationem
3557 1724 3746 1767 susce-

2161 1808 2355 1880 pimus,
2388 1817 2448 1863 ut
2474 1808 2769 1865 secundum
2788 1807 3104 1877 Apostolum
3129 1826 3148 1861 ‹
3177 1806 3348 1878 magis
3374 1820 3496 1875 qua:
3530 1816 3747 1858 sursum

2163 1907 2291 1957 sunt
2319 1900 2613 1970 sapiamus,
2645 1915 2751 1956 non
2779 1914 2900 1969 quae
2933 1914 3096 1970 super
3116 1908 3341 1963 terram,
3371 1896 3496 1967 quia
3528 1894 3749 1964 sapien-

2164 1995 2239 2051 tia
2288 1996 2450 2068 hujus
2504 1993 2686 2050 mundi
2735 1992 2962 2049 stabilia
3016 2000 3101 2048 est
3147 1990 3287 2059 apud
3335 1986 3529 2042 Deum.
3559 2004 3583 2037 ι
3612 1982 3750 2051 Quid

2165 2102 2347 2149 autem
2392 2090 2607 2158 suadet,
2642 2087 2970 2154 charissimi,
3008 2084 3271 2157 sapientia
3323 2081 3486 2152 hujus
3540 2077 3751 2143 saculi,

2164 2183 2267 2240 nisi
2307 2182 2553 2240 nocitura
2578 2195 2845 2252 quaerere,
2872 2188 2929 2234 et
2952 2192 3137 2234 amare
3179 2176 3448 2247 peritura,
3475 2170 3753 2242 negligere

2164 2274 2446 2340 salutaria,
2482 2287 2580 2344 pro
2603 2270 2773 2327 nibilo
2796 2278 3047 2340 reputare
3071 2265 3359 2340 perpetua?
3388 2262 3750 2334 Cupiditatem

2164 2365 2526 2431 commendat,
2573 2362 2641 2417 de
2669 2377 2775 2433 qua
2813 2359 2980 2415 dicit:
3013 2376 3033 2410 ι
3070 2356 3246 2412 Radix
3289 2354 3531 2409 omnium
3586 2350 3748 2406 malo-

2164 2474 2285 2514 rum
2311 2463 2395 2514 est
2420 2453 2706 2526 cupiditas.
2738 2471 2758 2505 ι
2791 2451 2922 2520 Qua:
2951 2451 3005 2505 in
3049 2449 3237 2520 primis
3277 2448 3381 2502 hoc
3410 2445 3619 2501 malum
3649 2444 3745 2498 ha-

2163 2552 2279 2618 bet,
2309 2549 2453 2621 quod
2473 2549 2600 2605 dum
2621 2547 2820 2620 ingerit
2847 2544 3178 2609 transitoria,
3203 2540 3488 2598 abscondit
3512 2548 3745 2601 attenta;

2165 2650 2222 2699 et
2246 2642 2373 2697 dum
2401 2657 2431 2695 a
2469 2638 2603 2697 foris
2630 2639 2804 2709 posita
2846 2636 3111 2707 conspicit
3136 2635 3277 2690 intra
3307 2647 3367 2689 se
3394 2630 3627 2686 latentia
3648 2643 3748 2682 non

2165 2731 2493 2803 introspicit,
2524 2740 2581 2787 et
2607 2730 2732 2786 dum
2773 2728 2953 2784 aliena
2986 2726 3200 2798 quaerit,
3237 2722 3493 2780 sectatori
3536 2736 3640 2797 suo
3672 2733 3749 2774 se-

2164 2824 2453 2895 metipsum
2499 2822 2732 2877 alienum
2774 2819 2925 2876 facit.
2976 2818 3119 2874 Ecce
3145 2815 3290 2888 quod
3336 2813 3530 2870 suadet
3572 2809 3754 2867 saeculi

2165 2915 2431 2987 sapientia
2449 2954 2465 2980 ,
2492 2913 2676 2969 vivere
2704 2912 2760 2967 in
2788 2910 3022 2976 deliciis,
3053 2908 3194 2964 unde
3238 2905 3435 2962 dicitur
3460 2921 3475 2958 :
3510 2921 3535 2955 ι
3562 2901 3749 2957 Anima

2165 3024 2287 3080 qua:
2306 3009 2359 3062 in
2391 3005 2600 3063 deliciis
2628 3013 2713 3060 est
2734 3005 2944 3069 vivens,
2969 3010 3183 3059 mortua
3211 3011 3315 3057 est.
3348 3017 3367 3051 ι
3394 2997 3603 3053 Suadct
3629 3007 3757 3062 ergo

2165 3102 2497 3165 mollissimis
2519 3100 2897 3163 suavitatibus,
2928 3097 3166 3169 peccatis
3191 3104 3249 3154 et
3270 3093 3416 3150 vitiis
3445 3100 3501 3146 et
3524 3086 3755 3145 ﬂammis

482 3186 639 3244 scus.
687 3173 784 3231 sed
838 3176 1022 3232 omnia
1073 3179 1381 3236 necessaria
1424 3182 1493 3238 ab
1545 3183 1800 3254 episcopo
1845 3185 2067 3256 suisque
2093 3174 2137 3236 ε
2171 3193 2379 3251 nutrire
2410 3206 2651 3258 carnem,
2695 3190 2801 3246 cibi
2824 3199 2878 3245 et
2916 3189 3027 3243 vini
3068 3182 3484 3257 intemperantia
3515 3180 3753 3235 animam

484 3265 752 3323 ministris
785 3269 1038 3340 percipit.
1079 3271 1204 3327 ldeo
1232 3273 1279 3328 si
1318 3272 1515 3344 aliquis
1539 3276 1814 3332 exstiterit
1853 3278 2070 3334 moder—
2171 3298 2449 3357 premere,
2482 3298 2549 3339 ac
2573 3282 2740 3338 vitam
2786 3280 3009 3352 spiritus
3053 3275 3435 3334 intercludere.
3482 3280 3540 3327 et
3566 3280 3747 3327 contra

480 3357 570 3415 nis
617 3366 713 3415 aut
760 3358 959 3417 futuris
1025 3364 1354 3435 temporibus
1404 3366 1496 3436 qui
1530 3368 1634 3423 hoc
1678 3368 1912 3426 avellere
1958 3369 2066 3442 32

485 3449 709 3516 nitatur,
727 3449 839 3522 jam
866 3451 1008 3507 dicta
1035 3452 1380 3511 damnatione
1405 3455 1653 3512 feriatur.

557 3538 711 3608 Quod
755 3551 936 3596 autem
981 3542 1143 3598 sedes
1184 3542 1238 3599 in
1279 3544 1649 3618 episcoporum
1694 3549 1940 3605 ecclesiis
1967 3564 2067 3606 ex-

486 3630 643 3687 celsae
663 3632 969 3688 constitutae
982 3643 1037 3688 et
1050 3645 1363 3705 praeparatae
1377 3636 1726 3694 inveniuntur
1740 3647 1798 3694 ut
1814 3641 2065 3706 thronus,

485 3720 908 3791 speculationem
950 3729 1008 3778 et
1045 3732 1369 3793 potestatem
1408 3727 1686 3798 judicandi
1726 3738 1783 3784 et
1821 3729 2066 3786 solvendi

482 3820 649 3882 atque
674 3812 873 3882 ligandi
906 3827 944 3867 a
968 3812 1206 3871 Domino
1223 3815 1326 3871 sibi
1355 3816 1536 3873 datam
1564 3819 1847 3875 materiam
1885 3821 2065 3888 docet,

483 3902 625 3958 unde
666 3903 780 3972 ipse
808 3901 1058 3959 Salvator
1101 3905 1157 3961 in
1190 3905 1483 3979 Evangelio
1514 3911 1590 3965 ait
1618 3928 1632 3965 :
1668 3931 1688 3965 ί
1722 3914 2069 3986 Quazcunque

483 3996 778 4068 ligaveritis
800 4011 963 4068 super
988 4005 1191 4055 terram
1215 4010 1377 4057 erunt
1408 4002 1568 4073 ligata
1600 4014 1655 4061 et
1697 4006 1750 4061 in
1789 4007 1960 4076 cmlo;
2011 4016 2069 4065 et

481 4102 817 4160 quaecunque
843 4088 1117 4146 solveritis
1155 4106 1318 4164 super
1362 4103 1560 4151 terram
1610 4107 1768 4154 erunt
1806 4100 1981 4156 soluta
2011 4109 2066 4157 et

482 4181 535 4234 in
566 4180 706 4237 cmlo
759 4179 980 4254 (Matth.
1025 4197 1176 4253 xvm,
1228 4184 1338 4257 l8).
1376 4206 1397 4240 ι
1430 4187 1501 4243 Et
1547 4189 1720 4245 alibi:
1759 4209 1779 4243 ι
1823 4192 2068 4264 Accipite

483 4272 744 4345 Spiritum
776 4284 1022 4333 sanctum
1046 4294 1064 4345 ;
1088 4293 1317 4349 quorum
1364 4279 1683 4338 remiseritis
1718 4294 1938 4353 peccata
1980 4300 2067 4341 re-

486 4365 776 4422 mittuntur
801 4367 901 4434 eis,
941 4377 997 4424 et
1038 4383 1268 4438 quorum
1305 4372 1640 4429 retinueritis
1685 4381 1893 4434 retenta
1937 4384 2065 4430 sunt

482 4455 667 4528 (Ιοαη.
698 4475 790 4524 xx,
818 4457 933 4530 25).
972 4478 997 4514 ι
1025 4459 1149 4518 ldeo
1192 4463 1296 4519 ista
1338 4464 1694 4534 praetulimus,
1733 4467 2059 4537 charissimi,

483 4558 543 4604 ut
568 4548 882 4621 intelligatis
902 4559 1225 4620 potestatem
1250 4555 1625 4626 episcoporum
1650 4567 1976 4625 vestrorum,
2007 4560 2060 4615 in

480 4641 669 4712 eisque
688 4639 972 4698 Dominum
991 4644 1340 4711 veneremini,
1365 4654 1431 4720 et.
1446 4660 1540 4702 eos
1553 4656 1613 4702 ut
1629 4648 1845 4705 animas
1858 4660 2064 4709 vestras

484 4731 740 4804 diligatis,
761 4742 819 4788 et
853 4733 1049 4804 quibus
1084 4734 1161 4789 illi
1193 4751 1298 4791 non
1335 4738 1733 4796 communicant
1773 4757 1878 4796 non
1919 4757 2064 4798 com-

484 4825 790 4892 municetis,
806 4827 1014 4898 etquod
1032 4826 1289 4897 ejecerint
1306 4845 1411 4888 non
1432 4833 1896 4905 recipiatis.Valde
1916 4839 2060 4894 enim

488 4916 727 4971 timenda
752 4926 837 4972 est
856 4919 1123 4974 sententia
1151 4920 1408 4993 episcopi,
1431 4923 1555 4980 licet
1580 4926 1778 4997 injuste
1800 4927 1929 5000 liget
1958 4930 2060 4986 ali-

485 5018 668 5072 quem,
688 5004 832 5075 quod
860 5014 1040 5064 tamen
1067 5024 1407 5082 summopere
1431 5015 1723 5083 praevidere
1747 5017 1924 5074 debet.
1956 5018 2065 5077 Vos

486 5103 666 5151 autem
688 5097 964 5155 hortantes
984 5115 1262 5158 monemus
1283 5119 1472 5160 omnes
1484 5106 1575 5177 qui
1598 5105 2063 5166 Christianitatem

484 5188 823 5259 suscepistis,
853 5199 912 5247 et
938 5207 969 5246 a
1003 5192 1220 5257 Christo
1256 5196 1570 5252 vocabul-nr
1609 5198 1666 5224 θ’
1724 5200 1734 5208 ·
1798 5202 1808 5206 ·

2087 4519 2149 4582 υς

2169 3394 2229 3436 se
2264 3377 2405 3433 hosti
2430 3391 2529 3432 suo
2570 3375 2639 3431 de
2687 3389 2746 3430 se
2788 3371 3021 3444 gladium
3077 3366 3390 3423 ministrare
3438 3363 3586 3419 Ecce
3611 3360 3748 3431 quod

2167 3467 2357 3524 suadet
2384 3466 2565 3523 sasculi
2593 3463 2879 3535 sapientia,
2917 3459 3089 3532 utqui
3111 3458 3239 3514 boni
3274 3455 3403 3511 facti
3447 3463 3597 3518 sunt,
3629 3450 3753 3507 mali

2168 3575 2291 3617 esse
2334 3557 2542 3623 malint,
2573 3565 2629 3612 et
2650 3570 2746 3626 per
2765 3569 3009 3611 errorem
3050 3550 3251 3607 mentis
3277 3547 3391 3605 ﬁeri
3430 3547 3599 3601 etiam
3637 3555 3748 3599 stu-

2168 3653 2327 3708 deant
2369 3656 2701 3719 peccatores,
2744 3655 2799 3701 et
2839 3660 2947 3701 non
2986 3642 3223 3713 cogitent
3263 3639 3407 3694 illam
3450 3636 3754 3693 terribilem

2167 3745 2263 3800 Dei
2316 3757 2537 3807 vocem,
2585 3754 2709 3795 cum
2761 3745 3060 3794 exurentur
3106 3740 3422 3807 peCcatores
3480 3729 3626 3786 sicut
3675 3726 3748 3782 le-

2166 3850 2317 3891 nunt.

2237 3925 2440 3983 Omnes
2457 3925 2603 3981 enim
2631 3922 2815 3978 ﬁdeles
2858 3935 2955 3992 per
2992 3932 3182 3976 manus
3208 3914 3611 3986 impositionem
3634 3910 3753 3982 cpi--

2165 4031 2452 4089 scoporum
2472 4016 2730 4087 Spiritum
2750 4022 2999 4068 sanctum
3020 4018 3142 4082 post
3161 4007 3486 4078 baptismum
3504 4004 3746 4075 accipere

2165 4109 2383 4176 debent,
2425 4115 2485 4162 ut
2510 4106 2665 4178 plene
2705 4101 2998 4161 Christiani
3042 4099 3415 4162 inveniantur;
3447 4095 3598 4166 quia,
3626 4107 3754 4149 cunt
3810 4174 3815 4177 ι

2166 4198 2401 4270 Spiritus
2429 4206 2646 4253 sanctus
2681 4192 2997 4258 infunditur,
3023 4206 3118 4248 cor
3141 4188 3295 4244 ﬁdele
3315 4188 3382 4242 ad
3406 4185 3751 4258 prudentiam

2163 4301 2219 4349 et
2242 4289 2601 4348 constantiam
2631 4288 2904 4344 dilatatur.
2959 4284 3036 4340 De
3080 4281 3283 4354 Spiritu
3319 4289 3511 4337 sancto
3554 4276 3746 4348 accipi-

2164 4398 2307 4449 mus,
2325 4390 2383 4438 ut
2407 4378 2701 4436 elﬁciamur
2713 4376 3044 4450 spirituales,
3058 4375 3185 4444 quia
3204 4371 3450 4427 animalis
3466 4372 3627 4427 homo
3640 4382 3738 4423 non

2165 4473 2395 4545 percipit
2418 4487 2482 4528 ea
2508 4486 2635 4543 qua:
2653 4478 2778 4526 sunt
2809 4468 3043 4539 Spiritus
3073 4464 3191 4520 Dei.
3222 4463 3302 4519 De
3332 4462 3538 4533 Spiritu
3563 4467 3755 4516 sancto:

2165 4562 2481 4634 accipimus,
2505 4571 2568 4617 ut
2602 4560 2875 4631 sapiamus
2915 4558 3056 4613 inter
3079 4554 3278 4611 bonum
3309 4551 3619 4622 malumque
3645 4549 3747 4605 dis-

2166 4668 2410 4719 cernere,
2434 4651 2580 4725 justa
2616 4650 2861 4720 diligere,
2889 4647 3086 4719 injusta
3118 4658 3391 4715 respuere,
3434 4651 3494 4697 ut
3534 4638 3741 4696 malitiae

2167 4763 2233 4802 ac
2261 4746 2527 4817 superbiae
2554 4756 2931 4814 repugnemus,
2964 4750 3024 4796 ut
3056 4737 3285 4793 luxuriae
3317 4750 3383 4790 ac
3418 4733 3645 4789 diversis
3679 4729 3741 4784 il-

2164 4839 2394 4897 lecebris
2438 4846 2495 4892 et
2527 4835 2663 4892 tedis
2708 4834 3049 4905 indignisque
3108 4827 3496 4909 cupiditatibus
3537 4824 3742 4880 resista-

2164 4945 2304 4988 mus.
2337 4931 2413 4986 De
2438 4927 2644 5000 Spiritu
2673 4935 2861 4983 sancto
2903 4923 3196 4995 accipimus
3257 4928 3317 4975 ut
3342 4931 3530 4973 amore
3554 4917 3673 4970 vitae
3695 4920 3746 4966 et

2167 5022 2352 5095 gloria:
2374 5020 2569 5076 ardore
2590 5019 2858 5083 succensi,
2882 5017 3093 5087 erigere
3116 5029 3149 5068 a
3176 5011 3405 5068 terrenis
3424 5017 3662 5064 mentem
3682 5006 3743 5060 ad

2168 5128 2395 5169 ευηρνηει
2423 5120 2470 5152 ρι
2504 5110 2675 5150 divam
3031 5107 3067 5126 τ*
3114 5119 3149 5124 ·-
3192 5103 3371 5152 ἰτ-παις
3395 5096 3742 5158 Septembris.
