3908 5434
135 283 226 343 tu
445 365 454 372 .
1346 268 1842 329 necnersuuu
1879 237 2305 327 conserto;

156 379 1536 410 ψ

3281 265 3389 321 1ιὲ

1537 377 3376 406 W

601 448 1234 540 INCIPIUNT
1305 446 1842 538 DECRETA
1910 443 2492 536 PONTIANI
2569 445 2939 535 PAP/E.

1065 641 1230 706 (Anno
1250 641 1464 704 Domini,
1489 637 1600 702 330,
1624 643 1846 701 tempore
1870 635 2132 686 Alexandri
2158 637 2502 699 imperatoris.)

191 901 501 956 PONTILNUS
538 896 822 969 episcopus
874 894 1060 951 Faue:
1104 893 1407 950 succriboni
1456 891 1702 948 salutem.
1732 895 1786 955 Α
1809 889 2120 948 contristari
2159 887 2481 965 audivimus,
2519 903 2625 942 non
2665 889 2876 945 modico
2906 892 3169 962 compulsi
3208 909 3395 952 sumus

192 989 398 1061 Oppido
435 1003 542 1045 eor
576 995 822 1044 nostrum
866 984 1117 1042 charitati
1164 992 1356 1040 vestrae
1384 981 1708 1054 congaudet,

131 1082 260 1152 quod
296 1080 546 1136 studium
585 1086 786 1136 sanctae
837 1075 1113 1146 religionis
1153 1087 1496 1144 summopere
1540 1072 1712 1128 adim-

133 1176 264 1245 plere
292 1172 552 1238 studetis,
573 1181 630 1228 et
671 1171 868 1226 fratres
897 1176 1211 1233 nummulos,
1247 1182 1312 1222 ac
1347 1165 1632 1222 destitutos
1655 1166 1707 1220 in

134 1267 225 1321 lide
277 1273 333 1320 et
385 1263 654 1334 religione
715 1261 1052 1319 confortatis.
1116 1259 1269 1316 Unde
1335 1257 1710 1328 Redemptoris

134 1358 286 1413 nostri
314 1355 760 1411 misericordiam
780 1360 1168 1416 exoramus,ut
1192 1366 1289 1406 sua
1326 1350 1482 1406 nobis
1511 1349 1564 1404 in
1593 1364 1711 1404 om-

131 1447 274 1500 nibus
304 1443 483 1514 gratia
537 1443 881 1513 suﬂragetur,
924 1450 980 1497 et
1011 1439 1207 1496 eﬂ‘ectu
1255 1440 1478 1510 implere
1510 1439 1712 1495 tribuat

134 1533 260 1604 quod
286 1532 422 1588 velle
449 1533 745 1589 concessit.
776 1532 846 1601 ιιι,
865 1533 969 1588 hoc
997 1532 1180 1602 itaque
1203 1531 1367 1598 bono,
1389 1539 1540 1586 tanto
1563 1545 1713 1585 com-

136 1623 275 1678 moda
309 1622 696 1679 retributionis
739 1631 1079 1687 accrescunt,
1124 1629 1333 1692 quanto
1381 1631 1437 1677 et
1475 1620 1711 1676 studium

137 1710 314 1769 laboris
340 1723 595 1785 augetur.
624 1714 694 1770 Et
717 1714 844 1783 quia
891 1713 945 1769 in
986 1713 1071 1769 his
1106 1713 1356 1770 omnibus
1379 1713 1572 1769 divinm
1592 1727 1713 1785 gra-

138 1806 211 1861 tia
233 1805 496 1877 adiutorio
517 1821 658 1876 opus
681 1817 785 1871 est,
806 1806 1194 1875 omnipotentis
1217 1807 1310 1861 Dei
1335 1805 1566 1862 assiduis
1587 1821 1714 1877 pre-

137 1896 270 1952 cibus
312 1894 664 1951 clementiam
712 1912 1027 1962 exoramus,
1069 1905 1344 1968 quatenus
1393 1899 1512 1953 haec
1562 1897 1716 1954 vobis

141 2002 330 2058 semper
347 1989 629 2059 operanda
669 1989 807 2044 bona
833 1998 890 2044 et
915 1989 1052 2046 velle
1079 1991 1284 2046 tribuat
1305 1999 1361 2047 et
1390 2005 1550 2060 posse
1580 2005 1714 2046 con—

139 2077 292 2144 cedat,
314 2086 479 2149 atque
525 2079 583 2134 in
624 2094 689 2136 ea
729 2095 826 2136 vos
852 2080 962 2145 via,
985 2095 1110 2136 cum
1155 2080 1335 2136 fructu
1366 2081 1489 2137 boni
1513 2080 1712 2151 operis,

141 2186 284 2240 quam
311 2186 371 2228 se
394 2169 601 2228 Pastor
641 2181 920 2242 pastorum
962 2187 1083 2228 esse
1121 2181 1350 2229 testatus
1377 2182 1463 2228 est
1496 2174 1714 2244 dirigat,

1813 999 2066 1041 mmrore.
2113 979 2263 1037 Unde
2312 981 2737 1049 omnipotentem
2790 981 2955 1036 Deum
3014 1000 3289 1054 rogamus,
3341 994 3402 1041 ut

1810 1089 1922 1130 sum
1947 1089 2041 1126 vos
2071 1071 2256 1142 gratiae
2305 1070 2636 1139 aspiratione
2677 1071 3005 1137 consoletur,
3049 1091 3249 1145 vosque
3278 1084 3333 1130 et
3368 1092 3396 1130 a

1812 1163 2060 1235 malignis
2091 1162 2370 1232 spiritibus
2399 1170 2453 1214 et
2482 1176 2513 1214 a
2549 1162 2822 1232 perversis
2857 1163 3164 1219 hominibus
3191 1166 3390 1222 coclein

1811 1258 2146 1330 prolectione
2171 1255 2457 1311 custodiat.
2482 1252 2617 1307 Nam
2649 1263 2705 1308 et
2730 1254 2774 1308 si
2799 1270 2935 1323 quos
2961 1265 3081 1325 post
3108 1256 3248 1311 illius
3276 1258 3398 1312 obi—

1813 1357 1926 1404 tum
1954 1347 2214 1403 tumultus
2252 1345 2606 1416 quorumdam
2645 1344 3054 1400 adversantium
3092 1348 3398 1413 sustinetis,

1811 1442 1978 1498 nolite
2007 1440 2192 1494 mirari
2226 1439 2270 1492 si
2311 1452 2407 1493 vos
2433 1437 2524 1507 qui
2555 1436 2658 1492 frui
2691 1437 2848 1493 bonis
2877 1437 2928 1491 in
2955 1446 3098 1492 terra
3123 1447 3322 1502 vestra,
3351 1439 3402 1492 id

1811 1542 1898 1590 est
1944 1533 1996 1587 in
2025 1543 2168 1586 terra
2209 1529 2524 1595 viventium,
2569 1529 2835 1598 quaeritis,
2867 1530 3007 1583 mala
3041 1529 3319 1584 hominum
3351 1530 3402 1584 in

1813 1634 1960 1682 terra
2004 1624 2181 1679 aliena
2231 1621 2479 1692 portatis.
2528 1621 2904 1692 Peregrinatio
2948 1623 3144 1692 quippe
3175 1632 3259 1677 est
3294 1623 3403 1677 vita

1814 1716 2108 1787 paenitens,
2139 1723 2196 1769 et
2233 1713 2322 1782 qui
2371 1711 2609 1781 suspirat
2643 1712 2709 1765 ad
2736 1711 2966 1780 patriam
2997 1711 3046 1765 ei
3079 1719 3403 1764 tormentum

1813 1816 1897 1862 est
1926 1803 2375 1877 peregrinationis
2409 1802 2578 1867 locus,
2618 1803 2782 1857 etiam
2831 1803 2876 1858 si
2921 1803 3148 1857 blandus
3182 1817 3303 1857 esse
3332 1805 3404 1856 vi-

1815 1897 2023 1960 deatur,
2056 1893 2206 1948 vobis
2237 1902 2419 1947 autem
2458 1891 2547 1961 qui
2588 1892 2820 1962 patriam
2851 1892 3094 1962 qumritis
3121 1892 3261 1946 inter
3286 1907 3404 1946 sus-

1817 1988 1954 2058 piria
1980 2001 2101 2056 quae
2131 1984 2363 2050 habetis,
2390 1984 2553 2039 etiam
2579 1985 2812 2053 gemitus
2840 1983 2999 2038 audio
3028 1983 3280 2037 humana:
3309 1997 3404 2051 op-

1816 2078 2114 2150 pressionis
2147 2057 2459 2146 exsurgere.
2507 2075 2659 2142 Quod
2703 2075 2840 2128 mira
2885 2072 3273 2142 omnipotentis
3307 2072 3405 2126 Dei

1817 2169 2170 2240 dispositione
2197 2168 2398 2238 agitur,
2425 2173 2484 2220 ut
2515 2167 2640 2221 dum
2676 2165 2877 2221 veritas
2906 2180 3002 2236 per
3043 2179 3285 2219 amorem
3316 2178 3408 2219 vo-

141 2271 190 2316 ut
209 2263 314 2318 sine
332 2278 438 2334 quo
463 2262 610 2318 nihil
635 2263 720 2332 agi
753 2271 951 2333 potest,
975 2277 1074 2334 per
1103 2263 1277 2334 ipsum
1317 2264 1540 2334 implere
1566 2265 1708 2320 bona
1745 2247 1788 2306 Β
1816 2268 1927 2324 cat,
1960 2261 2190 2313 mundus
2233 2257 2501 2328 pmnitens
2548 2269 2580 2309 a
2623 2270 2681 2310 se
2726 2255 2842 2325 ipso
2887 2254 3124 2308 animam
3167 2263 3404 2309 vestram

141 2369 243 2423 quae
260 2355 491 2426 cepistis
514 2353 768 2434 valeatis.
796 2354 874 2410 De
900 2354 1274 2411 sacerdotibus
1297 2363 1479 2410 autem
1503 2355 1714 2411 Domini

144 2457 260 2512 quos
282 2459 368 2499 vos
394 2444 714 2500 audivimus
742 2454 932 2500 contra
970 2459 1260 2516 pravorum
1305 2445 1585 2502 hominum
1629 2446 1714 2500 in-

148 2533 286 2589 sidias
321 2533 606 2604 adjuvare,
653 2550 950 2604 eorumque
996 2550 1192 2590 causas
1238 2544 1478 2605 portare,
1518 2537 1712 2592 scitote

145 2637 227 2678 vos
252 2624 300 2678 in
319 2639 382 2680 eo
407 2624 574 2680 valde
599 2625 708 2680 Deo
735 2624 972 2695 placere,
997 2625 1095 2694 qui
1128 2625 1234 2680 sibi
1259 2639 1353 2681 eos
1387 2625 1453 2680 ad
1477 2625 1718 2682 servien-

143 2713 252 2768 dum
282 2714 486 2779 ascivit,
547 2723 604 2770 et
632 2715 928 2770 familiares
956 2715 1221 2770 intantum
1247 2715 1350 2771 sibi
1373 2732 1496 2773 esse
1524 2716 1713 2782 voluit,

146 2801 363 2856 utetiam
387 2802 631 2859 aliorum
677 2804 884 2860 hostias
909 2819 1008 2873 per
1051 2819 1148 2861 eos
1187 2816 1515 2877 acceptaret,
1556 2816 1718 2878 atque

145 2906 306 2948 eorum
347 2904 578 2966 peccata
629 2895 852 2950 donaret
899 2895 1109 2966 sibique
1153 2896 1554 2964 reconciliaret,
1607 2897 1708 2969 ipsi

147 2998 328 3055 quoque
355 2988 584 3059 proprio
617 3003 714 3043 ore
745 3001 944 3058 corpus
974 2987 1185 3043 Domini
1211 2989 1506 3044 coniiciunt
1531 2999 1586 3046 et
1624 3006 1718 3061 po-

145 3077 265 3145 pulis
292 3079 538 3135 tradunt.
572 3079 647 3135 De
687 3078 793 3135 illis
834 3079 979 3135 enim
1026 3079 1229 3136 dictum
1273 3090 1397 3137 est:
1431 3102 1448 3134 ι
1479 3082 1583 3148 Qui
1620 3097 1719 3140 vos

149 3170 464 3253 contristabit
517 3186 606 3227 me
637 3171 998 3237 contristabit,
1033 3179 1088 3228 et
1115 3173 1206 3242 qui
1233 3173 1388 3229 vobis
1416 3173 1546 3229 facit
1580 3174 1720 3244 inju-

152 3259 282 3327 riam,
306 3264 543 3335 recipiet
562 3263 616 3318 id
641 3265 785 3334 quod
809 3265 991 3334 inique
1010 3265 1198 3335 geSsit.
1237 3285 1258 3318 ι
1284 3267 1351 3322 Et
1374 3267 1500 3321 alibi
1526 3286 1539 3322 :
1569 3287 1588 3320 ι
1618 3267 1722 3335 Qui

150 3365 225 3406 vos
249 3355 387 3410 audit
418 3370 521 3412 me
548 3356 718 3423 audit,
767 3364 822 3411 et
865 3356 958 3426 qui
1004 3371 1100 3412 vos
1139 3357 1344 3426 spernit
1375 3373 1462 3414 me
1490 3357 1718 3428 spernit.

149 3439 231 3508 Qui
265 3453 435 3500 autem
477 3459 580 3501 me
621 3446 852 3516 spernit,
905 3446 1112 3518 spernit
1161 3461 1282 3502 eum
1331 3448 1424 3516 qui
1455 3461 1543 3504 me
1577 3449 1725 3502 misit

151 3533 277 3606 (Luc.
305 3552 358 3604 ι,
383 3537 506 3610 16).
541 3557 561 3589 ›
594 3537 659 3592 ili
690 3538 838 3595 enim
867 3553 973 3594 non
1001 3547 1130 3594 sunt
1159 3538 1473 3606 infestandi,
1501 3539 1596 3595 sed
1625 3539 1722 3594 ho-

153 3626 368 3682 uorandi.
411 3629 469 3683 In
536 3628 615 3683 eis
650 3643 865 3699 quoque
916 3629 1175 3685 Dominus
1221 3631 1538 3695 honoratur,
1569 3629 1720 3700 cujus

151 3713 384 3784 legatione
427 3717 755 3790 funguntur.
805 3719 871 3774 Ili
911 3734 1060 3791 ergo,
1087 3720 1131 3775 si
1180 3719 1319 3776 forte
1361 3721 1658 3777 ceciderint
1687 3737 1717 3776 a

155 3802 389 3873 ﬁdelibus,
421 3817 560 3865 sunt
615 3808 928 3866 sublevandi
985 3820 1042 3864 et
1088 3811 1357 3881 portandi.
1415 3811 1718 3868 Accusandi

154 3902 305 3952 autem
350 3914 454 3954 non
508 3911 636 3955 sunt
687 3901 756 3956 ab
809 3899 1122 3967 infamibus,
1162 3911 1258 3957 aut
1292 3901 1594 3968 sceleratis,
1635 3903 1718 3958 vel

155 3985 374 4058 inimicis,
402 4003 508 4048 aut
527 3992 753 4050 alterius
779 4003 940 4048 sectae
970 3994 1279 4050 hominibus
1299 3994 1382 4050 vel
1412 3995 1716 4066 religionis;

154 4075 191 4130 εἰ
216 4085 568 4149 peccaverint,
586 4098 617 4138 a
643 4084 863 4154 reliquis
885 4094 1182 4154 arguantur
1205 4084 1595 4151 sacerdotibus,
1620 4085 1714 4141 sed

155 4175 199 4222 et
230 4185 256 4224 a
295 4175 524 4230 summis
573 4175 920 4246 pontificibus
951 4177 1413 4246 constringantur,
1441 4189 1496 4232 et
1532 4193 1636 4233 non
1682 4193 1713 4231 a

155 4263 476 4324 smeularibus
510 4276 606 4322 aut
631 4267 785 4325 mala:
811 4268 938 4324 vitae
976 4269 1286 4324 hominibus
1307 4278 1607 4339 arguantur
1633 4267 1716 4322 vel

157 4365 434 4414 arceantur.
461 4357 618 4428 Quod
645 4374 775 4430 ergo
816 4361 884 4416 de
925 4359 1110 4418 fratris
1154 4360 1316 4416 vestri
1358 4361 1584 4416 transitu
1620 4375 1714 4414 vos

1817 2366 1913 2422 per
1937 2349 2314 2404 tribulationes
2339 2363 2475 2418 quas
2506 2346 2724 2418 ingerit,
2754 2346 2982 2417 rejiciat.
3015 2346 3298 2416 Tantoque
3329 2346 3408 2400 fa-

1813 2442 1972 2498 cilius
2010 2443 2079 2496 ab
2117 2455 2304 2494 amore
2329 2438 2491 2509 hujus
2514 2437 2696 2494 saeculi
2734 2453 2888 2493 mens
2914 2447 3091 2504 exeat,
3124 2446 3328 2508 quanto
3350 2447 3407 2493 et

1816 2533 2111 2604 impellitur
2154 2533 2280 2586 dum
2321 2539 2564 2586 vocatur.
2599 2530 2784 2601 Itaque
2833 2530 2974 2600 quod
3019 2530 3282 2600 ccepistis,
3311 2529 3408 2585 ho-

1815 2624 2128 2696 spitalitatis
2149 2639 2337 2678 curam
2367 2621 2678 2692 impendite,
2712 2621 2764 2675 in
2795 2622 3041 2676 oratione
3068 2628 3124 2675 et
3153 2620 3410 2692 lacrymis

1817 2715 2206 2772 instantissime
2260 2714 2522 2768 laborate.
2577 2712 2947 2783 Eleemosynis
2991 2726 3127 2782 quas
3189 2725 3406 2779 semper

1817 2810 2044 2864 amastis
2062 2806 2176 2876 jam
2202 2822 2344 2862 nunc
2366 2805 2569 2876 largius
2592 2812 2754 2876 atque
2772 2805 2992 2860 uberius
3015 2804 3139 2860 date
3163 2817 3408 2873 operam,

1817 2912 1880 2958 ut
1911 2910 2062 2957 tanto
2097 2909 2220 2972 post
2256 2907 2468 2955 crescat
2513 2898 2665 2954 vobis
2709 2898 2764 2952 in
2809 2897 3163 2954 retributione
3200 2894 3409 2951 fructus

1809 2995 2094 3060 muneris,
2144 3001 2348 3063 quanto
2393 2991 2483 3046 hic
2546 2991 2850 3046 excreverit
2905 2990 3142 3046 studium
3186 2987 3406 3045 laboris.

1818 3084 2088 3139 Prmterea
2141 3081 2440 3137 salutantes
2485 3086 2708 3148 paterna
2774 3077 3058 3133 dulcedine
3112 3077 3410 3132 bonitatem

1820 3185 2078 3234 vestram,
2128 3173 2360 3244 petimus
2387 3179 2446 3226 ut
2485 3171 2537 3224 in
2581 3169 2736 3224 bonis
2762 3183 2882 3238 quae
2908 3167 3151 3238 coepistis
3185 3167 3413 3221 nedeli-

1819 3267 2000 3322 ciatis.
2046 3265 2230 3333 Neque
2272 3263 2415 3318 ullus
2442 3277 2538 3316 vos
2574 3262 2642 3316 ab
2673 3262 2754 3317 eis
2789 3269 3037 3316 avertere
3082 3259 3275 3330 possit,
3317 3259 3412 3312 scd

1823 3356 1876 3410 in
1897 3354 2108 3411 cunctis
2134 3351 2384 3408 aﬂ‘ectum
2410 3361 2605 3407 vestrae
2640 3350 2946 3414 charitatis,
2977 3348 3159 3404 clerici
3185 3356 3240 3403 et
3269 3347 3410 3403 servi

1825 3445 1920 3501 Dei
1947 3459 2012 3500 ac
2041 3442 2224 3498 cuncti
2266 3441 2558 3497 Christiani
2600 3440 2691 3510 qui
2744 3440 2797 3493 in
2841 3439 2946 3493 illis
2980 3438 3226 3506 partibus
3263 3453 3415 3492 com-

1826 3544 2125 3599 morantur,
2152 3547 2336 3588 amore
2375 3530 2573 3586 Christi
2606 3539 2663 3584 et
2691 3529 2863 3585 sancti
2902 3527 3045 3582 Petri
3081 3526 3412 3596 pleniterin-

1828 3627 2070 3694 veniant,
2116 3633 2172 3680 et
2214 3623 2415 3678 favoris
2445 3622 2608 3677 vestri
2653 3620 2864 3676 solatiis
2900 3632 3222 3689 quocunque
3253 3615 3411 3695 modo

1828 3733 2050 3776 necesse
2079 3717 2239 3773 fuerit
2278 3715 2572 3786 potiantur,
2601 3721 2868 3784 quatenus
2887 3719 3068 3766 vestra
3095 3707 3275 3764 cuncti
3307 3721 3412 3775 ope

1826 3809 2033 3866 defensi
2072 3817 2234 3879 atque
2259 3804 2452 3876 adiuti,
2482 3814 2538 3859 et
2573 3818 2674 3859 nos
2701 3802 2854 3858 vobis
2900 3800 3196 3872 gratiarum
3232 3795 3408 3868 possi-
3452 3866 3462 3884 ‘

1829 3919 1946 3959 mus
1972 3902 2206 3956 existere
2247 3899 2539 3962 debitores,
2579 3904 2634 3952 et
2663 3893 2913 3951 Christus
2941 3892 3200 3947 Dominus
3225 3894 3417 3944 noster
3453 3895 3460 3964 ς

1829 4005 1992 4064 atque
2018 3993 2206 4048 beatus
2243 3989 2438 4045 Petrus
2481 3985 2845 4058 apostolorum
2883 3982 3134 4054 princeps
3178 3979 3231 4034 in
3273 3992 3409 4048 quos
3453 3977 3459 3998 ‘

1821 4102 1938 4141 rum
1977 4100 2070 4140 vos
2089 4083 2267 4139 causis
2311 4079 2637 4151 impenditis,
2665 4075 2824 4133 Jesus
2859 4075 3110 4131 Christus
3153 4080 3410 4126 aeternam

1822 4178 2049 4248 gloriam
2073 4142 2406 4246 compenset,
2431 4180 2484 4228 et
2507 4142 2698 4225 beatus
2721 4167 2996 4240 apostolus
3018 4165 3210 4220 Petrus
3239 4142 3456 4232 ipsius.I

1823 4269 2006 4340 gloriae
2031 4266 2253 4338 januam
2283 4265 2508 4334 aperiat.
2558 4264 2691 4317 Data
2720 4277 2757 4315 ι
2800 4259 3073 4314 Kalendas
3106 4250 3410 4314 Februarii,
3434 4279 3450 4321 ς

1824 4359 2027 4414 Severo
2052 4366 2108 4412 et
2129 4355 2422 4424 Quintiano
2452 4353 2515 4409 ιν
2547 4369 2629 4410 cc.
2665 4351 2872 4410 consul.

1658 4496 1992 4513 _

1261 4594 1597 4653 EPISTOLA
1637 4594 1958 4652 PONTIANI
2001 4594 2080 4649 PA
2090 4592 2200 4649 ΗΕ

1078 4753 1166 4811 De
1197 4752 1480 4831 fraterna
1509 4749 1842 4812 dilectione
1871 4760 1926 4811 et
1954 4751 2233 4814 vitandis
2269 4749 2473 4812 malis.

217 4916 494 4980 Poamsus
521 4932 725 4978 saneta:
766 4933 822 4979 et
866 4921 1191 4977 universalis
1221 4920 1476 4976 Ecclesia:
1505 4918 1714 4990 episco-
1743 4919 1791 4978 D
1818 4915 2035 4986 phetam
2066 4917 2310 4988 loquitur.
2330 4917 2554 4974 dicens:
2594 4932 2623 4966 ι
2653 4914 2825 4981 Quam
2856 4913 3030 4970 bonus
3075 4914 3248 4970 l‘srael
3273 4914 3414 4968 Deus
3433 4953 3457 4960 ..

169 5007 244 5076 pit
261 5013 495 5071 omnibus
534 5023 685 5072 recte
731 5015 1022 5069 Dominum
1053 5012 1358 5069 colentibus
1389 5020 1446 5066 et
1474 5011 1714 5067 divinum

162 5099 332 5156 mltum
363 5108 685 5175 amantibus,
722 5107 976 5162 salutem.

216 5189 379 5249 Gloria
412 5197 463 5253 in
489 5199 723 5256 excelsis
763 5197 893 5262 Deo,
921 5203 978 5249 et
1006 5193 1059 5250 in
1100 5204 1247 5252 terra
1277 5207 1380 5264 pax
1410 5191 1718 5249 hominibus

161 5278 288 5339 bonae
313 5287 612 5368 voluntatis.
654 5292 785 5348 Hae
811 5288 1002 5354 verba,
1041 5288 1370 5354 charissimi,
1401 5305 1510 5344 non
1539 5285 1716 5344 homi-

161 5385 266 5428 num
309 5388 446 5434 sunt.
489 5388 582 5434 mil
630 5383 978 5434 angelorum.
1019 5393 1073 5434 et
1118 5397 1227 5434 non
1267 5381 1503 5434 humano
1553 5392 1714 5434 sensu

1825 5008 1910 5064 his
1938 5011 2028 5082 qui
2062 5019 2210 5066 recto
2236 5017 2362 5064 sunt
2388 5009 2573 5074 corde,
2611 5007 2715 5061 mei
2742 5015 2922 5063 autem
2954 5023 3093 5077 pene
3124 5007 3254 5062 moti
3289 5017 3417 5061 sunt

1817 5103 2004 5172 pedes,
2031 5117 2182 5174 pene
2211 5099 2366 5156 eliusi
2406 5109 2534 5156 sunt
2577 5113 2795 5170 gressus
2828 5099 2931 5154 mei
2955 5098 3413 5170 quiacmmulatus
3445 5137 3453 5142 η

1819 5207 1942 5248 sum
1974 5204 2161 5251 contra
2196 5191 2409 5260 iniquos
2454 5204 2640 5262 pacem
2685 5188 2973 5259 impiorum
3022 5191 3208 5246 videns
3237 5187 3410 5260 (Psal.

1819 5301 1969 5343 Lxxu
2001 5299 2046 5343 et
2079 5283 2268 5356 ιαμ).
2307 5302 2326 5334 ι
2359 5285 2434 5338 De
2460 5281 2616 5339 bonis
2653 5296 2784 5336 vero
2831 5283 2942 5354 ipsa
2975 5299 3071 5354 per
3108 5298 3167 5338 se
3198 5278 3414 5335 Veritas

1821 5377 1900 5432 ait
1927 5399 1940 5434 :
1979 5398 1999 5432 ο
2033 5377 2182 5434 Beati
2212 5375 2413 5431 mundo
2440 5373 2626 5434 corde,
2660 5374 2916 5434 quoniam
2940 5375 3040 5434 insi
3069 5375 3236 5429 Deum
3267 5369 3427 5426 vide-‘1
