3926 6502
477 419 597 484 ’145
1272 424 1554 479 ΑΡΡΕΝΙ).
1590 422 1682 478 AD
1714 423 1886 480 SASC.
1931 422 2019 479 1x.

2226 424 2412 483 IDORI
2448 424 2889 484 MERCATORIS
3684 435 3776 497 ill

488 560 598 600 non
641 549 873 615 oportet.
918 541 987 596 Et
1029 541 1075 596 si
1120 555 1242 610 quis
1275 539 1446 596 ﬁdelis
1475 548 1579 604 est,
1616 539 1796 594 videat
1833 554 1907 595 ne
1938 538 2076 594 mala
2106 545 2163 605 Α
2182 540 2385 596 dividet
2407 539 2650 596 vulnera.
2682 539 2947 606 Quoniam
2974 542 3065 611 qui
3108 540 3257 598 fodit
3296 542 3548 610 foveam,
3591 546 3777 605 incidet

487 633 872 705 loquatur,aut
896 633 1143 701 cuiquam
1168 629 1390 685 insidias
1408 628 1665 702 punatjln
1694 630 1797 685 hoc
1817 644 1945 701 ergo
1967 630 2077 685 dis-
2182 630 2237 687 in
2260 629 2427 696 illam,
2458 639 2515 685 et
2536 631 2629 701 qui
2661 631 2853 687 statuit
2883 631 3110 703 lapidem
3137 635 3425 705 proximo,
3470 634 3706 694 offendet
3728 640 3778 696 in

491 731 794 779 cernuntur
823 723 916 777 lilii
961 721 1055 777 Dei
1083 730 1139 777 et
1168 720 1261 775 filii
1293 720 1512 775 diaboli.
1537 719 1659 774 Filii
1705 735 1939 791 namque
1985 720 2079 775 Dei
2181 738 2271 791 eo,
2297 731 2353 779 et
2375 725 2467 795 qui
2494 723 2754 795 laqueum
2785 724 2876 779 alii
2900 726 3069 793 ponit,
3096 727 3302 796 peribit
3328 727 3388 783 in
3414 728 3530 784 illo.
3549 728 3776 789 Faeienti

492 830 711 884 semper
749 814 991 885 cogitant
1026 820 1081 866 et
1114 826 1275 882 agere
1297 810 1627 867 contendunt
1660 826 1780 881 quae
1807 810 1902 866 Dei
1930 819 2078 877 sunt,
2184 817 2573 889 nequissimum
2614 818 2921 884 consilium,
2971 834 3135 890 super
3175 835 3310 876 eum
3349 820 3698 887 devolvetur,
3731 832 3781 879 et

489 916 546 962 ct
582 906 781 961 fratres
806 905 1169 961 indesinenter
1207 903 1489 975 adjuvant,
1517 910 1573 957 et
1598 902 1727 957 nulli
1758 917 1954 957 nocere
1984 917 2082 957 vo-
2185 923 2290 964 non
2323 917 2612 979 cognoscet
2641 911 2782 965 unde
2818 910 3068 965 adveniet
3108 910 3205 966 illi.
3247 910 3449 967 lllusio
3493 919 3551 966 et
3596 911 3777 983 impro-

492 996 628 1052 lunt.
656 997 780 1052 Filii
807 1007 988 1052 autem
1009 995 1206 1051 diaboli
1239 1002 1460 1077 econtra
1488 993 1629 1048 mala
1648 1004 1704 1049 et
1728 994 1918 1049 nociva
1941 1009 2084 1050 sem-
2191 1000 2401 1071 perium
2427 1000 2779 1070 superborum
2814 1008 2871 1055 et
2901 1001 3136 1057 vindicta
3173 1001 3329 1057 sicut
3373 1000 3467 1055 leo
3508 1001 3780 1057 insidiabi-

492 1103 591 1158 per
637 1088 993 1152 meditantur,
1041 1088 1165 1159 quia
1208 1102 1371 1158 Opera
1412 1102 1599 1143 eorum
1631 1086 1769 1142 mala
1813 1095 1958 1143 sunt.
2010 1087 2086 1142 De
2190 1098 2279 1145 tur
2312 1089 2408 1144 illi.
2436 1088 2655 1159 Laqueo
2685 1090 2941 1160 peribunt
2964 1091 3056 1161 qui
3084 1090 3449 1147 oblectantur
3469 1106 3600 1147 casu
3622 1092 3777 1161 justo-

492 1179 690 1248 quibus
720 1178 960 1249 loquitur
1002 1179 1263 1236 Dominus
1292 1194 1391 1250 per
1424 1178 1712 1234 Jeremiam
1742 1180 2084 1250 prephetam,
2188 1197 2330 1247 rum,
2348 1181 2502 1237 dolor
2515 1191 2698 1238 autem
2714 1180 2996 1239 consumet
3010 1182 3128 1239 illos
3142 1190 3452 1253 antequam
3468 1183 3777 1250 moriantur,

494 1271 685 1327 dicens
712 1286 727 1326 :
764 1292 782 1324 ι
820 1271 1040 1342 Loquar
1081 1272 1282 1342 judicia
1336 1287 1455 1327 mea
1484 1287 1608 1327 cum
1649 1273 1728 1328 eis
1756 1288 1917 1342 super
1939 1272 2086 1328 omni
2189 1273 2272 1328 ira
2289 1283 2345 1329 et
2371 1271 2525 1328 furor
2549 1282 2778 1343 utraque
2791 1274 3166 1340 exsecrabilis,
3185 1282 3243 1329 et
3267 1273 3359 1328 vir
3374 1284 3636 1344 peccator
3658 1288 3780 1331 con-

489 1363 694 1419 malitia
733 1378 920 1421 eorum
964 1363 1099 1435 (Jer.
1133 1364 1184 1430 l,
1218 1364 1331 1437 16).
1380 1364 1676 1434 Propterea
1711 1364 1914 1434 judicio
1961 1379 2088 1419 cou-
2192 1363 2371 1419 tinens
2398 1364 2505 1420 erit
2525 1363 2760 1420 illorum.
2785 1364 2887 1432 Qui
2909 1365 3169 1420 vindicari
3197 1364 3345 1432 vult,
3376 1379 3409 1419 a
3433 1364 3549 1422 Deo
3564 1365 3781 1421 inveniet

500 1457 718 1512 tendam
761 1455 936 1511 adhuc
967 1455 1267 1522 vobiscum,
1294 1456 1374 1511 ait
1415 1456 1696 1521 Dominus,
1735 1464 1937 1511 etcum
1964 1455 2090 1513 filiis
2190 1452 2510 1519 vindictam,
2551 1462 2606 1509 et
2647 1464 2867 1525 peccata
2905 1453 3049 1511 illius
3103 1470 3339 1512 servans
3399 1455 3659 1512 servabit.
3688 1456 3780 1512 Re-

495 1547 697 1601 vestris
747 1545 1060 1617 disceptabo
1118 1545 1247 1617 (Jer.
1306 1564 1381 1614 ll,
1429 1546 1507 1617 9).
1570 1548 1712 1603 Ecce
1750 1563 1860 1618 ego
1890 1546 2091 1619 ﬁngam
2193 1542 2378 1612 linque
2398 1543 2647 1613 proximo
2691 1553 2785 1599 tuo
2825 1544 3044 1600 nocenti
3091 1553 3163 1611 te,
3189 1553 3251 1601 et
3309 1555 3446 1600 tunc
3483 1545 3780 1616 deprecanti

494 1647 689 1693 contra
722 1654 820 1693 vos
849 1638 1049 1693 malum
1074 1648 1131 1693 et
1154 1640 1334 1710 cogito
1359 1647 1547 1695 contra
1589 1654 1682 1695 vos
1709 1639 2092 1711 cogitationem
2193 1633 2292 1689 tibi
2332 1643 2552 1705 peccata
2601 1634 2898 1691 solventur.
2948 1634 3123 1693 Homo
3168 1637 3387 1693 homini
3425 1646 3612 1693 servat
3634 1637 3777 1703 iram,

496 1727 638 1795 (Jer.
680 1744 835 1795 xvi",
865 1729 977 1800 Μ).
1008 1749 1027 1781 ι
1054 1728 1201 1796 Haec,
1242 1730 1460 1795 fratres,
1507 1730 1663 1786 valde
1708 1740 1834 1786 sunt
1859 1729 2090 1786 timenda
2193 1732 2251 1780 et
2277 1740 2308 1779 a
2343 1725 2455 1781 Deo
2484 1726 2678 1797 quaerit
2697 1725 2996 1782 medelam?
3016 1725 3075 1782 ln
3108 1728 3397 1784 hominem
3439 1727 3667 1784 similem
3690 1728 3778 1782 sibi

497 1830 553 1875 et
582 1821 649 1876 ab
689 1820 939 1876 omnibus
966 1822 1228 1887 cavenda,
1270 1822 1528 1892 quoniam
1571 1837 1736 1893 super
1771 1837 1929 1892 quem
1955 1819 2097 1892 judi-
2197 1831 2309 1873 non
2333 1816 2500 1873 habet
2527 1817 2981 1886 misericordiam,
3005 1827 3063 1875 et
3082 1819 3150 1875 de
3170 1820 3439 1891 peccatis
3472 1820 3590 1876 suis
3609 1819 3780 1891 depre-

495 1910 639 1964 cium
690 1909 783 1964 Dei
827 1909 1106 1974 ceciderit,
1146 1925 1252 1967 non
1299 1912 1443 1967 exiet
1483 1911 1799 1983 impunitus.
1835 1911 1903 1966 Et
1952 1910 2073 1965 ideo
2106 1902 2149 1962 Β
2174 1917 2330 1966 catur
2356 1908 2731 1966 Altissimum?
2764 1911 2882 1982 Ipse
2919 1910 3046 1966 dum
3077 1926 3207 1968 caro
3243 1912 3342 1977 sit,
3368 1920 3559 1968 servat
3582 1912 3778 1967 iramet

498 2000 868 2071 unusquisque
895 2001 1189 2070 przevideat
1227 2016 1296 2057 ne
1326 2002 1429 2057 hoc
1462 2002 1805 2057 maclninetur
1833 2009 1927 2056 aut
1963 2006 2088 2071 agat
2188 2000 2633 2071 propitiationem
2658 2002 2797 2072 petit
2839 2016 2871 2057 a
2910 2002 3061 2058 Deo?
3086 2002 3222 2070 Quis
3240 2002 3505 2059 exorabit
3542 2016 3643 2073 pro
3661 2002 3776 2058 deli-

498 2091 555 2145 iu
579 2089 806 2145 fratrem
843 2092 986 2160 quod
1018 2090 1132 2161 ipse
1166 2090 1277 2160 pati
1315 2090 1567 2146 noluerit.
1595 2090 1664 2145 Et
1701 2104 1802 2146 nec
1830 2090 1884 2145 in
1913 2091 2087 2162 suspi-
2187 2090 2293 2147 etis
2318 2090 2501 2146 illius?
2529 2090 2800 2149 Memento
2828 2092 3263 2149 novissimorum
3301 2101 3362 2148 et
3401 2092 3592 2149 desine
3616 2093 3779 2148 inimi-

496 2182 708 2238 ciouem
733 2181 916 2237 veniat
939 2182 1101 2237 homo
1121 2180 1394 2247 ﬁdelis,ut
1415 2165 1675 2238 dicataut
1692 2181 1858 2237 faciat
1881 2196 1946 2238 ea
1967 2197 2088 2252 qua:
2188 2179 2323 2247 cari,
2373 2176 2614 2237 tabitudo
2655 2183 2803 2238 enim
2846 2190 2902 2237 et
2959 2198 3109 2239 mors
3148 2183 3451 2239 imminent
3504 2182 3774 2238 mandatis.

498 2273 609 2342 pati
650 2288 756 2327 non
783 2272 920 2337 vult,
950 2271 1092 2327 unde
1121 2281 1399 2342 suspectos
1422 2281 1477 2328 et
1505 2272 1772 2339 inimicos,
1799 2281 1892 2328 aut
1931 2271 2089 2328 facile
2188 2269 2491 2327 Memorare
2517 2273 2764 2328 timorem
2804 2272 2901 2328 Dei
2947 2272 3233 2338 altissimi,
3289 2282 3348 2329 et
3405 2287 3516 2328 non
3544 2272 3775 2328 irascaris

499 2365 793 2436 litigantes,
820 2372 877 2421 et
904 2379 998 2420 eos
1029 2364 1121 2434 qui
1154 2379 1259 2419 non
1287 2372 1413 2420 sunt
1448 2364 1603 2420 bona:
1637 2364 2085 2431 conversationis,
2187 2362 2438 2432 proximo
2452 2362 2573 2419 'tuo.
2615 2362 2918 2419 Memorare
2948 2363 3264 2419 testamenti
3289 2364 3585 2429 Altissimi,
3620 2374 3671 2419 et
3696 2365 3774 2419 de—

499 2467 593 2512 aut
621 2470 848 2528 quorum
881 2457 992 2512 vita
1033 2465 1117 2513 est
1144 2456 1486 2522 accusabilis,
1516 2456 1608 2526 qui
1636 2464 1837 2512 rectam
1864 2470 1970 2511 non
2011 2465 2087 2512 te-
2191 2455 2343 2525 spiee
2370 2454 2735 2526 ignorantiam
2777 2454 3033 2526 proximi.
3060 2454 3292 2533 Abstine
3326 2463 3380 2510 te
3406 2470 3437 2509 a
3466 2454 3576 2517 lite,
3612 2462 3662 2509 et
3686 2453 3770 2508 mi-

498 2557 632 2604 nent
681 2557 777 2604 aut
821 2549 1015 2605 docent
1072 2548 1265 2613 fidem,
1323 2554 1668 2603 accusatores
1717 2555 2090 2602 antecessores
2191 2562 2325 2602 nues
2346 2554 2591 2617 peccata.
2636 2544 2811 2602 Homo
2848 2546 2993 2602 enim
3029 2545 3339 2602 iracundus
3357 2546 3601 2603 incendit
3621 2546 3772 2620 litem,

502 2638 674 2694 nostri
706 2638 1001 2709 apostolica
1027 2639 1342 2708 repulerunt
1364 2637 1706 2701 auctoritate,
1739 2645 1796 2691 et
1826 2650 1926 2692 nos
1962 2634 2090 2691 sub-
2190 2648 2246 2694 et
2266 2639 2351 2693 vir
2389 2647 2643 2711 peccator
2667 2638 2908 2694 turbabit
2946 2640 3173 2703 amicos,
3196 2648 3254 2694 et
3291 2639 3349 2693 in
3388 2638 3568 2695 medio
3604 2652 3767 2709 pacem

488 2742 779 2784 movemus
832 2737 995 2799 atque
1040 2725 1238 2783 futuris
1279 2726 1611 2798 temporibus
1648 2725 1985 2781 excludimus
2023 2738 2091 2780 ne
2195 2730 2506 2787 habentium
2565 2730 2819 2785 immittet
2872 2729 3207 2786 inimicitias.
3277 2729 3593 2786 Secundum
3642 2730 3766 2784 enin

500 2820 737 2876 libenter
759 2819 869 2874 labi
896 2820 1108 2891 possint
1135 2834 1269 2889 quos
1304 2835 1404 2875 nus
1436 2827 1620 2873 tenere
1657 2825 1712 2872 et
1747 2816 1959 2872 salvare
1995 2816 2089 2871 de-
2190 2820 2335 2892 ligna
2362 2820 2544 2887 silva},
2575 2821 2653 2876 sic
2676 2821 2816 2892 ignis
2842 2820 3166 2887 exardescit,
3199 2830 3258 2877 et
3283 2822 3584 2878 secundum
3619 2820 3767 2874 virtu-

501 2911 717 2980 bemus,
741 2923 828 2976 ne,
867 2911 1010 2981 quod
1041 2909 1202 2976 absit,
1238 2909 1555 2980 praedictum
1581 2908 1676 2964 Dei
1706 2908 1967 2979 judicium
1999 2922 2051 2961 su

2217 2928 2302 2969 em
2327 2912 2563 2970 hominis
2589 2913 2868 2969 iracundia
2902 2914 3048 2970 illius
3079 2915 3209 2980 erit,
3240 2923 3300 2972 et
3339 2916 3635 2972 secundum
3661 2913 3765 2968 sub-

498 3015 598 3070 per
624 3009 881 3070 utrosque
923 3000 1121 3065 veniat,
1146 3009 1201 3055 et
1240 3016 1351 3056 nos.
1384 3015 1573 3055 eorum
1601 3000 1759 3065 vitio,
1779 2998 1921 3068 quod
1953 2998 2094 3054 Deus
2193 3004 2449 3060 stantiam
2473 3020 2625 3059 suam
2646 3005 2908 3060 exaltabit
2936 3005 3072 3060 iram
3098 3022 3280 3062 suam.
3307 3007 3597 3063 Certamen
3636 3005 3769 3060 festi-

501 3099 733 3155 avertat,
767 3106 1074 3160 pereamus.
1104 3090 1374 3160 Scriptum
1410 3100 1496 3147 est
1531 3091 1714 3148 enim:
1755 3111 1774 3141 ‹
1804 3091 2091 3146 Rectorem
2192 3103 2378 3149 natum
2404 3094 2655 3151 incendet
2677 3094 2877 3167 ignem,
2900 3105 2956 3151 et
2995 3096 3061 3153 lis
3093 3096 3371 3152 festinans
3397 3096 3633 3154 ell‘undet
3658 3111 3769 3151 san-

503 3193 558 3238 te
581 3183 901 3252 posuerunt?
925 3198 1111 3238 curam
1139 3183 1356 3238 illorum
1382 3184 1542 3250 habe,
1568 3190 1627 3237 ut
1655 3181 1855 3237 lmteris
1873 3187 2094 3252 propter
2124 3254 2155 3259 Δ
2194 3189 2433 3257 guinem,
2457 3199 2511 3246 οι
2532 3190 2711 3259 lingua
2744 3190 3042 3246 ιθειίηωηε
3070 3191 3307 3247 adduce;
3330 3199 3582 3256 mortem,
3613 3189 3653 3245 εί
3673 3186 3765 3243 sur.

503 3273 643 3339 illos,
675 3283 731 3330 et
758 3282 1131 3330 ornamentum
1167 3274 1354 3344 gratiae
1386 3274 1640 3345 accipias,
1663 3282 1715 3328 et
1752 3288 2006 3329 coronam
2029 3277 2085 3327 et
2113 3254 2156 3316 Ο
2186 3254 2570 3352 ἡανειιίειιιιαεί
2590 3254 2732 3352 ignis
2759 3280 3061 3348 ardebit,et
3076 3282 3121 3338 si
3137 3283 3426 3353 exspueris
3445 3254 3763 3364 superillam'

501 3366 865 3436 dignationem
892 3367 1239 3439 consequaris
1255 3383 1376 3424 cum
1401 3368 1679 3439 rogatione
1707 3365 2078 3440 (limitum,
2183 3374 2589 3441 exstinguemr,
2621 3384 2673 3430 ει
2702 3364 2932 3444 utraque
2959 3389 3024 3429 ex
3054 3389 3149 3430 ore
3194 3376 3636 3446 proﬁciscuntur;
3680 3370 3764 3425 Su-

501 3457 529 3511 l
558 3468 604 3512 el
627 3457 801 3529 seqq.)
830 3479 847 3510 ι
875 3456 1110 3514 Verbum
1140 3459 1282 3513 enim
1312 3474 1543 3530 nequam
1573 3459 1878 3514 immutavit
1899 3473 1995 3513 cor
2015 3472 2051 3513 e‘

2213 3486 2351 3527 mrro
2375 3478 2432 3526 et
2466 3468 2741 3540 bilinguis,
2772 3469 3116 3536 maledictus,
3148 3470 3354 3525 multos
3383 3469 3529 3525 enim
3555 3462 3763 3520 turbavit

502 3564 610 3619 quo
639 3557 870 3618 quatuor
893 3559 1075 3620 partes
1105 3550 1373 3604 oriuntur.
1406 3549 1612 3605 Bonum
1639 3557 1695 3605 et
1728 3548 1949 3615 malum,
1974 3548 2083 3602 vita
2192 3577 2387 3632 pacem
2410 3562 2691 3623 habentes,
2727 3560 2908 3632 lingua
2937 3561 3095 3616 lenia
3127 3561 3332 3617 ηιιιιιοε
3375 3559 3677 3619 commovit,
3714 3561 3764 3609 et

501 3650 558 3698 et
585 3658 751 3708 mors,
779 3650 836 3699 et
860 3642 1187 3697 dominatrix
1209 3651 1496 3697 esteorum
1521 3641 1733 3697 assidua
1759 3641 1958 3710 lingua.
1979 3639 2051 3694 Pr

2207 3655 2447 3723 lispersit
2475 3654 2595 3710 illos
2623 3653 2689 3707 de
2722 3661 2883 3723 gente
2909 3654 2963 3707 in
3001 3661 3239 3723 gentem.
3270 3638 3536 3709 Civitates
3559 3650 3757 3706 divitum

504 3734 970 3805 talibusprze'dicti
988 3734 1188 3788 vitandi
1212 3733 1500 3788 admodum
1525 3741 1668 3795 sunt,
1692 3742 1748 3786 et
1774 3732 2085 3800 priusquam
2195 3747 2434 3801 munims
2477 3744 2747 3800 destruxit
2775 3784 2791 3810 ,
2838 3752 2895 3799 ει
2954 3744 3147 3799 domos
3195 3752 3513 3815 magum..."
3568 3736 3755 3795 ρποάίις

500 3826 773 3896 praedictae
799 3823 1119 3879 enuelcatim
1155 3822 1537 3876 examinentur
1583 3820 1883 3891 opiniones,
1926 3828 1980 3875 et
2020 3835 2050 3875 a

2204 3835 2426 3891 virtutes
2438 3835 2757 3907 populorum
2772 3834 3029 3900 concidit,
3054 3844 3110 3890 et
3129 3845 3324 3902 gentes
3341 3834 3511 3889 fortes
3523 3827 3754 3888 dissolvit.

505 3914 614 3972 illis
654 3914 816 3968 alieni
867 3912 1226 3967 inVelliﬂmm"
1255 3926 1370 3967 ηοη
1408 3919 1536 3966 sum
1579 3910 1929 3980 ευδοίρίθηάίν
1957 3925 2091 3980 quo‘
2197 3921 2402 3996 Lingua
2434 3924 2592 3979 tertia
2617 3923 2872 3980 mulieres
2890 3923 3099 3979 viratas
3124 3924 3307 3996 cjecit,
3332 3933 3390 3980 et
3416 3922 3637 3995 privavit
3659 3916 3758 3972 illas

505 4006 652 4062 niam
682 4004 1009 4062 sacriﬁcium
1048 4003 1286 4059 sahitare
1320 4012 1402 4059 est
1431 4002 1712 4058 attendere
1742 4002 2009 4056 mandatis
2036 4010 2092 4057 et
2194 4014 2263 4072 de
2299 4015 2575 4072 laboribus
2621 4015 2758 4072 suis,
2788 4015 2890 4083 Qui
2940 4014 3164 4086 respici;
3208 4016 3384 4082 mam,
3430 4030 3534 4070 non
3569 4005 3761 4067 habebit

507 4097 783 4154 discedere
822 4095 890 4151 ab
929 4096 1074 4153 omni
1104 4096 1404 4166 iniquitate.
1450 4093 1959 4164 Beneplacitumest
1987 4093 2091 4149 Do-
2196 4109 2460 4179 requiem,
2488 4123 2589 4165 nec
2634 4108 2902 4164 habitabit
2938 4123 3060 4164 cum
3116 4109 3349 4178 requie;
3393 4105 3580 4178 ﬂagelli
3623 4100 3758 4172 plaga

508 4189 657 4245 mino
686 4187 941 4243 recedere
965 4185 1033 4240 ali
1062 4185 1365 4257 iniquitate,
1394 4195 1449 4240 et
1474 4184 1710 4240 laudatio
1737 4185 1989 4240 recedere
2023 4186 2094 4240 ah
2198 4198 2421 4255 livorem
2451 4198 2604 4263 ίειοίι,
2632 4198 2790 4271 plaga
2820 4210 3001 4256 amem
3037 4199 3237 4270 ιίηευεε
3283 4195 3600 4255 comminui;
3628 4203 3753 4245 ossa.

507 4280 793 4351 injustitia.
834 4279 1099 4348 Quoniam
1147 4279 1405 4350 scriptum
1450 4289 1578 4334 est:
1614 4296 1632 4323 ι
1690 4277 1861 4349 Dilige
1905 4277 2092 4348 proxi-
2196 4287 2347 4344 Mum
2375 4291 2690 4347 ceciderunt
2720 4290 2774 4346 in
2815 4306 2913 4346 ore
2936 4290 3124 4362 gladii,
3150 4291 3245 4346 sed
3283 4304 3384 4345 nec
3408 4288 3488 4343 sic
3525 4282 3658 4357 quod
3676 4277 3754 4349 qui

486 4389 657 4429 -ηιυηι
683 4381 839 4428 lum"
872 4380 930 4428 ει
950 4372 1278 4443 coniungere
1319 4371 1423 4427 “de
1451 4386 1571 4427 cum
1601 4369 1721 4437 ἰιιος
1749 4370 2005 4441 quoniam
2048 4369 2093 4426 εἰ
2198 4378 2520 4435 interierunt
2543 4380 2888 4453 perlinguam
2903 4396 3079 4436 suam.
3107 4380 3307 4436 Beatus
3331 4380 3423 4451 qui
3449 4385 3615 4433 tectus
3633 4382 3709 4428 est
3727 4383 3752 4422 a

507 4465 869 4521 denudaveris
909 4465 1174 4520 absconsa
1224 4463 1395 4529 illius,
1437 4479 1545 4519 non
1592 4464 1944 4543 persequeris
1973 4476 2097 4534 post
2200 4469 2380 4543 lingua
2427 4487 2685 4542 nequam,
2744 4480 2799 4528 et
2851 4473 2943 4543 qui
3003 4473 3058 4528 in
3109 4467 3623 4528 iracundiam-mins
3663 4474 3754 4516 nou

507 4572 654 4611 cum.
683 4555 837 4611 Sicut
862 4556 1007 4611 enim
1032 4555 1192 4609 homo
1214 4555 1304 4624 qui
1333 4554 1504 4624 perdit
1543 4555 1776 4609 amicum
1808 4539 1996 4619 suum,
2016 4554 2095 4610 sic
2124 4609 2173 4633 ῃ
2201 4539 2451 4616 transivit
2487 4539 2543 4618 et
2583 4562 2672 4631 qui
2709 4577 2813 4617 non
2839 4539 3268 4633 atlraxitjugum
3313 4559 3430 4629 ejus
3473 4568 3527 4612 et
3553 4548 3752 4609 vinculis

511 4649 598 4718 qui
637 4648 813 4719 perdit
841 4648 1135 4703 amicitiam
1174 4609 1408 4718 pdoxi'rni
1457 4647 1561 4702 sui.
1613 4647 1682 4702 Et
1727 4648 1979 4717 sicutqui
2010 4647 2092 4701 di-
2122 4609 2173 4668 Ι)
2199 4651 2342 4708 illius
2367 4668 2471 4707 non
2499 4609 2825 4723 est‘ligatus.
2869 4609 3245 4724 Jugum'er‘hm
3274 4609 3417 4707 illius
3458 4648 3635 4718 jugum
3662 4641 3750 4694 fer-

508 4740 677 4795 mittit
700 4755 853 4794 avem
887 4739 954 4793 de
980 4756 1140 4807 manu
1172 4755 1287 4802 sua,
1320 4739 1398 4794 sic
1418 4739 1509 4809 qui
1536 4739 1867 4809 dereliquisti
1907 4741 2094 4809 proxi-
2199 4757 2348 4797 reum
2372 4751 2478 4803 est,
2516 4753 2570 4796 et
2611 4743 2886 4798 vinculum
2920 4742 3066 4799 illius
3120 4741 3392 4798 vinculum
3439 4750 3629 4794 aereum
3660 4736 3746 4782 esi-

510 4850 657 4888 mum
690 4843 861 4899 tuum,
888 4844 943 4889 et
978 4851 1081 4888 non
1113 4849 1235 4888 eum
1276 4833 1475 4904 capies.
1503 4833 1632 4902 ,Non
1667 4834 1816 4888 illum
1849 4836 2096 4905 sequaris
2198 4832 2342 4888 Mors
2376 4833 2519 4889 illius
2546 4849 2693 4889 mors
2721 4834 3052 4904 nequissima
3083 4842 3187 4899 est,
3219 4841 3275 4888 et
3309 4831 3457 4886 utilis
3492 4825 3655 4898 potius
3681 4819 3748 4872 in.

510 4926 764 4996 quoniam
793 4925 949 4996 longe
979 4924 1157 4980 abest:
1191 4922 1379 4996 eil'ugit
1422 4925 1564 4980 enim
1609 4926 1762 4996 quasi
1806 4941 2000 4996 caprea
2029 4926 2095 4980 de
2198 4923 2381 4979 fernus
2396 4941 2556 4995 quam
2576 4925 2682 4979 illa.
2709 4926 3117 4983 Perseverantia
3141 4926 3282 4980 illius
3306 4939 3409 4977 non
3423 4911 3743 4993 permanebit.

510 5018 735 5087 laqueo,
778 5018 907 5086 quia
942 5016 1216 5073 vulnerata
1260 5025 1343 5071 est
1382 5018 1558 5072 anima
1604 5016 1751 5085 ejus;
1800 5018 1939 5072 ultra
1968 5034 2091 5074 eum
2197 5016 2292 5071 sed
2331 5015 2601 5072 obtinebit
2635 5017 2750 5073 vias
2800 5015 3121 5085 injustorum
3170 5025 3226 5071 et
3271 5014 3483 5069 flamma
3534 5019 3622 5062 sua
3651 5011 3739 5055 l0"

509 5128 616 5166 non
676 5110 878 5180 poteris
911 5110 1185 5182 colligare,
1215 5119 1269 5165 et
1298 5110 1571 5166 maledicti
1608 5119 1691 5166 est
1708 5112 2090 5167 concordatio:
2197 5109 2481 5165 comburat
2501 5110 2700 5180 justas.
2730 5110 2829 5178 Qui
2859 5109 3239 5180 derelinquunt
3262 5109 3426 5164 Demn
3455 5099 3673 5158 incidam
3697 5092 3741 5145 δη

508 5203 785 5259 denudare
812 5202 956 5259 enim
976 5204 1137 5258 amici
1171 5203 1450 5275 mysteria,
1472 5204 1771 5273 desperatio
1792 5213 1876 5259 est
1903 5205 2096 5260 anima:
2197 5203 2365 5268 illam,
2395 5212 2453 5258 et
2478 5203 2800 5258 exardescet
2833 5201 2887 5256 in
2927 5200 3033 5257 illis
3062 5208 3118 5255 et
3153 5214 3259 5256 non
3304 5186 3740 5275 exstinguelur._e‘

509 5295 762 5353 infidelis.
784 5294 1043 5352 Annuens
1062 5273 1768 5368 oculo—fabricatiniqua,et
1789 5313 1946 5354 nemo
1967 5313 2090 5353 eum
2194 5295 2518 5351 immittetur
2546 5295 2605 5350 in
2641 5309 2736 5350 eos
2771 5293 2926 5365 quasi
2978 5293 3063 5350 leo
3097 5301 3151 5348 et
3198 5290 3352 5363 quasi
3395 5285 3583 5358 pardus
3608 5273 3740 5331 ιιεάει

508 5388 616 5459 33
651 5387 890 5459 abjieiet.
937 5388 995 5443 In
1040 5397 1332 5457 conspectu
1379 5388 1657 5444 oculorum
1712 5398 1924 5445 tuorum
1957 5405 2090 5444 con-
2192 5403 2315 5444 eos.
2339 5386 2466 5457 Sepi
2497 5400 2660 5442 aures
2702 5394 2823 5441 tuas
2850 5384 3021 5456 spinis
3066 5391 3123 5439 et
3163 5382 3273 5439 noli
3321 5384 3502 5436 audire
3529 5371 3734 5467 lingunt?

508 5454 745 5537 calcabit
760 5495 825 5535 os
848 5494 1027 5544 suum,
1054 5487 1110 5533 et
1144 5454 1305 5549 super
1336 5494 1616 5536 sermones
1646 5487 1764 5536 tuos
1807 5480 2096 5535 admirabi-
2194 5454 2448 5549 nequam,
2482 5486 2543 5532 et
2589 5477 2671 5533 ori
2718 5485 2812 5532 tuo
2856 5454 3024 5531 facito
3065 5476 3225 5539 ostia,
3265 5480 3320 5529 et
3362 5481 3508 5526 seras
3543 5454 3736 5551 auribus

509 5582 620 5626 tur.
650 5571 954 5628 Novissime
990 5579 1170 5627 autem
1200 5580 1475 5641 pervertet
1501 5588 1563 5630 os
1589 5590 1769 5638 suum,
1795 5582 1850 5629 et
1885 5574 1938 5627 in
1971 5588 2092 5627 ver-
2196 5568 2323 5624 tuis.
2350 5568 2557 5623 Aurum
2588 5578 2740 5623 tuum
2768 5575 2826 5621 et
2851 5575 3134 5638 argentum
3163 5562 3354 5626 conﬂa,
3383 5568 3433 5615 et
3460 5550 3624 5609 verbis
3645 5552 3732 5641 ωδε

508 5662 593 5716 bis
634 5662 742 5717 tuis
777 5661 927 5717 dabit
972 5630 1307 5717 scandalum.
1363 5662 1528 5720 Multa
1574 5666 1717 5720 odivi
1762 5674 1818 5719 et
1863 5681 1969 5719 non
1998 5680 2092 5719 co-
2196 5660 2360 5717 facito
2380 5671 2662 5727 stateram,
2691 5670 2746 5717 et
2779 5660 2961 5716 frenos
2988 5660 3070 5716 ori
3103 5669 3195 5714 tuo
3231 5664 3426 5717 rectos,
3448 5655 3501 5703 et
3546 5630 3732 5696 attende

507 5752 714 5822 aequavi
741 5752 886 5816 ei,et
909 5752 1168 5808 Dominus
1195 5753 1342 5808 odiet
1370 5753 1540 5809 illum.
1573 5756 1671 5823 Qui
1699 5755 1750 5809 in
1772 5755 1937 5808 altum
1962 5754 2093 5823 lapi-
2197 5770 2266 5809 ne
2297 5755 2436 5809 forte
2461 5754 2665 5810 labaris
2693 5755 2744 5808 in
2770 5754 2950 5825 lingua
2982 5763 3095 5818 tua,
3126 5761 3182 5807 et
3210 5748 3373 5807 cadas
3398 5744 3446 5798 in
3472 5730 3727 5829 ωηερεεΨ

511 5844 631 5898 dem
676 5844 858 5911 mittit,
887 5854 1045 5915 super
1094 5844 1212 5914 ejus
1249 5853 1410 5916 caput
1439 5846 1613 5917 cadet,
1643 5857 1693 5901 ct
1734 5847 1881 5919 plaga
1921 5846 2092 5902 dolosi
2198 5847 2543 5903 inimicorum
2573 5845 2939 5901 insidiantium
2971 5842 3087 5925 tibi,
3112 5855 3167 5899 et
3195 5844 3265 5899 sit
3293 5848 3443 5895 casus
3471 5838 3582 5884 tuus
3607 5826 3724 5871 “15"
