  <div class='ocr_page' id='page_1' title='image "/cluster/home/n/w/nwhite01/storage/ocr_20150623/130/hvd.32044015471717/102.png"; bbox 0 0 3926 6442; ppageno 0'>
   <div class='ocr_carea' id='block_1_1' title="bbox 165 446 265 502">
    <p class='ocr_par' dir='ltr' id='par_1_1' title="bbox 165 446 265 502">
     <span class='ocr_line' id='line_1_1' title="bbox 165 446 265 502; baseline -0.01 0"><span class='ocrx_word' id='word_1_1' title='bbox 165 446 265 502; x_wconf 63' lang='grc'><strong>145</strong></span> 
     </span>
    </p>
   </div>
   <div class='ocr_carea' id='block_1_2' title="bbox 1301 431 2240 495">
    <p class='ocr_par' dir='ltr' id='par_1_2' title="bbox 1301 431 2240 495">
     <span class='ocr_line' id='line_1_2' title="bbox 1301 431 2240 495; baseline -0.007 0"><span class='ocrx_word' id='word_1_2' title='bbox 1301 434 1792 495; x_wconf 77' lang='lat' dir='ltr'><strong>DECRETALIUM</strong></span> <span class='ocrx_word' id='word_1_3' title='bbox 1835 431 2240 490; x_wconf 78' lang='lat' dir='ltr'><strong>COLLECTIO.</strong></span> 
     </span>
    </p>
   </div>
   <div class='ocr_carea' id='block_1_3' title="bbox 3326 428 3432 483">
    <p class='ocr_par' dir='ltr' id='par_1_3' title="bbox 3326 428 3432 483">
     <span class='ocr_line' id='line_1_3' title="bbox 3326 428 3432 483; baseline 0 -1"><span class='ocrx_word' id='word_1_4' title='bbox 3326 428 3432 483; x_wconf 72' lang='lat' dir='ltr'><strong>H6</strong></span> 
     </span>
    </p>
   </div>
   <div class='ocr_carea' id='block_1_4' title="bbox 164 541 3429 633">
    <p class='ocr_par' dir='ltr' id='par_1_4' title="bbox 164 541 3429 633">
     <span class='ocr_line' id='line_1_4' title="bbox 164 541 3429 633; baseline -0.007 -14"><span class='ocrx_word' id='word_1_5' title='bbox 164 564 352 619; x_wconf 89' lang='lat' dir='ltr'><strong>nabilis</strong></span> <span class='ocrx_word' id='word_1_6' title='bbox 388 564 460 619; x_wconf 90' lang='lat' dir='ltr'><strong>ad</strong></span> <span class='ocrx_word' id='word_1_7' title='bbox 485 569 712 618; x_wconf 87' lang='lat' dir='ltr'><strong>mortem</strong></span> <span class='ocrx_word' id='word_1_8' title='bbox 753 559 944 633; x_wconf 85' lang='lat' dir='ltr'><strong>(Eccli.</strong></span> <span class='ocrx_word' id='word_1_9' title='bbox 977 573 1148 626; x_wconf 75' lang='lat' dir='ltr'><strong>xxvii,</strong></span> <span class='ocrx_word' id='word_1_10' title='bbox 1183 559 1249 614; x_wconf 84' lang='grc'>18</span> <span class='ocrx_word' id='word_1_11' title='bbox 1297 569 1343 612; x_wconf 84' lang='lat' dir='ltr'><strong>et</strong></span> <span class='ocrx_word' id='word_1_12' title='bbox 1376 574 1510 629; x_wconf 81' lang='lat' dir='ltr'><strong>seq.;</strong></span> <span class='ocrx_word' id='word_1_13' title='bbox 1541 569 1729 617; x_wconf 83' lang='lat' dir='ltr'><strong>xxvm,</strong></span> <span class='ocrx_word' id='word_1_14' title='bbox 1764 558 1808 616; x_wconf 83' lang='grc' dir='ltr'><strong>Α</strong></span> <span class='ocrx_word' id='word_1_15' title='bbox 1839 560 1939 606; x_wconf 90' lang='lat' dir='ltr'><strong>ter.</strong></span> <span class='ocrx_word' id='word_1_16' title='bbox 1990 547 2105 602; x_wconf 82' lang='lat' dir='ltr'><strong>Noli</strong></span> <span class='ocrx_word' id='word_1_17' title='bbox 2139 547 2253 601; x_wconf 83' lang='lat' dir='ltr'><strong>fieri</strong></span> <span class='ocrx_word' id='word_1_18' title='bbox 2297 560 2393 616; x_wconf 91' lang='lat' dir='ltr'><strong>pro</strong></span> <span class='ocrx_word' id='word_1_19' title='bbox 2442 545 2618 600; x_wconf 88' lang='lat' dir='ltr'><strong>amico</strong></span> <span class='ocrx_word' id='word_1_20' title='bbox 2647 543 2897 598; x_wconf 92' lang='lat' dir='ltr'><strong>inimicus</strong></span> <span class='ocrx_word' id='word_1_21' title='bbox 2927 541 3193 612; x_wconf 76' lang='lat' dir='ltr'><strong>proximo.</strong></span> <span class='ocrx_word' id='word_1_22' title='bbox 3222 542 3429 613; x_wconf 80' lang='lat' dir='ltr'><strong>impro-</strong></span> 
     </span>
    </p>
   </div>
   <div class='ocr_carea' id='block_1_5' title="bbox 163 649 1744 726">
    <p class='ocr_par' dir='ltr' id='par_1_5' title="bbox 163 649 1744 726">
     <span class='ocr_line' id='line_1_5' title="bbox 163 649 1744 726; baseline -0.006 -16"><span class='ocrx_word' id='word_1_23' title='bbox 163 657 185 711; x_wconf 82' lang='grc'><strong>1</strong></span> <span class='ocrx_word' id='word_1_24' title='bbox 213 665 260 710; x_wconf 78' lang='grc' dir='ltr'><strong>ει</strong></span> <span class='ocrx_word' id='word_1_25' title='bbox 306 655 442 726; x_wconf 82' lang='lat' dir='ltr'><strong>seq.)</strong></span> <span class='ocrx_word' id='word_1_26' title='bbox 475 674 494 707; x_wconf 74' lang='grc' dir='ltr'>ι</span> <span class='ocrx_word' id='word_1_27' title='bbox 527 673 546 706; x_wconf 73' lang='grc' dir='ltr'>α</span> <span class='ocrx_word' id='word_1_28' title='bbox 572 652 651 708; x_wconf 85' lang='lat' dir='ltr'><strong>Ne</strong></span> <span class='ocrx_word' id='word_1_29' title='bbox 681 653 862 709; x_wconf 88' lang='lat' dir='ltr'><strong>tardes</strong></span> <span class='ocrx_word' id='word_1_30' title='bbox 893 651 1137 709; x_wconf 94' lang='lat' dir='ltr'><strong>converti</strong></span> <span class='ocrx_word' id='word_1_31' title='bbox 1162 651 1228 706; x_wconf 89' lang='lat' dir='ltr'><strong>ad</strong></span> <span class='ocrx_word' id='word_1_32' title='bbox 1254 649 1561 712; x_wconf 86' lang='lat' dir='ltr'><strong>Dominum,</strong></span> <span class='ocrx_word' id='word_1_33' title='bbox 1593 657 1646 701; x_wconf 90' lang='lat' dir='ltr'><strong>et</strong></span> <span class='ocrx_word' id='word_1_34' title='bbox 1676 661 1744 701; x_wconf 92' lang='lat' dir='ltr'><strong>ne</strong></span> 
     </span>
    </p>
   </div>
   <div class='ocr_carea' id='block_1_6' title="bbox 160 735 1739 800">
    <p class='ocr_par' dir='ltr' id='par_1_6' title="bbox 160 735 1739 800">
     <span class='ocr_line' id='line_1_6' title="bbox 160 735 1739 800; baseline -0.006 -1"><span class='ocrx_word' id='word_1_35' title='bbox 160 743 374 800; x_wconf 70' lang='lat' dir='ltr'><strong>differas</strong></span> <span class='ocrx_word' id='word_1_36' title='bbox 395 745 462 800; x_wconf 90' lang='lat' dir='ltr'><strong>de</strong></span> <span class='ocrx_word' id='word_1_37' title='bbox 485 743 572 800; x_wconf 89' lang='lat' dir='ltr'><strong>die</strong></span> <span class='ocrx_word' id='word_1_38' title='bbox 592 744 647 798; x_wconf 90' lang='lat' dir='ltr'><strong>in</strong></span> <span class='ocrx_word' id='word_1_39' title='bbox 683 743 846 798; x_wconf 88' lang='lat' dir='ltr'><strong>diem.</strong></span> <span class='ocrx_word' id='word_1_40' title='bbox 879 741 1071 797; x_wconf 89' lang='lat' dir='ltr'><strong>Subito</strong></span> <span class='ocrx_word' id='word_1_41' title='bbox 1095 741 1240 796; x_wconf 91' lang='lat' dir='ltr'><strong>enim</strong></span> <span class='ocrx_word' id='word_1_42' title='bbox 1266 738 1447 793; x_wconf 90' lang='lat' dir='ltr'><strong>veniet</strong></span> <span class='ocrx_word' id='word_1_43' title='bbox 1475 738 1551 790; x_wconf 90' lang='lat' dir='ltr'><strong>ira</strong></span> <span class='ocrx_word' id='word_1_44' title='bbox 1577 735 1739 800; x_wconf 89' lang='lat' dir='ltr'><strong>illius,</strong></span> 
     </span>
    </p>
   </div>
   <div class='ocr_carea' id='block_1_7' title="bbox 156 827 1740 905">
    <p class='ocr_par' dir='ltr' id='par_1_7' title="bbox 156 827 1740 905">
     <span class='ocr_line' id='line_1_7' title="bbox 156 827 1740 905; baseline -0.005 -16"><span class='ocrx_word' id='word_1_45' title='bbox 156 843 210 889; x_wconf 89' lang='lat' dir='ltr'><strong>et</strong></span> <span class='ocrx_word' id='word_1_46' title='bbox 230 835 282 889; x_wconf 91' lang='lat' dir='ltr'><strong>in</strong></span> <span class='ocrx_word' id='word_1_47' title='bbox 313 844 558 905; x_wconf 89' lang='lat' dir='ltr'><strong>tempore</strong></span> <span class='ocrx_word' id='word_1_48' title='bbox 585 832 836 888; x_wconf 72' lang='lat' dir='ltr'><strong>vindicta:</strong></span> <span class='ocrx_word' id='word_1_49' title='bbox 860 832 1135 903; x_wconf 89' lang='lat' dir='ltr'><strong>disperdet</strong></span> <span class='ocrx_word' id='word_1_50' title='bbox 1158 840 1227 884; x_wconf 88' lang='lat' dir='ltr'><strong>te.</strong></span> <span class='ocrx_word' id='word_1_51' title='bbox 1261 828 1375 883; x_wconf 88' lang='lat' dir='ltr'><strong>Noli</strong></span> <span class='ocrx_word' id='word_1_52' title='bbox 1406 827 1598 882; x_wconf 80' lang='lat' dir='ltr'><strong>anxius</strong></span> <span class='ocrx_word' id='word_1_53' title='bbox 1621 842 1740 882; x_wconf 90' lang='lat' dir='ltr'><strong>esse</strong></span> 
     </span>
    </p>
   </div>
   <div class='ocr_carea' id='block_1_8' title="bbox 157 917 1738 994">
    <p class='ocr_par' dir='ltr' id='par_1_8' title="bbox 157 917 1738 994">
     <span class='ocr_line' id='line_1_8' title="bbox 157 917 1738 994; baseline -0.004 -17"><span class='ocrx_word' id='word_1_54' title='bbox 157 925 205 978; x_wconf 94' lang='lat' dir='ltr'><strong>in</strong></span> <span class='ocrx_word' id='word_1_55' title='bbox 227 925 431 979; x_wconf 73' lang='lat' dir='ltr'><strong>divitiis</strong></span> <span class='ocrx_word' id='word_1_56' title='bbox 458 923 696 994; x_wconf 89' lang='lat' dir='ltr'><strong>injustis,</strong></span> <span class='ocrx_word' id='word_1_57' title='bbox 733 922 870 977; x_wconf 83' lang='lat' dir='ltr'><strong>nihil</strong></span> <span class='ocrx_word' id='word_1_58' title='bbox 914 924 1059 977; x_wconf 89' lang='lat' dir='ltr'><strong>enim</strong></span> <span class='ocrx_word' id='word_1_59' title='bbox 1102 921 1399 992; x_wconf 89' lang='lat' dir='ltr'><strong>proderunt</strong></span> <span class='ocrx_word' id='word_1_60' title='bbox 1440 917 1534 972; x_wconf 94' lang='lat' dir='ltr'><strong>tibi</strong></span> <span class='ocrx_word' id='word_1_61' title='bbox 1567 918 1619 971; x_wconf 92' lang='lat' dir='ltr'><strong>in</strong></span> <span class='ocrx_word' id='word_1_62' title='bbox 1650 917 1738 971; x_wconf 90' lang='lat' dir='ltr'><strong>die</strong></span> 
     </span>
    </p>
   </div>
   <div class='ocr_carea' id='block_1_9' title="bbox 155 1010 1736 1070">
    <p class='ocr_par' dir='ltr' id='par_1_9' title="bbox 155 1010 1736 1070">
     <span class='ocr_line' id='line_1_9' title="bbox 155 1010 1736 1070; baseline -0.005 -1"><span class='ocrx_word' id='word_1_63' title='bbox 155 1014 494 1070; x_wconf 85' lang='lat' dir='ltr'><strong>obductionis</strong></span> <span class='ocrx_word' id='word_1_64' title='bbox 529 1023 586 1070; x_wconf 93' lang='lat' dir='ltr'><strong>et</strong></span> <span class='ocrx_word' id='word_1_65' title='bbox 621 1013 893 1069; x_wconf 63' lang='lat' dir='ltr'><strong>vindicta).</strong></span> <span class='ocrx_word' id='word_1_66' title='bbox 923 1011 1040 1067; x_wconf 86' lang='lat' dir='ltr'><strong>Non</strong></span> <span class='ocrx_word' id='word_1_67' title='bbox 1085 1011 1315 1066; x_wconf 91' lang='lat' dir='ltr'><strong>ventiles</strong></span> <span class='ocrx_word' id='word_1_68' title='bbox 1344 1020 1395 1065; x_wconf 91' lang='lat' dir='ltr'><strong>te</strong></span> <span class='ocrx_word' id='word_1_69' title='bbox 1426 1010 1478 1063; x_wconf 91' lang='lat' dir='ltr'><strong>in</strong></span> <span class='ocrx_word' id='word_1_70' title='bbox 1519 1023 1736 1064; x_wconf 89' lang='lat' dir='ltr'><strong>omnem</strong></span> 
     </span>
    </p>
   </div>
   <div class='ocr_carea' id='block_1_10' title="bbox 155 1102 1738 1173">
    <p class='ocr_par' dir='ltr' id='par_1_10' title="bbox 155 1102 1738 1173">
     <span class='ocr_line' id='line_1_10' title="bbox 155 1102 1738 1173; baseline -0.003 -14"><span class='ocrx_word' id='word_1_71' title='bbox 155 1117 392 1173; x_wconf 89' lang='lat' dir='ltr'><strong>ventum,</strong></span> <span class='ocrx_word' id='word_1_72' title='bbox 431 1114 486 1162; x_wconf 92' lang='lat' dir='ltr'><strong>et</strong></span> <span class='ocrx_word' id='word_1_73' title='bbox 516 1121 622 1160; x_wconf 91' lang='lat' dir='ltr'><strong>non</strong></span> <span class='ocrx_word' id='word_1_74' title='bbox 647 1121 740 1162; x_wconf 90' lang='lat' dir='ltr'><strong>eas</strong></span> <span class='ocrx_word' id='word_1_75' title='bbox 766 1106 818 1160; x_wconf 92' lang='lat' dir='ltr'><strong>in</strong></span> <span class='ocrx_word' id='word_1_76' title='bbox 851 1104 998 1160; x_wconf 90' lang='lat' dir='ltr'><strong>omni</strong></span> <span class='ocrx_word' id='word_1_77' title='bbox 1023 1103 1132 1157; x_wconf 93' lang='lat' dir='ltr'><strong>via.</strong></span> <span class='ocrx_word' id='word_1_78' title='bbox 1163 1102 1255 1158; x_wconf 90' lang='lat' dir='ltr'><strong>Sic</strong></span> <span class='ocrx_word' id='word_1_79' title='bbox 1284 1103 1426 1156; x_wconf 92' lang='lat' dir='ltr'><strong>enim</strong></span> <span class='ocrx_word' id='word_1_80' title='bbox 1450 1108 1738 1171; x_wconf 43' lang='lat' dir='ltr'><strong>Ipeccator</strong></span> 
     </span>
    </p>
   </div>
   <div class='ocr_carea' id='block_1_11' title="bbox 154 1192 1734 1266">
    <p class='ocr_par' dir='ltr' id='par_1_11' title="bbox 154 1192 1734 1266">
     <span class='ocr_line' id='line_1_11' title="bbox 154 1192 1734 1266; baseline -0.003 -16"><span class='ocrx_word' id='word_1_81' title='bbox 154 1197 411 1265; x_wconf 80' lang='lat' dir='ltr'><strong>probatur</strong></span> <span class='ocrx_word' id='word_1_82' title='bbox 445 1197 643 1266; x_wconf 88' lang='lat' dir='ltr'><strong>duplici</strong></span> <span class='ocrx_word' id='word_1_83' title='bbox 670 1197 871 1266; x_wconf 80' lang='lat' dir='ltr'><strong>lingua.</strong></span> <span class='ocrx_word' id='word_1_84' title='bbox 902 1196 1032 1252; x_wconf 88' lang='lat' dir='ltr'><strong>Esto</strong></span> <span class='ocrx_word' id='word_1_85' title='bbox 1061 1195 1250 1250; x_wconf 83' lang='lat' dir='ltr'><strong>firmus</strong></span> <span class='ocrx_word' id='word_1_86' title='bbox 1285 1195 1337 1248; x_wconf 93' lang='lat' dir='ltr'><strong>in</strong></span> <span class='ocrx_word' id='word_1_87' title='bbox 1366 1194 1455 1248; x_wconf 90' lang='lat' dir='ltr'><strong>via</strong></span> <span class='ocrx_word' id='word_1_88' title='bbox 1486 1192 1734 1258; x_wconf 91' lang='lat' dir='ltr'><strong>Domini,</strong></span> 
     </span>
    </p>
   </div>
   <div class='ocr_carea' id='block_1_12' title="bbox 152 1285 1737 1355">
    <p class='ocr_par' dir='ltr' id='par_1_12' title="bbox 152 1285 1737 1355">
     <span class='ocr_line' id='line_1_12' title="bbox 152 1285 1737 1355; baseline -0.004 -13"><span class='ocrx_word' id='word_1_89' title='bbox 152 1289 274 1342; x_wconf 87' lang='lat' dir='ltr'><strong>etin</strong></span> <span class='ocrx_word' id='word_1_90' title='bbox 293 1289 534 1344; x_wconf 84' lang='lat' dir='ltr'><strong>veritate</strong></span> <span class='ocrx_word' id='word_1_91' title='bbox 577 1302 770 1342; x_wconf 90' lang='lat' dir='ltr'><strong>sensus</strong></span> <span class='ocrx_word' id='word_1_92' title='bbox 815 1286 890 1340; x_wconf 93' lang='lat' dir='ltr'><strong>tui</strong></span> <span class='ocrx_word' id='word_1_93' title='bbox 911 1295 967 1342; x_wconf 93' lang='lat' dir='ltr'><strong>et</strong></span> <span class='ocrx_word' id='word_1_94' title='bbox 992 1285 1217 1340; x_wconf 91' lang='lat' dir='ltr'><strong>scientia</strong></span> <span class='ocrx_word' id='word_1_95' title='bbox 1245 1324 1261 1350; x_wconf 91' lang='lat'><strong>,</strong></span> <span class='ocrx_word' id='word_1_96' title='bbox 1301 1293 1357 1338; x_wconf 90' lang='lat' dir='ltr'><strong>et</strong></span> <span class='ocrx_word' id='word_1_97' title='bbox 1380 1290 1737 1355; x_wconf 88' lang='lat' dir='ltr'><strong>prosequatur</strong></span> 
     </span>
    </p>
   </div>
   <div class='ocr_carea' id='block_1_13' title="bbox 153 1373 1736 1448">
    <p class='ocr_par' dir='ltr' id='par_1_13' title="bbox 153 1373 1736 1448">
     <span class='ocr_line' id='line_1_13' title="bbox 153 1373 1736 1448; baseline -0.004 -16"><span class='ocrx_word' id='word_1_98' title='bbox 153 1390 200 1434; x_wconf 88' lang='lat' dir='ltr'><strong>te</strong></span> <span class='ocrx_word' id='word_1_99' title='bbox 230 1380 459 1434; x_wconf 80' lang='lat' dir='ltr'><strong>verbum</strong></span> <span class='ocrx_word' id='word_1_100' title='bbox 495 1379 644 1448; x_wconf 84' lang='lat' dir='ltr'><strong>pacis</strong></span> <span class='ocrx_word' id='word_1_101' title='bbox 685 1387 738 1433; x_wconf 91' lang='lat' dir='ltr'><strong>et</strong></span> <span class='ocrx_word' id='word_1_102' title='bbox 765 1377 1012 1447; x_wconf 66' lang='lat' dir='ltr'><strong>iustitiae.</strong></span> <span class='ocrx_word' id='word_1_103' title='bbox 1037 1377 1167 1432; x_wconf 85' lang='lat' dir='ltr'><strong>Esto</strong></span> <span class='ocrx_word' id='word_1_104' title='bbox 1203 1383 1518 1430; x_wconf 91' lang='lat' dir='ltr'><strong>mansuetus</strong></span> <span class='ocrx_word' id='word_1_105' title='bbox 1544 1373 1611 1427; x_wconf 90' lang='lat' dir='ltr'><strong>ad</strong></span> <span class='ocrx_word' id='word_1_106' title='bbox 1638 1387 1736 1426; x_wconf 90' lang='lat' dir='ltr'><strong>au-</strong></span> 
     </span>
    </p>
   </div>
   <div class='ocr_carea' id='block_1_14' title="bbox 151 1461 1734 1537">
    <p class='ocr_par' dir='ltr' id='par_1_14' title="bbox 151 1461 1734 1537">
     <span class='ocr_line' id='line_1_14' title="bbox 151 1461 1734 1537; baseline -0.006 -14"><span class='ocrx_word' id='word_1_107' title='bbox 151 1469 402 1524; x_wconf 90' lang='lat' dir='ltr'><strong>diendum</strong></span> <span class='ocrx_word' id='word_1_108' title='bbox 440 1468 666 1524; x_wconf 86' lang='lat' dir='ltr'><strong>verbum</strong></span> <span class='ocrx_word' id='word_1_109' title='bbox 696 1476 757 1522; x_wconf 92' lang='lat' dir='ltr'><strong>ut</strong></span> <span class='ocrx_word' id='word_1_110' title='bbox 779 1467 1068 1537; x_wconf 80' lang='lat' dir='ltr'><strong>intelligas,</strong></span> <span class='ocrx_word' id='word_1_111' title='bbox 1105 1474 1160 1522; x_wconf 88' lang='lat' dir='ltr'><strong>et</strong></span> <span class='ocrx_word' id='word_1_112' title='bbox 1199 1479 1324 1520; x_wconf 92' lang='lat' dir='ltr'><strong>cum</strong></span> <span class='ocrx_word' id='word_1_113' title='bbox 1354 1463 1620 1535; x_wconf 89' lang='lat' dir='ltr'><strong>sapientia</strong></span> <span class='ocrx_word' id='word_1_114' title='bbox 1651 1461 1734 1516; x_wconf 92' lang='lat' dir='ltr'><strong>fer</strong></span> 
     </span>
    </p>
   </div>
   <div class='ocr_carea' id='block_1_15' title="bbox 151 1553 1732 1630">
    <p class='ocr_par' dir='ltr' id='par_1_15' title="bbox 151 1553 1732 1630">
     <span class='ocr_line' id='line_1_15' title="bbox 151 1553 1732 1630; baseline -0.003 -17"><span class='ocrx_word' id='word_1_115' title='bbox 151 1574 464 1630; x_wconf 85' lang='lat' dir='ltr'><strong>responsum</strong></span> <span class='ocrx_word' id='word_1_116' title='bbox 511 1573 722 1614; x_wconf 88' lang='lat' dir='ltr'><strong>verum.</strong></span> <span class='ocrx_word' id='word_1_117' title='bbox 766 1557 823 1613; x_wconf 91' lang='lat' dir='ltr'><strong>Si</strong></span> <span class='ocrx_word' id='word_1_118' title='bbox 859 1565 943 1614; x_wconf 89' lang='lat' dir='ltr'><strong>est</strong></span> <span class='ocrx_word' id='word_1_119' title='bbox 971 1557 1065 1612; x_wconf 87' lang='lat' dir='ltr'><strong>tibi</strong></span> <span class='ocrx_word' id='word_1_120' title='bbox 1118 1555 1424 1612; x_wconf 91' lang='lat' dir='ltr'><strong>intellectus</strong></span> <span class='ocrx_word' id='word_1_121' title='bbox 1468 1553 1732 1623; x_wconf 88' lang='lat' dir='ltr'><strong>responde</strong></span> 
     </span>
    </p>
   </div>
   <div class='ocr_carea' id='block_1_16' title="bbox 150 1650 1733 1720">
    <p class='ocr_par' dir='ltr' id='par_1_16' title="bbox 150 1650 1733 1720">
     <span class='ocr_line' id='line_1_16' title="bbox 150 1650 1733 1720; baseline -0.006 -14"><span class='ocrx_word' id='word_1_122' title='bbox 150 1650 412 1720; x_wconf 77' lang='lat' dir='ltr'><strong>proximo,</strong></span> <span class='ocrx_word' id='word_1_123' title='bbox 438 1650 521 1704; x_wconf 89' lang='lat' dir='ltr'><strong>sin</strong></span> <span class='ocrx_word' id='word_1_124' title='bbox 546 1657 750 1716; x_wconf 89' lang='lat' dir='ltr'><strong>autem,</strong></span> <span class='ocrx_word' id='word_1_125' title='bbox 781 1650 852 1705; x_wconf 85' lang='lat' dir='ltr'><strong>sit</strong></span> <span class='ocrx_word' id='word_1_126' title='bbox 871 1663 1064 1704; x_wconf 87' lang='lat' dir='ltr'><strong>manus</strong></span> <span class='ocrx_word' id='word_1_127' title='bbox 1091 1655 1181 1702; x_wconf 89' lang='lat' dir='ltr'><strong>tua</strong></span> <span class='ocrx_word' id='word_1_128' title='bbox 1211 1661 1375 1717; x_wconf 90' lang='lat' dir='ltr'><strong>super</strong></span> <span class='ocrx_word' id='word_1_129' title='bbox 1401 1660 1464 1702; x_wconf 92' lang='lat' dir='ltr'><strong>os</strong></span> <span class='ocrx_word' id='word_1_130' title='bbox 1485 1653 1635 1699; x_wconf 90' lang='lat' dir='ltr'><strong>tuum</strong></span> <span class='ocrx_word' id='word_1_131' title='bbox 1664 1659 1733 1698; x_wconf 87' lang='lat' dir='ltr'><strong>ne</strong></span> 
     </span>
    </p>
   </div>
   <div class='ocr_carea' id='block_1_17' title="bbox 150 1732 1731 1809">
    <p class='ocr_par' dir='ltr' id='par_1_17' title="bbox 150 1732 1731 1809">
     <span class='ocr_line' id='line_1_17' title="bbox 150 1732 1731 1809; baseline -0.003 -18"><span class='ocrx_word' id='word_1_132' title='bbox 150 1738 378 1806; x_wconf 87' lang='lat' dir='ltr'><strong>capiaris</strong></span> <span class='ocrx_word' id='word_1_133' title='bbox 410 1739 465 1792; x_wconf 94' lang='lat' dir='ltr'><strong>in</strong></span> <span class='ocrx_word' id='word_1_134' title='bbox 505 1738 672 1792; x_wconf 88' lang='lat' dir='ltr'><strong>verbo</strong></span> <span class='ocrx_word' id='word_1_135' title='bbox 722 1737 1120 1809; x_wconf 86' lang='lat' dir='ltr'><strong>indisciplinato</strong></span> <span class='ocrx_word' id='word_1_136' title='bbox 1151 1744 1207 1792; x_wconf 89' lang='lat' dir='ltr'><strong>et</strong></span> <span class='ocrx_word' id='word_1_137' title='bbox 1239 1733 1609 1799; x_wconf 86' lang='lat' dir='ltr'><strong>confundaris,</strong></span> <span class='ocrx_word' id='word_1_138' title='bbox 1637 1732 1731 1786; x_wconf 91' lang='lat' dir='ltr'><strong>ho-</strong></span> 
     </span>
    </p>
   </div>
   <div class='ocr_carea' id='block_1_18' title="bbox 149 1825 1728 1900">
    <p class='ocr_par' dir='ltr' id='par_1_18' title="bbox 149 1825 1728 1900">
     <span class='ocr_line' id='line_1_18' title="bbox 149 1825 1728 1900; baseline -0.001 -18"><span class='ocrx_word' id='word_1_139' title='bbox 149 1844 240 1884; x_wconf 90' lang='lat' dir='ltr'><strong>nor</strong></span> <span class='ocrx_word' id='word_1_140' title='bbox 256 1838 311 1884; x_wconf 90' lang='lat' dir='ltr'><strong>et</strong></span> <span class='ocrx_word' id='word_1_141' title='bbox 337 1829 512 1900; x_wconf 82' lang='lat' dir='ltr'><strong>gloria</strong></span> <span class='ocrx_word' id='word_1_142' title='bbox 538 1830 590 1883; x_wconf 95' lang='lat' dir='ltr'><strong>in</strong></span> <span class='ocrx_word' id='word_1_143' title='bbox 619 1845 868 1886; x_wconf 89' lang='lat' dir='ltr'><strong>sermone</strong></span> <span class='ocrx_word' id='word_1_144' title='bbox 897 1829 1126 1896; x_wconf 86' lang='lat' dir='ltr'><strong>sensati,</strong></span> <span class='ocrx_word' id='word_1_145' title='bbox 1151 1828 1334 1899; x_wconf 79' lang='lat' dir='ltr'><strong>lingua</strong></span> <span class='ocrx_word' id='word_1_146' title='bbox 1366 1825 1728 1896; x_wconf 87' lang='lat' dir='ltr'><strong>imprudentis</strong></span> 
     </span>
    </p>
   </div>
   <div class='ocr_carea' id='block_1_19' title="bbox 1850 634 3432 713">
    <p class='ocr_par' dir='ltr' id='par_1_19' title="bbox 1850 634 3432 713">
     <span class='ocr_line' id='line_1_19' title="bbox 1850 634 3432 713; baseline -0.004 -17"><span class='ocrx_word' id='word_1_147' title='bbox 1850 643 2057 713; x_wconf 91' lang='lat' dir='ltr'><strong>perium</strong></span> <span class='ocrx_word' id='word_1_148' title='bbox 2088 641 2231 694; x_wconf 92' lang='lat' dir='ltr'><strong>enim</strong></span> <span class='ocrx_word' id='word_1_149' title='bbox 2262 647 2316 692; x_wconf 92' lang='lat' dir='ltr'><strong>et</strong></span> <span class='ocrx_word' id='word_1_150' title='bbox 2347 637 2728 692; x_wconf 85' lang='lat' dir='ltr'><strong>contumeliam</strong></span> <span class='ocrx_word' id='word_1_151' title='bbox 2776 635 2951 691; x_wconf 92' lang='lat' dir='ltr'><strong>malus</strong></span> <span class='ocrx_word' id='word_1_152' title='bbox 2977 634 3337 697; x_wconf 71' lang='lat' dir='ltr'><strong>htereditabit,</strong></span> <span class='ocrx_word' id='word_1_153' title='bbox 3376 644 3432 691; x_wconf 91' lang='lat' dir='ltr'><strong>et</strong></span> 
     </span>
    </p>
   </div>
   <div class='ocr_carea' id='block_1_20' title="bbox 1847 725 3432 802">
    <p class='ocr_par' dir='ltr' id='par_1_20' title="bbox 1847 725 3432 802">
     <span class='ocr_line' id='line_1_20' title="bbox 1847 725 3432 802; baseline -0.005 -14"><span class='ocrx_word' id='word_1_154' title='bbox 1847 733 2024 788; x_wconf 91' lang='lat' dir='ltr'><strong>omnis</strong></span> <span class='ocrx_word' id='word_1_155' title='bbox 2050 739 2303 802; x_wconf 89' lang='lat' dir='ltr'><strong>peccator</strong></span> <span class='ocrx_word' id='word_1_156' title='bbox 2334 729 2546 783; x_wconf 84' lang='lat' dir='ltr'><strong>invidus</strong></span> <span class='ocrx_word' id='word_1_157' title='bbox 2570 737 2626 782; x_wconf 93' lang='lat' dir='ltr'><strong>et</strong></span> <span class='ocrx_word' id='word_1_158' title='bbox 2668 727 2942 796; x_wconf 81' lang='lat' dir='ltr'><strong>bilinguis.</strong></span> <span class='ocrx_word' id='word_1_159' title='bbox 2975 727 3092 781; x_wconf 88' lang='lat' dir='ltr'><strong>Non</strong></span> <span class='ocrx_word' id='word_1_160' title='bbox 3123 734 3174 780; x_wconf 91' lang='lat' dir='ltr'><strong>te</strong></span> <span class='ocrx_word' id='word_1_161' title='bbox 3202 725 3432 780; x_wconf 86' lang='lat' dir='ltr'><strong>extollas</strong></span> 
     </span>
    </p>
   </div>
   <div class='ocr_carea' id='block_1_21' title="bbox 1845 815 3436 893">
    <p class='ocr_par' dir='ltr' id='par_1_21' title="bbox 1845 815 3436 893">
     <span class='ocr_line' id='line_1_21' title="bbox 1845 815 3436 893; baseline -0.005 -15"><span class='ocrx_word' id='word_1_162' title='bbox 1845 825 1899 878; x_wconf 91' lang='lat' dir='ltr'><strong>in</strong></span> <span class='ocrx_word' id='word_1_163' title='bbox 1928 823 2255 893; x_wconf 80' lang='lat' dir='ltr'><strong>cogitatione</strong></span> <span class='ocrx_word' id='word_1_164' title='bbox 2283 820 2477 875; x_wconf 75' lang='lat' dir='ltr'><strong>anima:</strong></span> <span class='ocrx_word' id='word_1_165' title='bbox 2521 828 2627 874; x_wconf 63' lang='lat' dir='ltr'><strong>tua:</strong></span> <span class='ocrx_word' id='word_1_166' title='bbox 2657 819 2807 874; x_wconf 91' lang='lat' dir='ltr'><strong>velut</strong></span> <span class='ocrx_word' id='word_1_167' title='bbox 2837 826 3047 883; x_wconf 84' lang='lat' dir='ltr'><strong>taurus,</strong></span> <span class='ocrx_word' id='word_1_168' title='bbox 3077 832 3143 872; x_wconf 93' lang='lat' dir='ltr'><strong>ne</strong></span> <span class='ocrx_word' id='word_1_169' title='bbox 3173 816 3311 872; x_wconf 90' lang='lat' dir='ltr'><strong>forte</strong></span> <span class='ocrx_word' id='word_1_170' title='bbox 3335 815 3436 872; x_wconf 90' lang='lat' dir='ltr'><strong>eli-</strong></span> 
     </span>
    </p>
   </div>
   <div class='ocr_carea' id='block_1_22' title="bbox 1844 909 3430 980">
    <p class='ocr_par' dir='ltr' id='par_1_22' title="bbox 1844 909 3430 980">
     <span class='ocr_line' id='line_1_22' title="bbox 1844 909 3430 980; baseline -0.004 -12"><span class='ocrx_word' id='word_1_171' title='bbox 1844 913 2003 968; x_wconf 87' lang='lat' dir='ltr'><strong>datur</strong></span> <span class='ocrx_word' id='word_1_172' title='bbox 2027 914 2199 967; x_wconf 89' lang='lat' dir='ltr'><strong>virtus</strong></span> <span class='ocrx_word' id='word_1_173' title='bbox 2241 920 2332 964; x_wconf 90' lang='lat' dir='ltr'><strong>tua</strong></span> <span class='ocrx_word' id='word_1_174' title='bbox 2363 925 2526 980; x_wconf 89' lang='lat' dir='ltr'><strong>super</strong></span> <span class='ocrx_word' id='word_1_175' title='bbox 2555 910 2866 976; x_wconf 88' lang='lat' dir='ltr'><strong>stultitiam,</strong></span> <span class='ocrx_word' id='word_1_176' title='bbox 2891 919 2946 964; x_wconf 92' lang='lat' dir='ltr'><strong>et</strong></span> <span class='ocrx_word' id='word_1_177' title='bbox 2969 909 3095 964; x_wconf 92' lang='lat' dir='ltr'><strong>folia</strong></span> <span class='ocrx_word' id='word_1_178' title='bbox 3132 916 3221 962; x_wconf 91' lang='lat' dir='ltr'><strong>tua</strong></span> <span class='ocrx_word' id='word_1_179' title='bbox 3247 923 3430 962; x_wconf 57' lang='lat' dir='ltr'><strong>come.</strong></span> 
     </span>
    </p>
   </div>
   <div class='ocr_carea' id='block_1_23' title="bbox 1844 999 3434 1074">
    <p class='ocr_par' dir='ltr' id='par_1_23' title="bbox 1844 999 3434 1074">
     <span class='ocr_line' id='line_1_23' title="bbox 1844 999 3434 1074; baseline -0.004 -13"><span class='ocrx_word' id='word_1_180' title='bbox 1844 1008 1937 1061; x_wconf 91' lang='lat' dir='ltr'><strong>dat</strong></span> <span class='ocrx_word' id='word_1_181' title='bbox 1992 1016 2047 1062; x_wconf 90' lang='lat' dir='ltr'><strong>et</strong></span> <span class='ocrx_word' id='word_1_182' title='bbox 2100 1005 2311 1060; x_wconf 90' lang='lat' dir='ltr'><strong>fructus</strong></span> <span class='ocrx_word' id='word_1_183' title='bbox 2366 1012 2488 1058; x_wconf 91' lang='lat' dir='ltr'><strong>tuos</strong></span> <span class='ocrx_word' id='word_1_184' title='bbox 2529 1003 2757 1074; x_wconf 90' lang='lat' dir='ltr'><strong>perdat,</strong></span> <span class='ocrx_word' id='word_1_185' title='bbox 2808 1012 2863 1058; x_wconf 93' lang='lat' dir='ltr'><strong>et</strong></span> <span class='ocrx_word' id='word_1_186' title='bbox 2907 1001 3228 1072; x_wconf 88' lang='lat' dir='ltr'><strong>relinquaris</strong></span> <span class='ocrx_word' id='word_1_187' title='bbox 3284 999 3434 1055; x_wconf 85' lang='lat' dir='ltr'><strong>velut</strong></span> 
     </span>
    </p>
   </div>
   <div class='ocr_carea' id='block_1_24' title="bbox 1842 1094 3432 1168">
    <p class='ocr_par' dir='ltr' id='par_1_24' title="bbox 1842 1094 3432 1168">
     <span class='ocr_line' id='line_1_24' title="bbox 1842 1094 3432 1168; baseline -0.004 -16"><span class='ocrx_word' id='word_1_188' title='bbox 1842 1098 2044 1168; x_wconf 79' lang='lat' dir='ltr'><strong>lignum</strong></span> <span class='ocrx_word' id='word_1_189' title='bbox 2099 1097 2312 1152; x_wconf 90' lang='lat' dir='ltr'><strong>aridum</strong></span> <span class='ocrx_word' id='word_1_190' title='bbox 2365 1097 2418 1150; x_wconf 91' lang='lat' dir='ltr'><strong>in</strong></span> <span class='ocrx_word' id='word_1_191' title='bbox 2474 1110 2680 1150; x_wconf 89' lang='lat' dir='ltr'><strong>eremo.</strong></span> <span class='ocrx_word' id='word_1_192' title='bbox 2737 1095 2929 1149; x_wconf 86' lang='lat' dir='ltr'><strong>Anima</strong></span> <span class='ocrx_word' id='word_1_193' title='bbox 2980 1094 3127 1149; x_wconf 91' lang='lat' dir='ltr'><strong>enim</strong></span> <span class='ocrx_word' id='word_1_194' title='bbox 3197 1108 3432 1162; x_wconf 85' lang='lat' dir='ltr'><strong>nequam</strong></span> 
     </span>
    </p>
   </div>
   <div class='ocr_carea' id='block_1_25' title="bbox 1841 1186 3431 1260">
    <p class='ocr_par' dir='ltr' id='par_1_25' title="bbox 1841 1186 3431 1260">
     <span class='ocr_line' id='line_1_25' title="bbox 1841 1186 3431 1260; baseline -0.002 -16"><span class='ocrx_word' id='word_1_195' title='bbox 1841 1189 2103 1260; x_wconf 88' lang='lat' dir='ltr'><strong>disperdit</strong></span> <span class='ocrx_word' id='word_1_196' title='bbox 2137 1189 2313 1258; x_wconf 92' lang='lat' dir='ltr'><strong>quise</strong></span> <span class='ocrx_word' id='word_1_197' title='bbox 2355 1187 2539 1252; x_wconf 85' lang='lat' dir='ltr'><strong>habet,</strong></span> <span class='ocrx_word' id='word_1_198' title='bbox 2588 1196 2642 1242; x_wconf 92' lang='lat' dir='ltr'><strong>et</strong></span> <span class='ocrx_word' id='word_1_199' title='bbox 2680 1188 2733 1241; x_wconf 91' lang='lat' dir='ltr'><strong>in</strong></span> <span class='ocrx_word' id='word_1_200' title='bbox 2783 1187 3033 1258; x_wconf 77' lang='lat' dir='ltr'><strong>gaudium</strong></span> <span class='ocrx_word' id='word_1_201' title='bbox 3071 1186 3305 1241; x_wconf 91' lang='lat' dir='ltr'><strong>inimicis</strong></span> <span class='ocrx_word' id='word_1_202' title='bbox 3337 1186 3431 1241; x_wconf 87' lang='lat' dir='ltr'><strong>dat</strong></span> 
     </span>
    </p>
   </div>
   <div class='ocr_carea' id='block_1_26' title="bbox 1839 1274 3422 1348">
    <p class='ocr_par' dir='ltr' id='par_1_26' title="bbox 1839 1274 3422 1348">
     <span class='ocr_line' id='line_1_26' title="bbox 1839 1274 3422 1348; baseline -0.006 -12"><span class='ocrx_word' id='word_1_203' title='bbox 1839 1281 2016 1346; x_wconf 89' lang='lat' dir='ltr'><strong>illum,</strong></span> <span class='ocrx_word' id='word_1_204' title='bbox 2037 1289 2092 1335; x_wconf 91' lang='lat' dir='ltr'><strong>et</strong></span> <span class='ocrx_word' id='word_1_205' title='bbox 2119 1279 2416 1335; x_wconf 90' lang='lat' dir='ltr'><strong>deducetin</strong></span> <span class='ocrx_word' id='word_1_206' title='bbox 2440 1287 2641 1334; x_wconf 81' lang='lat' dir='ltr'><strong>sortem</strong></span> <span class='ocrx_word' id='word_1_207' title='bbox 2675 1278 2960 1348; x_wconf 90' lang='lat' dir='ltr'><strong>impiorum</strong></span> <span class='ocrx_word' id='word_1_208' title='bbox 2985 1275 3174 1346; x_wconf 80' lang='lat' dir='ltr'><strong>(Eccli.</strong></span> <span class='ocrx_word' id='word_1_209' title='bbox 3193 1292 3249 1342; x_wconf 94' lang='lat' dir='ltr'><strong>v,</strong></span> <span class='ocrx_word' id='word_1_210' title='bbox 3271 1274 3369 1345; x_wconf 79' lang='lat' dir='ltr'><strong>vi).</strong></span> <span class='ocrx_word' id='word_1_211' title='bbox 3403 1294 3422 1326; x_wconf 71' lang='grc' dir='ltr'>ι</span> 
     </span>
    </p>
   </div>
   <div class='ocr_carea' id='block_1_27' title="bbox 1839 1364 3431 1440">
    <p class='ocr_par' dir='ltr' id='par_1_27' title="bbox 1839 1364 3431 1440">
     <span class='ocr_line' id='line_1_27' title="bbox 1839 1364 3431 1440; baseline -0.007 -12"><span class='ocrx_word' id='word_1_212' title='bbox 1839 1371 2185 1434; x_wconf 81' lang='lat' dir='ltr'><strong>Charissimi,</strong></span> <span class='ocrx_word' id='word_1_213' title='bbox 2210 1385 2498 1440; x_wconf 89' lang='lat' dir='ltr'><strong>oppressos</strong></span> <span class='ocrx_word' id='word_1_214' title='bbox 2519 1369 2728 1438; x_wconf 91' lang='lat' dir='ltr'><strong>erigere</strong></span> <span class='ocrx_word' id='word_1_215' title='bbox 2747 1367 2979 1432; x_wconf 89' lang='lat' dir='ltr'><strong>studete,</strong></span> <span class='ocrx_word' id='word_1_216' title='bbox 3008 1376 3062 1421; x_wconf 90' lang='lat' dir='ltr'><strong>et</strong></span> <span class='ocrx_word' id='word_1_217' title='bbox 3088 1379 3309 1420; x_wconf 91' lang='lat' dir='ltr'><strong>necesse</strong></span> <span class='ocrx_word' id='word_1_218' title='bbox 3337 1364 3431 1418; x_wconf 84' lang='lat' dir='ltr'><strong>ha-</strong></span> 
     </span>
    </p>
   </div>
   <div class='ocr_carea' id='block_1_28' title="bbox 1837 1452 3431 1530">
    <p class='ocr_par' dir='ltr' id='par_1_28' title="bbox 1837 1452 3431 1530">
     <span class='ocr_line' id='line_1_28' title="bbox 1837 1452 3431 1530; baseline -0.006 -15"><span class='ocrx_word' id='word_1_219' title='bbox 1837 1461 2027 1516; x_wconf 89' lang='lat' dir='ltr'><strong>bentes</strong></span> <span class='ocrx_word' id='word_1_220' title='bbox 2053 1458 2277 1530; x_wconf 79' lang='lat' dir='ltr'><strong>semperi</strong></span> <span class='ocrx_word' id='word_1_221' title='bbox 2316 1459 2588 1527; x_wconf 91' lang='lat' dir='ltr'><strong>adjuvate,</strong></span> <span class='ocrx_word' id='word_1_222' title='bbox 2619 1458 2876 1529; x_wconf 89' lang='lat' dir='ltr'><strong>quoniam</strong></span> <span class='ocrx_word' id='word_1_223' title='bbox 2909 1457 2999 1526; x_wconf 90' lang='lat' dir='ltr'><strong>qui</strong></span> <span class='ocrx_word' id='word_1_224' title='bbox 3028 1455 3251 1510; x_wconf 81' lang='lat' dir='ltr'><strong>fratrem</strong></span> <span class='ocrx_word' id='word_1_225' title='bbox 3294 1452 3431 1508; x_wconf 73' lang='lat' dir='ltr'><strong>all]?—</strong></span> 
     </span>
    </p>
   </div>
   <div class='ocr_carea' id='block_1_29' title="bbox 1836 1549 3424 1619">
    <p class='ocr_par' dir='ltr' id='par_1_29' title="bbox 1836 1549 3424 1619">
     <span class='ocr_line' id='line_1_29' title="bbox 1836 1549 3424 1619; baseline -0.006 -12"><span class='ocrx_word' id='word_1_226' title='bbox 1836 1560 1982 1607; x_wconf 90' lang='lat' dir='ltr'><strong>ctum</strong></span> <span class='ocrx_word' id='word_1_227' title='bbox 2009 1551 2212 1606; x_wconf 90' lang='lat' dir='ltr'><strong>relevat</strong></span> <span class='ocrx_word' id='word_1_228' title='bbox 2232 1550 2627 1619; x_wconf 87' lang='lat' dir='ltr'><strong>apprehensum</strong></span> <span class='ocrx_word' id='word_1_229' title='bbox 2657 1549 2840 1618; x_wconf 84' lang='lat' dir='ltr'><strong>eripit,</strong></span> <span class='ocrx_word' id='word_1_230' title='bbox 2874 1555 3195 1602; x_wconf 55' lang='lat' dir='ltr'><strong>maerentem</strong></span> <span class='ocrx_word' id='word_1_231' title='bbox 3223 1558 3424 1599; x_wconf 86' lang='lat' dir='ltr'><strong>conso—</strong></span> 
     </span>
    </p>
   </div>
   <div class='ocr_carea' id='block_1_30' title="bbox 1834 1626 3425 1711">
    <p class='ocr_par' dir='ltr' id='par_1_30' title="bbox 1834 1626 3425 1711">
     <span class='ocr_line' id='line_1_30' title="bbox 1834 1626 3425 1711; baseline -0.006 -12"><span class='ocrx_word' id='word_1_232' title='bbox 1834 1644 1998 1709; x_wconf 91' lang='lat' dir='ltr'><strong>latur,</strong></span> <span class='ocrx_word' id='word_1_233' title='bbox 2017 1643 2197 1698; x_wconf 86' lang='lat' dir='ltr'><strong>abillo</strong></span> <span class='ocrx_word' id='word_1_234' title='bbox 2220 1626 2321 1698; x_wconf 82' lang='lat' dir='ltr'><strong>sibi</strong></span> <span class='ocrx_word' id='word_1_235' title='bbox 2352 1642 2575 1697; x_wconf 86' lang='lat' dir='ltr'><strong>retribui</strong></span> <span class='ocrx_word' id='word_1_236' title='bbox 2604 1641 2691 1697; x_wconf 89' lang='lat' dir='ltr'><strong>cui</strong></span> <span class='ocrx_word' id='word_1_237' title='bbox 2718 1650 2884 1695; x_wconf 89' lang='lat' dir='ltr'><strong>totum</strong></span> <span class='ocrx_word' id='word_1_238' title='bbox 2911 1639 3171 1711; x_wconf 90' lang='lat' dir='ltr'><strong>impendit</strong></span> <span class='ocrx_word' id='word_1_239' title='bbox 3193 1653 3298 1693; x_wconf 90' lang='lat' dir='ltr'><strong>non</strong></span> <span class='ocrx_word' id='word_1_240' title='bbox 3322 1637 3425 1690; x_wconf 94' lang='lat' dir='ltr'><strong>du-</strong></span> 
     </span>
    </p>
   </div>
   <div class='ocr_carea' id='block_1_31' title="bbox 1833 1727 3423 1806">
    <p class='ocr_par' dir='ltr' id='par_1_31' title="bbox 1833 1727 3423 1806">
     <span class='ocr_line' id='line_1_31' title="bbox 1833 1727 3423 1806; baseline -0.006 -15"><span class='ocrx_word' id='word_1_241' title='bbox 1833 1737 1970 1792; x_wconf 89' lang='lat' dir='ltr'><strong>bitet</strong></span> <span class='ocrx_word' id='word_1_242' title='bbox 1989 1737 2081 1806; x_wconf 89' lang='lat' dir='ltr'><strong>qui</strong></span> <span class='ocrx_word' id='word_1_243' title='bbox 2111 1736 2226 1790; x_wconf 87' lang='lat' dir='ltr'><strong>ait:</strong></span> <span class='ocrx_word' id='word_1_244' title='bbox 2262 1754 2280 1787; x_wconf 82' lang='grc'><strong>‹</strong></span> <span class='ocrx_word' id='word_1_245' title='bbox 2311 1734 2464 1801; x_wconf 86' lang='lat' dir='ltr'><strong>Quod</strong></span> <span class='ocrx_word' id='word_1_246' title='bbox 2515 1735 2603 1788; x_wconf 89' lang='lat' dir='ltr'><strong>uni</strong></span> <span class='ocrx_word' id='word_1_247' title='bbox 2661 1749 2728 1789; x_wconf 84' lang='lat' dir='ltr'><strong>ex</strong></span> <span class='ocrx_word' id='word_1_248' title='bbox 2768 1732 3006 1787; x_wconf 85' lang='lat' dir='ltr'><strong>minimis</strong></span> <span class='ocrx_word' id='word_1_249' title='bbox 3034 1730 3168 1786; x_wconf 93' lang='lat' dir='ltr'><strong>meis</strong></span> <span class='ocrx_word' id='word_1_250' title='bbox 3197 1727 3423 1792; x_wconf 79' lang='lat' dir='ltr'><strong>fecistis,</strong></span> 
     </span>
    </p>
   </div>
   <div class='ocr_carea' id='block_1_32' title="bbox 1834 1821 3429 1889">
    <p class='ocr_par' dir='ltr' id='par_1_32' title="bbox 1834 1821 3429 1889">
     <span class='ocr_line' id='line_1_32' title="bbox 1834 1821 3429 1889; baseline -0.006 -7"><span class='ocrx_word' id='word_1_251' title='bbox 1834 1827 1967 1882; x_wconf 69' lang='lat' dir='ltr'><strong>mihi</strong></span> <span class='ocrx_word' id='word_1_252' title='bbox 1994 1826 2222 1882; x_wconf 84' lang='lat' dir='ltr'><strong>fecistis.</strong></span> <span class='ocrx_word' id='word_1_253' title='bbox 2263 1844 2281 1878; x_wconf 74' lang='grc' dir='ltr'><strong><em>ι</em></strong></span> <span class='ocrx_word' id='word_1_254' title='bbox 2314 1825 2522 1879; x_wconf 88' lang='lat' dir='ltr'><strong>Taliter</strong></span> <span class='ocrx_word' id='word_1_255' title='bbox 2537 1824 2682 1878; x_wconf 91' lang='lat' dir='ltr'><strong>enim</strong></span> <span class='ocrx_word' id='word_1_256' title='bbox 2705 1824 2848 1878; x_wconf 90' lang='lat' dir='ltr'><strong>bona</strong></span> <span class='ocrx_word' id='word_1_257' title='bbox 2874 1821 3244 1876; x_wconf 88' lang='lat' dir='ltr'><strong>indesinenter</strong></span> <span class='ocrx_word' id='word_1_258' title='bbox 3264 1833 3429 1889; x_wconf 87' lang='lat' dir='ltr'><strong>agere</strong></span> 
     </span>
    </p>
   </div>
   <div class='ocr_carea' id='block_1_33' title="bbox 148 1908 3422 1992">
    <p class='ocr_par' dir='ltr' id='par_1_33' title="bbox 148 1908 3422 1992">
     <span class='ocr_line' id='line_1_33' title="bbox 148 1908 3422 1992; baseline -0.003 -18"><span class='ocrx_word' id='word_1_259' title='bbox 148 1920 424 1976; x_wconf 85' lang='lat' dir='ltr'><strong>subversio</strong></span> <span class='ocrx_word' id='word_1_260' title='bbox 448 1921 637 1990; x_wconf 76' lang='lat' dir='ltr'><strong>ipsius.</strong></span> <span class='ocrx_word' id='word_1_261' title='bbox 671 1920 788 1975; x_wconf 86' lang='lat' dir='ltr'><strong>Non</strong></span> <span class='ocrx_word' id='word_1_262' title='bbox 811 1921 1102 1992; x_wconf 88' lang='lat' dir='ltr'><strong>appelleris</strong></span> <span class='ocrx_word' id='word_1_263' title='bbox 1125 1934 1372 1984; x_wconf 88' lang='lat' dir='ltr'><strong>susurro,</strong></span> <span class='ocrx_word' id='word_1_264' title='bbox 1397 1925 1452 1974; x_wconf 93' lang='lat' dir='ltr'><strong>et</strong></span> <span class='ocrx_word' id='word_1_265' title='bbox 1472 1918 1524 1972; x_wconf 93' lang='lat' dir='ltr'><strong>in</strong></span> <span class='ocrx_word' id='word_1_266' title='bbox 1547 1917 1727 1988; x_wconf 85' lang='lat' dir='ltr'><strong>lingua</strong></span> <span class='ocrx_word' id='word_1_267' title='bbox 1760 1908 1804 1968; x_wconf 85' lang='grc' dir='ltr'><strong>Β</strong></span> <span class='ocrx_word' id='word_1_268' title='bbox 1832 1921 2061 1983; x_wconf 88' lang='lat' dir='ltr'><strong>studete,</strong></span> <span class='ocrx_word' id='word_1_269' title='bbox 2089 1928 2148 1974; x_wconf 90' lang='lat' dir='ltr'><strong>ut</strong></span> <span class='ocrx_word' id='word_1_270' title='bbox 2171 1917 2402 1974; x_wconf 89' lang='lat' dir='ltr'><strong>fructum</strong></span> <span class='ocrx_word' id='word_1_271' title='bbox 2424 1916 2549 1972; x_wconf 91' lang='lat' dir='ltr'><strong>boni</strong></span> <span class='ocrx_word' id='word_1_272' title='bbox 2579 1915 2759 1986; x_wconf 90' lang='lat' dir='ltr'><strong>operis</strong></span> <span class='ocrx_word' id='word_1_273' title='bbox 2786 1922 2842 1969; x_wconf 93' lang='lat' dir='ltr'><strong>et</strong></span> <span class='ocrx_word' id='word_1_274' title='bbox 2878 1914 2966 1968; x_wconf 89' lang='lat' dir='ltr'><strong>hic</strong></span> <span class='ocrx_word' id='word_1_275' title='bbox 2989 1909 3422 1982; x_wconf 92' lang='lat' dir='ltr'><strong>consequamini,</strong></span> 
     </span>
    </p>
   </div>
   <div class='ocr_carea' id='block_1_34' title="bbox 149 2007 1725 2081">
    <p class='ocr_par' dir='ltr' id='par_1_34' title="bbox 149 2007 1725 2081">
     <span class='ocr_line' id='line_1_34' title="bbox 149 2007 1725 2081; baseline -0.001 -17"><span class='ocrx_word' id='word_1_276' title='bbox 149 2020 320 2066; x_wconf 88' lang='lat' dir='ltr'><strong>tuane</strong></span> <span class='ocrx_word' id='word_1_277' title='bbox 350 2011 586 2081; x_wconf 89' lang='lat' dir='ltr'><strong>capiaris</strong></span> <span class='ocrx_word' id='word_1_278' title='bbox 615 2019 670 2064; x_wconf 88' lang='lat' dir='ltr'><strong>et</strong></span> <span class='ocrx_word' id='word_1_279' title='bbox 714 2010 1082 2066; x_wconf 88' lang='lat' dir='ltr'><strong>confundaris.</strong></span> <span class='ocrx_word' id='word_1_280' title='bbox 1134 2009 1308 2079; x_wconf 88' lang='lat' dir='ltr'><strong>Super</strong></span> <span class='ocrx_word' id='word_1_281' title='bbox 1353 2008 1527 2064; x_wconf 89' lang='lat' dir='ltr'><strong>furem</strong></span> <span class='ocrx_word' id='word_1_282' title='bbox 1579 2007 1725 2063; x_wconf 90' lang='lat' dir='ltr'><strong>enim</strong></span> 
     </span>
    </p>
   </div>
   <div class='ocr_carea' id='block_1_35' title="bbox 151 2098 1727 2171">
    <p class='ocr_par' dir='ltr' id='par_1_35' title="bbox 151 2098 1727 2171">
     <span class='ocr_line' id='line_1_35' title="bbox 151 2098 1727 2171; baseline -0.001 -17"><span class='ocrx_word' id='word_1_283' title='bbox 151 2110 221 2154; x_wconf 85' lang='lat' dir='ltr'><strong>est</strong></span> <span class='ocrx_word' id='word_1_284' title='bbox 243 2098 492 2155; x_wconf 83' lang='lat' dir='ltr'><strong>confusio</strong></span> <span class='ocrx_word' id='word_1_285' title='bbox 519 2109 575 2154; x_wconf 92' lang='lat' dir='ltr'><strong>et</strong></span> <span class='ocrx_word' id='word_1_286' title='bbox 598 2100 939 2170; x_wconf 71' lang='lat' dir='ltr'><strong>poenitentia,</strong></span> <span class='ocrx_word' id='word_1_287' title='bbox 989 2101 1268 2155; x_wconf 90' lang='lat' dir='ltr'><strong>denotatio</strong></span> <span class='ocrx_word' id='word_1_288' title='bbox 1296 2099 1535 2171; x_wconf 90' lang='lat' dir='ltr'><strong>pessima</strong></span> <span class='ocrx_word' id='word_1_289' title='bbox 1562 2113 1727 2169; x_wconf 88' lang='lat' dir='ltr'><strong>super</strong></span> 
     </span>
    </p>
   </div>
   <div class='ocr_carea' id='block_1_36' title="bbox 152 2189 1724 2260">
    <p class='ocr_par' dir='ltr' id='par_1_36' title="bbox 152 2189 1724 2260">
     <span class='ocr_line' id='line_1_36' title="bbox 152 2189 1724 2260; baseline 0 -16"><span class='ocrx_word' id='word_1_290' title='bbox 152 2189 455 2260; x_wconf 75' lang='lat' dir='ltr'><strong>bilinguem.</strong></span> <span class='ocrx_word' id='word_1_291' title='bbox 497 2189 840 2246; x_wconf 88' lang='lat' dir='ltr'><strong>Susurratori</strong></span> <span class='ocrx_word' id='word_1_292' title='bbox 880 2201 1062 2248; x_wconf 88' lang='lat' dir='ltr'><strong>autem</strong></span> <span class='ocrx_word' id='word_1_293' title='bbox 1092 2193 1273 2250; x_wconf 92' lang='lat' dir='ltr'><strong>odium</strong></span> <span class='ocrx_word' id='word_1_294' title='bbox 1306 2200 1410 2258; x_wconf 91' lang='lat' dir='ltr'><strong>est,</strong></span> <span class='ocrx_word' id='word_1_295' title='bbox 1438 2191 1724 2249; x_wconf 92' lang='lat' dir='ltr'><strong>inimicitia</strong></span> 
     </span>
    </p>
   </div>
   <div class='ocr_carea' id='block_1_37' title="bbox 153 2281 1724 2354">
    <p class='ocr_par' dir='ltr' id='par_1_37' title="bbox 153 2281 1724 2354">
     <span class='ocr_line' id='line_1_37' title="bbox 153 2281 1724 2354; baseline 0.001 -20"><span class='ocrx_word' id='word_1_296' title='bbox 153 2290 198 2334; x_wconf 88' lang='lat' dir='ltr'><strong>et</strong></span> <span class='ocrx_word' id='word_1_297' title='bbox 216 2281 560 2336; x_wconf 90' lang='lat' dir='ltr'><strong>contumelia.</strong></span> <span class='ocrx_word' id='word_1_298' title='bbox 593 2281 838 2338; x_wconf 80' lang='lat' dir='ltr'><strong>Justilica</strong></span> <span class='ocrx_word' id='word_1_299' title='bbox 868 2283 1122 2354; x_wconf 90' lang='lat' dir='ltr'><strong>pusillum</strong></span> <span class='ocrx_word' id='word_1_300' title='bbox 1154 2292 1210 2339; x_wconf 88' lang='lat' dir='ltr'><strong>et</strong></span> <span class='ocrx_word' id='word_1_301' title='bbox 1237 2299 1494 2354; x_wconf 84' lang='lat' dir='ltr'><strong>magnum</strong></span> <span class='ocrx_word' id='word_1_302' title='bbox 1533 2282 1724 2338; x_wconf 88' lang='lat' dir='ltr'><strong>simili-</strong></span> 
     </span>
    </p>
   </div>
   <div class='ocr_carea' id='block_1_38' title="bbox 1835 2000 3426 2082">
    <p class='ocr_par' dir='ltr' id='par_1_38' title="bbox 1835 2000 3426 2082">
     <span class='ocr_line' id='line_1_38' title="bbox 1835 2000 3426 2082; baseline -0.009 -15"><span class='ocrx_word' id='word_1_303' title='bbox 1835 2021 1890 2067; x_wconf 89' lang='lat' dir='ltr'><strong>et</strong></span> <span class='ocrx_word' id='word_1_304' title='bbox 1914 2011 1966 2066; x_wconf 92' lang='lat' dir='ltr'><strong>in</strong></span> <span class='ocrx_word' id='word_1_305' title='bbox 1998 2011 2178 2066; x_wconf 92' lang='lat' dir='ltr'><strong>futuro</strong></span> <span class='ocrx_word' id='word_1_306' title='bbox 2201 2011 2373 2082; x_wconf 89' lang='lat' dir='ltr'><strong>gratia</strong></span> <span class='ocrx_word' id='word_1_307' title='bbox 2398 2009 2490 2063; x_wconf 92' lang='lat' dir='ltr'><strong>Dei</strong></span> <span class='ocrx_word' id='word_1_308' title='bbox 2515 2006 3174 2079; x_wconf 88' lang='lat' dir='ltr'><strong>perfruamini,quatenus</strong></span> <span class='ocrx_word' id='word_1_309' title='bbox 3187 2000 3426 2058; x_wconf 64' lang='lat' dir='ltr'><strong>caelestis</strong></span> 
     </span>
    </p>
   </div>
   <div class='ocr_carea' id='block_1_39' title="bbox 1833 2091 3426 2175">
    <p class='ocr_par' dir='ltr' id='par_1_39' title="bbox 1833 2091 3426 2175">
     <span class='ocr_line' id='line_1_39' title="bbox 1833 2091 3426 2175; baseline -0.009 -16"><span class='ocrx_word' id='word_1_310' title='bbox 1833 2104 1987 2175; x_wconf 86' lang='lat' dir='ltr'><strong>regni</strong></span> <span class='ocrx_word' id='word_1_311' title='bbox 2014 2103 2192 2158; x_wconf 90' lang='lat' dir='ltr'><strong>aulam</strong></span> <span class='ocrx_word' id='word_1_312' title='bbox 2219 2102 2444 2156; x_wconf 91' lang='lat' dir='ltr'><strong>introire</strong></span> <span class='ocrx_word' id='word_1_313' title='bbox 2481 2109 2666 2171; x_wconf 88' lang='lat' dir='ltr'><strong>postea</strong></span> <span class='ocrx_word' id='word_1_314' title='bbox 2699 2095 3035 2153; x_wconf 90' lang='lat' dir='ltr'><strong>mereamini.</strong></span> <span class='ocrx_word' id='word_1_315' title='bbox 3065 2094 3198 2148; x_wconf 92' lang='lat' dir='ltr'><strong>Data</strong></span> <span class='ocrx_word' id='word_1_316' title='bbox 3230 2091 3426 2162; x_wconf 86' lang='lat' dir='ltr'><strong>quinto</strong></span> 
     </span>
    </p>
   </div>
   <div class='ocr_carea' id='block_1_40' title="bbox 1833 2185 3424 2262">
    <p class='ocr_par' dir='ltr' id='par_1_40' title="bbox 1833 2185 3424 2262">
     <span class='ocr_line' id='line_1_40' title="bbox 1833 2185 3424 2262; baseline -0.009 -10"><span class='ocrx_word' id='word_1_317' title='bbox 1833 2197 2023 2253; x_wconf 84' lang='lat' dir='ltr'><strong>Kalen.</strong></span> <span class='ocrx_word' id='word_1_318' title='bbox 2067 2196 2225 2262; x_wconf 84' lang='lat' dir='ltr'><strong>Maii,</strong></span> <span class='ocrx_word' id='word_1_319' title='bbox 2281 2193 2485 2250; x_wconf 86' lang='lat' dir='ltr'><strong>Severo</strong></span> <span class='ocrx_word' id='word_1_320' title='bbox 2529 2201 2598 2258; x_wconf 64' lang='lat' dir='ltr'><strong>et,</strong></span> <span class='ocrx_word' id='word_1_321' title='bbox 2648 2189 2942 2259; x_wconf 86' lang='lat' dir='ltr'><strong>Quintanio</strong></span> <span class='ocrx_word' id='word_1_322' title='bbox 2987 2185 3053 2243; x_wconf 82' lang='lat' dir='ltr'><strong>IV</strong></span> <span class='ocrx_word' id='word_1_323' title='bbox 3099 2202 3182 2242; x_wconf 91' lang='lat' dir='ltr'><strong>cc.</strong></span> <span class='ocrx_word' id='word_1_324' title='bbox 3227 2198 3424 2240; x_wconf 88' lang='lat' dir='ltr'><strong>consu-</strong></span> 
     </span>
    </p>
   </div>
   <div class='ocr_carea' id='block_1_41' title="bbox 1832 2287 1994 2342">
    <p class='ocr_par' dir='ltr' id='par_1_41' title="bbox 1832 2287 1994 2342">
     <span class='ocr_line' id='line_1_41' title="bbox 1832 2287 1994 2342; baseline -0.006 -1"><span class='ocrx_word' id='word_1_325' title='bbox 1832 2287 1994 2342; x_wconf 88' lang='lat' dir='ltr'><strong>libus.</strong></span> 
     </span>
    </p>
   </div>
   <div class='ocr_carea' id='block_1_42' title="bbox 670 2544 2888 2653">
    <p class='ocr_par' dir='ltr' id='par_1_42' title="bbox 670 2544 2888 2653">
     <span class='ocr_line' id='line_1_42' title="bbox 670 2544 2888 2653; baseline -0.001 -3"><span class='ocrx_word' id='word_1_326' title='bbox 670 2544 1306 2653; x_wconf 84' lang='lat' dir='ltr'><strong>INCIPIUNT</strong></span> <span class='ocrx_word' id='word_1_327' title='bbox 1380 2562 1918 2653; x_wconf 79' lang='lat' dir='ltr'><strong>DECRETA</strong></span> <span class='ocrx_word' id='word_1_328' title='bbox 1992 2563 2434 2650; x_wconf 83' lang='lat' dir='ltr'><strong>ANTERI</strong></span> <span class='ocrx_word' id='word_1_329' title='bbox 2514 2561 2888 2648; x_wconf 64' lang='lat' dir='ltr'><strong>PAPJE.</strong></span> 
     </span>
    </p>
   </div>
   <div class='ocr_carea' id='block_1_43' title="bbox 1097 2749 2522 2814">
    <p class='ocr_par' dir='ltr' id='par_1_43' title="bbox 1097 2749 2522 2814">
     <span class='ocr_line' id='line_1_43' title="bbox 1097 2749 2522 2814; baseline 0 -15"><span class='ocrx_word' id='word_1_330' title='bbox 1097 2751 1261 2811; x_wconf 76' lang='lat' dir='ltr'><strong>(Anno</strong></span> <span class='ocrx_word' id='word_1_331' title='bbox 1287 2750 1476 2800; x_wconf 86' lang='lat' dir='ltr'><strong>Domini</strong></span> <span class='ocrx_word' id='word_1_332' title='bbox 1510 2749 1620 2812; x_wconf 74' lang='grc'><strong>259,</strong></span> <span class='ocrx_word' id='word_1_333' title='bbox 1648 2757 1870 2812; x_wconf 89' lang='lat' dir='ltr'><strong>tempore</strong></span> <span class='ocrx_word' id='word_1_334' title='bbox 1893 2749 2140 2800; x_wconf 78' lang='lat' dir='ltr'><strong>Maxumni</strong></span> <span class='ocrx_word' id='word_1_335' title='bbox 2168 2749 2522 2814; x_wconf 80' lang='lat' dir='ltr'><strong>imperatoris.)</strong></span> 
     </span>
    </p>
   </div>
   <div class='ocr_carea' id='block_1_44' title="bbox 213 3026 1722 3098">
    <p class='ocr_par' dir='ltr' id='par_1_44' title="bbox 213 3026 1722 3098">
     <span class='ocr_line' id='line_1_44' title="bbox 213 3026 1722 3098; baseline 0.001 -15"><span class='ocrx_word' id='word_1_336' title='bbox 213 3026 557 3084; x_wconf 80' lang='lat' dir='ltr'><strong>Charissimis</strong></span> <span class='ocrx_word' id='word_1_337' title='bbox 585 3028 842 3083; x_wconf 80' lang='lat' dir='ltr'><strong>fratribus</strong></span> <span class='ocrx_word' id='word_1_338' title='bbox 879 3043 978 3098; x_wconf 92' lang='lat' dir='ltr'><strong>per</strong></span> <span class='ocrx_word' id='word_1_339' title='bbox 1011 3027 1222 3083; x_wconf 70' lang='lat' dir='ltr'><strong>Btetica:</strong></span> <span class='ocrx_word' id='word_1_340' title='bbox 1261 3037 1423 3098; x_wconf 89' lang='lat' dir='ltr'><strong>atque</strong></span> <span class='ocrx_word' id='word_1_341' title='bbox 1451 3029 1722 3084; x_wconf 75' lang='lat' dir='ltr'><strong>Toletanm</strong></span> 
     </span>
    </p>
   </div>
   <div class='ocr_carea' id='block_1_45' title="bbox 153 3118 1722 3189">
    <p class='ocr_par' dir='ltr' id='par_1_45' title="bbox 153 3118 1722 3189">
     <span class='ocr_line' id='line_1_45' title="bbox 153 3118 1722 3189; baseline 0.001 -17"><span class='ocrx_word' id='word_1_342' title='bbox 153 3120 446 3186; x_wconf 84' lang='lat' dir='ltr'><strong>provincias</strong></span> <span class='ocrx_word' id='word_1_343' title='bbox 471 3118 736 3188; x_wconf 85' lang='lat' dir='ltr'><strong>episcopis</strong></span> <span class='ocrx_word' id='word_1_344' title='bbox 782 3118 1112 3183; x_wconf 89' lang='lat' dir='ltr'><strong>constitutis,</strong></span> <span class='ocrx_word' id='word_1_345' title='bbox 1153 3118 1408 3173; x_wconf 72' lang='lat' dir='ltr'><strong>Asrsaus</strong></span> <span class='ocrx_word' id='word_1_346' title='bbox 1437 3119 1722 3189; x_wconf 63' lang='lat' dir='ltr'><strong>episcopus</strong></span> 
     </span>
    </p>
   </div>
   <div class='ocr_carea' id='block_1_46' title="bbox 153 3209 715 3264">
    <p class='ocr_par' dir='ltr' id='par_1_46' title="bbox 153 3209 715 3264">
     <span class='ocr_line' id='line_1_46' title="bbox 153 3209 715 3264; baseline 0.004 -3"><span class='ocrx_word' id='word_1_347' title='bbox 153 3209 198 3262; x_wconf 89' lang='lat' dir='ltr'><strong>in</strong></span> <span class='ocrx_word' id='word_1_348' title='bbox 223 3209 442 3264; x_wconf 87' lang='lat' dir='ltr'><strong>Domino</strong></span> <span class='ocrx_word' id='word_1_349' title='bbox 466 3210 715 3264; x_wconf 86' lang='lat' dir='ltr'><strong>salutem.</strong></span> 
     </span>
    </p>
   </div>
   <div class='ocr_carea' id='block_1_47' title="bbox 213 3299 1723 3370">
    <p class='ocr_par' dir='ltr' id='par_1_47' title="bbox 213 3299 1723 3370">
     <span class='ocr_line' id='line_1_47' title="bbox 213 3299 1723 3370; baseline -0.001 -15"><span class='ocrx_word' id='word_1_350' title='bbox 213 3299 422 3370; x_wconf 85' lang='lat' dir='ltr'><strong>Optavi,</strong></span> <span class='ocrx_word' id='word_1_351' title='bbox 462 3300 663 3355; x_wconf 83' lang='lat' dir='ltr'><strong>fratres</strong></span> <span class='ocrx_word' id='word_1_352' title='bbox 691 3300 1019 3362; x_wconf 88' lang='lat' dir='ltr'><strong>charissimi,</strong></span> <span class='ocrx_word' id='word_1_353' title='bbox 1049 3315 1265 3370; x_wconf 87' lang='lat' dir='ltr'><strong>semper</strong></span> <span class='ocrx_word' id='word_1_354' title='bbox 1312 3299 1623 3354; x_wconf 81' lang='lat' dir='ltr'><strong>dilectionis</strong></span> <span class='ocrx_word' id='word_1_355' title='bbox 1666 3310 1723 3354; x_wconf 88' lang='lat' dir='ltr'><strong>et</strong></span> 
     </span>
    </p>
   </div>
   <div class='ocr_carea' id='block_1_48' title="bbox 1825 3019 3421 3096">
    <p class='ocr_par' dir='ltr' id='par_1_48' title="bbox 1825 3019 3421 3096">
     <span class='ocr_line' id='line_1_48' title="bbox 1825 3019 3421 3096; baseline -0.001 -20"><span class='ocrx_word' id='word_1_356' title='bbox 1825 3033 2047 3096; x_wconf 88' lang='lat' dir='ltr'><strong>propter</strong></span> <span class='ocrx_word' id='word_1_357' title='bbox 2077 3020 2379 3077; x_wconf 81' lang='lat' dir='ltr'><strong>doctrinam</strong></span> <span class='ocrx_word' id='word_1_358' title='bbox 2422 3027 2479 3074; x_wconf 92' lang='lat' dir='ltr'><strong>et</strong></span> <span class='ocrx_word' id='word_1_359' title='bbox 2515 3019 2716 3074; x_wconf 90' lang='lat' dir='ltr'><strong>bonam</strong></span> <span class='ocrx_word' id='word_1_360' title='bbox 2769 3019 2933 3086; x_wconf 89' lang='lat' dir='ltr'><strong>vitam</strong></span> <span class='ocrx_word' id='word_1_361' title='bbox 2964 3034 3126 3090; x_wconf 90' lang='lat' dir='ltr'><strong>quam</strong></span> <span class='ocrx_word' id='word_1_362' title='bbox 3159 3019 3421 3087; x_wconf 86' lang='lat' dir='ltr'><strong>habebat,</strong></span> 
     </span>
    </p>
   </div>
   <div class='ocr_carea' id='block_1_49' title="bbox 1825 3111 3410 3184">
    <p class='ocr_par' dir='ltr' id='par_1_49' title="bbox 1825 3111 3410 3184">
     <span class='ocr_line' id='line_1_49' title="bbox 1825 3111 3410 3184; baseline -0.001 -16"><span class='ocrx_word' id='word_1_363' title='bbox 1825 3114 2098 3169; x_wconf 89' lang='lat' dir='ltr'><strong>communi</strong></span> <span class='ocrx_word' id='word_1_364' title='bbox 2129 3113 2504 3184; x_wconf 87' lang='lat' dir='ltr'><strong>episcoporum</strong></span> <span class='ocrx_word' id='word_1_365' title='bbox 2533 3119 2587 3166; x_wconf 94' lang='lat' dir='ltr'><strong>et</strong></span> <span class='ocrx_word' id='word_1_366' title='bbox 2621 3111 2952 3182; x_wconf 88' lang='lat' dir='ltr'><strong>reliquorum</strong></span> <span class='ocrx_word' id='word_1_367' title='bbox 2977 3111 3317 3166; x_wconf 86' lang='lat' dir='ltr'><strong>sacerdotum</strong></span> <span class='ocrx_word' id='word_1_368' title='bbox 3344 3128 3410 3168; x_wconf 92' lang='lat' dir='ltr'><strong>ac</strong></span> 
     </span>
    </p>
   </div>
   <div class='ocr_carea' id='block_1_50' title="bbox 1824 3201 3414 3275">
    <p class='ocr_par' dir='ltr' id='par_1_50' title="bbox 1824 3201 3414 3275">
     <span class='ocr_line' id='line_1_50' title="bbox 1824 3201 3414 3275; baseline -0.002 -15"><span class='ocrx_word' id='word_1_369' title='bbox 1824 3205 2147 3275; x_wconf 89' lang='lat' dir='ltr'><strong>populorum</strong></span> <span class='ocrx_word' id='word_1_370' title='bbox 2200 3202 2428 3258; x_wconf 88' lang='lat' dir='ltr'><strong>consilio</strong></span> <span class='ocrx_word' id='word_1_371' title='bbox 2473 3201 2770 3257; x_wconf 90' lang='lat' dir='ltr'><strong>translatus</strong></span> <span class='ocrx_word' id='word_1_372' title='bbox 2822 3211 2906 3258; x_wconf 90' lang='lat' dir='ltr'><strong>est</strong></span> <span class='ocrx_word' id='word_1_373' title='bbox 2947 3203 3239 3274; x_wconf 83' lang='lat' dir='ltr'><strong>Ephesum.</strong></span> <span class='ocrx_word' id='word_1_374' title='bbox 3291 3204 3414 3260; x_wconf 88' lang='lat' dir='ltr'><strong>Non</strong></span> 
     </span>
    </p>
   </div>
   <div class='ocr_carea' id='block_1_51' title="bbox 1821 3292 3417 3364">
    <p class='ocr_par' dir='ltr' id='par_1_51' title="bbox 1821 3292 3417 3364">
     <span class='ocr_line' id='line_1_51' title="bbox 1821 3292 3417 3364; baseline -0.001 -15"><span class='ocrx_word' id='word_1_375' title='bbox 1821 3296 1967 3350; x_wconf 90' lang='lat' dir='ltr'><strong>enim</strong></span> <span class='ocrx_word' id='word_1_376' title='bbox 2009 3293 2207 3348; x_wconf 88' lang='lat' dir='ltr'><strong>transit</strong></span> <span class='ocrx_word' id='word_1_377' title='bbox 2236 3293 2302 3346; x_wconf 87' lang='lat' dir='ltr'><strong>de</strong></span> <span class='ocrx_word' id='word_1_378' title='bbox 2349 3292 2571 3346; x_wconf 85' lang='lat' dir='ltr'><strong>civitate</strong></span> <span class='ocrx_word' id='word_1_379' title='bbox 2603 3292 2668 3346; x_wconf 88' lang='lat' dir='ltr'><strong>ad</strong></span> <span class='ocrx_word' id='word_1_380' title='bbox 2702 3293 2975 3364; x_wconf 83' lang='lat' dir='ltr'><strong>civitatem</strong></span> <span class='ocrx_word' id='word_1_381' title='bbox 3015 3294 3108 3364; x_wconf 87' lang='lat' dir='ltr'><strong>qui</strong></span> <span class='ocrx_word' id='word_1_382' title='bbox 3158 3309 3264 3347; x_wconf 88' lang='lat' dir='ltr'><strong>non</strong></span> <span class='ocrx_word' id='word_1_383' title='bbox 3315 3311 3417 3349; x_wconf 92' lang='lat' dir='ltr'><strong>suo</strong></span> 
     </span>
    </p>
   </div>
   <div class='ocr_carea' id='block_1_52' title="bbox 152 3383 3424 3476">
    <p class='ocr_par' dir='ltr' id='par_1_52' title="bbox 152 3383 3424 3476">
     <span class='ocr_line' id='line_1_52' title="bbox 152 3383 3424 3476; baseline -0.002 -33"><span class='ocrx_word' id='word_1_384' title='bbox 152 3391 292 3458; x_wconf 88' lang='lat' dir='ltr'><strong>pacis</strong></span> <span class='ocrx_word' id='word_1_385' title='bbox 315 3399 505 3446; x_wconf 76' lang='lat' dir='ltr'><strong>vestra:</strong></span> <span class='ocrx_word' id='word_1_386' title='bbox 533 3391 860 3446; x_wconf 85' lang='lat' dir='ltr'><strong>sinceritatis</strong></span> <span class='ocrx_word' id='word_1_387' title='bbox 885 3390 1078 3462; x_wconf 87' lang='lat' dir='ltr'><strong>gaudia</strong></span> <span class='ocrx_word' id='word_1_388' title='bbox 1125 3392 1333 3453; x_wconf 83' lang='lat' dir='ltr'><strong>audire,</strong></span> <span class='ocrx_word' id='word_1_389' title='bbox 1385 3392 1456 3444; x_wconf 90' lang='lat' dir='ltr'><strong>ita</strong></span> <span class='ocrx_word' id='word_1_390' title='bbox 1485 3391 1721 3444; x_wconf 90' lang='lat' dir='ltr'><strong>utvicis-</strong></span> <span class='ocrx_word' id='word_1_391' title='bbox 1747 3414 1793 3476; x_wconf 63' lang='grc' dir='ltr'><strong>ρ</strong></span> <span class='ocrx_word' id='word_1_392' title='bbox 1823 3386 1976 3440; x_wconf 88' lang='lat' dir='ltr'><strong>libitu</strong></span> <span class='ocrx_word' id='word_1_393' title='bbox 2032 3395 2124 3439; x_wconf 89' lang='lat' dir='ltr'><strong>aut</strong></span> <span class='ocrx_word' id='word_1_394' title='bbox 2179 3385 2381 3438; x_wconf 91' lang='lat' dir='ltr'><strong>ambitu</strong></span> <span class='ocrx_word' id='word_1_395' title='bbox 2440 3384 2542 3438; x_wconf 93' lang='lat' dir='ltr'><strong>hoc</strong></span> <span class='ocrx_word' id='word_1_396' title='bbox 2592 3383 2737 3446; x_wconf 83' lang='lat' dir='ltr'><strong>facit,</strong></span> <span class='ocrx_word' id='word_1_397' title='bbox 2769 3383 2864 3438; x_wconf 90' lang='lat' dir='ltr'><strong>sed</strong></span> <span class='ocrx_word' id='word_1_398' title='bbox 2907 3383 3140 3438; x_wconf 86' lang='lat' dir='ltr'><strong>utilitate</strong></span> <span class='ocrx_word' id='word_1_399' title='bbox 3187 3385 3424 3454; x_wconf 88' lang='lat' dir='ltr'><strong>quadam</strong></span> 
     </span>
    </p>
   </div>
   <div class='ocr_carea' id='block_1_53' title="bbox 153 3479 1723 3550">
    <p class='ocr_par' dir='ltr' id='par_1_53' title="bbox 153 3479 1723 3550">
     <span class='ocr_line' id='line_1_53' title="bbox 153 3479 1723 3550; baseline 0.001 -17"><span class='ocrx_word' id='word_1_400' title='bbox 153 3479 250 3533; x_wconf 86' lang='lat' dir='ltr'><strong>sim</strong></span> <span class='ocrx_word' id='word_1_401' title='bbox 276 3480 696 3535; x_wconf 88' lang='lat' dir='ltr'><strong>discurrentibus</strong></span> <span class='ocrx_word' id='word_1_402' title='bbox 726 3480 923 3536; x_wconf 88' lang='lat' dir='ltr'><strong>litteris</strong></span> <span class='ocrx_word' id='word_1_403' title='bbox 953 3480 1226 3550; x_wconf 84' lang='lat' dir='ltr'><strong>sospitatis</strong></span> <span class='ocrx_word' id='word_1_404' title='bbox 1251 3480 1447 3535; x_wconf 89' lang='lat' dir='ltr'><strong>indicia</strong></span> <span class='ocrx_word' id='word_1_405' title='bbox 1464 3481 1723 3550; x_wconf 70' lang='lat' dir='ltr'><strong>iuvaren-</strong></span> 
     </span>
    </p>
   </div>
   <div class='ocr_carea' id='block_1_54' title="bbox 155 3569 1722 3640">
    <p class='ocr_par' dir='ltr' id='par_1_54' title="bbox 155 3569 1722 3640">
     <span class='ocr_line' id='line_1_54' title="bbox 155 3569 1722 3640; baseline 0.003 -17"><span class='ocrx_word' id='word_1_406' title='bbox 155 3579 256 3635; x_wconf 85' lang='lat' dir='ltr'><strong>tur,</strong></span> <span class='ocrx_word' id='word_1_407' title='bbox 296 3569 338 3624; x_wconf 89' lang='lat' dir='ltr'><strong>si</strong></span> <span class='ocrx_word' id='word_1_408' title='bbox 365 3571 575 3640; x_wconf 89' lang='lat' dir='ltr'><strong>quietos</strong></span> <span class='ocrx_word' id='word_1_409' title='bbox 604 3585 704 3626; x_wconf 90' lang='lat' dir='ltr'><strong>nos</strong></span> <span class='ocrx_word' id='word_1_410' title='bbox 728 3573 797 3627; x_wconf 89' lang='lat' dir='ltr'><strong>ab</strong></span> <span class='ocrx_word' id='word_1_411' title='bbox 828 3572 1138 3628; x_wconf 88' lang='lat' dir='ltr'><strong>incursione</strong></span> <span class='ocrx_word' id='word_1_412' title='bbox 1164 3588 1261 3626; x_wconf 89' lang='lat' dir='ltr'><strong>sua</strong></span> <span class='ocrx_word' id='word_1_413' title='bbox 1309 3587 1504 3628; x_wconf 89' lang='lat' dir='ltr'><strong>vacare</strong></span> <span class='ocrx_word' id='word_1_414' title='bbox 1548 3572 1722 3628; x_wconf 91' lang='lat' dir='ltr'><strong>hostis</strong></span> 
     </span>
    </p>
   </div>
   <div class='ocr_carea' id='block_1_55' title="bbox 154 3661 1724 3732">
    <p class='ocr_par' dir='ltr' id='par_1_55' title="bbox 154 3661 1724 3732">
     <span class='ocr_line' id='line_1_55' title="bbox 154 3661 1724 3732; baseline 0.003 -16"><span class='ocrx_word' id='word_1_415' title='bbox 154 3661 390 3732; x_wconf 79' lang='lat' dir='ltr'><strong>antiquus</strong></span> <span class='ocrx_word' id='word_1_416' title='bbox 411 3663 632 3719; x_wconf 86' lang='lat' dir='ltr'><strong>sineret.</strong></span> <span class='ocrx_word' id='word_1_417' title='bbox 660 3663 762 3730; x_wconf 85' lang='lat' dir='ltr'><strong>Qui</strong></span> <span class='ocrx_word' id='word_1_418' title='bbox 797 3665 866 3720; x_wconf 90' lang='lat' dir='ltr'><strong>ab</strong></span> <span class='ocrx_word' id='word_1_419' title='bbox 895 3664 1046 3720; x_wconf 90' lang='lat' dir='ltr'><strong>initio</strong></span> <span class='ocrx_word' id='word_1_420' title='bbox 1076 3664 1330 3731; x_wconf 80' lang='lat' dir='ltr'><strong>mendax,</strong></span> <span class='ocrx_word' id='word_1_421' title='bbox 1354 3665 1603 3721; x_wconf 89' lang='lat' dir='ltr'><strong>inimicus</strong></span> <span class='ocrx_word' id='word_1_422' title='bbox 1632 3680 1724 3720; x_wconf 86' lang='lat' dir='ltr'><strong>ve-</strong></span> 
     </span>
    </p>
   </div>
   <div class='ocr_carea' id='block_1_56' title="bbox 156 3752 1722 3826">
    <p class='ocr_par' dir='ltr' id='par_1_56' title="bbox 156 3752 1722 3826">
     <span class='ocr_line' id='line_1_56' title="bbox 156 3752 1722 3826; baseline 0.005 -22"><span class='ocrx_word' id='word_1_423' title='bbox 156 3752 334 3816; x_wconf 87' lang='lat' dir='ltr'><strong>ritatis,</strong></span> <span class='ocrx_word' id='word_1_424' title='bbox 364 3754 589 3809; x_wconf 67' lang='lat' dir='ltr'><strong>aemulus</strong></span> <span class='ocrx_word' id='word_1_425' title='bbox 628 3756 880 3816; x_wconf 82' lang='lat' dir='ltr'><strong>hominis.</strong></span> <span class='ocrx_word' id='word_1_426' title='bbox 927 3770 1088 3824; x_wconf 88' lang='lat' dir='ltr'><strong>quem</strong></span> <span class='ocrx_word' id='word_1_427' title='bbox 1115 3765 1176 3810; x_wconf 94' lang='lat' dir='ltr'><strong>ut</strong></span> <span class='ocrx_word' id='word_1_428' title='bbox 1203 3756 1479 3826; x_wconf 89' lang='lat' dir='ltr'><strong>deciperet</strong></span> <span class='ocrx_word' id='word_1_429' title='bbox 1507 3772 1566 3812; x_wconf 90' lang='lat' dir='ltr'><strong>se</strong></span> <span class='ocrx_word' id='word_1_430' title='bbox 1596 3765 1722 3812; x_wconf 91' lang='lat' dir='ltr'><strong>ante</strong></span> 
     </span>
    </p>
   </div>
   <div class='ocr_carea' id='block_1_57' title="bbox 156 3842 1723 3918">
    <p class='ocr_par' dir='ltr' id='par_1_57' title="bbox 156 3842 1723 3918">
     <span class='ocr_line' id='line_1_57' title="bbox 156 3842 1723 3918; baseline 0.004 -22"><span class='ocrx_word' id='word_1_431' title='bbox 156 3842 368 3913; x_wconf 82' lang='lat' dir='ltr'><strong>decepit,</strong></span> <span class='ocrx_word' id='word_1_432' title='bbox 384 3844 655 3914; x_wconf 61' lang='lat' dir='ltr'><strong>pudicitia:</strong></span> <span class='ocrx_word' id='word_1_433' title='bbox 677 3845 1043 3912; x_wconf 90' lang='lat' dir='ltr'><strong>adversarius,</strong></span> <span class='ocrx_word' id='word_1_434' title='bbox 1061 3847 1289 3902; x_wconf 81' lang='lat' dir='ltr'><strong>luxuria:</strong></span> <span class='ocrx_word' id='word_1_435' title='bbox 1304 3847 1723 3918; x_wconf 59' lang='lat' dir='ltr'><strong>magistechru-</strong></span> 
     </span>
    </p>
   </div>
   <div class='ocr_carea' id='block_1_58' title="bbox 156 3932 1720 4008">
    <p class='ocr_par' dir='ltr' id='par_1_58' title="bbox 156 3932 1720 4008">
     <span class='ocr_line' id='line_1_58' title="bbox 156 3932 1720 4008; baseline 0.006 -25"><span class='ocrx_word' id='word_1_436' title='bbox 156 3932 442 3988; x_wconf 86' lang='lat' dir='ltr'><strong>delitatihus</strong></span> <span class='ocrx_word' id='word_1_437' title='bbox 462 3935 724 4004; x_wconf 86' lang='lat' dir='ltr'><strong>pascitur,</strong></span> <span class='ocrx_word' id='word_1_438' title='bbox 747 3936 1074 3992; x_wconf 86' lang='lat' dir='ltr'><strong>abstinentia</strong></span> <span class='ocrx_word' id='word_1_439' title='bbox 1098 3938 1339 4008; x_wconf 89' lang='lat' dir='ltr'><strong>punitur.</strong></span> <span class='ocrx_word' id='word_1_440' title='bbox 1374 3937 1499 3994; x_wconf 81' lang='lat' dir='ltr'><strong>Otlit</strong></span> <span class='ocrx_word' id='word_1_441' title='bbox 1514 3937 1720 4008; x_wconf 87' lang='lat' dir='ltr'><strong>jejunia</strong></span> 
     </span>
    </p>
   </div>
   <div class='ocr_carea' id='block_1_59' title="bbox 159 4022 1721 4098">
    <p class='ocr_par' dir='ltr' id='par_1_59' title="bbox 159 4022 1721 4098">
     <span class='ocr_line' id='line_1_59' title="bbox 159 4022 1721 4098; baseline 0.008 -26"><span class='ocrx_word' id='word_1_442' title='bbox 159 4022 399 4098; x_wconf 80' lang='lat' dir='ltr'><strong>ministris</strong></span> <span class='ocrx_word' id='word_1_443' title='bbox 424 4024 540 4079; x_wconf 88' lang='lat' dir='ltr'><strong>suis</strong></span> <span class='ocrx_word' id='word_1_444' title='bbox 582 4025 1021 4095; x_wconf 69' lang='lat' dir='ltr'><strong>przedicantlbus,</strong></span> <span class='ocrx_word' id='word_1_445' title='bbox 1052 4027 1178 4081; x_wconf 92' lang='lat' dir='ltr'><strong>dum</strong></span> <span class='ocrx_word' id='word_1_446' title='bbox 1225 4028 1357 4082; x_wconf 84' lang='lat' dir='ltr'><strong>dicit</strong></span> <span class='ocrx_word' id='word_1_447' title='bbox 1389 4044 1507 4084; x_wconf 88' lang='lat' dir='ltr'><strong>esse</strong></span> <span class='ocrx_word' id='word_1_448' title='bbox 1535 4045 1721 4098; x_wconf 86' lang='lat' dir='ltr'><strong>snper-</strong></span> 
     </span>
    </p>
   </div>
   <div class='ocr_carea' id='block_1_60' title="bbox 160 4109 1718 4188">
    <p class='ocr_par' dir='ltr' id='par_1_60' title="bbox 160 4109 1718 4188">
     <span class='ocr_line' id='line_1_60' title="bbox 160 4109 1718 4188; baseline 0.006 -24"><span class='ocrx_word' id='word_1_449' title='bbox 160 4109 268 4177; x_wconf 83' lang='lat' dir='ltr'><strong>flua,</strong></span> <span class='ocrx_word' id='word_1_450' title='bbox 289 4129 434 4184; x_wconf 86' lang='lat' dir='ltr'><strong>spem</strong></span> <span class='ocrx_word' id='word_1_451' title='bbox 478 4129 585 4169; x_wconf 90' lang='lat' dir='ltr'><strong>non</strong></span> <span class='ocrx_word' id='word_1_452' title='bbox 618 4115 823 4170; x_wconf 89' lang='lat' dir='ltr'><strong>habens</strong></span> <span class='ocrx_word' id='word_1_453' title='bbox 852 4116 917 4171; x_wconf 90' lang='lat' dir='ltr'><strong>de</strong></span> <span class='ocrx_word' id='word_1_454' title='bbox 940 4115 1164 4182; x_wconf 87' lang='lat' dir='ltr'><strong>futuris,</strong></span> <span class='ocrx_word' id='word_1_455' title='bbox 1193 4119 1423 4188; x_wconf 88' lang='lat' dir='ltr'><strong>apostoli</strong></span> <span class='ocrx_word' id='word_1_456' title='bbox 1449 4120 1718 4175; x_wconf 88' lang='lat' dir='ltr'><strong>sententia</strong></span> 
     </span>
    </p>
   </div>
   <div class='ocr_carea' id='block_1_61' title="bbox 157 4204 1718 4276">
    <p class='ocr_par' dir='ltr' id='par_1_61' title="bbox 157 4204 1718 4276">
     <span class='ocr_line' id='line_1_61' title="bbox 157 4204 1718 4276; baseline 0.006 -21"><span class='ocrx_word' id='word_1_457' title='bbox 157 4217 482 4272; x_wconf 86' lang='lat' dir='ltr'><strong>repercussus</strong></span> <span class='ocrx_word' id='word_1_458' title='bbox 525 4205 796 4262; x_wconf 87' lang='lat' dir='ltr'><strong>dicentis:</strong></span> <span class='ocrx_word' id='word_1_459' title='bbox 853 4223 873 4256; x_wconf 74' lang='grc' dir='ltr'><strong><em>ι</em></strong></span> <span class='ocrx_word' id='word_1_460' title='bbox 911 4204 1296 4262; x_wconf 88' lang='lat' dir='ltr'><strong>Manducemus</strong></span> <span class='ocrx_word' id='word_1_461' title='bbox 1349 4218 1403 4263; x_wconf 93' lang='lat' dir='ltr'><strong>et</strong></span> <span class='ocrx_word' id='word_1_462' title='bbox 1450 4209 1718 4276; x_wconf 85' lang='lat' dir='ltr'><strong>bibamus,</strong></span> 
     </span>
    </p>
   </div>
   <div class='ocr_carea' id='block_1_62' title="bbox 158 4292 1721 4366">
    <p class='ocr_par' dir='ltr' id='par_1_62' title="bbox 158 4292 1721 4366">
     <span class='ocr_line' id='line_1_62' title="bbox 158 4292 1721 4366; baseline 0.006 -22"><span class='ocrx_word' id='word_1_463' title='bbox 158 4306 263 4348; x_wconf 84' lang='lat' dir='ltr'><strong>cras</strong></span> <span class='ocrx_word' id='word_1_464' title='bbox 284 4295 422 4350; x_wconf 89' lang='lat' dir='ltr'><strong>enim</strong></span> <span class='ocrx_word' id='word_1_465' title='bbox 452 4297 749 4350; x_wconf 89' lang='lat' dir='ltr'><strong>moriemur</strong></span> <span class='ocrx_word' id='word_1_466' title='bbox 792 4292 844 4366; x_wconf 90' lang='grc'><strong>(1</strong></span> <span class='ocrx_word' id='word_1_467' title='bbox 867 4293 993 4352; x_wconf 88' lang='lat' dir='ltr'><strong>Cor.</strong></span> <span class='ocrx_word' id='word_1_468' title='bbox 1019 4312 1109 4361; x_wconf 81' lang='lat' dir='ltr'><strong>xv,</strong></span> <span class='ocrx_word' id='word_1_469' title='bbox 1132 4297 1244 4363; x_wconf 69' lang='lat'><strong>52}.</strong></span> <span class='ocrx_word' id='word_1_470' title='bbox 1277 4317 1296 4352; x_wconf 86' lang='grc'><strong>›</strong></span> <span class='ocrx_word' id='word_1_471' title='bbox 1327 4299 1371 4355; x_wconf 94' lang='grc' dir='ltr'><strong>Ο</strong></span> <span class='ocrx_word' id='word_1_472' title='bbox 1411 4298 1594 4354; x_wconf 81' lang='lat' dir='ltr'><strong>infelix</strong></span> <span class='ocrx_word' id='word_1_473' title='bbox 1625 4315 1721 4353; x_wconf 91' lang='lat' dir='ltr'><strong>au-</strong></span> 
     </span>
    </p>
   </div>
   <div class='ocr_carea' id='block_1_63' title="bbox 157 4382 1721 4459">
    <p class='ocr_par' dir='ltr' id='par_1_63' title="bbox 157 4382 1721 4459">
     <span class='ocr_line' id='line_1_63' title="bbox 157 4382 1721 4459; baseline 0.005 -22"><span class='ocrx_word' id='word_1_474' title='bbox 157 4382 310 4449; x_wconf 85' lang='lat' dir='ltr'><strong>dacia,</strong></span> <span class='ocrx_word' id='word_1_475' title='bbox 329 4403 362 4442; x_wconf 93' lang='lat' dir='ltr'><strong>o</strong></span> <span class='ocrx_word' id='word_1_476' title='bbox 386 4387 686 4458; x_wconf 70' lang='lat' dir='ltr'><strong>desperatae</strong></span> <span class='ocrx_word' id='word_1_477' title='bbox 715 4387 911 4442; x_wconf 89' lang='lat' dir='ltr'><strong>mentis</strong></span> <span class='ocrx_word' id='word_1_478' title='bbox 929 4389 1150 4442; x_wconf 90' lang='lat' dir='ltr'><strong>astutia.</strong></span> <span class='ocrx_word' id='word_1_479' title='bbox 1169 4388 1284 4459; x_wconf 88' lang='lat' dir='ltr'><strong>Ipse</strong></span> <span class='ocrx_word' id='word_1_480' title='bbox 1305 4391 1448 4444; x_wconf 91' lang='lat' dir='ltr'><strong>enim</strong></span> <span class='ocrx_word' id='word_1_481' title='bbox 1473 4391 1721 4445; x_wconf 91' lang='lat' dir='ltr'><strong>hortatur</strong></span> 
     </span>
    </p>
   </div>
   <div class='ocr_carea' id='block_1_64' title="bbox 156 4477 1720 4550">
    <p class='ocr_par' dir='ltr' id='par_1_64' title="bbox 156 4477 1720 4550">
     <span class='ocr_line' id='line_1_64' title="bbox 156 4477 1720 4550; baseline 0.005 -22"><span class='ocrx_word' id='word_1_482' title='bbox 156 4477 258 4531; x_wconf 88' lang='lat' dir='ltr'><strong>odia</strong></span> <span class='ocrx_word' id='word_1_483' title='bbox 291 4489 342 4534; x_wconf 88' lang='lat' dir='ltr'><strong>et</strong></span> <span class='ocrx_word' id='word_1_484' title='bbox 368 4479 516 4549; x_wconf 83' lang='lat' dir='ltr'><strong>fugat</strong></span> <span class='ocrx_word' id='word_1_485' title='bbox 552 4480 896 4535; x_wconf 90' lang='lat' dir='ltr'><strong>concordiam</strong></span> <span class='ocrx_word' id='word_1_486' title='bbox 921 4495 936 4546; x_wconf 89' lang='lat'><strong>;</strong></span> <span class='ocrx_word' id='word_1_487' title='bbox 980 4490 1036 4534; x_wconf 93' lang='lat' dir='ltr'><strong>et</strong></span> <span class='ocrx_word' id='word_1_488' title='bbox 1059 4480 1183 4550; x_wconf 87' lang='lat' dir='ltr'><strong>quia</strong></span> <span class='ocrx_word' id='word_1_489' title='bbox 1214 4481 1371 4536; x_wconf 86' lang='lat' dir='ltr'><strong>facile</strong></span> <span class='ocrx_word' id='word_1_490' title='bbox 1392 4483 1458 4536; x_wconf 86' lang='lat' dir='ltr'><strong>ad</strong></span> <span class='ocrx_word' id='word_1_491' title='bbox 1486 4481 1720 4537; x_wconf 85' lang='lat' dir='ltr'><strong>deterio—</strong></span> 
     </span>
    </p>
   </div>
   <div class='ocr_carea' id='block_1_65' title="bbox 157 4570 1719 4640">
    <p class='ocr_par' dir='ltr' id='par_1_65' title="bbox 157 4570 1719 4640">
     <span class='ocr_line' id='line_1_65' title="bbox 157 4570 1719 4640; baseline 0.004 -21"><span class='ocrx_word' id='word_1_492' title='bbox 157 4583 252 4622; x_wconf 89' lang='lat' dir='ltr'><strong>rem</strong></span> <span class='ocrx_word' id='word_1_493' title='bbox 303 4581 506 4640; x_wconf 89' lang='lat' dir='ltr'><strong>partem</strong></span> <span class='ocrx_word' id='word_1_494' title='bbox 557 4585 709 4625; x_wconf 90' lang='lat' dir='ltr'><strong>mens</strong></span> <span class='ocrx_word' id='word_1_495' title='bbox 761 4570 996 4632; x_wconf 82' lang='lat' dir='ltr'><strong>humana</strong></span> <span class='ocrx_word' id='word_1_496' title='bbox 1051 4571 1415 4625; x_wconf 87' lang='lat' dir='ltr'><strong>transducitur</strong></span> <span class='ocrx_word' id='word_1_497' title='bbox 1445 4610 1460 4636; x_wconf 94' lang='lat'><strong>,</strong></span> <span class='ocrx_word' id='word_1_498' title='bbox 1535 4570 1719 4626; x_wconf 88' lang='lat' dir='ltr'><strong>volens</strong></span> 
     </span>
    </p>
   </div>
   <div class='ocr_carea' id='block_1_66' title="bbox 159 4659 1719 4732">
    <p class='ocr_par' dir='ltr' id='par_1_66' title="bbox 159 4659 1719 4732">
     <span class='ocr_line' id='line_1_66' title="bbox 159 4659 1719 4732; baseline 0.004 -24"><span class='ocrx_word' id='word_1_499' title='bbox 159 4659 308 4728; x_wconf 86' lang='lat' dir='ltr'><strong>magis</strong></span> <span class='ocrx_word' id='word_1_500' title='bbox 354 4674 450 4729; x_wconf 92' lang='lat' dir='ltr'><strong>per</strong></span> <span class='ocrx_word' id='word_1_501' title='bbox 497 4659 792 4732; x_wconf 88' lang='lat' dir='ltr'><strong>spatiosam</strong></span> <span class='ocrx_word' id='word_1_502' title='bbox 823 4659 963 4712; x_wconf 90' lang='lat' dir='ltr'><strong>viam</strong></span> <span class='ocrx_word' id='word_1_503' title='bbox 995 4659 1292 4723; x_wconf 90' lang='lat' dir='ltr'><strong>ambulare,</strong></span> <span class='ocrx_word' id='word_1_504' title='bbox 1342 4674 1500 4728; x_wconf 91' lang='lat' dir='ltr'><strong>quam</strong></span> <span class='ocrx_word' id='word_1_505' title='bbox 1551 4670 1719 4715; x_wconf 68' lang='lat' dir='ltr'><strong>arcta:</strong></span> 
     </span>
    </p>
   </div>
   <div class='ocr_carea' id='block_1_67' title="bbox 1825 3472 3414 3542">
    <p class='ocr_par' dir='ltr' id='par_1_67' title="bbox 1825 3472 3414 3542">
     <span class='ocr_line' id='line_1_67' title="bbox 1825 3472 3414 3542; baseline -0.001 -14"><span class='ocrx_word' id='word_1_506' title='bbox 1825 3485 1920 3528; x_wconf 88' lang='lat' dir='ltr'><strong>aut</strong></span> <span class='ocrx_word' id='word_1_507' title='bbox 1946 3475 2268 3530; x_wconf 89' lang='lat' dir='ltr'><strong>necessitate</strong></span> <span class='ocrx_word' id='word_1_508' title='bbox 2296 3473 2782 3536; x_wconf 87' lang='lat' dir='ltr'><strong>aliorum,hortatu</strong></span> <span class='ocrx_word' id='word_1_509' title='bbox 2813 3484 2868 3526; x_wconf 89' lang='lat' dir='ltr'><strong>et</strong></span> <span class='ocrx_word' id='word_1_510' title='bbox 2895 3472 3124 3527; x_wconf 87' lang='lat' dir='ltr'><strong>consilio</strong></span> <span class='ocrx_word' id='word_1_511' title='bbox 3147 3473 3414 3542; x_wconf 90' lang='lat' dir='ltr'><strong>potiorum</strong></span> 
     </span>
    </p>
   </div>
   <div class='ocr_carea' id='block_1_68' title="bbox 1833 3559 3423 3619">
    <p class='ocr_par' dir='ltr' id='par_1_68' title="bbox 1833 3559 3423 3619">
     <span class='ocr_line' id='line_1_68' title="bbox 1833 3559 3423 3619; baseline -0.001 0"><span class='ocrx_word' id='word_1_512' title='bbox 1833 3563 2188 3619; x_wconf 89' lang='lat' dir='ltr'><strong>transfertur.</strong></span> <span class='ocrx_word' id='word_1_513' title='bbox 2222 3561 2336 3616; x_wconf 87' lang='lat' dir='ltr'><strong>Non</strong></span> <span class='ocrx_word' id='word_1_514' title='bbox 2374 3559 2703 3616; x_wconf 90' lang='lat' dir='ltr'><strong>transfertur</strong></span> <span class='ocrx_word' id='word_1_515' title='bbox 2730 3562 2796 3616; x_wconf 89' lang='lat' dir='ltr'><strong>de</strong></span> <span class='ocrx_word' id='word_1_516' title='bbox 2828 3563 3025 3617; x_wconf 90' lang='lat' dir='ltr'><strong>minori</strong></span> <span class='ocrx_word' id='word_1_517' title='bbox 3075 3563 3293 3618; x_wconf 91' lang='lat' dir='ltr'><strong>civitate</strong></span> <span class='ocrx_word' id='word_1_518' title='bbox 3350 3564 3423 3618; x_wconf 84' lang='lat' dir='ltr'><strong>ad</strong></span> 
     </span>
    </p>
   </div>
   <div class='ocr_carea' id='block_1_69' title="bbox 1823 3651 3422 3724">
    <p class='ocr_par' dir='ltr' id='par_1_69' title="bbox 1823 3651 3422 3724">
     <span class='ocr_line' id='line_1_69' title="bbox 1823 3651 3422 3724; baseline -0.001 -14"><span class='ocrx_word' id='word_1_519' title='bbox 1823 3654 2081 3724; x_wconf 86' lang='lat' dir='ltr'><strong>majorem</strong></span> <span class='ocrx_word' id='word_1_520' title='bbox 2132 3653 2222 3724; x_wconf 92' lang='lat' dir='ltr'><strong>qui</strong></span> <span class='ocrx_word' id='word_1_521' title='bbox 2277 3669 2383 3708; x_wconf 92' lang='lat' dir='ltr'><strong>non</strong></span> <span class='ocrx_word' id='word_1_522' title='bbox 2439 3651 2668 3720; x_wconf 91' lang='lat' dir='ltr'><strong>ambitu,</strong></span> <span class='ocrx_word' id='word_1_523' title='bbox 2720 3668 2822 3708; x_wconf 90' lang='lat' dir='ltr'><strong>nec</strong></span> <span class='ocrx_word' id='word_1_524' title='bbox 2859 3655 3080 3724; x_wconf 90' lang='lat' dir='ltr'><strong>propria</strong></span> <span class='ocrx_word' id='word_1_525' title='bbox 3134 3654 3422 3708; x_wconf 88' lang='lat' dir='ltr'><strong>voluntate</strong></span> 
     </span>
    </p>
   </div>
   <div class='ocr_carea' id='block_1_70' title="bbox 1822 3744 3416 3816">
    <p class='ocr_par' dir='ltr' id='par_1_70' title="bbox 1822 3744 3416 3816">
     <span class='ocr_line' id='line_1_70' title="bbox 1822 3744 3416 3816; baseline 0 -16"><span class='ocrx_word' id='word_1_526' title='bbox 1822 3746 1970 3810; x_wconf 89' lang='lat' dir='ltr'><strong>facit,</strong></span> <span class='ocrx_word' id='word_1_527' title='bbox 2003 3744 2096 3800; x_wconf 85' lang='lat' dir='ltr'><strong>sed</strong></span> <span class='ocrx_word' id='word_1_528' title='bbox 2128 3754 2222 3798; x_wconf 91' lang='lat' dir='ltr'><strong>aut</strong></span> <span class='ocrx_word' id='word_1_529' title='bbox 2251 3745 2304 3798; x_wconf 91' lang='lat' dir='ltr'><strong>vi</strong></span> <span class='ocrx_word' id='word_1_530' title='bbox 2355 3760 2384 3798; x_wconf 91' lang='lat' dir='ltr'><strong>a</strong></span> <span class='ocrx_word' id='word_1_531' title='bbox 2414 3744 2635 3815; x_wconf 89' lang='lat' dir='ltr'><strong>propria</strong></span> <span class='ocrx_word' id='word_1_532' title='bbox 2674 3745 2802 3800; x_wconf 89' lang='lat' dir='ltr'><strong>sede</strong></span> <span class='ocrx_word' id='word_1_533' title='bbox 2829 3746 3040 3816; x_wconf 88' lang='lat' dir='ltr'><strong>pulsus,</strong></span> <span class='ocrx_word' id='word_1_534' title='bbox 3080 3753 3174 3799; x_wconf 90' lang='lat' dir='ltr'><strong>aut</strong></span> <span class='ocrx_word' id='word_1_535' title='bbox 3223 3760 3416 3800; x_wconf 87' lang='lat' dir='ltr'><strong>neces-</strong></span> 
     </span>
    </p>
   </div>
   <div class='ocr_carea' id='block_1_71' title="bbox 1821 3836 3461 3908">
    <p class='ocr_par' dir='ltr' id='par_1_71' title="bbox 1821 3836 3461 3908">
     <span class='ocr_line' id='line_1_71' title="bbox 1821 3836 3461 3908; baseline -0.001 -16"><span class='ocrx_word' id='word_1_536' title='bbox 1821 3839 1984 3893; x_wconf 87' lang='lat' dir='ltr'><strong>sitate</strong></span> <span class='ocrx_word' id='word_1_537' title='bbox 2011 3847 2251 3903; x_wconf 87' lang='lat' dir='ltr'><strong>coactus,</strong></span> <span class='ocrx_word' id='word_1_538' title='bbox 2285 3845 2378 3890; x_wconf 93' lang='lat' dir='ltr'><strong>aut</strong></span> <span class='ocrx_word' id='word_1_539' title='bbox 2409 3837 2642 3891; x_wconf 87' lang='lat' dir='ltr'><strong>utilitate</strong></span> <span class='ocrx_word' id='word_1_540' title='bbox 2669 3836 2796 3903; x_wconf 92' lang='lat' dir='ltr'><strong>loci,</strong></span> <span class='ocrx_word' id='word_1_541' title='bbox 2828 3845 2921 3891; x_wconf 91' lang='lat' dir='ltr'><strong>aut</strong></span> <span class='ocrx_word' id='word_1_542' title='bbox 2961 3837 3162 3908; x_wconf 88' lang='lat' dir='ltr'><strong>populi,</strong></span> <span class='ocrx_word' id='word_1_543' title='bbox 3190 3851 3296 3892; x_wconf 92' lang='lat' dir='ltr'><strong>non</strong></span> <span class='ocrx_word' id='word_1_544' title='bbox 3326 3853 3420 3890; x_wconf 86' lang='lat' dir='ltr'><strong>su-</strong></span> <span class='ocrx_word' id='word_1_545' title='bbox 3450 3861 3461 3870; x_wconf 87' lang='lat'><strong><em>-</em></strong></span> 
     </span>
    </p>
   </div>
   <div class='ocr_carea' id='block_1_72' title="bbox 1820 3929 3418 4000">
    <p class='ocr_par' dir='ltr' id='par_1_72' title="bbox 1820 3929 3418 4000">
     <span class='ocr_line' id='line_1_72' title="bbox 1820 3929 3418 4000; baseline -0.001 -15"><span class='ocrx_word' id='word_1_546' title='bbox 1820 3931 2006 4000; x_wconf 88' lang='lat' dir='ltr'><strong>perbe,</strong></span> <span class='ocrx_word' id='word_1_547' title='bbox 2060 3931 2156 3984; x_wconf 90' lang='lat' dir='ltr'><strong>sed</strong></span> <span class='ocrx_word' id='word_1_548' title='bbox 2205 3946 2328 3985; x_wconf 91' lang='lat' dir='ltr'><strong>cum</strong></span> <span class='ocrx_word' id='word_1_549' title='bbox 2386 3929 2692 3985; x_wconf 90' lang='lat' dir='ltr'><strong>humilitate</strong></span> <span class='ocrx_word' id='word_1_550' title='bbox 2729 3929 2798 3984; x_wconf 87' lang='lat' dir='ltr'><strong>ab</strong></span> <span class='ocrx_word' id='word_1_551' title='bbox 2851 3929 2973 3984; x_wconf 91' lang='lat' dir='ltr'><strong>aliis</strong></span> <span class='ocrx_word' id='word_1_552' title='bbox 3022 3929 3313 3985; x_wconf 87' lang='lat' dir='ltr'><strong>translatus</strong></span> <span class='ocrx_word' id='word_1_553' title='bbox 3360 3939 3418 3984; x_wconf 91' lang='lat' dir='ltr'><strong>et</strong></span> 
     </span>
    </p>
   </div>
   <div class='ocr_carea' id='block_1_73' title="bbox 1825 4021 3418 4093">
    <p class='ocr_par' dir='ltr' id='par_1_73' title="bbox 1825 4021 3418 4093">
     <span class='ocr_line' id='line_1_73' title="bbox 1825 4021 3418 4093; baseline -0.002 -15"><span class='ocrx_word' id='word_1_554' title='bbox 1825 4023 2181 4078; x_wconf 83' lang='lat' dir='ltr'><strong>intronizatus</strong></span> <span class='ocrx_word' id='word_1_555' title='bbox 2230 4031 2332 4086; x_wconf 90' lang='lat' dir='ltr'><strong>est,</strong></span> <span class='ocrx_word' id='word_1_556' title='bbox 2384 4023 2512 4093; x_wconf 89' lang='lat' dir='ltr'><strong>quia</strong></span> <span class='ocrx_word' id='word_1_557' title='bbox 2551 4023 2714 4078; x_wconf 92' lang='lat' dir='ltr'><strong>homo</strong></span> <span class='ocrx_word' id='word_1_558' title='bbox 2768 4023 2915 4078; x_wconf 89' lang='lat' dir='ltr'><strong>videt</strong></span> <span class='ocrx_word' id='word_1_559' title='bbox 2963 4023 3019 4077; x_wconf 90' lang='lat' dir='ltr'><strong>in</strong></span> <span class='ocrx_word' id='word_1_560' title='bbox 3063 4021 3224 4088; x_wconf 91' lang='lat' dir='ltr'><strong>facie,</strong></span> <span class='ocrx_word' id='word_1_561' title='bbox 3274 4021 3418 4076; x_wconf 87' lang='lat' dir='ltr'><strong>Deus</strong></span> 
     </span>
    </p>
   </div>
   <div class='ocr_carea' id='block_1_74' title="bbox 1821 4111 3409 4184">
    <p class='ocr_par' dir='ltr' id='par_1_74' title="bbox 1821 4111 3409 4184">
     <span class='ocr_line' id='line_1_74' title="bbox 1821 4111 3409 4184; baseline -0.003 -16"><span class='ocrx_word' id='word_1_562' title='bbox 1821 4123 2000 4168; x_wconf 91' lang='lat' dir='ltr'><strong>autem</strong></span> <span class='ocrx_word' id='word_1_563' title='bbox 2024 4113 2080 4167; x_wconf 91' lang='lat' dir='ltr'><strong>in</strong></span> <span class='ocrx_word' id='word_1_564' title='bbox 2107 4112 2289 4168; x_wconf 90' lang='lat' dir='ltr'><strong>corde.</strong></span> <span class='ocrx_word' id='word_1_565' title='bbox 2320 4112 2388 4166; x_wconf 94' lang='lat' dir='ltr'><strong>Et</strong></span> <span class='ocrx_word' id='word_1_566' title='bbox 2407 4112 2671 4167; x_wconf 89' lang='lat' dir='ltr'><strong>Dominus</strong></span> <span class='ocrx_word' id='word_1_567' title='bbox 2705 4127 2801 4182; x_wconf 91' lang='lat' dir='ltr'><strong>per</strong></span> <span class='ocrx_word' id='word_1_568' title='bbox 2828 4112 3147 4184; x_wconf 89' lang='lat' dir='ltr'><strong>prophetam</strong></span> <span class='ocrx_word' id='word_1_569' title='bbox 3169 4111 3409 4181; x_wconf 90' lang='lat' dir='ltr'><strong>loquitur</strong></span> 
     </span>
    </p>
   </div>
   <div class='ocr_carea' id='block_1_75' title="bbox 1822 4203 3410 4275">
    <p class='ocr_par' dir='ltr' id='par_1_75' title="bbox 1822 4203 3410 4275">
     <span class='ocr_line' id='line_1_75' title="bbox 1822 4203 3410 4275; baseline -0.001 -15"><span class='ocrx_word' id='word_1_570' title='bbox 1822 4205 2008 4261; x_wconf 74' lang='lat' dir='ltr'><strong>dicens</strong></span> <span class='ocrx_word' id='word_1_571' title='bbox 2037 4222 2050 4258; x_wconf 91' lang='lat'>:</span> <span class='ocrx_word' id='word_1_572' title='bbox 2089 4223 2108 4257; x_wconf 84' lang='grc'><em>‹</em></span> <span class='ocrx_word' id='word_1_573' title='bbox 2147 4204 2408 4260; x_wconf 89' lang='lat' dir='ltr'><strong>Dominus</strong></span> <span class='ocrx_word' id='word_1_574' title='bbox 2436 4204 2539 4259; x_wconf 91' lang='lat' dir='ltr'><strong>scit</strong></span> <span class='ocrx_word' id='word_1_575' title='bbox 2569 4205 2927 4275; x_wconf 85' lang='lat' dir='ltr'><strong>cogitationes</strong></span> <span class='ocrx_word' id='word_1_576' title='bbox 2953 4203 3234 4258; x_wconf 87' lang='lat' dir='ltr'><strong>hominum</strong></span> <span class='ocrx_word' id='word_1_577' title='bbox 3272 4217 3410 4272; x_wconf 81' lang='lat' dir='ltr'><strong>quo-</strong></span> 
     </span>
    </p>
   </div>
   <div class='ocr_carea' id='block_1_76' title="bbox 1821 4294 3416 4368">
    <p class='ocr_par' dir='ltr' id='par_1_76' title="bbox 1821 4294 3416 4368">
     <span class='ocr_line' id='line_1_76' title="bbox 1821 4294 3416 4368; baseline -0.001 -17"><span class='ocrx_word' id='word_1_578' title='bbox 1821 4298 1967 4351; x_wconf 92' lang='lat' dir='ltr'><strong>niam</strong></span> <span class='ocrx_word' id='word_1_579' title='bbox 1997 4312 2150 4351; x_wconf 75' lang='lat' dir='ltr'><strong>vana:</strong></span> <span class='ocrx_word' id='word_1_580' title='bbox 2176 4305 2303 4352; x_wconf 90' lang='lat' dir='ltr'><strong>sunt</strong></span> <span class='ocrx_word' id='word_1_581' title='bbox 2325 4296 2501 4367; x_wconf 84' lang='lat' dir='ltr'><strong>(Psal.</strong></span> <span class='ocrx_word' id='word_1_582' title='bbox 2547 4311 2700 4362; x_wconf 84' lang='lat' dir='ltr'><strong>xcut,</strong></span> <span class='ocrx_word' id='word_1_583' title='bbox 2737 4295 2847 4368; x_wconf 82' lang='lat' dir='ltr'><strong>ll).</strong></span> <span class='ocrx_word' id='word_1_584' title='bbox 2884 4315 2904 4348; x_wconf 73' lang='grc' dir='ltr'><strong>ι</strong></span> <span class='ocrx_word' id='word_1_585' title='bbox 2936 4294 3052 4350; x_wconf 83' lang='lat' dir='ltr'><strong>Non</strong></span> <span class='ocrx_word' id='word_1_586' title='bbox 3078 4310 3208 4365; x_wconf 90' lang='lat' dir='ltr'><strong>ergo</strong></span> <span class='ocrx_word' id='word_1_587' title='bbox 3243 4303 3416 4349; x_wconf 85' lang='lat' dir='ltr'><strong>mutat</strong></span> 
     </span>
    </p>
   </div>
   <div class='ocr_carea' id='block_1_77' title="bbox 1820 4385 3414 4458">
    <p class='ocr_par' dir='ltr' id='par_1_77' title="bbox 1820 4385 3414 4458">
     <span class='ocr_line' id='line_1_77' title="bbox 1820 4385 3414 4458; baseline -0.004 -14"><span class='ocrx_word' id='word_1_588' title='bbox 1820 4387 2003 4444; x_wconf 89' lang='lat' dir='ltr'><strong>sedem</strong></span> <span class='ocrx_word' id='word_1_589' title='bbox 2023 4387 2116 4458; x_wconf 91' lang='lat' dir='ltr'><strong>qui</strong></span> <span class='ocrx_word' id='word_1_590' title='bbox 2147 4403 2253 4442; x_wconf 90' lang='lat' dir='ltr'><strong>non</strong></span> <span class='ocrx_word' id='word_1_591' title='bbox 2278 4396 2453 4442; x_wconf 91' lang='lat' dir='ltr'><strong>mutat</strong></span> <span class='ocrx_word' id='word_1_592' title='bbox 2480 4395 2750 4453; x_wconf 90' lang='lat' dir='ltr'><strong>mentem;</strong></span> <span class='ocrx_word' id='word_1_593' title='bbox 2795 4401 2900 4442; x_wconf 91' lang='lat' dir='ltr'><strong>nec</strong></span> <span class='ocrx_word' id='word_1_594' title='bbox 2925 4393 3106 4441; x_wconf 91' lang='lat' dir='ltr'><strong>mutat</strong></span> <span class='ocrx_word' id='word_1_595' title='bbox 3136 4385 3414 4440; x_wconf 87' lang='lat' dir='ltr'><strong>civitatem</strong></span> 
     </span>
    </p>
   </div>
   <div class='ocr_carea' id='block_1_78' title="bbox 1820 4475 3409 4549">
    <p class='ocr_par' dir='ltr' id='par_1_78' title="bbox 1820 4475 3409 4549">
     <span class='ocr_line' id='line_1_78' title="bbox 1820 4475 3409 4549; baseline -0.001 -17"><span class='ocrx_word' id='word_1_596' title='bbox 1820 4482 1912 4549; x_wconf 87' lang='lat' dir='ltr'><strong>qui</strong></span> <span class='ocrx_word' id='word_1_597' title='bbox 1954 4495 2058 4535; x_wconf 92' lang='lat' dir='ltr'><strong>non</strong></span> <span class='ocrx_word' id='word_1_598' title='bbox 2087 4493 2185 4534; x_wconf 90' lang='lat' dir='ltr'><strong>sua</strong></span> <span class='ocrx_word' id='word_1_599' title='bbox 2216 4487 2428 4548; x_wconf 90' lang='lat' dir='ltr'><strong>sponte,</strong></span> <span class='ocrx_word' id='word_1_600' title='bbox 2483 4478 2580 4534; x_wconf 89' lang='lat' dir='ltr'><strong>sed</strong></span> <span class='ocrx_word' id='word_1_601' title='bbox 2629 4478 2858 4532; x_wconf 90' lang='lat' dir='ltr'><strong>consilio</strong></span> <span class='ocrx_word' id='word_1_602' title='bbox 2887 4486 2942 4532; x_wconf 91' lang='lat' dir='ltr'><strong>et</strong></span> <span class='ocrx_word' id='word_1_603' title='bbox 2976 4477 3242 4534; x_wconf 89' lang='lat' dir='ltr'><strong>electione</strong></span> <span class='ocrx_word' id='word_1_604' title='bbox 3274 4475 3409 4530; x_wconf 90' lang='lat' dir='ltr'><strong>alio-</strong></span> 
     </span>
    </p>
   </div>
   <div class='ocr_carea' id='block_1_79' title="bbox 1823 4566 3415 4639">
    <p class='ocr_par' dir='ltr' id='par_1_79' title="bbox 1823 4566 3415 4639">
     <span class='ocr_line' id='line_1_79' title="bbox 1823 4566 3415 4639; baseline -0.002 -16"><span class='ocrx_word' id='word_1_605' title='bbox 1823 4585 1939 4623; x_wconf 91' lang='lat' dir='ltr'><strong>rum</strong></span> <span class='ocrx_word' id='word_1_606' title='bbox 2013 4576 2274 4624; x_wconf 87' lang='lat' dir='ltr'><strong>mutatur.</strong></span> <span class='ocrx_word' id='word_1_607' title='bbox 2335 4567 2450 4622; x_wconf 85' lang='lat' dir='ltr'><strong>Non</strong></span> <span class='ocrx_word' id='word_1_608' title='bbox 2507 4583 2636 4638; x_wconf 88' lang='lat' dir='ltr'><strong>ergo</strong></span> <span class='ocrx_word' id='word_1_609' title='bbox 2705 4568 2904 4639; x_wconf 87' lang='lat' dir='ltr'><strong>migrat</strong></span> <span class='ocrx_word' id='word_1_610' title='bbox 2955 4569 3022 4623; x_wconf 90' lang='lat' dir='ltr'><strong>de</strong></span> <span class='ocrx_word' id='word_1_611' title='bbox 3075 4567 3296 4622; x_wconf 88' lang='lat' dir='ltr'><strong>civitate</strong></span> <span class='ocrx_word' id='word_1_612' title='bbox 3343 4566 3415 4620; x_wconf 82' lang='lat' dir='ltr'><strong>ad</strong></span> 
     </span>
    </p>
   </div>
   <div class='ocr_carea' id='block_1_80' title="bbox 1819 4657 3410 4730">
    <p class='ocr_par' dir='ltr' id='par_1_80' title="bbox 1819 4657 3410 4730">
     <span class='ocr_line' id='line_1_80' title="bbox 1819 4657 3410 4730; baseline -0.003 -16"><span class='ocrx_word' id='word_1_613' title='bbox 1819 4660 2114 4722; x_wconf 87' lang='lat' dir='ltr'><strong>civitatem,</strong></span> <span class='ocrx_word' id='word_1_614' title='bbox 2143 4659 2234 4730; x_wconf 92' lang='lat' dir='ltr'><strong>qui</strong></span> <span class='ocrx_word' id='word_1_615' title='bbox 2263 4674 2368 4713; x_wconf 94' lang='lat' dir='ltr'><strong>non</strong></span> <span class='ocrx_word' id='word_1_616' title='bbox 2396 4659 2639 4714; x_wconf 81' lang='lat' dir='ltr'><strong>avaritiae</strong></span> <span class='ocrx_word' id='word_1_617' title='bbox 2667 4674 2852 4725; x_wconf 89' lang='lat' dir='ltr'><strong>causa,</strong></span> <span class='ocrx_word' id='word_1_618' title='bbox 2879 4673 2980 4714; x_wconf 89' lang='lat' dir='ltr'><strong>nec</strong></span> <span class='ocrx_word' id='word_1_619' title='bbox 3012 4669 3204 4730; x_wconf 90' lang='lat' dir='ltr'><strong>sponte</strong></span> <span class='ocrx_word' id='word_1_620' title='bbox 3227 4657 3410 4712; x_wconf 86' lang='lat' dir='ltr'><strong>dimit—</strong></span> 
     </span>
    </p>
   </div>
   <div class='ocr_carea' id='block_1_81' title="bbox 155 4749 3406 4830">
    <p class='ocr_par' dir='ltr' id='par_1_81' title="bbox 155 4749 3406 4830">
     <span class='ocr_line' id='line_1_81' title="bbox 155 4749 3406 4830; baseline -0.001 -28"><span class='ocrx_word' id='word_1_621' title='bbox 155 4763 240 4804; x_wconf 67' lang='lat' dir='ltr'><strong>vtae</strong></span> <span class='ocrx_word' id='word_1_622' title='bbox 259 4752 354 4805; x_wconf 88' lang='lat' dir='ltr'><strong>iter</strong></span> <span class='ocrx_word' id='word_1_623' title='bbox 390 4767 512 4807; x_wconf 93' lang='lat' dir='ltr'><strong>cum</strong></span> <span class='ocrx_word' id='word_1_624' title='bbox 559 4751 742 4805; x_wconf 89' lang='lat' dir='ltr'><strong>labore</strong></span> <span class='ocrx_word' id='word_1_625' title='bbox 773 4752 1024 4816; x_wconf 87' lang='lat' dir='ltr'><strong>transire,</strong></span> <span class='ocrx_word' id='word_1_626' title='bbox 1049 4766 1154 4820; x_wconf 85' lang='lat' dir='ltr'><strong>qua</strong></span> <span class='ocrx_word' id='word_1_627' title='bbox 1187 4751 1252 4805; x_wconf 72' lang='lat' dir='ltr'><strong>ile</strong></span> <span class='ocrx_word' id='word_1_628' title='bbox 1286 4765 1360 4813; x_wconf 88' lang='lat' dir='ltr'><strong>re,</strong></span> <span class='ocrx_word' id='word_1_629' title='bbox 1409 4750 1607 4805; x_wconf 90' lang='lat' dir='ltr'><strong>fratres</strong></span> <span class='ocrx_word' id='word_1_630' title='bbox 1632 4751 1717 4806; x_wconf 78' lang='lat' dir='ltr'><strong>di-</strong></span> <span class='ocrx_word' id='word_1_631' title='bbox 1746 4771 1796 4830; x_wconf 83' lang='lat' dir='ltr'><strong>D</strong></span> <span class='ocrx_word' id='word_1_632' title='bbox 1826 4751 1890 4805; x_wconf 92' lang='lat' dir='ltr'><strong>tit</strong></span> <span class='ocrx_word' id='word_1_633' title='bbox 1915 4767 2086 4816; x_wconf 91' lang='lat' dir='ltr'><strong>suam,</strong></span> <span class='ocrx_word' id='word_1_634' title='bbox 2113 4752 2206 4806; x_wconf 85' lang='lat' dir='ltr'><strong>sed</strong></span> <span class='ocrx_word' id='word_1_635' title='bbox 2235 4761 2293 4805; x_wconf 92' lang='lat' dir='ltr'><strong>ut</strong></span> <span class='ocrx_word' id='word_1_636' title='bbox 2319 4749 2427 4819; x_wconf 80' lang='lat' dir='ltr'><strong>iam</strong></span> <span class='ocrx_word' id='word_1_637' title='bbox 2461 4751 2662 4806; x_wconf 92' lang='lat' dir='ltr'><strong>dictum</strong></span> <span class='ocrx_word' id='word_1_638' title='bbox 2690 4760 2795 4818; x_wconf 91' lang='lat' dir='ltr'><strong>est,</strong></span> <span class='ocrx_word' id='word_1_639' title='bbox 2835 4760 2930 4805; x_wconf 89' lang='lat' dir='ltr'><strong>aut</strong></span> <span class='ocrx_word' id='word_1_640' title='bbox 2975 4751 3162 4822; x_wconf 89' lang='lat' dir='ltr'><strong>pulsus</strong></span> <span class='ocrx_word' id='word_1_641' title='bbox 3211 4765 3239 4802; x_wconf 91' lang='lat' dir='ltr'><strong>a</strong></span> <span class='ocrx_word' id='word_1_642' title='bbox 3288 4764 3406 4812; x_wconf 88' lang='lat' dir='ltr'><strong>sua,</strong></span> 
     </span>
    </p>
   </div>
   <div class='ocr_carea' id='block_1_82' title="bbox 157 4837 1718 4912">
    <p class='ocr_par' dir='ltr' id='par_1_82' title="bbox 157 4837 1718 4912">
     <span class='ocr_line' id='line_1_82' title="bbox 157 4837 1718 4912; baseline 0.004 -21"><span class='ocrx_word' id='word_1_643' title='bbox 157 4837 425 4908; x_wconf 84' lang='lat' dir='ltr'><strong>lectissimi,</strong></span> <span class='ocrx_word' id='word_1_644' title='bbox 454 4841 739 4896; x_wconf 89' lang='lat' dir='ltr'><strong>sectamini</strong></span> <span class='ocrx_word' id='word_1_645' title='bbox 769 4841 1015 4907; x_wconf 87' lang='lat' dir='ltr'><strong>meliora,</strong></span> <span class='ocrx_word' id='word_1_646' title='bbox 1067 4851 1122 4896; x_wconf 90' lang='lat' dir='ltr'><strong>et</strong></span> <span class='ocrx_word' id='word_1_647' title='bbox 1163 4857 1382 4912; x_wconf 88' lang='lat' dir='ltr'><strong>semper</strong></span> <span class='ocrx_word' id='word_1_648' title='bbox 1426 4841 1718 4911; x_wconf 90' lang='lat' dir='ltr'><strong>relinquite</strong></span> 
     </span>
    </p>
   </div>
   <div class='ocr_carea' id='block_1_83' title="bbox 157 4933 1714 5007">
    <p class='ocr_par' dir='ltr' id='par_1_83' title="bbox 157 4933 1714 5007">
     <span class='ocr_line' id='line_1_83' title="bbox 157 4933 1714 5007; baseline 0.003 -21"><span class='ocrx_word' id='word_1_649' title='bbox 157 4933 415 4989; x_wconf 85' lang='lat' dir='ltr'><strong>deteriora.</strong></span> <span class='ocrx_word' id='word_1_650' title='bbox 444 4935 596 4989; x_wconf 88' lang='lat' dir='ltr'><strong>Bona</strong></span> <span class='ocrx_word' id='word_1_651' title='bbox 639 4935 804 5006; x_wconf 91' lang='lat' dir='ltr'><strong>agite,</strong></span> <span class='ocrx_word' id='word_1_652' title='bbox 834 4935 974 4990; x_wconf 93' lang='lat' dir='ltr'><strong>mala</strong></span> <span class='ocrx_word' id='word_1_653' title='bbox 1006 4935 1190 5001; x_wconf 86' lang='lat' dir='ltr'><strong>vitate,</strong></span> <span class='ocrx_word' id='word_1_654' title='bbox 1235 4945 1292 4990; x_wconf 91' lang='lat' dir='ltr'><strong>ut</strong></span> <span class='ocrx_word' id='word_1_655' title='bbox 1317 4952 1443 4992; x_wconf 91' lang='lat' dir='ltr'><strong>vere</strong></span> <span class='ocrx_word' id='word_1_656' title='bbox 1467 4937 1714 5007; x_wconf 90' lang='lat' dir='ltr'><strong>discipuli</strong></span> 
     </span>
    </p>
   </div>
   <div class='ocr_carea' id='block_1_84' title="bbox 153 5019 1716 5099">
    <p class='ocr_par' dir='ltr' id='par_1_84' title="bbox 153 5019 1716 5099">
     <span class='ocr_line' id='line_1_84' title="bbox 153 5019 1716 5099; baseline 0.006 -25"><span class='ocrx_word' id='word_1_657' title='bbox 153 5019 337 5080; x_wconf 78' lang='lat' dir='ltr'><strong>Dotnini</strong></span> <span class='ocrx_word' id='word_1_658' title='bbox 376 5041 495 5081; x_wconf 88' lang='lat' dir='ltr'><strong>esse</strong></span> <span class='ocrx_word' id='word_1_659' title='bbox 519 5027 890 5081; x_wconf 89' lang='lat' dir='ltr'><strong>invenianimi.</strong></span> <span class='ocrx_word' id='word_1_660' title='bbox 923 5027 998 5082; x_wconf 93' lang='lat' dir='ltr'><strong>De</strong></span> <span class='ocrx_word' id='word_1_661' title='bbox 1026 5029 1322 5082; x_wconf 83' lang='lat' dir='ltr'><strong>mutatione</strong></span> <span class='ocrx_word' id='word_1_662' title='bbox 1349 5043 1478 5098; x_wconf 86' lang='lat' dir='ltr'><strong>ergo</strong></span> <span class='ocrx_word' id='word_1_663' title='bbox 1505 5030 1716 5099; x_wconf 85' lang='lat' dir='ltr'><strong>episeo-</strong></span> 
     </span>
    </p>
   </div>
   <div class='ocr_carea' id='block_1_85' title="bbox 154 5117 1716 5188">
    <p class='ocr_par' dir='ltr' id='par_1_85' title="bbox 154 5117 1716 5188">
     <span class='ocr_line' id='line_1_85' title="bbox 154 5117 1716 5188; baseline 0.005 -22"><span class='ocrx_word' id='word_1_664' title='bbox 154 5127 319 5180; x_wconf 90' lang='lat' dir='ltr'><strong>porum</strong></span> <span class='ocrx_word' id='word_1_665' title='bbox 347 5117 487 5172; x_wconf 88' lang='lat' dir='ltr'><strong>unde</strong></span> <span class='ocrx_word' id='word_1_666' title='bbox 533 5127 776 5173; x_wconf 90' lang='lat' dir='ltr'><strong>sanctam</strong></span> <span class='ocrx_word' id='word_1_667' title='bbox 817 5121 1001 5174; x_wconf 89' lang='lat' dir='ltr'><strong>sedem</strong></span> <span class='ocrx_word' id='word_1_668' title='bbox 1046 5120 1716 5188; x_wconf 87' lang='lat' dir='ltr'><strong>apostolicamconsulere</strong></span> 
     </span>
    </p>
   </div>
   <div class='ocr_carea' id='block_1_86' title="bbox 154 5201 1714 5277">
    <p class='ocr_par' dir='ltr' id='par_1_86' title="bbox 154 5201 1714 5277">
     <span class='ocr_line' id='line_1_86' title="bbox 154 5201 1714 5277; baseline 0.008 -25"><span class='ocrx_word' id='word_1_669' title='bbox 154 5201 395 5273; x_wconf 86' lang='lat' dir='ltr'><strong>voluistis,</strong></span> <span class='ocrx_word' id='word_1_670' title='bbox 416 5207 614 5262; x_wconf 89' lang='lat' dir='ltr'><strong>scitote</strong></span> <span class='ocrx_word' id='word_1_671' title='bbox 637 5223 760 5264; x_wconf 92' lang='lat' dir='ltr'><strong>eam</strong></span> <span class='ocrx_word' id='word_1_672' title='bbox 784 5208 1061 5264; x_wconf 88' lang='lat' dir='ltr'><strong>communi</strong></span> <span class='ocrx_word' id='word_1_673' title='bbox 1081 5208 1312 5262; x_wconf 89' lang='lat' dir='ltr'><strong>utilitate</strong></span> <span class='ocrx_word' id='word_1_674' title='bbox 1334 5216 1498 5277; x_wconf 90' lang='lat' dir='ltr'><strong>atque</strong></span> <span class='ocrx_word' id='word_1_675' title='bbox 1528 5223 1714 5264; x_wconf 89' lang='lat' dir='ltr'><strong>neces-</strong></span> 
     </span>
    </p>
   </div>
   <div class='ocr_carea' id='block_1_87' title="bbox 152 5291 1711 5368">
    <p class='ocr_par' dir='ltr' id='par_1_87' title="bbox 152 5291 1711 5368">
     <span class='ocr_line' id='line_1_87' title="bbox 152 5291 1711 5368; baseline 0.006 -23"><span class='ocrx_word' id='word_1_676' title='bbox 152 5291 291 5349; x_wconf 85' lang='lat' dir='ltr'><strong>sitate</strong></span> <span class='ocrx_word' id='word_1_677' title='bbox 311 5297 428 5352; x_wconf 84' lang='lat' dir='ltr'><strong>fieri</strong></span> <span class='ocrx_word' id='word_1_678' title='bbox 469 5296 654 5363; x_wconf 90' lang='lat' dir='ltr'><strong>licere,</strong></span> <span class='ocrx_word' id='word_1_679' title='bbox 681 5299 777 5354; x_wconf 90' lang='lat' dir='ltr'><strong>sed</strong></span> <span class='ocrx_word' id='word_1_680' title='bbox 823 5314 930 5354; x_wconf 89' lang='lat' dir='ltr'><strong>non</strong></span> <span class='ocrx_word' id='word_1_681' title='bbox 961 5299 1115 5354; x_wconf 90' lang='lat' dir='ltr'><strong>libitu</strong></span> <span class='ocrx_word' id='word_1_682' title='bbox 1149 5297 1466 5368; x_wconf 87' lang='lat' dir='ltr'><strong>cujusquam</strong></span> <span class='ocrx_word' id='word_1_683' title='bbox 1495 5308 1588 5354; x_wconf 90' lang='lat' dir='ltr'><strong>aut</strong></span> <span class='ocrx_word' id='word_1_684' title='bbox 1613 5299 1711 5353; x_wconf 87' lang='lat' dir='ltr'><strong>do-</strong></span> 
     </span>
    </p>
   </div>
   <div class='ocr_carea' id='block_1_88' title="bbox 157 5385 1711 5461">
    <p class='ocr_par' dir='ltr' id='par_1_88' title="bbox 157 5385 1711 5461">
     <span class='ocr_line' id='line_1_88' title="bbox 157 5385 1711 5461; baseline 0.004 -25"><span class='ocrx_word' id='word_1_685' title='bbox 157 5385 446 5444; x_wconf 87' lang='lat' dir='ltr'><strong>minatione.</strong></span> <span class='ocrx_word' id='word_1_686' title='bbox 475 5387 692 5455; x_wconf 89' lang='lat' dir='ltr'><strong>Petrus,</strong></span> <span class='ocrx_word' id='word_1_687' title='bbox 715 5399 937 5445; x_wconf 88' lang='lat' dir='ltr'><strong>sanctus</strong></span> <span class='ocrx_word' id='word_1_688' title='bbox 957 5390 1215 5461; x_wconf 87' lang='lat' dir='ltr'><strong>magister</strong></span> <span class='ocrx_word' id='word_1_689' title='bbox 1239 5398 1446 5455; x_wconf 90' lang='lat' dir='ltr'><strong>noster,</strong></span> <span class='ocrx_word' id='word_1_690' title='bbox 1473 5398 1529 5444; x_wconf 92' lang='lat' dir='ltr'><strong>et</strong></span> <span class='ocrx_word' id='word_1_691' title='bbox 1558 5389 1711 5459; x_wconf 85' lang='lat' dir='ltr'><strong>prin-</strong></span> 
     </span>
    </p>
   </div>
   <div class='ocr_carea' id='block_1_89' title="bbox 157 5479 1713 5548">
    <p class='ocr_par' dir='ltr' id='par_1_89' title="bbox 157 5479 1713 5548">
     <span class='ocr_line' id='line_1_89' title="bbox 157 5479 1713 5548; baseline 0.005 -20"><span class='ocrx_word' id='word_1_692' title='bbox 157 5487 269 5543; x_wconf 84' lang='lat' dir='ltr'><strong>ccp‘s</strong></span> <span class='ocrx_word' id='word_1_693' title='bbox 286 5479 674 5548; x_wconf 89' lang='lat' dir='ltr'><strong>apostolorum,</strong></span> <span class='ocrx_word' id='word_1_694' title='bbox 704 5481 770 5536; x_wconf 92' lang='lat' dir='ltr'><strong>de</strong></span> <span class='ocrx_word' id='word_1_695' title='bbox 782 5480 1067 5536; x_wconf 78' lang='lat' dir='ltr'><strong>Antiochia</strong></span> <span class='ocrx_word' id='word_1_696' title='bbox 1091 5480 1338 5535; x_wconf 90' lang='lat' dir='ltr'><strong>utilitatis</strong></span> <span class='ocrx_word' id='word_1_697' title='bbox 1354 5495 1519 5536; x_wconf 91' lang='lat' dir='ltr'><strong>causa</strong></span> <span class='ocrx_word' id='word_1_698' title='bbox 1535 5490 1713 5536; x_wconf 86' lang='lat' dir='ltr'><strong>trans-</strong></span> 
     </span>
    </p>
   </div>
   <div class='ocr_carea' id='block_1_90' title="bbox 157 5563 1706 5644">
    <p class='ocr_par' dir='ltr' id='par_1_90' title="bbox 157 5563 1706 5644">
     <span class='ocr_line' id='line_1_90' title="bbox 157 5563 1706 5644; baseline 0.005 -28"><span class='ocrx_word' id='word_1_699' title='bbox 157 5563 277 5622; x_wconf 86' lang='lat' dir='ltr'><strong>latus</strong></span> <span class='ocrx_word' id='word_1_700' title='bbox 313 5581 394 5626; x_wconf 88' lang='lat' dir='ltr'><strong>est</strong></span> <span class='ocrx_word' id='word_1_701' title='bbox 431 5569 679 5636; x_wconf 75' lang='lat' dir='ltr'><strong>Romam,</strong></span> <span class='ocrx_word' id='word_1_702' title='bbox 704 5580 765 5626; x_wconf 93' lang='lat' dir='ltr'><strong>ut</strong></span> <span class='ocrx_word' id='word_1_703' title='bbox 794 5571 990 5627; x_wconf 90' lang='lat' dir='ltr'><strong>ibidem</strong></span> <span class='ocrx_word' id='word_1_704' title='bbox 1016 5571 1197 5644; x_wconf 91' lang='lat' dir='ltr'><strong>potius</strong></span> <span class='ocrx_word' id='word_1_705' title='bbox 1222 5571 1486 5642; x_wconf 83' lang='lat' dir='ltr'><strong>proficere</strong></span> <span class='ocrx_word' id='word_1_706' title='bbox 1506 5580 1706 5642; x_wconf 89' lang='lat' dir='ltr'><strong>posset.</strong></span> 
     </span>
    </p>
   </div>
   <div class='ocr_carea' id='block_1_91' title="bbox 161 5655 1709 5734">
    <p class='ocr_par' dir='ltr' id='par_1_91' title="bbox 161 5655 1709 5734">
     <span class='ocr_line' id='line_1_91' title="bbox 161 5655 1709 5734; baseline 0.006 -24"><span class='ocrx_word' id='word_1_707' title='bbox 161 5655 394 5727; x_wconf 81' lang='lat' dir='ltr'><strong>Eusebius</strong></span> <span class='ocrx_word' id='word_1_708' title='bbox 414 5679 630 5734; x_wconf 88' lang='lat' dir='ltr'><strong>quoque</strong></span> <span class='ocrx_word' id='word_1_709' title='bbox 654 5663 720 5717; x_wconf 89' lang='lat' dir='ltr'><strong>de</strong></span> <span class='ocrx_word' id='word_1_710' title='bbox 757 5664 986 5734; x_wconf 90' lang='lat' dir='ltr'><strong>quadam</strong></span> <span class='ocrx_word' id='word_1_711' title='bbox 1028 5679 1191 5733; x_wconf 86' lang='lat' dir='ltr'><strong>parva</strong></span> <span class='ocrx_word' id='word_1_712' title='bbox 1231 5663 1452 5719; x_wconf 88' lang='lat' dir='ltr'><strong>civitate</strong></span> <span class='ocrx_word' id='word_1_713' title='bbox 1491 5673 1709 5734; x_wconf 89' lang='lat' dir='ltr'><strong>aposto-</strong></span> 
     </span>
    </p>
   </div>
   <div class='ocr_carea' id='block_1_92' title="bbox 160 5742 1708 5814">
    <p class='ocr_par' dir='ltr' id='par_1_92' title="bbox 160 5742 1708 5814">
     <span class='ocr_line' id='line_1_92' title="bbox 160 5742 1708 5814; baseline 0.007 -15"><span class='ocrx_word' id='word_1_714' title='bbox 160 5742 242 5802; x_wconf 86' lang='lat' dir='ltr'><strong>lica</strong></span> <span class='ocrx_word' id='word_1_715' title='bbox 273 5756 586 5810; x_wconf 84' lang='lat' dir='ltr'><strong>auctoritate</strong></span> <span class='ocrx_word' id='word_1_716' title='bbox 618 5764 856 5810; x_wconf 84' lang='lat' dir='ltr'><strong>mutatus</strong></span> <span class='ocrx_word' id='word_1_717' title='bbox 893 5766 978 5812; x_wconf 90' lang='lat' dir='ltr'><strong>cst</strong></span> <span class='ocrx_word' id='word_1_718' title='bbox 1012 5757 1412 5814; x_wconf 74' lang='lat' dir='ltr'><strong>Alexandriam.</strong></span> <span class='ocrx_word' id='word_1_719' title='bbox 1443 5757 1708 5813; x_wconf 89' lang='lat' dir='ltr'><strong>Similiter</strong></span> 
     </span>
    </p>
   </div>
   <div class='ocr_carea' id='block_1_93' title="bbox 160 5836 1707 5918">
    <p class='ocr_par' dir='ltr' id='par_1_93' title="bbox 160 5836 1707 5918">
     <span class='ocr_line' id='line_1_93' title="bbox 160 5836 1707 5918; baseline 0.009 -28"><span class='ocrx_word' id='word_1_720' title='bbox 160 5836 283 5896; x_wconf 76' lang='lat' dir='ltr'><strong>Felix</strong></span> <span class='ocrx_word' id='word_1_721' title='bbox 310 5847 368 5899; x_wconf 81' lang='lat' dir='ltr'><strong>de</strong></span> <span class='ocrx_word' id='word_1_722' title='bbox 396 5847 614 5901; x_wconf 67' lang='lat' dir='ltr'><strong>ciiitatc</strong></span> <span class='ocrx_word' id='word_1_723' title='bbox 638 5863 739 5918; x_wconf 82' lang='lat' dir='ltr'><strong>qua</strong></span> <span class='ocrx_word' id='word_1_724' title='bbox 770 5849 1050 5904; x_wconf 81' lang='lat' dir='ltr'><strong>ordinatus</strong></span> <span class='ocrx_word' id='word_1_725' title='bbox 1073 5859 1189 5904; x_wconf 85' lang='lat' dir='ltr'><strong>erat</strong></span> <span class='ocrx_word' id='word_1_726' title='bbox 1216 5849 1478 5908; x_wconf 87' lang='lat' dir='ltr'><strong>electione</strong></span> <span class='ocrx_word' id='word_1_727' title='bbox 1507 5850 1707 5905; x_wconf 87' lang='lat' dir='ltr'><strong>civium</strong></span> 
     </span>
    </p>
   </div>
   <div class='ocr_carea' id='block_1_94' title="bbox 1821 4839 3414 4898">
    <p class='ocr_par' dir='ltr' id='par_1_94' title="bbox 1821 4839 3414 4898">
     <span class='ocr_line' id='line_1_94' title="bbox 1821 4839 3414 4898; baseline 0 -4"><span class='ocrx_word' id='word_1_728' title='bbox 1821 4851 1915 4895; x_wconf 93' lang='lat' dir='ltr'><strong>aut</strong></span> <span class='ocrx_word' id='word_1_729' title='bbox 1953 4842 2276 4897; x_wconf 88' lang='lat' dir='ltr'><strong>necessitate</strong></span> <span class='ocrx_word' id='word_1_730' title='bbox 2298 4852 2520 4897; x_wconf 88' lang='lat' dir='ltr'><strong>coactus</strong></span> <span class='ocrx_word' id='word_1_731' title='bbox 2543 4851 2636 4898; x_wconf 88' lang='lat' dir='ltr'><strong>aut</strong></span> <span class='ocrx_word' id='word_1_732' title='bbox 2657 4842 2922 4898; x_wconf 90' lang='lat' dir='ltr'><strong>electione</strong></span> <span class='ocrx_word' id='word_1_733' title='bbox 2947 4850 3004 4897; x_wconf 92' lang='lat' dir='ltr'><strong>et</strong></span> <span class='ocrx_word' id='word_1_734' title='bbox 3030 4839 3414 4897; x_wconf 74' lang='lat' dir='ltr'><strong>exhortatione</strong></span> 
     </span>
    </p>
   </div>
   <div class='ocr_carea' id='block_1_95' title="bbox 1819 4929 3404 5003">
    <p class='ocr_par' dir='ltr' id='par_1_95' title="bbox 1819 4929 3404 5003">
     <span class='ocr_line' id='line_1_95' title="bbox 1819 4929 3404 5003; baseline -0.004 -14"><span class='ocrx_word' id='word_1_735' title='bbox 1819 4934 2161 4989; x_wconf 88' lang='lat' dir='ltr'><strong>sacerdotum</strong></span> <span class='ocrx_word' id='word_1_736' title='bbox 2199 4942 2253 4988; x_wconf 89' lang='lat' dir='ltr'><strong>et</strong></span> <span class='ocrx_word' id='word_1_737' title='bbox 2284 4933 2601 5003; x_wconf 90' lang='lat' dir='ltr'><strong>populorum</strong></span> <span class='ocrx_word' id='word_1_738' title='bbox 2629 4934 2924 4989; x_wconf 90' lang='lat' dir='ltr'><strong>translatus</strong></span> <span class='ocrx_word' id='word_1_739' title='bbox 2951 4939 3034 4986; x_wconf 93' lang='lat' dir='ltr'><strong>est</strong></span> <span class='ocrx_word' id='word_1_740' title='bbox 3061 4931 3129 4985; x_wconf 91' lang='lat' dir='ltr'><strong>ad</strong></span> <span class='ocrx_word' id='word_1_741' title='bbox 3174 4929 3404 4984; x_wconf 89' lang='lat' dir='ltr'><strong>alteram</strong></span> 
     </span>
    </p>
   </div>
   <div class='ocr_carea' id='block_1_96' title="bbox 1819 5023 3396 5095">
    <p class='ocr_par' dir='ltr' id='par_1_96' title="bbox 1819 5023 3396 5095">
     <span class='ocr_line' id='line_1_96' title="bbox 1819 5023 3396 5095; baseline -0.003 -17"><span class='ocrx_word' id='word_1_742' title='bbox 1819 5024 2118 5079; x_wconf 82' lang='lat' dir='ltr'><strong>civitatem.</strong></span> <span class='ocrx_word' id='word_1_743' title='bbox 2173 5023 2306 5078; x_wconf 89' lang='lat' dir='ltr'><strong>Nam</strong></span> <span class='ocrx_word' id='word_1_744' title='bbox 2344 5025 2484 5079; x_wconf 91' lang='lat' dir='ltr'><strong>sicut</strong></span> <span class='ocrx_word' id='word_1_745' title='bbox 2532 5025 2767 5095; x_wconf 83' lang='lat' dir='ltr'><strong>episcOpi</strong></span> <span class='ocrx_word' id='word_1_746' title='bbox 2819 5023 3020 5077; x_wconf 89' lang='lat' dir='ltr'><strong>habent</strong></span> <span class='ocrx_word' id='word_1_747' title='bbox 3069 5029 3396 5092; x_wconf 89' lang='lat' dir='ltr'><strong>potestatem</strong></span> 
     </span>
    </p>
   </div>
   <div class='ocr_carea' id='block_1_97' title="bbox 1816 5113 3412 5187">
    <p class='ocr_par' dir='ltr' id='par_1_97' title="bbox 1816 5113 3412 5187">
     <span class='ocr_line' id='line_1_97' title="bbox 1816 5113 3412 5187; baseline -0.001 -18"><span class='ocrx_word' id='word_1_748' title='bbox 1816 5115 2076 5170; x_wconf 86' lang='lat' dir='ltr'><strong>ordinare</strong></span> <span class='ocrx_word' id='word_1_749' title='bbox 2098 5116 2423 5187; x_wconf 84' lang='lat' dir='ltr'><strong>regulariter</strong></span> <span class='ocrx_word' id='word_1_750' title='bbox 2458 5117 2742 5186; x_wconf 87' lang='lat' dir='ltr'><strong>episcopos</strong></span> <span class='ocrx_word' id='word_1_751' title='bbox 2777 5124 2831 5168; x_wconf 93' lang='lat' dir='ltr'><strong>et</strong></span> <span class='ocrx_word' id='word_1_752' title='bbox 2878 5113 3118 5184; x_wconf 87' lang='lat' dir='ltr'><strong>reliquos</strong></span> <span class='ocrx_word' id='word_1_753' title='bbox 3157 5113 3412 5170; x_wconf 89' lang='lat' dir='ltr'><strong>sacerdo-</strong></span> 
     </span>
    </p>
   </div>
   <div class='ocr_carea' id='block_1_98' title="bbox 1819 5207 3408 5278">
    <p class='ocr_par' dir='ltr' id='par_1_98' title="bbox 1819 5207 3408 5278">
     <span class='ocr_line' id='line_1_98' title="bbox 1819 5207 3408 5278; baseline 0 -18"><span class='ocrx_word' id='word_1_754' title='bbox 1819 5215 1924 5272; x_wconf 89' lang='lat' dir='ltr'><strong>tes,</strong></span> <span class='ocrx_word' id='word_1_755' title='bbox 1955 5207 2034 5262; x_wconf 89' lang='lat' dir='ltr'><strong>sic</strong></span> <span class='ocrx_word' id='word_1_756' title='bbox 2055 5207 2269 5278; x_wconf 77' lang='lat' dir='ltr'><strong>quoties</strong></span> <span class='ocrx_word' id='word_1_757' title='bbox 2333 5208 2538 5264; x_wconf 90' lang='lat' dir='ltr'><strong>utilitas</strong></span> <span class='ocrx_word' id='word_1_758' title='bbox 2576 5217 2671 5262; x_wconf 88' lang='lat' dir='ltr'><strong>aut</strong></span> <span class='ocrx_word' id='word_1_759' title='bbox 2699 5207 2993 5262; x_wconf 88' lang='lat' dir='ltr'><strong>necessitas</strong></span> <span class='ocrx_word' id='word_1_760' title='bbox 3025 5207 3408 5278; x_wconf 81' lang='lat' dir='ltr'><strong>expoposcerit</strong></span> 
     </span>
    </p>
   </div>
   <div class='ocr_carea' id='block_1_99' title="bbox 1818 5297 3404 5369">
    <p class='ocr_par' dir='ltr' id='par_1_99' title="bbox 1818 5297 3404 5369">
     <span class='ocr_line' id='line_1_99' title="bbox 1818 5297 3404 5369; baseline -0.002 -16"><span class='ocrx_word' id='word_1_761' title='bbox 1818 5298 2127 5366; x_wconf 88' lang='lat' dir='ltr'><strong>supradicto</strong></span> <span class='ocrx_word' id='word_1_762' title='bbox 2149 5299 2307 5354; x_wconf 92' lang='lat' dir='ltr'><strong>modo</strong></span> <span class='ocrx_word' id='word_1_763' title='bbox 2328 5306 2383 5352; x_wconf 92' lang='lat' dir='ltr'><strong>et</strong></span> <span class='ocrx_word' id='word_1_764' title='bbox 2407 5307 2613 5353; x_wconf 88' lang='lat' dir='ltr'><strong>mutare</strong></span> <span class='ocrx_word' id='word_1_765' title='bbox 2639 5307 2696 5352; x_wconf 91' lang='lat' dir='ltr'><strong>et</strong></span> <span class='ocrx_word' id='word_1_766' title='bbox 2723 5297 2988 5352; x_wconf 86' lang='lat' dir='ltr'><strong>introniza</strong></span> <span class='ocrx_word' id='word_1_767' title='bbox 2999 5313 3055 5352; x_wconf 90' lang='lat' dir='ltr'><strong>re</strong></span> <span class='ocrx_word' id='word_1_768' title='bbox 3076 5306 3404 5369; x_wconf 82' lang='lat' dir='ltr'><strong>potestatem</strong></span> 
     </span>
    </p>
   </div>
   <div class='ocr_carea' id='block_1_100' title="bbox 1819 5388 3408 5463">
    <p class='ocr_par' dir='ltr' id='par_1_100' title="bbox 1819 5388 3408 5463">
     <span class='ocr_line' id='line_1_100' title="bbox 1819 5388 3408 5463; baseline -0.001 -18"><span class='ocrx_word' id='word_1_769' title='bbox 1819 5389 2056 5446; x_wconf 87' lang='lat' dir='ltr'><strong>habent:</strong></span> <span class='ocrx_word' id='word_1_770' title='bbox 2096 5390 2232 5457; x_wconf 66' lang='lat' dir='ltr'><strong>haec,</strong></span> <span class='ocrx_word' id='word_1_771' title='bbox 2271 5399 2329 5445; x_wconf 94' lang='lat' dir='ltr'><strong>ut</strong></span> <span class='ocrx_word' id='word_1_772' title='bbox 2350 5391 2595 5461; x_wconf 89' lang='lat' dir='ltr'><strong>petistis,</strong></span> <span class='ocrx_word' id='word_1_773' title='bbox 2616 5388 2747 5444; x_wconf 92' lang='lat' dir='ltr'><strong>licet</strong></span> <span class='ocrx_word' id='word_1_774' title='bbox 2775 5390 2927 5446; x_wconf 90' lang='lat' dir='ltr'><strong>vobis</strong></span> <span class='ocrx_word' id='word_1_775' title='bbox 2952 5391 3133 5463; x_wconf 89' lang='lat' dir='ltr'><strong>ignota</strong></span> <span class='ocrx_word' id='word_1_776' title='bbox 3166 5405 3271 5444; x_wconf 92' lang='lat' dir='ltr'><strong>non</strong></span> <span class='ocrx_word' id='word_1_777' title='bbox 3300 5390 3408 5444; x_wconf 89' lang='lat' dir='ltr'><strong>sint</strong></span> 
     </span>
    </p>
   </div>
   <div class='ocr_carea' id='block_1_101' title="bbox 1819 5481 3406 5555">
    <p class='ocr_par' dir='ltr' id='par_1_101' title="bbox 1819 5481 3406 5555">
     <span class='ocr_line' id='line_1_101' title="bbox 1819 5481 3406 5555; baseline -0.005 -15"><span class='ocrx_word' id='word_1_778' title='bbox 1819 5483 2049 5540; x_wconf 88' lang='lat' dir='ltr'><strong>tenenda</strong></span> <span class='ocrx_word' id='word_1_779' title='bbox 2085 5484 2424 5549; x_wconf 88' lang='lat' dir='ltr'><strong>mandamus,</strong></span> <span class='ocrx_word' id='word_1_780' title='bbox 2455 5497 2524 5538; x_wconf 89' lang='lat' dir='ltr'><strong>ne</strong></span> <span class='ocrx_word' id='word_1_781' title='bbox 2569 5483 2873 5555; x_wconf 90' lang='lat' dir='ltr'><strong>ignorantia</strong></span> <span class='ocrx_word' id='word_1_782' title='bbox 2894 5481 3252 5554; x_wconf 90' lang='lat' dir='ltr'><strong>quorumdam</strong></span> <span class='ocrx_word' id='word_1_783' title='bbox 3293 5495 3406 5533; x_wconf 82' lang='lat' dir='ltr'><strong>me-</strong></span> 
     </span>
    </p>
   </div>
   <div class='ocr_carea' id='block_1_102' title="bbox 1816 5573 3406 5640">
    <p class='ocr_par' dir='ltr' id='par_1_102' title="bbox 1816 5573 3406 5640">
     <span class='ocr_line' id='line_1_102' title="bbox 1816 5573 3406 5640; baseline -0.005 -11"><span class='ocrx_word' id='word_1_784' title='bbox 1816 5573 1952 5630; x_wconf 89' lang='lat' dir='ltr'><strong>liora</strong></span> <span class='ocrx_word' id='word_1_785' title='bbox 1997 5582 2054 5631; x_wconf 92' lang='lat' dir='ltr'><strong>et</strong></span> <span class='ocrx_word' id='word_1_786' title='bbox 2101 5574 2314 5630; x_wconf 89' lang='lat' dir='ltr'><strong>utiliora</strong></span> <span class='ocrx_word' id='word_1_787' title='bbox 2359 5573 2623 5640; x_wconf 89' lang='lat' dir='ltr'><strong>vitentur,</strong></span> <span class='ocrx_word' id='word_1_788' title='bbox 2669 5583 2724 5630; x_wconf 90' lang='lat' dir='ltr'><strong>et</strong></span> <span class='ocrx_word' id='word_1_789' title='bbox 2772 5573 3050 5628; x_wconf 92' lang='lat' dir='ltr'><strong>inutiliora</strong></span> <span class='ocrx_word' id='word_1_790' title='bbox 3097 5577 3406 5634; x_wconf 86' lang='lat' dir='ltr'><strong>sumantur,</strong></span> 
     </span>
    </p>
   </div>
   <div class='ocr_carea' id='block_1_103' title="bbox 1817 5661 3408 5737">
    <p class='ocr_par' dir='ltr' id='par_1_103' title="bbox 1817 5661 3408 5737">
     <span class='ocr_line' id='line_1_103' title="bbox 1817 5661 3408 5737; baseline -0.006 -15"><span class='ocrx_word' id='word_1_791' title='bbox 1817 5668 1960 5723; x_wconf 89' lang='lat' dir='ltr'><strong>sicut</strong></span> <span class='ocrx_word' id='word_1_792' title='bbox 1986 5667 2041 5723; x_wconf 90' lang='lat' dir='ltr'><strong>in</strong></span> <span class='ocrx_word' id='word_1_793' title='bbox 2069 5676 2258 5722; x_wconf 86' lang='lat' dir='ltr'><strong>sancto</strong></span> <span class='ocrx_word' id='word_1_794' title='bbox 2282 5666 2478 5736; x_wconf 90' lang='lat' dir='ltr'><strong>legitur</strong></span> <span class='ocrx_word' id='word_1_795' title='bbox 2506 5666 2798 5737; x_wconf 79' lang='lat' dir='ltr'><strong>Evangelia</strong></span> <span class='ocrx_word' id='word_1_796' title='bbox 2823 5682 2837 5721; x_wconf 87' lang='lat'><strong>:</strong></span> <span class='ocrx_word' id='word_1_797' title='bbox 2871 5682 2891 5716; x_wconf 73' lang='grc' dir='ltr'><strong><em>ι</em></strong></span> <span class='ocrx_word' id='word_1_798' title='bbox 2927 5664 3015 5718; x_wconf 72' lang='lat' dir='ltr'><strong>Vae</strong></span> <span class='ocrx_word' id='word_1_799' title='bbox 3035 5662 3213 5725; x_wconf 88' lang='lat' dir='ltr'><strong>vobis,</strong></span> <span class='ocrx_word' id='word_1_800' title='bbox 3240 5661 3408 5731; x_wconf 83' lang='lat' dir='ltr'><strong>hypo-</strong></span> 
     </span>
    </p>
   </div>
   <div class='ocr_carea' id='block_1_104' title="bbox 1815 5755 3408 5827">
    <p class='ocr_par' dir='ltr' id='par_1_104' title="bbox 1815 5755 3408 5827">
     <span class='ocr_line' id='line_1_104' title="bbox 1815 5755 3408 5827; baseline -0.004 -15"><span class='ocrx_word' id='word_1_801' title='bbox 1815 5758 1988 5823; x_wconf 65' lang='lat' dir='ltr'><strong>critte,</strong></span> <span class='ocrx_word' id='word_1_802' title='bbox 2008 5758 2131 5827; x_wconf 90' lang='lat' dir='ltr'><strong>quia</strong></span> <span class='ocrx_word' id='word_1_803' title='bbox 2161 5757 2441 5813; x_wconf 88' lang='lat' dir='ltr'><strong>decimatis</strong></span> <span class='ocrx_word' id='word_1_804' title='bbox 2476 5759 2747 5813; x_wconf 91' lang='lat' dir='ltr'><strong>mentbam</strong></span> <span class='ocrx_word' id='word_1_805' title='bbox 2781 5765 2837 5813; x_wconf 88' lang='lat' dir='ltr'><strong>et</strong></span> <span class='ocrx_word' id='word_1_806' title='bbox 2869 5755 3120 5811; x_wconf 88' lang='lat' dir='ltr'><strong>anethum</strong></span> <span class='ocrx_word' id='word_1_807' title='bbox 3148 5764 3203 5810; x_wconf 90' lang='lat' dir='ltr'><strong>et</strong></span> <span class='ocrx_word' id='word_1_808' title='bbox 3233 5755 3408 5807; x_wconf 84' lang='lat' dir='ltr'><strong>curui-</strong></span> 
     </span>
    </p>
   </div>
   <div class='ocr_carea' id='block_1_105' title="bbox 1812 5841 3406 5920">
    <p class='ocr_par' dir='ltr' id='par_1_105' title="bbox 1812 5841 3406 5920">
     <span class='ocr_line' id='line_1_105' title="bbox 1812 5841 3406 5920; baseline -0.002 -19"><span class='ocrx_word' id='word_1_809' title='bbox 1812 5863 1974 5915; x_wconf 88' lang='lat' dir='ltr'><strong>num,</strong></span> <span class='ocrx_word' id='word_1_810' title='bbox 2015 5856 2071 5904; x_wconf 88' lang='lat' dir='ltr'><strong>et</strong></span> <span class='ocrx_word' id='word_1_811' title='bbox 2119 5847 2414 5917; x_wconf 87' lang='lat' dir='ltr'><strong>reliquistis</strong></span> <span class='ocrx_word' id='word_1_812' title='bbox 2469 5864 2587 5919; x_wconf 81' lang='lat' dir='ltr'><strong>qua:</strong></span> <span class='ocrx_word' id='word_1_813' title='bbox 2626 5847 2880 5920; x_wconf 85' lang='lat' dir='ltr'><strong>graviora</strong></span> <span class='ocrx_word' id='word_1_814' title='bbox 2910 5852 3035 5902; x_wconf 87' lang='lat' dir='ltr'><strong>sunt</strong></span> <span class='ocrx_word' id='word_1_815' title='bbox 3080 5843 3233 5916; x_wconf 75' lang='lat' dir='ltr'><strong>legis,</strong></span> <span class='ocrx_word' id='word_1_816' title='bbox 3261 5841 3406 5914; x_wconf 64' lang='grc' dir='ltr'><strong>,ίυίίὶο</strong></span> 
     </span>
    </p>
   </div>
  </div>
