3926 6446
491 368 592 425 M7

1205 369 1499 426 APPEND.
1541 370 1631 425 AD
1665 369 1839 427 SASC.
1882 370 1972 425 IX.
2002 370 2342 429 —ISlDORI
2384 373 2825 432 MERCATOIKIS

3663 384 3764 440 “8

489 486 622 540 ciutr
661 492 718 540 et
738 483 1167 540 misericordiam
1193 493 1250 538 et
1277 484 1458 550 fidem,
1492 485 1607 540 bare
1633 485 1874 554 oportuit
1898 483 2075 539 facere
2102 483 2394 557 Aefl‘ugiet
2466 487 2646 541 fictum
2720 496 2773 541 et
2839 487 3047 555 auferet
3115 503 3175 544 se
3249 504 3278 542 a
3340 493 3767 562 cogitationibus

490 585 546 629 et
571 576 658 629 illa
689 590 794 630 non
815 576 1086 640 omittere;
1117 575 1280 629 duces
1309 575 1460 640 caeci,
1493 573 1804 630 excolantes
1826 574 2074 642 culicem,

492 666 758 721 camelum
792 677 972 722 autem
1004 666 1316 738 glutientes.
1362 686 1381 720 ι
1421 666 1573 734 Quod
1611 665 1737 722 licet
1779 683 1886 722 non
1929 667 2074 734 licet,

493 766 548 812 et
584 759 728 829 quod
793 775 899 814 non
934 759 1062 816 licet
1101 759 1244 814 licet.
1287 759 1755 827 Quemadmodum
1781 758 1982 814 Jannes
2023 769 2078 816 et

496 847 762 906 Mambres
788 851 1352 916 restiteruntvenitat-i,
1370 851 1515 906 sicel
1538 851 1610 905 illi
1637 859 1815 907 mente
1839 851 2072 921 reprobi,

494 951 741 996 amantes
764 940 1096 1012 voluptatem
1130 941 1493 1024 magisquam
1530 941 1717 996 Deum.
1748 940 1900 1009 Quod
1950 941 2078 998 licet

493 1032 685 1085 docent
711 1046 817 1086 non
850 1031 1032 1098 licere,
1066 1032 1118 1087 id
1149 1041 1233 1088 est
1258 1034 1541 1104 episcopos
1575 1035 1809 1106 migrare
1838 1036 1905 1092 de
1944 1037 2077 1092 civi-

494 1129 603 1176 tate
629 1123 696 1178 ad
724 1123 1000 1178 civitatem
1026 1134 1325 1194 praetaxato
1357 1127 1536 1180 modo.
1565 1127 1629 1181 Et
1653 1128 1796 1196 quod
1819 1143 1922 1183 non
1955 1127 2076 1184 licet

491 1214 688 1268 docent
711 1215 897 1282 licere,
929 1216 983 1271 id
1014 1226 1101 1272 est
1148 1204 1574 1275 misericordiam
1607 1235 1711 1274 non
1745 1235 1906 1292 agere
1931 1223 2077 1278 circa

492 1303 762 1371 patientes
777 1307 1180 1374 necessitatem,
1201 1309 1306 1364 hoc
1327 1317 1410 1365 est
1430 1310 1511 1364 eis
1532 1309 1623 1380 qui
1644 1309 1953 1381 episcopum
1972 1328 2077 1366 non

491 1397 692 1480 habent
711 1407 766 1452 et
788 1414 944 1454 sacro
971 1400 1259 1472 episcopali
1274 1401 1852 1474 indigentministerio,
1869 1403 2079 1473 episco-

493 1504 619 1557 pum
638 1489 704 1544 de
721 1489 822 1543 alia
839 1491 1060 1546 civitate
1079 1508 1242 1548 causa
1263 1494 1514 1549 utilitatis
1528 1494 1611 1548 vel
1624 1495 1960 1552 necessitatis
1982 1495 2080 1550 tri-

493 1577 608 1642 bui,
635 1586 690 1632 et
713 1580 984 1651 episcopis
1019 1582 1446 1652 persecutionem
1467 1593 1560 1638 aut
1587 1585 1962 1641 necessitatem
1986 1601 2080 1656 pa-

494 1665 778 1732 tientibus,
803 1669 964 1724 aliam
979 1671 1292 1727 cathedram
1311 1673 1424 1728 dari
1449 1682 1663 1745 negant.
1689 1674 2080 1731 (Iontradicunt

493 1758 637 1812 enim
665 1774 834 1816 sacrae
862 1759 1173 1831 Scriptura},
1198 1778 1316 1834 qua:
1346 1771 1572 1819 testatur
1597 1764 1755 1821 malle
1779 1765 1947 1819 Deunt
1978 1765 2078 1820 mi-

2179 592 2298 646 qua:
2359 587 2484 633 suttt
2547 579 2662 633 sine
2725 579 3028 645 intellectu,
3083 590 3138 637 et
3190 581 3514 652 corripietnr
3573 599 3602 637 a
3670 601 3765 640 su-

2179 667 2526 735 perveniente
2557 669 2862 740 iniquitatc.
2914 671 3187 742 Benignus
3246 680 3331 726 est
3389 673 3536 727 enim
3584 672 3766 744 Spiri-

2179 762 2265 810 tus
2321 758 2634 826 sapientiae,
2702 767 2757 814 et
2824 775 2929 814 non
2995 761 3244 817 liberabit
3310 762 3662 819 maledictum
3735 781 3766 819 a

2178 842 2335 900 labiis
2386 846 2520 911 suis,
2548 848 2804 916 quoniam
2843 865 3027 904 renum
3067 850 3211 906 illius
3247 860 3397 916 testis
3438 860 3521 908 est
3575 853 3723 907 Deus
3749 892 3767 920 ,

2177 947 2232 995 et
2254 938 2434 994 cordis
2459 937 2573 1007 ejus
2601 948 2874 995 scrutator
2924 951 3009 996 est
3054 957 3244 1006 verus,
3277 951 3330 998 et
3366 942 3566 1013 linguae
3621 944 3772 1000 illius

2178 1029 2392 1084 auditor
2416 1069 2431 1094 ,
2489 1029 2743 1100 quoniam
2807 1029 3043 1102 Spiritus
3081 1031 3294 1088 Domini
3327 1033 3550 1104 replevit
3576 1035 3771 1090 orbem

2177 1120 2286 1194 34
2323 1129 2620 1188 terrarum,
2653 1132 2709 1177 et
2754 1123 2855 1178 hoc
2889 1124 3032 1192 quod
3063 1125 3303 1180 continet
3338 1126 3540 1191 omnia,
3589 1127 3775 1181 scien-

2181 1213 2309 1266 tiam
2354 1211 2518 1267 habet
2557 1213 2726 1268 vocis.
2774 1213 3003 1284 Propter
3047 1215 3149 1270 hoc
3179 1216 3271 1287 qui
3304 1215 3544 1286 loquitur
3585 1217 3778 1287 iniqua

2179 1319 2286 1358 non
2335 1312 2512 1372 potest
2558 1302 2765 1369 latere,
2823 1320 2924 1359 nec
2971 1305 3244 1375 praeteriet
3292 1306 3439 1360 illunt
3467 1307 3780 1377 corripiens

2175 1391 2461 1463 judicium.
2502 1392 2558 1446 In
2605 1393 3022 1465 cogitationibus
3045 1394 3189 1450 enim
3219 1395 3368 1464 impii
3418 1395 3780 1467 interrogatio

2179 1483 2318 1547 erit;
2363 1497 2670 1537 sermonum
2721 1494 2899 1539 autem
2947 1483 3093 1540 illius
3143 1485 3350 1541 auditio
3377 1485 3444 1540 ad
3485 1487 3781 1542 Dominum

2181 1572 2377 1638 veniet,
2412 1581 2468 1628 et
2497 1574 2563 1628 ad
2595 1575 2991 1644 correptionem
3027 1575 3368 1645 iniquitatum
3406 1575 3579 1643 illius,
3635 1593 3779 1648 quo-

2181 1664 2324 1718 niam
2351 1664 2498 1719 auris
2536 1664 2635 1719 zeli
2667 1665 2817 1720 audit
2847 1667 3048 1732 omnia,
3080 1675 3134 1720 et
3180 1666 3438 1723 tumultus
3467 1683 3782 1722 murmura-

2182 1755 2387 1808 tionum
2422 1770 2527 1810 non
2557 1755 2936 1812 abscondetur.
2976 1756 3253 1812 Custodite
3281 1773 3407 1827 ergo
3433 1773 3532 1813 vos
3563 1773 3594 1813 a
3625 1773 3784 1813 mur-

494 1848 842 1903 sericordiam
856 1865 1016 1920 quam
1039 1851 1322 1921 judicium.
1348 1854 1477 1920 Quae
1499 1869 1689 1924 precor
1710 1854 1881 1924 major
1896 1855 2078 1910 chari-

2189 1844 2486 1899 muratione
2515 1859 2635 1915 qua:
2669 1844 2802 1899 nihil
2831 1846 3085 1916 prodest;
3114 1855 3168 1900 et
3213 1861 3244 1899 a
3291 1846 3628 1902 detractione
3656 1862 3784 1916 par-

495 1945 578 1991 tas
591 1937 964 1996 auteﬂicacius
979 1941 1192 2011 pietatis
1205 1943 1562 2011 patrocinium
1581 1951 1796 2013 potesta
1812 1959 2084 2014 quoquam

494 2029 656 2084 alicui
687 2030 1098 2102 impendiquam
1128 2034 1174 2087 si
1203 2034 1522 2105 ignorantiae
1551 2033 1802 2090 tenebras
1837 2043 1892 2089 et
1919 2036 2088 2104 impeo

494 2120 634 2174 ritize
657 2119 941 2191 caliginem
965 2123 1032 2174 ab
1049 2137 1112 2176 eo
1135 2122 1395 2192 repellat,
1429 2122 1644 2177 demum
1661 2138 1799 2177 vene
1812 2122 1936 2178 fidei
1960 2125 2086 2178 doc-

494 2211 652 2264 trina:
677 2209 894 2280 pabulo,
927 2227 1031 2266 non
1065 2212 1131 2267 ad
1157 2220 1443 2283 quaestum;
1475 2228 1580 2268 non
1608 2215 1674 2268 ad
1703 2213 2083 2278 ambitionem,

494 2302 588 2356 sed
607 2290 967 2357 eruditionem
994 2312 1049 2358 et
1075 2303 1488 2358 aedificationem
1525 2302 1775 2359 reficiat?
1806 2303 2085 2372 Tanquam

496 2392 643 2447 enim
666 2393 857 2449 mutilo
890 2393 950 2448 fit
991 2395 1215 2460 manus,
1261 2394 1454 2450 claudo
1518 2410 1650 2465 pes,
1703 2395 1893 2450 oculus
1944 2410 2086 2450 caeco

495 2484 588 2553 qui
618 2484 934 2556 ignorantiae
957 2485 1195 2541 tenebris
1226 2486 1480 2541 obvoluto
1511 2487 1791 2556 sapientiae
1821 2494 1876 2540 et
1905 2486 2083 2540 scien-

497 2573 587 2629 tiae
643 2575 953 2630 thesaurum
1005 2587 1214 2632 reserat
1243 2587 1298 2632 et
1338 2577 1630 2634 candorem
1674 2576 1812 2633 lucis
1865 2578 2088 2647 viasque

494 2669 705 2724 Domini
757 2670 1060 2742 benigniter
1099 2671 1293 2740 aperit.
1342 2670 1599 2740 Utrisque
1652 2680 1856 2736 autem,
1906 2670 1959 2724 id
2005 2678 2085 2724 est

494 2767 550 2812 et
579 2759 773 2813 famem
800 2760 949 2814 verbi
979 2759 1072 2814 Dei
1117 2759 1447 2829 patientibus
1473 2768 1528 2815 et
1554 2759 1820 2831 episcopis
1845 2758 2086 2813 necessi-

498 2856 686 2913 tatem,
739 2848 956 2918 quando
1009 2849 1409 2904 intronizantur
1464 2856 1689 2919 propter
1743 2855 2129 2902 communem”

495 2937 785 2993 utilitatem
820 2939 874 2994 in
905 2939 1028 2995 aliis
1066 2940 1380 2996 civitatibus
1410 2955 1515 2995 non
1544 2939 1757 2994 modica
1800 2937 2089 2993 exhibetur

496 3027 896 3084 misericordia.
955 3027 1230 3099 Negantes
1286 3035 1468 3083 autem
1528 3029 1675 3091 haec,
1735 3034 1796 3080 ut
1848 3026 2086 3095 speciem

497 3119 732 3176 habeant
782 3119 1030 3189 pietatis,
1085 3119 1336 3174 virtutem
1391 3127 1571 3173 tamen
1621 3115 1739 3186 ejus
1794 3117 2083 3186 abnegant.

2187 1935 2294 1990 cite
2341 1931 2534 2008 linguae
2559 1977 2574 2001 ,
2609 1935 2862 2006 quoniam
2916 1950 3098 1992 sermo
3145 1936 3410 1992 obscurus
3453 1937 3506 1990 in
3541 1950 3782 1990 vacuum

2186 2043 2292 2082 non
2322 2027 2449 2093 ibit;
2485 2043 2549 2083 os
2595 2027 2738 2097 quod
2767 2027 3049 2091 mentitur,
3081 2026 3277 2082 occidit
3307 2027 3563 2080 animam.
3597 2024 3786 2082 Nolite

2186 2119 2362 2173 zelare
2385 2128 2612 2173 mortem
2629 2118 2884 2190 iujerrore
2907 2117 3028 2172 vitae
3047 2126 3258 2183 vestrae,
3274 2131 3448 2186 neque
3474 2116 3786 2186 acquiratis

2185 2209 2543 2278 perditionem
2595 2209 2647 2263 in
2687 2209 2941 2278 operibus
2971 2223 3228 2262 manuum
3257 2212 3603 2273 ’vestrarum,
3643 2220 3789 2277 quo—

2187 2303 2331 2357 niam
2362 2302 2502 2357 Deus
2532 2312 2759 2357 mortem
2793 2317 2896 2358 non
2941 2302 3090 2369 fecit,
3127 2317 3230 2358 nec
3267 2301 3481 2356 laetatur
3519 2303 3570 2356 in
3600 2303 3788 2372 perdi-

2187 2394 2332 2448 tione
2381 2393 2649 2448 vivorum.
2701 2393 2922 2449 Creavit
2967 2395 3112 2448 enim
3156 2404 3216 2448 ut
3270 2403 3453 2448 essent
3499 2394 3683 2450 omnia
3731 2405 3790 2448 et

2186 2481 2454 2537 sanabiles
2498 2496 2618 2536 esse
2661 2481 2832 2536 voluit
2884 2482 3131 2538 nationes
3161 2482 3308 2538 orbis
3340 2492 3628 2538 terrarum.
3658 2481 3788 2538 Non

2184 2582 2268 2630 est
2307 2573 2360 2628 in
2404 2573 2510 2630 illis
2544 2574 2994 2631 medicamentum
3061 2575 3400 2641 exterminii,
3447 2591 3546 2631 nec
3581 2573 3768 2630 infero

2186 2681 2304 2720 rum
2335 2680 2556 2735 regnum
2606 2665 2660 2719 in
2708 2675 2850 2720 terra
2907 2665 3220 2720 viventium.
3271 2663 3490 2720 Justitia
3518 2675 3788 2736 perpetua

2186 2767 2269 2812 est
2295 2766 2350 2810 et
2380 2757 2723 2822 immortalis,
2756 2755 3018 2826 injustitia
3045 2766 3227 2812 autem
3267 2758 3460 2813 mortis
3490 2767 3574 2812 est
3596 2759 3785 2827 aequi-

2185 2848 2344 2913 sitio;
2377 2847 2526 2916 impii
2567 2853 2763 2902 autem
2799 2847 3049 2903 manibus
3096 2855 3152 2903 et
3181 2849 3362 2904 verbis
3412 2847 3789 2903 accersierunt

2188 2939 2358 3010 illam,
2404 2948 2458 2994 et
2503 2939 2838 2994 aestimantes
2876 2953 2998 2994 eam
3044 2939 3294 3004 amicam,
3343 2937 3692 2995 deﬂuxerunt
3736 2951 3791 2995 e'

2187 3030 2504 3100 sponsiones
2530 3037 2822 3099 posuerunt
2850 3030 2916 3085 ad
2948 3029 3115 3096 illam,
3139 3016 3396 3100 quoniam
3421 3041 3600 3087 morte
3634 3031 3792 3102 dign!

2188 3129 2394 3176 suntex
2425 3128 2581 3190 parte
2608 3119 2767 3174 illius.
2791 3119 3218 3175 Dixerunbenim
3247 3120 3388 3189 apud
3409 3119 3794 3190 secogitantes

504 3207 638 3263 Nam
667 3209 720 3264 in
753 3208 844 3264 tali
868 3210 1084 3281 negotio
1113 3209 1418 3280 prosapiam
1451 3224 1558 3263 non
1590 3222 1848 3278 agnosco,
1882 3208 1926 3262 si
1966 3205 2088 3277 quis
2117 3213 2162 3276 c
2195 3227 2301 3266 non
2333 3219 2483 3268 recte
2514 3228 2528 3267 :
2555 3211 2824 3283 Exiguum
2855 3219 2958 3277 est,
3003 3220 3059 3267 et
3086 3227 3208 3267 cum
3241 3211 3397 3268 taedio
3421 3223 3633 3282 tempus
3662 3212 3793 3266 vitae.

499 3311 680 3356 tatnen
723 3303 1045 3372 sapientium
1111 3317 1248 3373 quos
1308 3301 1688 3372 insipientibus
1753 3299 2086 3368 tempestatis

498 3389 659 3461 hujus
703 3393 940 3463 procella
971 3394 1092 3450 aliis
1146 3394 1375 3450 sociavit
1422 3393 1754 3456 auctoribus,
1785 3389 2086 3446 facinorum

497 3483 911 3552 participatione
941 3483 1269 3550 maculatur,
1326 3483 1579 3555 splendor
1611 3481 1908 3552 sapientis,
1946 3488 2002 3535 et
2041 3480 2086 3536 si

497 3574 939 3629 communionem
965 3574 1254 3630 criminum
1288 3573 1540 3640 incurrit,
1571 3573 1745 3628 nescit
1776 3580 1955 3626 tamen
1986 3570 2086 3626 du-

501 3680 621 3719 cem
649 3679 707 3720 se
730 3665 972 3735 prazbere
999 3665 1370 3736 peccantibus.
1400 3665 1519 3720 Alia
1547 3680 1763 3735 quoque
1814 3671 1897 3719 est
1923 3677 2087 3718 causa

499 3743 752 3813 utilitatis
783 3768 839 3813 et
877 3758 1256 3824 necessitatis,
1286 3765 1340 3812 et
1389 3757 1494 3811 alia
1545 3757 1790 3811 avaritia:
1842 3763 1899 3810 et
1952 3769 2091 3825 prte-

432 3850 440 3858 '
503 3848 827 3918 Silll‘lpliOlli3
856 3859 946 3904 aut
970 3851 1203 3921 propria:
1230 3848 1546 3904 voluntatis.
1571 3847 1829 3902 Avaritiae
1875 3861 2089 3918 quoque

502 3956 668 3995 causa
703 3939 788 3994 vel
823 3941 1257 4009 praesumptionis
1294 3949 1386 3994 aut
1408 3939 1642 4010 prOpriae
1664 3937 1954 3993 voluntatis
1982 3952 2088 3992 non

505 4037 632 4084 sunt
655 4028 1166 4100 episcopi'mutandi
1191 4030 1258 4083 de
1279 4028 1496 4083 civitate
1533 4027 1600 4082 ad
1647 4027 1921 4081 civitatem
1949 4067 1964 4092 ,
1997 4027 2089 4082 sed

504 4119 758 4174 utilitatis
779 4127 836 4173 et
855 4119 1218 4174 necessitatis.
1248 4118 1401 4184 Quod
1431 4132 1591 4172 nemo
1618 4126 1776 4187 negat
1804 4117 1906 4172 nisi
1940 4117 1992 4170 hi
2025 4117 2091 4171 de

502 4208 699 4278 quibus
723 4207 926 4264 dictum
952 4217 1068 4264 est:
1104 4227 1122 4260 «
1159 4208 1494 4263 Erraverunt
1530 4207 1585 4262 in
1615 4207 1915 4272 ebrietate,
1969 4221 2091 4262 nes-

500 4300 713 4356 cierunt
731 4299 1026 4366 videntem,
1050 4301 1435 4371 ignoraverunt
1448 4297 1716 4368 judicium
1740 4297 1790 4369 (1
1795 4314 1876 4352 sa.
1891 4313 2087 4364 xxvm,

501 4389 592 4462 7);
625 4411 645 4444 ι
681 4407 808 4447 nam
830 4391 876 4447 si
903 4391 1211 4447 enarrando
1261 4405 1487 4462 cogerer
1539 4391 1753 4461 aperire
1785 4399 2054 4445 transacta
2075 4430 2090 4453 ,

501 4483 844 4542 ostenderem
866 4482 1019 4538 vobis
1046 4482 1252 4538 nullum
1270 4481 1488 4536 evenire
1513 4480 1764 4537 solatium
1790 4481 2094 4552 de_compa-

505 4575 714 4634 ratione
737 4573 1026 4628 factorum.

576 4661 847 4718 Caeterum
871 4670 1015 4720 state
1033 4701 1048 4728 ,
1066 4659 1374 4717 charissimi
1394 4701 1409 4726 ,
1427 4675 1590 4730 super
1609 4659 1744 4726 vias,
1768 4659 2092 4729 aspicientes

503 4763 560 4808 ct
613 4753 1010 4824 interrogantes
1068 4752 1134 4808 de
1191 4752 1401 4808 semitis
1448 4751 1662 4807 Domini
1711 4753 1986 4822 antiquis,
2037 4764 2093 4807 et

504 4846 683 4900 videte
710 4860 832 4915 qua:
860 4853 945 4900 est
970 4844 1058 4899 via
1081 4844 1220 4900 bona
1249 4852 1307 4899 et
1332 4853 1480 4898 recta
1498 4884 1513 4910 ,
1541 4851 1598 4900 et
1618 4843 1892 4899 ambulate
1921 4844 1974 4899 in
2003 4859 2091 4910 ea,

505 4946 561 4991 et
586 4937 872 4993 invenietis
910 4937 1152 5008 requiem
1209 4936 1496 4992 animabus
1522 4936 1738 4992 vestris.
1767 4936 1832 4991 Et
1857 4935 2092 5004 utjuvta

507 5028 800 5096 Sapientia;
825 5043 1013 5084 vocem
1037 5028 1321 5084 dicamus:
1369 5047 1388 5082 ι
1443 5028 1654 5100 Diligite
1682 5027 1952 5097 justitiam
1998 5030 2090 5098 qui

501 5117 758 5188 judicatis
788 5126 1012 5174 terram.
1045 5118 1257 5175 Sentite
1292 5119 1360 5174 de
1388 5119 1617 5175 Domino
1647 5119 1701 5175 in
1725 5119 2000 5182 bonitate,
2038 5129 2094 5173 et

510 5211 564 5266 in
593 5209 941 5280 simplicitate
963 5211 1144 5267 cordis
1171 5211 1396 5282 quaerite
1425 5209 1608 5277 illum;
1661 5211 1917 5280 quoniam
1941 5210 2094 5264 inve-

508 5299 658 5358 nitur
689 5300 758 5354 ab
799 5299 885 5355 bis
913 5301 1005 5371 qui
1031 5315 1138 5357 non
1168 5309 1380 5356 tentant
1409 5300 1595 5367 illum;
1639 5309 1866 5371 apparet
1910 5308 2089 5356 autem

508 5394 622 5460 eis,
649 5393 740 5464 qui
784 5392 944 5448 ﬁdem
996 5394 1197 5450 habent
1224 5395 1278 5450 in
1319 5395 1488 5449 illum.
1520 5393 1800 5449 Perversze
1827 5393 1971 5449 enim
2001 5407 2094 5448 co-

515 5487 806 5558 gitationes
831 5495 1084 5556 separant
1106 5504 1134 5542 a
1165 5487 1413 5556 Domino,
1453 5489 1679 5560 probata
1710 5496 1893 5543 autem
1922 5487 2096 5542 virtus

523 5580 749 5651 corripit
773 5579 1114 5650 insipientes,
1139 5582 1392 5650 quoniam
1423 5582 1476 5636 in
1505 5580 1822 5637 malevolam
1857 5579 2094 5634 animam

516 5685 624 5726 non
655 5671 900 5726 introibit
948 5672 1242 5742 sapientia,
1294 5688 1395 5728 nec
1457 5673 1720 5728 habitabit
1765 5672 1817 5726 in
1870 5684 2097 5740 corpore

519 5764 736 5821 subdito
764 5767 1018 5837 peccatis.
1069 5764 1300 5839 Spiritus
1335 5768 1478 5822 enim
1524 5776 1739 5823 sanctus
1797 5764 2094 5837 disciplina:

2189 3312 2408 3371 nostrae,
2455 3312 2512 3359 et
2554 3319 2662 3358 non
2706 3311 2790 3359 est
2819 3303 3158 3375 refrigerium
3187 3303 3240 3357 in
3284 3302 3392 3358 fine
3424 3303 3690 3370 hominis,
3737 3318 3796 3359 et

2189 3413 2295 3452 non
2327 3405 2412 3452 est
2437 3397 2526 3466 qui
2555 3396 2771 3467 agnitus
2797 3396 2872 3452 sit
2902 3411 3154 3451 reversus
3186 3395 3254 3451 ab
3283 3395 3494 3460 inferis,
3525 3395 3790 3464 quoniam

2187 3502 2254 3543 ex
2280 3486 2448 3542 nihilo
2474 3485 2604 3542 facti
2630 3501 2819 3541 sumus
2839 3525 2854 3552 ,
2880 3495 2936 3542 et
2961 3495 3084 3556 post
3099 3487 3201 3542 hoc
3215 3486 3416 3541 erimus
3442 3493 3706 3557 tanquam
3746 3502 3795 3542 St

2187 3593 2296 3633 non
2326 3576 2622 3644 fuerimus,
2658 3575 2914 3646 quoniam
2963 3574 3142 3631 fumus
3193 3573 3402 3632 amatus
3436 3582 3520 3631 est
3545 3575 3602 3630 in
3633 3577 3795 3630 nari-

2186 3667 2287 3721 bus
2336 3665 2571 3730 nostris,
2620 3674 2675 3720 et
2716 3680 2893 3722 sermo
2935 3665 3169 3721 scintilla
3220 3664 3289 3719 ad
3338 3665 3796 3720 commovendum

2189 3773 2287 3814 cor
2314 3766 2583 3823 nostrum,
2615 3771 2720 3826 qua
2767 3757 3057 3822 exstincta,
3087 3755 3226 3811 cinis
3277 3755 3384 3810 erit
3437 3769 3640 3825 corpus
3700 3769 3794 3826 no-

2189 3858 2383 3914 strum,
2432 3857 2487 3904 et
2532 3849 2756 3919 spiritus
2801 3847 3410 3919 dilfundeturtanquam
3439 3846 3620 3903 mollis
3666 3863 3762 3904 aer

2189 3941 2257 3997 Et
2285 3941 2536 3997 transibit
2564 3942 2675 3996 vita
2718 3950 2904 3995 nostra
2943 3949 3196 4009 tanquam
3241 3937 3524 4010 vestigium
3571 3939 3743 3996 nubis
3776 3982 3789 4004 ,

2189 4044 2244 4092 et
2272 4036 2412 4092 sicut
2448 4035 2642 4091 nebula
2688 4033 3014 4090 dissolvetur
3060 4049 3179 4103 quae
3215 4033 3400 4104 fugata
3426 4039 3512 4088 est
3542 4047 3576 4086 a
3608 4033 3786 4089 radiis

2190 4125 2320 4180 solis
2347 4135 2400 4180 et
2431 4140 2461 4179 a
2492 4124 2670 4180 calore
2700 4123 2844 4179 illius
2865 4134 3177 4196 aggravata.
3204 4122 3269 4177 Et
3300 4135 3495 4177 nomen
3522 4128 3782 4177 nostrum

2190 4215 2516 4272 oblivionem
2546 4215 2779 4285 accipiet
2799 4229 2895 4285 per
2925 4223 3157 4285 tempus,
3199 4222 3250 4270 et
3273 4228 3433 4269 nemo
3457 4214 3786 4268 memoriam

2191 4307 2414 4361 habebit
2457 4320 2682 4376 operum
2727 4313 3072 4370 nostrorum;
3102 4304 3309 4359 umbrae
3345 4303 3491 4358 enim
3521 4303 3793 4358 transitus

2191 4404 2276 4451 est
2305 4403 2514 4466 tempus
2547 4404 2819 4463 nostrum,
2841 4403 2897 4450 et
2927 4411 3033 4450 non
3057 4404 3141 4451 est
3168 4395 3406 4450 reversio
3429 4393 3554 4448 finis
3586 4396 3792 4458 nostri,

2195 4487 2446 4556 quoniam
2485 4487 2803 4556 consignata
2835 4495 2939 4552 est,
2961 4494 3015 4542 et
3035 4500 3194 4542 nemo
3221 4493 3524 4542 revertetur
3555 4485 3714 4557 (Sap.
3745 4503 3782 4548 ι,

2197 4581 2279 4649 tt).
2345 4596 2364 4630 ι
2428 4577 2721 4647 Propterea
2767 4578 3054 4647 unicuique
3109 4576 3498 4647 providendum
3545 4585 3676 4640 est,
3733 4587 3790 4631 ιιι

2195 4682 2539 4738 summopere
2566 4683 2626 4723 se
2665 4668 2958 4733 custodiat,
2989 4675 3044 4722 et
3071 4667 3277 4722 utiliter
3303 4680 3361 4722 se
3385 4665 3698 4737 provideat,
3734 4676 3791 4720 ut

2195 4777 2318 4817 cum
2349 4761 2463 4815 dies
2483 4769 2727 4813 extrema
2751 4758 2981 4830 ﬁnisque
3009 4758 3133 4812 vitae
3160 4757 3441 4812 advenerit
3476 4773 3580 4812 non
3613 4766 3792 4812 transp

2195 4859 2288 4907 eat
2348 4849 2414 4905 ad
2474 4858 2788 4920 perpetuam
2845 4856 3112 4914 mortem,
3160 4847 3257 4903 sed
3313 4846 3381 4900 ad
3425 4846 3590 4901 vitam
3629 4854 3793 4902 teter-

2198 4957 2346 4996 nam.
2733 4983 2742 4991 .

2271 5031 2432 5086 Facta
2479 5031 2622 5086 enim
2671 5029 3005 5085 subditorum
3044 5028 3356 5098 judicantur
3394 5043 3424 5082 a
3465 5027 3657 5091 nobis,
3690 5041 3788 5081 no-

2203 5131 2320 5176 stra
2374 5136 2504 5176 vero
2562 5118 2774 5189 judicat
2819 5119 2982 5174 Deus.
3048 5118 3124 5172 Ex
3173 5117 3369 5174 merito
3423 5132 3553 5172 vero
3614 5116 3794 5186 plebis

2203 5227 2590 5284 nonnunquam
2639 5211 2875 5282 episcopi
2931 5211 3319 5280 depravantur,
3350 5217 3619 5278 quatenus
3662 5223 3790 5278 pro-

2202 5305 2392 5362 clivius
2437 5305 2637 5361 cadant
2663 5305 2754 5374 qui
2799 5312 3116 5373 sequuntur.
3163 5301 3353 5372 Capite
3405 5302 3794 5370 languescente

2203 5410 2396 5458 caetera
2426 5400 2670 5470 corporis
2696 5400 2936 5454 membra
2967 5397 3297 5452 inficiuntur.
3325 5395 3634 5451 Deteriores
3666 5402 3792 5450 sunt

2198 5491 2289 5562 qui
2319 5491 2482 5545 vitam
2513 5503 2802 5560 moresque
2843 5489 3108 5544 bonorum
3137 5493 3533 5554 corrumpunt,
3581 5483 3669 5538 his
3695 5482 3789 5552 qui

2199 5582 2528 5640 substantias
2578 5581 2807 5635 aliorum
2877 5579 3182 5650 praediaque
3248 5575 3524 5647 diripiunt.
3578 5573 3788 5630 Caveat

2201 5673 2570 5743 unusquisque
2626 5687 2694 5726 ne
2748 5679 2840 5725 aut
2889 5671 3169 5741 linguam,
3241 5677 3335 5723 aut
3382 5681 3542 5722 aures
3592 5665 3792 5721 habeat

2203 5767 2528 5835 prurientes,
2575 5765 2628 5820 id
2659 5772 2740 5819 est
2775 5778 2842 5818 nc
2892 5772 2981 5818 aut
3037 5763 3150 5834 ipse
3199 5761 3317 5817 aliis
3370 5760 3660 5827 detrahat,
3700 5765 3790 5813 aut
