  <div class='ocr_page' id='page_1' title='image "/cluster/home/n/w/nwhite01/storage/ocr_20150623/130/hvd.32044015471717/104.png"; bbox 0 0 3908 5434; ppageno 0'>
   <div class='ocr_carea' id='block_1_1' title="bbox 89 311 190 368">
    <p class='ocr_par' dir='ltr' id='par_1_1' title="bbox 89 311 190 368">
     <span class='ocr_line' id='line_1_1' title="bbox 89 311 190 368; baseline -0.01 0"><span class='ocrx_word' id='word_1_1' title='bbox 89 311 190 368; x_wconf 70' lang='lat' dir='ltr'><strong>M9</strong></span> 
     </span>
    </p>
   </div>
   <div class='ocr_carea' id='block_1_2' title="bbox 1216 312 2138 378">
    <p class='ocr_par' dir='ltr' id='par_1_2' title="bbox 1216 312 2138 378">
     <span class='ocr_line' id='line_1_2' title="bbox 1216 312 2138 378; baseline 0.011 -11"><span class='ocrx_word' id='word_1_2' title='bbox 1216 312 1529 370; x_wconf 73' lang='lat' dir='ltr'><strong>DECRETA</strong></span> <span class='ocrx_word' id='word_1_3' title='bbox 1541 314 1709 374; x_wconf 81' lang='lat' dir='ltr'><strong>LlUM</strong></span> <span class='ocrx_word' id='word_1_4' title='bbox 1735 317 2138 378; x_wconf 79' lang='lat' dir='ltr'><strong>COLLECTIO.</strong></span> 
     </span>
    </p>
   </div>
   <div class='ocr_carea' id='block_1_3' title="bbox 3251 339 3362 396">
    <p class='ocr_par' dir='ltr' id='par_1_3' title="bbox 3251 339 3362 396">
     <span class='ocr_line' id='line_1_3' title="bbox 3251 339 3362 396; baseline 0.018 -3"><span class='ocrx_word' id='word_1_5' title='bbox 3251 339 3362 396; x_wconf 68' lang='grc'><strong>150</strong></span> 
     </span>
    </p>
   </div>
   <div class='ocr_carea' id='block_1_4' title="bbox 88 425 3356 508">
    <p class='ocr_par' dir='ltr' id='par_1_4' title="bbox 88 425 3356 508">
     <span class='ocr_line' id='line_1_4' title="bbox 88 425 3356 508; baseline 0.007 -24"><span class='ocrx_word' id='word_1_6' title='bbox 88 429 224 484; x_wconf 88' lang='lat' dir='ltr'><strong>alios</strong></span> <span class='ocrx_word' id='word_1_7' title='bbox 251 436 438 508; x_wconf 70' lang='lat' dir='ltr'><strong>annuat</strong></span> <span class='ocrx_word' id='word_1_8' title='bbox 481 436 845 484; x_wconf 82' lang='lat' dir='ltr'><strong>oetranentes.</strong></span> <span class='ocrx_word' id='word_1_9' title='bbox 881 425 1110 492; x_wconf 85' lang='lat' dir='ltr'><strong>Sedens,</strong></span> <span class='ocrx_word' id='word_1_10' title='bbox 1160 428 1354 499; x_wconf 95' lang='lat' dir='ltr'><strong>inquit,</strong></span> <span class='ocrx_word' id='word_1_11' title='bbox 1403 429 1662 485; x_wconf 88' lang='lat' dir='ltr'><strong>adversus</strong></span> <span class='ocrx_word' id='word_1_12' title='bbox 1692 437 1738 494; x_wconf 79' lang='grc' dir='ltr'>Α</span> <span class='ocrx_word' id='word_1_13' title='bbox 1769 448 1934 504; x_wconf 90' lang='lat' dir='ltr'><strong>regno</strong></span> <span class='ocrx_word' id='word_1_14' title='bbox 1983 436 2184 492; x_wconf 91' lang='lat' dir='ltr'><strong>Christi</strong></span> <span class='ocrx_word' id='word_1_15' title='bbox 2233 449 2288 494; x_wconf 93' lang='lat' dir='ltr'><strong>et</strong></span> <span class='ocrx_word' id='word_1_16' title='bbox 2335 439 2450 495; x_wconf 85' lang='lat' dir='ltr'><strong>Dei.</strong></span> <span class='ocrx_word' id='word_1_17' title='bbox 2481 439 2652 500; x_wconf 82' lang='lat' dir='ltr'><strong>Nemo</strong></span> <span class='ocrx_word' id='word_1_18' title='bbox 2695 459 2788 500; x_wconf 87' lang='lat' dir='ltr'><strong>vos</strong></span> <span class='ocrx_word' id='word_1_19' title='bbox 2831 446 3051 502; x_wconf 78' lang='lat' dir='ltr'><strong>sedurat</strong></span> <span class='ocrx_word' id='word_1_20' title='bbox 3106 448 3356 508; x_wconf 89' lang='lat' dir='ltr'><strong>inanibus</strong></span> 
     </span>
    </p>
   </div>
   <div class='ocr_carea' id='block_1_5' title="bbox 90 503 1670 590">
    <p class='ocr_par' dir='ltr' id='par_1_5' title="bbox 90 503 1670 590">
     <span class='ocr_line' id='line_1_5' title="bbox 90 503 1670 590; baseline 0.002 -18"><span class='ocrx_word' id='word_1_21' title='bbox 90 503 313 574; x_wconf 67' lang='lat' dir='ltr'><strong>fratret&#39;n</strong></span> <span class='ocrx_word' id='word_1_22' title='bbox 376 528 527 573; x_wconf 87' lang='lat' dir='ltr'><strong>tuum</strong></span> <span class='ocrx_word' id='word_1_23' title='bbox 571 519 882 590; x_wconf 81' lang='lat' dir='ltr'><strong>loquebaris</strong></span> <span class='ocrx_word' id='word_1_24' title='bbox 917 519 1293 585; x_wconf 89' lang='lat' dir='ltr'><strong>detrahendo,</strong></span> <span class='ocrx_word' id='word_1_25' title='bbox 1322 528 1378 574; x_wconf 89' lang='lat' dir='ltr'><strong>ot</strong></span> <span class='ocrx_word' id='word_1_26' title='bbox 1413 520 1670 576; x_wconf 91' lang='lat' dir='ltr'><strong>adversus</strong></span> 
     </span>
    </p>
   </div>
   <div class='ocr_carea' id='block_1_6' title="bbox 87 609 1670 680">
    <p class='ocr_par' dir='ltr' id='par_1_6' title="bbox 87 609 1670 680">
     <span class='ocr_line' id='line_1_6' title="bbox 87 609 1670 680; baseline 0.001 -16"><span class='ocrx_word' id='word_1_27' title='bbox 87 611 251 664; x_wconf 87' lang='lat' dir='ltr'><strong>lilium</strong></span> <span class='ocrx_word' id='word_1_28' title='bbox 278 609 469 665; x_wconf 83' lang='lat' dir='ltr'><strong>matris</strong></span> <span class='ocrx_word' id='word_1_29' title='bbox 499 619 602 666; x_wconf 70' lang='lat' dir='ltr'><strong>tua:</strong></span> <span class='ocrx_word' id='word_1_30' title='bbox 632 611 870 680; x_wconf 81' lang='lat' dir='ltr'><strong>ponebas</strong></span> <span class='ocrx_word' id='word_1_31' title='bbox 901 611 1244 677; x_wconf 89' lang='lat' dir='ltr'><strong>scandalum,</strong></span> <span class='ocrx_word' id='word_1_32' title='bbox 1279 620 1366 668; x_wconf 85' lang='lat' dir='ltr'><strong>etc</strong></span> <span class='ocrx_word' id='word_1_33' title='bbox 1392 629 1406 667; x_wconf 91' lang='lat'><strong>:</strong></span> <span class='ocrx_word' id='word_1_34' title='bbox 1439 611 1670 668; x_wconf 87' lang='lat' dir='ltr'><strong>Pareant</strong></span> 
     </span>
    </p>
   </div>
   <div class='ocr_carea' id='block_1_7' title="bbox 86 701 1669 774">
    <p class='ocr_par' dir='ltr' id='par_1_7' title="bbox 86 701 1669 774">
     <span class='ocr_line' id='line_1_7' title="bbox 86 701 1669 774; baseline 0.002 -18"><span class='ocrx_word' id='word_1_35' title='bbox 86 701 275 769; x_wconf 79' lang='lat' dir='ltr'><strong>singuli</strong></span> <span class='ocrx_word' id='word_1_36' title='bbox 320 701 644 756; x_wconf 90' lang='lat' dir='ltr'><strong>detractioni</strong></span> <span class='ocrx_word' id='word_1_37' title='bbox 690 701 924 772; x_wconf 74' lang='lat' dir='ltr'><strong>lingme,</strong></span> <span class='ocrx_word' id='word_1_38' title='bbox 986 702 1296 758; x_wconf 84' lang='lat' dir='ltr'><strong>custodiant</strong></span> <span class='ocrx_word' id='word_1_39' title='bbox 1339 719 1460 773; x_wconf 70' lang='lat' dir='ltr'><strong>qua:</strong></span> <span class='ocrx_word' id='word_1_40' title='bbox 1509 713 1669 774; x_wconf 91' lang='lat' dir='ltr'><strong>atque</strong></span> 
     </span>
    </p>
   </div>
   <div class='ocr_carea' id='block_1_8' title="bbox 84 792 1670 863">
    <p class='ocr_par' dir='ltr' id='par_1_8' title="bbox 84 792 1670 863">
     <span class='ocr_line' id='line_1_8' title="bbox 84 792 1670 863; baseline 0.001 -16"><span class='ocrx_word' id='word_1_41' title='bbox 84 807 359 847; x_wconf 85' lang='lat' dir='ltr'><strong>sermones</strong></span> <span class='ocrx_word' id='word_1_42' title='bbox 404 807 555 858; x_wconf 87' lang='lat' dir='ltr'><strong>suos,</strong></span> <span class='ocrx_word' id='word_1_43' title='bbox 586 801 641 848; x_wconf 94' lang='lat' dir='ltr'><strong>et</strong></span> <span class='ocrx_word' id='word_1_44' title='bbox 669 793 844 847; x_wconf 89' lang='lat' dir='ltr'><strong>sciant</strong></span> <span class='ocrx_word' id='word_1_45' title='bbox 869 833 885 857; x_wconf 91' lang='lat'><strong>,</strong></span> <span class='ocrx_word' id='word_1_46' title='bbox 914 792 1040 862; x_wconf 87' lang='lat' dir='ltr'><strong>quia</strong></span> <span class='ocrx_word' id='word_1_47' title='bbox 1068 802 1264 849; x_wconf 83' lang='lat' dir='ltr'><strong>cuncta</strong></span> <span class='ocrx_word' id='word_1_48' title='bbox 1295 809 1416 863; x_wconf 78' lang='lat' dir='ltr'><strong>qua:</strong></span> <span class='ocrx_word' id='word_1_49' title='bbox 1453 794 1520 849; x_wconf 90' lang='lat' dir='ltr'><strong>de</strong></span> <span class='ocrx_word' id='word_1_50' title='bbox 1547 795 1670 850; x_wconf 88' lang='lat' dir='ltr'><strong>aliis</strong></span> 
     </span>
    </p>
   </div>
   <div class='ocr_carea' id='block_1_9' title="bbox 91 882 1669 952">
    <p class='ocr_par' dir='ltr' id='par_1_9' title="bbox 91 882 1669 952">
     <span class='ocr_line' id='line_1_9' title="bbox 91 882 1669 952; baseline 0.004 -17"><span class='ocrx_word' id='word_1_51' title='bbox 91 882 390 952; x_wconf 89' lang='lat' dir='ltr'><strong>loquuntur</strong></span> <span class='ocrx_word' id='word_1_52' title='bbox 416 898 516 938; x_wconf 86' lang='lat' dir='ltr'><strong>sua</strong></span> <span class='ocrx_word' id='word_1_53' title='bbox 549 883 819 939; x_wconf 85' lang='lat' dir='ltr'><strong>sententia</strong></span> <span class='ocrx_word' id='word_1_54' title='bbox 853 882 1262 952; x_wconf 88' lang='lat' dir='ltr'><strong>judicabuntur.</strong></span> <span class='ocrx_word' id='word_1_55' title='bbox 1287 883 1457 939; x_wconf 83' lang='lat' dir='ltr'><strong>Nemo</strong></span> <span class='ocrx_word' id='word_1_56' title='bbox 1503 886 1669 941; x_wconf 88' lang='lat' dir='ltr'><strong>invito</strong></span> 
     </span>
    </p>
   </div>
   <div class='ocr_carea' id='block_1_10' title="bbox 81 971 1668 1042">
    <p class='ocr_par' dir='ltr' id='par_1_10' title="bbox 81 971 1668 1042">
     <span class='ocr_line' id='line_1_10' title="bbox 81 971 1668 1042; baseline 0.005 -18"><span class='ocrx_word' id='word_1_57' title='bbox 81 971 309 1026; x_wconf 80' lang='lat' dir='ltr'><strong>auditori</strong></span> <span class='ocrx_word' id='word_1_58' title='bbox 354 972 589 1028; x_wconf 83' lang='lat' dir='ltr'><strong>libenter</strong></span> <span class='ocrx_word' id='word_1_59' title='bbox 620 972 803 1028; x_wconf 82' lang='lat' dir='ltr'><strong>refert.</strong></span> <span class='ocrx_word' id='word_1_60' title='bbox 840 972 1010 1028; x_wconf 81' lang='lat' dir='ltr'><strong>Oliieii</strong></span> <span class='ocrx_word' id='word_1_61' title='bbox 1039 974 1373 1042; x_wconf 89' lang='lat' dir='ltr'><strong>singulorum</strong></span> <span class='ocrx_word' id='word_1_62' title='bbox 1405 975 1496 1042; x_wconf 88' lang='lat' dir='ltr'><strong>sit,</strong></span> <span class='ocrx_word' id='word_1_63' title='bbox 1538 975 1668 1032; x_wconf 86' lang='lat' dir='ltr'><strong>dile-</strong></span> 
     </span>
    </p>
   </div>
   <div class='ocr_carea' id='block_1_11' title="bbox 81 1060 1668 1129">
    <p class='ocr_par' dir='ltr' id='par_1_11' title="bbox 81 1060 1668 1129">
     <span class='ocr_line' id='line_1_11' title="bbox 81 1060 1668 1129; baseline 0.004 -15"><span class='ocrx_word' id='word_1_64' title='bbox 81 1060 329 1128; x_wconf 87' lang='lat' dir='ltr'><strong>ctissimi,</strong></span> <span class='ocrx_word' id='word_1_65' title='bbox 355 1077 465 1116; x_wconf 89' lang='lat' dir='ltr'><strong>non</strong></span> <span class='ocrx_word' id='word_1_66' title='bbox 516 1061 693 1116; x_wconf 91' lang='lat' dir='ltr'><strong>solum</strong></span> <span class='ocrx_word' id='word_1_67' title='bbox 745 1062 934 1119; x_wconf 90' lang='lat' dir='ltr'><strong>oculos</strong></span> <span class='ocrx_word' id='word_1_68' title='bbox 967 1071 1146 1118; x_wconf 90' lang='lat' dir='ltr'><strong>castos</strong></span> <span class='ocrx_word' id='word_1_69' title='bbox 1184 1078 1423 1129; x_wconf 89' lang='lat' dir='ltr'><strong>servare,</strong></span> <span class='ocrx_word' id='word_1_70' title='bbox 1471 1064 1565 1120; x_wconf 90' lang='lat' dir='ltr'><strong>sed</strong></span> <span class='ocrx_word' id='word_1_71' title='bbox 1612 1073 1668 1120; x_wconf 90' lang='lat' dir='ltr'><strong>et</strong></span> 
     </span>
    </p>
   </div>
   <div class='ocr_carea' id='block_1_12' title="bbox 79 1151 1666 1226">
    <p class='ocr_par' dir='ltr' id='par_1_12' title="bbox 79 1151 1666 1226">
     <span class='ocr_line' id='line_1_12' title="bbox 79 1151 1666 1226; baseline 0.005 -22"><span class='ocrx_word' id='word_1_72' title='bbox 79 1151 334 1223; x_wconf 79' lang='lat' dir='ltr'><strong>linguam.</strong></span> <span class='ocrx_word' id='word_1_73' title='bbox 369 1151 482 1209; x_wconf 82' lang='lat' dir='ltr'><strong>Nec</strong></span> <span class='ocrx_word' id='word_1_74' title='bbox 523 1154 652 1225; x_wconf 90' lang='lat' dir='ltr'><strong>quid</strong></span> <span class='ocrx_word' id='word_1_75' title='bbox 693 1155 745 1208; x_wconf 91' lang='lat' dir='ltr'><strong>in</strong></span> <span class='ocrx_word' id='word_1_76' title='bbox 779 1153 1094 1224; x_wconf 82' lang='lat' dir='ltr'><strong>cujusquam</strong></span> <span class='ocrx_word' id='word_1_77' title='bbox 1124 1154 1285 1211; x_wconf 89' lang='lat' dir='ltr'><strong>domo</strong></span> <span class='ocrx_word' id='word_1_78' title='bbox 1316 1163 1526 1226; x_wconf 88' lang='lat' dir='ltr'><strong>agatur,</strong></span> <span class='ocrx_word' id='word_1_79' title='bbox 1561 1157 1666 1212; x_wconf 88' lang='lat' dir='ltr'><strong>alia</strong></span> 
     </span>
    </p>
   </div>
   <div class='ocr_carea' id='block_1_13' title="bbox 79 1244 1667 1317">
    <p class='ocr_par' dir='ltr' id='par_1_13' title="bbox 79 1244 1667 1317">
     <span class='ocr_line' id='line_1_13' title="bbox 79 1244 1667 1317; baseline 0.003 -18"><span class='ocrx_word' id='word_1_80' title='bbox 79 1244 262 1299; x_wconf 88' lang='lat' dir='ltr'><strong>domus</strong></span> <span class='ocrx_word' id='word_1_81' title='bbox 313 1259 417 1314; x_wconf 91' lang='lat' dir='ltr'><strong>per</strong></span> <span class='ocrx_word' id='word_1_82' title='bbox 457 1261 556 1301; x_wconf 84' lang='lat' dir='ltr'><strong>vos</strong></span> <span class='ocrx_word' id='word_1_83' title='bbox 616 1261 855 1317; x_wconf 86' lang='lat' dir='ltr'><strong>unquam</strong></span> <span class='ocrx_word' id='word_1_84' title='bbox 916 1246 1148 1302; x_wconf 90' lang='lat' dir='ltr'><strong>noverit.</strong></span> <span class='ocrx_word' id='word_1_85' title='bbox 1194 1245 1441 1302; x_wconf 51' lang='lat' dir='ltr'><strong>l&#39;labeant</strong></span> <span class='ocrx_word' id='word_1_86' title='bbox 1477 1262 1667 1304; x_wconf 87' lang='lat' dir='ltr'><strong>omnes</strong></span> 
     </span>
    </p>
   </div>
   <div class='ocr_carea' id='block_1_14' title="bbox 78 1334 1666 1407">
    <p class='ocr_par' dir='ltr' id='par_1_14' title="bbox 78 1334 1666 1407">
     <span class='ocr_line' id='line_1_14' title="bbox 78 1334 1666 1407; baseline 0.003 -19"><span class='ocrx_word' id='word_1_87' title='bbox 78 1334 478 1406; x_wconf 85' lang='lat' dir='ltr'><strong>simplicitatem</strong></span> <span class='ocrx_word' id='word_1_88' title='bbox 524 1336 787 1393; x_wconf 67' lang='lat' dir='ltr'><strong>columba:</strong></span> <span class='ocrx_word' id='word_1_89' title='bbox 854 1352 925 1392; x_wconf 90' lang='lat' dir='ltr'><strong>ne</strong></span> <span class='ocrx_word' id='word_1_90' title='bbox 981 1337 1233 1407; x_wconf 89' lang='lat' dir='ltr'><strong>cuiquam</strong></span> <span class='ocrx_word' id='word_1_91' title='bbox 1284 1337 1666 1394; x_wconf 89' lang='lat' dir='ltr'><strong>machinentur</strong></span> 
     </span>
    </p>
   </div>
   <div class='ocr_carea' id='block_1_15' title="bbox 77 1426 1666 1500">
    <p class='ocr_par' dir='ltr' id='par_1_15' title="bbox 77 1426 1666 1500">
     <span class='ocr_line' id='line_1_15' title="bbox 77 1426 1666 1500; baseline 0.003 -19"><span class='ocrx_word' id='word_1_92' title='bbox 77 1426 219 1484; x_wconf 85' lang='lat' dir='ltr'><strong>dolos</strong></span> <span class='ocrx_word' id='word_1_93' title='bbox 260 1435 320 1482; x_wconf 91' lang='lat' dir='ltr'><strong>et</strong></span> <span class='ocrx_word' id='word_1_94' title='bbox 351 1429 623 1499; x_wconf 87' lang='lat' dir='ltr'><strong>serpentis</strong></span> <span class='ocrx_word' id='word_1_95' title='bbox 656 1428 933 1494; x_wconf 84' lang='lat' dir='ltr'><strong>astutiam,</strong></span> <span class='ocrx_word' id='word_1_96' title='bbox 961 1444 1032 1485; x_wconf 86' lang='lat' dir='ltr'><strong>ne</strong></span> <span class='ocrx_word' id='word_1_97' title='bbox 1061 1429 1288 1484; x_wconf 89' lang='lat' dir='ltr'><strong>aliorum</strong></span> <span class='ocrx_word' id='word_1_98' title='bbox 1317 1429 1666 1500; x_wconf 88' lang='lat' dir='ltr'><strong>supplantcn—</strong></span> 
     </span>
    </p>
   </div>
   <div class='ocr_carea' id='block_1_16' title="bbox 78 1518 1665 1590">
    <p class='ocr_par' dir='ltr' id='par_1_16' title="bbox 78 1518 1665 1590">
     <span class='ocr_line' id='line_1_16' title="bbox 78 1518 1665 1590; baseline 0.003 -20"><span class='ocrx_word' id='word_1_99' title='bbox 78 1527 154 1571; x_wconf 90' lang='lat' dir='ltr'><strong>tur</strong></span> <span class='ocrx_word' id='word_1_100' title='bbox 193 1518 435 1574; x_wconf 86' lang='lat' dir='ltr'><strong>insidiis.</strong></span> <span class='ocrx_word' id='word_1_101' title='bbox 484 1519 604 1576; x_wconf 78' lang='lat' dir='ltr'><strong>Non</strong></span> <span class='ocrx_word' id='word_1_102' title='bbox 647 1529 734 1590; x_wconf 80' lang='lat' dir='ltr'><strong>est</strong></span> <span class='ocrx_word' id='word_1_103' title='bbox 779 1519 1100 1575; x_wconf 87' lang='lat' dir='ltr'><strong>humilitatis</strong></span> <span class='ocrx_word' id='word_1_104' title='bbox 1134 1535 1267 1575; x_wconf 64' lang='lat' dir='ltr'><strong>meae</strong></span> <span class='ocrx_word' id='word_1_105' title='bbox 1315 1535 1490 1590; x_wconf 91' lang='lat' dir='ltr'><strong>neque</strong></span> <span class='ocrx_word' id='word_1_106' title='bbox 1515 1534 1665 1575; x_wconf 88' lang='lat' dir='ltr'><strong>men-</strong></span> 
     </span>
    </p>
   </div>
   <div class='ocr_carea' id='block_1_17' title="bbox 77 1607 1662 1678">
    <p class='ocr_par' dir='ltr' id='par_1_17' title="bbox 77 1607 1662 1678">
     <span class='ocr_line' id='line_1_17' title="bbox 77 1607 1662 1678; baseline 0.003 -16"><span class='ocrx_word' id='word_1_107' title='bbox 77 1624 203 1662; x_wconf 73' lang='lat' dir='ltr'><strong>sura:</strong></span> <span class='ocrx_word' id='word_1_108' title='bbox 222 1607 479 1678; x_wconf 84' lang='lat' dir='ltr'><strong>judicare</strong></span> <span class='ocrx_word' id='word_1_109' title='bbox 503 1610 570 1667; x_wconf 91' lang='lat' dir='ltr'><strong>de</strong></span> <span class='ocrx_word' id='word_1_110' title='bbox 595 1611 806 1667; x_wconf 70' lang='lat' dir='ltr'><strong>cancris</strong></span> <span class='ocrx_word' id='word_1_111' title='bbox 831 1620 886 1666; x_wconf 89' lang='lat' dir='ltr'><strong>et</strong></span> <span class='ocrx_word' id='word_1_112' title='bbox 909 1612 976 1666; x_wconf 91' lang='lat' dir='ltr'><strong>de</strong></span> <span class='ocrx_word' id='word_1_113' title='bbox 1018 1611 1284 1667; x_wconf 85' lang='lat' dir='ltr'><strong>ministris</strong></span> <span class='ocrx_word' id='word_1_114' title='bbox 1308 1611 1662 1668; x_wconf 79' lang='lat' dir='ltr'><strong>ecclesiarum</strong></span> 
     </span>
    </p>
   </div>
   <div class='ocr_carea' id='block_1_18' title="bbox 76 1699 1663 1772">
    <p class='ocr_par' dir='ltr' id='par_1_18' title="bbox 76 1699 1663 1772">
     <span class='ocr_line' id='line_1_18' title="bbox 76 1699 1663 1772; baseline 0.004 -20"><span class='ocrx_word' id='word_1_115' title='bbox 76 1699 352 1754; x_wconf 88' lang='lat' dir='ltr'><strong>sinistrum</strong></span> <span class='ocrx_word' id='word_1_116' title='bbox 382 1701 655 1771; x_wconf 89' lang='lat' dir='ltr'><strong>quippiam</strong></span> <span class='ocrx_word' id='word_1_117' title='bbox 699 1702 901 1758; x_wconf 87' lang='lat' dir='ltr'><strong>dicere.</strong></span> <span class='ocrx_word' id='word_1_118' title='bbox 940 1702 1097 1758; x_wconf 83' lang='lat' dir='ltr'><strong>Absit</strong></span> <span class='ocrx_word' id='word_1_119' title='bbox 1135 1711 1194 1756; x_wconf 92' lang='lat' dir='ltr'><strong>ut</strong></span> <span class='ocrx_word' id='word_1_120' title='bbox 1219 1702 1510 1772; x_wconf 89' lang='lat' dir='ltr'><strong>quicquam</strong></span> <span class='ocrx_word' id='word_1_121' title='bbox 1533 1702 1663 1758; x_wconf 88' lang='lat' dir='ltr'><strong>siui-</strong></span> 
     </span>
    </p>
   </div>
   <div class='ocr_carea' id='block_1_19' title="bbox 75 1791 1663 1863">
    <p class='ocr_par' dir='ltr' id='par_1_19' title="bbox 75 1791 1663 1863">
     <span class='ocr_line' id='line_1_19' title="bbox 75 1791 1663 1863; baseline 0.002 -18"><span class='ocrx_word' id='word_1_122' title='bbox 75 1806 233 1845; x_wconf 85' lang='lat' dir='ltr'><strong>strum</strong></span> <span class='ocrx_word' id='word_1_123' title='bbox 249 1791 323 1848; x_wconf 89' lang='lat' dir='ltr'><strong>de</strong></span> <span class='ocrx_word' id='word_1_124' title='bbox 337 1792 424 1847; x_wconf 90' lang='lat' dir='ltr'><strong>his</strong></span> <span class='ocrx_word' id='word_1_125' title='bbox 443 1791 654 1863; x_wconf 86' lang='lat' dir='ltr'><strong>loquar,</strong></span> <span class='ocrx_word' id='word_1_126' title='bbox 672 1793 764 1863; x_wconf 83' lang='lat' dir='ltr'><strong>qui</strong></span> <span class='ocrx_word' id='word_1_127' title='bbox 778 1792 1074 1862; x_wconf 88' lang='lat' dir='ltr'><strong>apostolico</strong></span> <span class='ocrx_word' id='word_1_128' title='bbox 1085 1791 1273 1862; x_wconf 86' lang='lat' dir='ltr'><strong>gradui</strong></span> <span class='ocrx_word' id='word_1_129' title='bbox 1287 1792 1663 1859; x_wconf 89' lang='lat' dir='ltr'><strong>succedentes,</strong></span> 
     </span>
    </p>
   </div>
   <div class='ocr_carea' id='block_1_20' title="bbox 76 1882 1664 1955">
    <p class='ocr_par' dir='ltr' id='par_1_20' title="bbox 76 1882 1664 1955">
     <span class='ocr_line' id='line_1_20' title="bbox 76 1882 1664 1955; baseline 0.002 -18"><span class='ocrx_word' id='word_1_130' title='bbox 76 1882 266 1939; x_wconf 84' lang='lat' dir='ltr'><strong>Christi</strong></span> <span class='ocrx_word' id='word_1_131' title='bbox 321 1899 517 1954; x_wconf 79' lang='lat' dir='ltr'><strong>corpus</strong></span> <span class='ocrx_word' id='word_1_132' title='bbox 555 1900 714 1941; x_wconf 85' lang='lat' dir='ltr'><strong>sacro</strong></span> <span class='ocrx_word' id='word_1_133' title='bbox 764 1901 859 1942; x_wconf 89' lang='lat' dir='ltr'><strong>ore</strong></span> <span class='ocrx_word' id='word_1_134' title='bbox 899 1884 1217 1948; x_wconf 75' lang='lat' dir='ltr'><strong>coniiciunt,</strong></span> <span class='ocrx_word' id='word_1_135' title='bbox 1269 1900 1366 1954; x_wconf 92' lang='lat' dir='ltr'><strong>per</strong></span> <span class='ocrx_word' id='word_1_136' title='bbox 1397 1899 1534 1955; x_wconf 91' lang='lat' dir='ltr'><strong>quos</strong></span> <span class='ocrx_word' id='word_1_137' title='bbox 1565 1899 1664 1941; x_wconf 88' lang='lat' dir='ltr'><strong>nos</strong></span> 
     </span>
    </p>
   </div>
   <div class='ocr_carea' id='block_1_21' title="bbox 77 1975 1662 2048">
    <p class='ocr_par' dir='ltr' id='par_1_21' title="bbox 77 1975 1662 2048">
     <span class='ocr_line' id='line_1_21' title="bbox 77 1975 1662 2048; baseline 0 -17"><span class='ocrx_word' id='word_1_138' title='bbox 77 1977 223 2031; x_wconf 84' lang='lat' dir='ltr'><strong>etiam</strong></span> <span class='ocrx_word' id='word_1_139' title='bbox 253 1977 560 2033; x_wconf 85' lang='lat' dir='ltr'><strong>Christiani</strong></span> <span class='ocrx_word' id='word_1_140' title='bbox 599 1993 790 2033; x_wconf 90' lang='lat' dir='ltr'><strong>sumus</strong></span> <span class='ocrx_word' id='word_1_141' title='bbox 816 2018 832 2044; x_wconf 95' lang='lat'><strong>,</strong></span> <span class='ocrx_word' id='word_1_142' title='bbox 863 1978 956 2047; x_wconf 89' lang='lat' dir='ltr'><strong>qui</strong></span> <span class='ocrx_word' id='word_1_143' title='bbox 997 1975 1180 2032; x_wconf 84' lang='lat' dir='ltr'><strong>claves</strong></span> <span class='ocrx_word' id='word_1_144' title='bbox 1213 1976 1361 2048; x_wconf 83' lang='lat' dir='ltr'><strong>regni</strong></span> <span class='ocrx_word' id='word_1_145' title='bbox 1399 1976 1662 2032; x_wconf 67' lang='lat' dir='ltr'><strong>cmlorum</strong></span> 
     </span>
    </p>
   </div>
   <div class='ocr_carea' id='block_1_22' title="bbox 81 2068 1662 2143">
    <p class='ocr_par' dir='ltr' id='par_1_22' title="bbox 81 2068 1662 2143">
     <span class='ocr_line' id='line_1_22' title="bbox 81 2068 1662 2143; baseline 0 -19"><span class='ocrx_word' id='word_1_146' title='bbox 81 2071 336 2127; x_wconf 81' lang='lat' dir='ltr'><strong>habentes</strong></span> <span class='ocrx_word' id='word_1_147' title='bbox 363 2081 492 2128; x_wconf 84' lang='lat' dir='ltr'><strong>ante</strong></span> <span class='ocrx_word' id='word_1_148' title='bbox 528 2071 719 2143; x_wconf 87' lang='lat' dir='ltr'><strong>judicii</strong></span> <span class='ocrx_word' id='word_1_149' title='bbox 746 2072 890 2126; x_wconf 89' lang='lat' dir='ltr'><strong>diem</strong></span> <span class='ocrx_word' id='word_1_150' title='bbox 910 2070 1178 2141; x_wconf 91' lang='lat' dir='ltr'><strong>judicant.</strong></span> <span class='ocrx_word' id='word_1_151' title='bbox 1216 2068 1396 2124; x_wconf 79' lang='lat' dir='ltr'><strong>Veteri</strong></span> <span class='ocrx_word' id='word_1_152' title='bbox 1443 2069 1662 2139; x_wconf 89' lang='lat' dir='ltr'><strong>quidem</strong></span> 
     </span>
    </p>
   </div>
   <div class='ocr_carea' id='block_1_23' title="bbox 79 2160 1664 2236">
    <p class='ocr_par' dir='ltr' id='par_1_23' title="bbox 79 2160 1664 2236">
     <span class='ocr_line' id='line_1_23' title="bbox 79 2160 1664 2236; baseline -0.001 -20"><span class='ocrx_word' id='word_1_153' title='bbox 79 2164 180 2235; x_wconf 58' lang='lat' dir='ltr'><strong>lege</strong></span> <span class='ocrx_word' id='word_1_154' title='bbox 215 2164 479 2230; x_wconf 82' lang='lat' dir='ltr'><strong>habetur,</strong></span> <span class='ocrx_word' id='word_1_155' title='bbox 509 2164 820 2236; x_wconf 88' lang='lat' dir='ltr'><strong>quicunque</strong></span> <span class='ocrx_word' id='word_1_156' title='bbox 843 2162 1219 2219; x_wconf 88' lang='lat' dir='ltr'><strong>sacerdotibus</strong></span> <span class='ocrx_word' id='word_1_157' title='bbox 1254 2176 1362 2216; x_wconf 90' lang='lat' dir='ltr'><strong>non</strong></span> <span class='ocrx_word' id='word_1_158' title='bbox 1385 2160 1664 2232; x_wconf 85' lang='lat' dir='ltr'><strong>obtempe-</strong></span> 
     </span>
    </p>
   </div>
   <div class='ocr_carea' id='block_1_24' title="bbox 79 2253 1659 2325">
    <p class='ocr_par' dir='ltr' id='par_1_24' title="bbox 79 2253 1659 2325">
     <span class='ocr_line' id='line_1_24' title="bbox 79 2253 1659 2325; baseline 0.001 -17"><span class='ocrx_word' id='word_1_159' title='bbox 79 2265 256 2322; x_wconf 87' lang='lat' dir='ltr'><strong>rasset,</strong></span> <span class='ocrx_word' id='word_1_160' title='bbox 285 2266 384 2312; x_wconf 89' lang='lat' dir='ltr'><strong>aut</strong></span> <span class='ocrx_word' id='word_1_161' title='bbox 403 2265 557 2311; x_wconf 75' lang='lat' dir='ltr'><strong>extra</strong></span> <span class='ocrx_word' id='word_1_162' title='bbox 583 2263 766 2312; x_wconf 86' lang='lat' dir='ltr'><strong>castra</strong></span> <span class='ocrx_word' id='word_1_163' title='bbox 794 2255 998 2325; x_wconf 90' lang='lat' dir='ltr'><strong>positus</strong></span> <span class='ocrx_word' id='word_1_164' title='bbox 1026 2253 1367 2323; x_wconf 84' lang='lat' dir='ltr'><strong>lapidabatur</strong></span> <span class='ocrx_word' id='word_1_165' title='bbox 1385 2268 1417 2307; x_wconf 88' lang='lat' dir='ltr'><strong>a</strong></span> <span class='ocrx_word' id='word_1_166' title='bbox 1443 2254 1659 2325; x_wconf 83' lang='lat' dir='ltr'><strong>pepulo,</strong></span> 
     </span>
    </p>
   </div>
   <div class='ocr_carea' id='block_1_25' title="bbox 77 2346 1664 2419">
    <p class='ocr_par' dir='ltr' id='par_1_25' title="bbox 77 2346 1664 2419">
     <span class='ocr_line' id='line_1_25' title="bbox 77 2346 1664 2419; baseline 0 -17"><span class='ocrx_word' id='word_1_167' title='bbox 77 2359 158 2415; x_wconf 75' lang='lat' dir='ltr'><strong>aut</strong></span> <span class='ocrx_word' id='word_1_168' title='bbox 207 2349 393 2419; x_wconf 85' lang='lat' dir='ltr'><strong>gladio</strong></span> <span class='ocrx_word' id='word_1_169' title='bbox 431 2349 648 2406; x_wconf 85' lang='lat' dir='ltr'><strong>cervice</strong></span> <span class='ocrx_word' id='word_1_170' title='bbox 693 2346 936 2417; x_wconf 86' lang='lat' dir='ltr'><strong>subjecta</strong></span> <span class='ocrx_word' id='word_1_171' title='bbox 1003 2356 1377 2418; x_wconf 90' lang='lat' dir='ltr'><strong>contemptum</strong></span> <span class='ocrx_word' id='word_1_172' title='bbox 1408 2347 1664 2418; x_wconf 81' lang='lat' dir='ltr'><strong>expiabat</strong></span> 
     </span>
    </p>
   </div>
   <div class='ocr_carea' id='block_1_26' title="bbox 75 2439 1663 2510">
    <p class='ocr_par' dir='ltr' id='par_1_26' title="bbox 75 2439 1663 2510">
     <span class='ocr_line' id='line_1_26' title="bbox 75 2439 1663 2510; baseline 0.001 -14"><span class='ocrx_word' id='word_1_173' title='bbox 75 2457 279 2496; x_wconf 83' lang='lat' dir='ltr'><strong>cruore.</strong></span> <span class='ocrx_word' id='word_1_174' title='bbox 327 2439 479 2497; x_wconf 80' lang='lat' dir='ltr'><strong>Nunc</strong></span> <span class='ocrx_word' id='word_1_175' title='bbox 523 2457 648 2497; x_wconf 91' lang='lat' dir='ltr'><strong>vero</strong></span> <span class='ocrx_word' id='word_1_176' title='bbox 676 2440 992 2496; x_wconf 91' lang='lat' dir='ltr'><strong>inobcdiens</strong></span> <span class='ocrx_word' id='word_1_177' title='bbox 1021 2441 1289 2510; x_wconf 88' lang='lat' dir='ltr'><strong>spirituali</strong></span> <span class='ocrx_word' id='word_1_178' title='bbox 1321 2442 1663 2499; x_wconf 87' lang='lat' dir='ltr'><strong>animadver-</strong></span> 
     </span>
    </p>
   </div>
   <div class='ocr_carea' id='block_1_27' title="bbox 75 2534 1662 2604">
    <p class='ocr_par' dir='ltr' id='par_1_27' title="bbox 75 2534 1662 2604">
     <span class='ocr_line' id='line_1_27' title="bbox 75 2534 1662 2604; baseline 0.003 -15"><span class='ocrx_word' id='word_1_179' title='bbox 75 2535 218 2591; x_wconf 88' lang='lat' dir='ltr'><strong>sione</strong></span> <span class='ocrx_word' id='word_1_180' title='bbox 245 2545 551 2597; x_wconf 87' lang='lat' dir='ltr'><strong>truncatnr.</strong></span> <span class='ocrx_word' id='word_1_181' title='bbox 599 2545 657 2591; x_wconf 92' lang='lat' dir='ltr'><strong>et</strong></span> <span class='ocrx_word' id='word_1_182' title='bbox 698 2534 902 2604; x_wconf 87' lang='lat' dir='ltr'><strong>ejectus</strong></span> <span class='ocrx_word' id='word_1_183' title='bbox 945 2536 1014 2590; x_wconf 88' lang='lat' dir='ltr'><strong>ab</strong></span> <span class='ocrx_word' id='word_1_184' title='bbox 1043 2535 1307 2601; x_wconf 80' lang='lat' dir='ltr'><strong>Ecclesia,</strong></span> <span class='ocrx_word' id='word_1_185' title='bbox 1343 2538 1528 2593; x_wconf 89' lang='lat' dir='ltr'><strong>rabido</strong></span> <span class='ocrx_word' id='word_1_186' title='bbox 1550 2538 1662 2594; x_wconf 70' lang='lat' dir='ltr'><strong>dte-</strong></span> 
     </span>
    </p>
   </div>
   <div class='ocr_carea' id='block_1_28' title="bbox 74 2613 1661 2700">
    <p class='ocr_par' dir='ltr' id='par_1_28' title="bbox 74 2613 1661 2700">
     <span class='ocr_line' id='line_1_28' title="bbox 74 2613 1661 2700; baseline 0.004 -19"><span class='ocrx_word' id='word_1_187' title='bbox 74 2643 289 2681; x_wconf 89' lang='lat' dir='ltr'><strong>monum</strong></span> <span class='ocrx_word' id='word_1_188' title='bbox 325 2642 421 2682; x_wconf 91' lang='lat' dir='ltr'><strong>ore</strong></span> <span class='ocrx_word' id='word_1_189' title='bbox 455 2613 786 2697; x_wconf 78' lang='lat' dir='ltr'><strong>decerpitur.</strong></span> <span class='ocrx_word' id='word_1_190' title='bbox 816 2628 1041 2697; x_wconf 88' lang='lat' dir='ltr'><strong>Oportet</strong></span> <span class='ocrx_word' id='word_1_191' title='bbox 1074 2628 1240 2697; x_wconf 91' lang='lat' dir='ltr'><strong>enim,</strong></span> <span class='ocrx_word' id='word_1_192' title='bbox 1271 2639 1331 2684; x_wconf 92' lang='lat' dir='ltr'><strong>ut</strong></span> <span class='ocrx_word' id='word_1_193' title='bbox 1369 2631 1460 2700; x_wconf 89' lang='lat' dir='ltr'><strong>qui</strong></span> <span class='ocrx_word' id='word_1_194' title='bbox 1493 2631 1661 2686; x_wconf 90' lang='lat' dir='ltr'><strong>Deum</strong></span> 
     </span>
    </p>
   </div>
   <div class='ocr_carea' id='block_1_29' title="bbox 75 2717 1663 2789">
    <p class='ocr_par' dir='ltr' id='par_1_29' title="bbox 75 2717 1663 2789">
     <span class='ocr_line' id='line_1_29' title="bbox 75 2717 1663 2789; baseline 0.003 -16"><span class='ocrx_word' id='word_1_195' title='bbox 75 2719 382 2774; x_wconf 54' lang='lat' dir='ltr'><strong>hereditate</strong></span> <span class='ocrx_word' id='word_1_196' title='bbox 450 2719 768 2789; x_wconf 88' lang='lat' dir='ltr'><strong>possident,</strong></span> <span class='ocrx_word' id='word_1_197' title='bbox 821 2717 1027 2788; x_wconf 89' lang='lat' dir='ltr'><strong>absque</strong></span> <span class='ocrx_word' id='word_1_198' title='bbox 1101 2717 1208 2774; x_wconf 92' lang='lat' dir='ltr'><strong>ullo</strong></span> <span class='ocrx_word' id='word_1_199' title='bbox 1276 2719 1663 2789; x_wconf 90' lang='lat' dir='ltr'><strong>impedimento</strong></span> 
     </span>
    </p>
   </div>
   <div class='ocr_carea' id='block_1_30' title="bbox 75 2811 1664 2883">
    <p class='ocr_par' dir='ltr' id='par_1_30' title="bbox 75 2811 1664 2883">
     <span class='ocr_line' id='line_1_30' title="bbox 75 2811 1664 2883; baseline 0.004 -18"><span class='ocrx_word' id='word_1_200' title='bbox 75 2811 243 2866; x_wconf 68' lang='lat' dir='ltr'><strong>seculi</strong></span> <span class='ocrx_word' id='word_1_201' title='bbox 290 2813 405 2869; x_wconf 90' lang='lat' dir='ltr'><strong>Deo</strong></span> <span class='ocrx_word' id='word_1_202' title='bbox 447 2813 710 2878; x_wconf 85' lang='lat' dir='ltr'><strong>serviant,</strong></span> <span class='ocrx_word' id='word_1_203' title='bbox 759 2820 818 2866; x_wconf 93' lang='lat' dir='ltr'><strong>ut</strong></span> <span class='ocrx_word' id='word_1_204' title='bbox 856 2812 1040 2868; x_wconf 87' lang='lat' dir='ltr'><strong>dicere</strong></span> <span class='ocrx_word' id='word_1_205' title='bbox 1087 2813 1298 2883; x_wconf 84' lang='lat' dir='ltr'><strong>possint</strong></span> <span class='ocrx_word' id='word_1_206' title='bbox 1337 2831 1352 2867; x_wconf 92' lang='lat'><strong>:</strong></span> <span class='ocrx_word' id='word_1_207' title='bbox 1405 2814 1664 2871; x_wconf 89' lang='lat' dir='ltr'><strong>Dominus</strong></span> 
     </span>
    </p>
   </div>
   <div class='ocr_carea' id='block_1_31' title="bbox 79 2903 1665 2974">
    <p class='ocr_par' dir='ltr' id='par_1_31' title="bbox 79 2903 1665 2974">
     <span class='ocr_line' id='line_1_31' title="bbox 79 2903 1665 2974; baseline 0.002 -17"><span class='ocrx_word' id='word_1_208' title='bbox 79 2915 189 2970; x_wconf 82' lang='lat' dir='ltr'><strong>pars</strong></span> <span class='ocrx_word' id='word_1_209' title='bbox 219 2903 563 2960; x_wconf 68' lang='lat' dir='ltr'><strong>hmreditatis</strong></span> <span class='ocrx_word' id='word_1_210' title='bbox 614 2919 775 2968; x_wconf 67' lang='lat' dir='ltr'><strong>meae;</strong></span> <span class='ocrx_word' id='word_1_211' title='bbox 805 2920 840 2958; x_wconf 89' lang='grc' dir='ltr'>υ</span> <span class='ocrx_word' id='word_1_212' title='bbox 883 2918 1049 2974; x_wconf 90' lang='lat' dir='ltr'><strong>quam</strong></span> <span class='ocrx_word' id='word_1_213' title='bbox 1078 2904 1253 2960; x_wconf 90' lang='lat' dir='ltr'><strong>bonus</strong></span> <span class='ocrx_word' id='word_1_214' title='bbox 1279 2913 1331 2960; x_wconf 88' lang='lat' dir='ltr'><strong>et</strong></span> <span class='ocrx_word' id='word_1_215' title='bbox 1364 2905 1546 2961; x_wconf 83' lang='lat' dir='ltr'><strong>suavis</strong></span> <span class='ocrx_word' id='word_1_216' title='bbox 1579 2912 1665 2962; x_wconf 81' lang='lat' dir='ltr'><strong>est</strong></span> 
     </span>
    </p>
   </div>
   <div class='ocr_carea' id='block_1_32' title="bbox 80 2996 1661 3064">
    <p class='ocr_par' dir='ltr' id='par_1_32' title="bbox 80 2996 1661 3064">
     <span class='ocr_line' id='line_1_32' title="bbox 80 2996 1661 3064; baseline 0.005 -16"><span class='ocrx_word' id='word_1_217' title='bbox 80 2996 288 3064; x_wconf 87' lang='lat' dir='ltr'><strong>spiritus</strong></span> <span class='ocrx_word' id='word_1_218' title='bbox 325 3006 469 3060; x_wconf 85' lang='lat' dir='ltr'><strong>tuus,</strong></span> <span class='ocrx_word' id='word_1_219' title='bbox 520 2998 770 3064; x_wconf 89' lang='lat' dir='ltr'><strong>Domine,</strong></span> <span class='ocrx_word' id='word_1_220' title='bbox 818 2998 874 3053; x_wconf 93' lang='lat' dir='ltr'><strong>in</strong></span> <span class='ocrx_word' id='word_1_221' title='bbox 926 2998 1200 3054; x_wconf 91' lang='lat' dir='ltr'><strong>onmihus.</strong></span> <span class='ocrx_word' id='word_1_222' title='bbox 1246 2999 1436 3055; x_wconf 88' lang='lat' dir='ltr'><strong>Parcis</strong></span> <span class='ocrx_word' id='word_1_223' title='bbox 1479 3010 1661 3058; x_wconf 87' lang='lat' dir='ltr'><strong>autem</strong></span> 
     </span>
    </p>
   </div>
   <div class='ocr_carea' id='block_1_33' title="bbox 80 3086 1661 3159">
    <p class='ocr_par' dir='ltr' id='par_1_33' title="bbox 80 3086 1661 3159">
     <span class='ocr_line' id='line_1_33' title="bbox 80 3086 1661 3159; baseline 0.005 -21"><span class='ocrx_word' id='word_1_224' title='bbox 80 3086 320 3142; x_wconf 81' lang='lat' dir='ltr'><strong>omnibus</strong></span> <span class='ocrx_word' id='word_1_225' title='bbox 365 3087 618 3156; x_wconf 84' lang='lat' dir='ltr'><strong>quoniam</strong></span> <span class='ocrx_word' id='word_1_226' title='bbox 673 3096 760 3142; x_wconf 91' lang='lat' dir='ltr'><strong>tua</strong></span> <span class='ocrx_word' id='word_1_227' title='bbox 808 3095 956 3154; x_wconf 90' lang='lat' dir='ltr'><strong>sunt,</strong></span> <span class='ocrx_word' id='word_1_228' title='bbox 989 3087 1257 3155; x_wconf 92' lang='lat' dir='ltr'><strong>Domine,</strong></span> <span class='ocrx_word' id='word_1_229' title='bbox 1311 3089 1402 3159; x_wconf 89' lang='lat' dir='ltr'><strong>qui</strong></span> <span class='ocrx_word' id='word_1_230' title='bbox 1451 3091 1661 3146; x_wconf 89' lang='lat' dir='ltr'><strong>animas</strong></span> 
     </span>
    </p>
   </div>
   <div class='ocr_carea' id='block_1_34' title="bbox 1771 524 3354 597">
    <p class='ocr_par' dir='ltr' id='par_1_34' title="bbox 1771 524 3354 597">
     <span class='ocr_line' id='line_1_34' title="bbox 1771 524 3354 597; baseline 0.013 -20"><span class='ocrx_word' id='word_1_231' title='bbox 1771 524 1949 580; x_wconf 90' lang='lat' dir='ltr'><strong>verbis</strong></span> <span class='ocrx_word' id='word_1_232' title='bbox 1989 537 2207 597; x_wconf 89' lang='lat' dir='ltr'><strong>propter</strong></span> <span class='ocrx_word' id='word_1_233' title='bbox 2245 530 2389 584; x_wconf 93' lang='lat' dir='ltr'><strong>enim</strong></span> <span class='ocrx_word' id='word_1_234' title='bbox 2425 533 2571 587; x_wconf 87' lang='lat' dir='ltr'><strong>venit</strong></span> <span class='ocrx_word' id='word_1_235' title='bbox 2599 535 2677 589; x_wconf 89' lang='lat' dir='ltr'><strong>ira</strong></span> <span class='ocrx_word' id='word_1_236' title='bbox 2727 535 2820 591; x_wconf 90' lang='lat' dir='ltr'><strong>Dei</strong></span> <span class='ocrx_word' id='word_1_237' title='bbox 2854 537 2907 591; x_wconf 91' lang='lat' dir='ltr'><strong>in</strong></span> <span class='ocrx_word' id='word_1_238' title='bbox 2939 536 3078 594; x_wconf 76' lang='lat' dir='ltr'><strong>filios</strong></span> <span class='ocrx_word' id='word_1_239' title='bbox 3105 539 3354 596; x_wconf 87' lang='lat' dir='ltr'><strong>dilliden-</strong></span> 
     </span>
    </p>
   </div>
   <div class='ocr_carea' id='block_1_35' title="bbox 1772 614 3353 696">
    <p class='ocr_par' dir='ltr' id='par_1_35' title="bbox 1772 614 3353 696">
     <span class='ocr_line' id='line_1_35' title="bbox 1772 614 3353 696; baseline 0.011 -29"><span class='ocrx_word' id='word_1_240' title='bbox 1772 614 1880 681; x_wconf 64' lang='lat' dir='ltr'><strong>tiae,</strong></span> <span class='ocrx_word' id='word_1_241' title='bbox 1907 615 2072 672; x_wconf 89' lang='lat' dir='ltr'><strong>nolite</strong></span> <span class='ocrx_word' id='word_1_242' title='bbox 2097 633 2226 689; x_wconf 87' lang='lat' dir='ltr'><strong>ergo</strong></span> <span class='ocrx_word' id='word_1_243' title='bbox 2249 619 2383 675; x_wconf 77' lang='lat' dir='ltr'><strong>effici</strong></span> <span class='ocrx_word' id='word_1_244' title='bbox 2418 624 2710 696; x_wconf 86' lang='lat' dir='ltr'><strong>participes</strong></span> <span class='ocrx_word' id='word_1_245' title='bbox 2745 640 2956 682; x_wconf 90' lang='lat' dir='ltr'><strong>eorum.</strong></span> <span class='ocrx_word' id='word_1_246' title='bbox 2988 628 3167 684; x_wconf 86' lang='lat' dir='ltr'><strong>Eratis</strong></span> <span class='ocrx_word' id='word_1_247' title='bbox 3208 631 3353 686; x_wconf 90' lang='lat' dir='ltr'><strong>enim</strong></span> 
     </span>
    </p>
   </div>
   <div class='ocr_carea' id='block_1_36' title="bbox 1769 701 3361 784">
    <p class='ocr_par' dir='ltr' id='par_1_36' title="bbox 1769 701 3361 784">
     <span class='ocr_line' id='line_1_36' title="bbox 1769 701 3361 784; baseline 0.013 -28"><span class='ocrx_word' id='word_1_248' title='bbox 1769 701 2058 772; x_wconf 88' lang='lat' dir='ltr'><strong>aliquando</strong></span> <span class='ocrx_word' id='word_1_249' title='bbox 2091 707 2344 774; x_wconf 75' lang='lat' dir='ltr'><strong>tenebne,</strong></span> <span class='ocrx_word' id='word_1_250' title='bbox 2385 726 2528 766; x_wconf 87' lang='lat' dir='ltr'><strong>nunc</strong></span> <span class='ocrx_word' id='word_1_251' title='bbox 2571 724 2752 768; x_wconf 89' lang='lat' dir='ltr'><strong>autem</strong></span> <span class='ocrx_word' id='word_1_252' title='bbox 2795 715 2884 770; x_wconf 76' lang='lat' dir='ltr'><strong>lux</strong></span> <span class='ocrx_word' id='word_1_253' title='bbox 2917 717 2969 770; x_wconf 90' lang='lat' dir='ltr'><strong>in</strong></span> <span class='ocrx_word' id='word_1_254' title='bbox 3021 719 3266 784; x_wconf 90' lang='lat' dir='ltr'><strong>Domino,</strong></span> <span class='ocrx_word' id='word_1_255' title='bbox 3297 729 3361 776; x_wconf 82' lang='lat' dir='ltr'><strong>ut</strong></span> 
     </span>
    </p>
   </div>
   <div class='ocr_carea' id='block_1_37' title="bbox 1770 792 3354 866">
    <p class='ocr_par' dir='ltr' id='par_1_37' title="bbox 1770 792 3354 866">
     <span class='ocr_line' id='line_1_37' title="bbox 1770 792 3354 866; baseline 0.013 -20"><span class='ocrx_word' id='word_1_256' title='bbox 1770 792 1864 848; x_wconf 86' lang='lat' dir='ltr'><strong>filii</strong></span> <span class='ocrx_word' id='word_1_257' title='bbox 1894 793 2028 850; x_wconf 91' lang='lat' dir='ltr'><strong>lueis</strong></span> <span class='ocrx_word' id='word_1_258' title='bbox 2061 797 2352 853; x_wconf 84' lang='lat' dir='ltr'><strong>ambulate.</strong></span> <span class='ocrx_word' id='word_1_259' title='bbox 2397 798 2629 858; x_wconf 84' lang='lat' dir='ltr'><strong>Fructus</strong></span> <span class='ocrx_word' id='word_1_260' title='bbox 2656 805 2801 858; x_wconf 88' lang='lat' dir='ltr'><strong>enim</strong></span> <span class='ocrx_word' id='word_1_261' title='bbox 2833 806 2970 862; x_wconf 89' lang='lat' dir='ltr'><strong>lucis</strong></span> <span class='ocrx_word' id='word_1_262' title='bbox 2996 819 3079 862; x_wconf 91' lang='lat' dir='ltr'><strong>est</strong></span> <span class='ocrx_word' id='word_1_263' title='bbox 3119 810 3174 864; x_wconf 89' lang='lat' dir='ltr'><strong>in</strong></span> <span class='ocrx_word' id='word_1_264' title='bbox 3206 810 3354 866; x_wconf 90' lang='lat' dir='ltr'><strong>omni</strong></span> 
     </span>
    </p>
   </div>
   <div class='ocr_carea' id='block_1_38' title="bbox 1767 883 3360 972">
    <p class='ocr_par' dir='ltr' id='par_1_38' title="bbox 1767 883 3360 972">
     <span class='ocr_line' id='line_1_38' title="bbox 1767 883 3360 972; baseline 0.012 -33"><span class='ocrx_word' id='word_1_265' title='bbox 1767 883 2027 950; x_wconf 88' lang='lat' dir='ltr'><strong>bonitate,</strong></span> <span class='ocrx_word' id='word_1_266' title='bbox 2077 896 2131 942; x_wconf 92' lang='lat' dir='ltr'><strong>et</strong></span> <span class='ocrx_word' id='word_1_267' title='bbox 2161 888 2370 958; x_wconf 90' lang='lat' dir='ltr'><strong>justitia</strong></span> <span class='ocrx_word' id='word_1_268' title='bbox 2409 900 2465 947; x_wconf 89' lang='lat' dir='ltr'><strong>et</strong></span> <span class='ocrx_word' id='word_1_269' title='bbox 2500 893 2749 961; x_wconf 76' lang='lat' dir='ltr'><strong>veritate,</strong></span> <span class='ocrx_word' id='word_1_270' title='bbox 2793 898 3088 966; x_wconf 89' lang='lat' dir='ltr'><strong>probantes</strong></span> <span class='ocrx_word' id='word_1_271' title='bbox 3123 902 3251 972; x_wconf 89' lang='lat' dir='ltr'><strong>quid</strong></span> <span class='ocrx_word' id='word_1_272' title='bbox 3282 904 3360 959; x_wconf 83' lang='lat' dir='ltr'><strong>sit</strong></span> 
     </span>
    </p>
   </div>
   <div class='ocr_carea' id='block_1_39' title="bbox 1766 975 3364 1062">
    <p class='ocr_par' dir='ltr' id='par_1_39' title="bbox 1766 975 3364 1062">
     <span class='ocr_line' id='line_1_39' title="bbox 1766 975 3364 1062; baseline 0.013 -32"><span class='ocrx_word' id='word_1_273' title='bbox 1766 975 2162 1046; x_wconf 91' lang='lat' dir='ltr'><strong>beneplacitum</strong></span> <span class='ocrx_word' id='word_1_274' title='bbox 2193 979 2324 1036; x_wconf 88' lang='lat' dir='ltr'><strong>Deo.</strong></span> <span class='ocrx_word' id='word_1_275' title='bbox 2369 980 2436 1036; x_wconf 84' lang='lat' dir='ltr'><strong>Et</strong></span> <span class='ocrx_word' id='word_1_276' title='bbox 2479 983 2646 1040; x_wconf 90' lang='lat' dir='ltr'><strong>nolite</strong></span> <span class='ocrx_word' id='word_1_277' title='bbox 2671 989 3076 1046; x_wconf 87' lang='lat' dir='ltr'><strong>communicare</strong></span> <span class='ocrx_word' id='word_1_278' title='bbox 3099 994 3364 1062; x_wconf 77' lang='lat' dir='ltr'><strong>operibus</strong></span> 
     </span>
    </p>
   </div>
   <div class='ocr_carea' id='block_1_40' title="bbox 1767 1064 3352 1154">
    <p class='ocr_par' dir='ltr' id='par_1_40' title="bbox 1767 1064 3352 1154">
     <span class='ocr_line' id='line_1_40' title="bbox 1767 1064 3352 1154; baseline 0.013 -36"><span class='ocrx_word' id='word_1_279' title='bbox 1767 1064 2117 1123; x_wconf 90' lang='lat' dir='ltr'><strong>infructuosis</strong></span> <span class='ocrx_word' id='word_1_280' title='bbox 2159 1070 2546 1138; x_wconf 89' lang='lat' dir='ltr'><strong>tenebrarum,</strong></span> <span class='ocrx_word' id='word_1_281' title='bbox 2590 1076 2763 1144; x_wconf 86' lang='lat' dir='ltr'><strong>magis</strong></span> <span class='ocrx_word' id='word_1_282' title='bbox 2797 1088 2976 1134; x_wconf 90' lang='lat' dir='ltr'><strong>autem</strong></span> <span class='ocrx_word' id='word_1_283' title='bbox 3025 1081 3352 1154; x_wconf 87' lang='lat' dir='ltr'><strong>redarguite.</strong></span> 
     </span>
    </p>
   </div>
   <div class='ocr_carea' id='block_1_41' title="bbox 1766 1156 3354 1240">
    <p class='ocr_par' dir='ltr' id='par_1_41' title="bbox 1766 1156 3354 1240">
     <span class='ocr_line' id='line_1_41' title="bbox 1766 1156 3354 1240; baseline 0.011 -30"><span class='ocrx_word' id='word_1_284' title='bbox 1766 1156 1896 1224; x_wconf 77' lang='lat' dir='ltr'><strong>Qua:</strong></span> <span class='ocrx_word' id='word_1_285' title='bbox 1921 1160 2065 1214; x_wconf 90' lang='lat' dir='ltr'><strong>enim</strong></span> <span class='ocrx_word' id='word_1_286' title='bbox 2095 1159 2147 1214; x_wconf 91' lang='lat' dir='ltr'><strong>in</strong></span> <span class='ocrx_word' id='word_1_287' title='bbox 2177 1162 2390 1218; x_wconf 83' lang='lat' dir='ltr'><strong>occulto</strong></span> <span class='ocrx_word' id='word_1_288' title='bbox 2424 1163 2558 1220; x_wconf 86' lang='lat' dir='ltr'><strong>ﬁunt</strong></span> <span class='ocrx_word' id='word_1_289' title='bbox 2585 1166 2655 1222; x_wconf 89' lang='lat' dir='ltr'><strong>ab</strong></span> <span class='ocrx_word' id='word_1_290' title='bbox 2683 1167 2814 1238; x_wconf 90' lang='lat' dir='ltr'><strong>ipsis</strong></span> <span class='ocrx_word' id='word_1_291' title='bbox 2850 1178 3004 1240; x_wconf 90' lang='lat' dir='ltr'><strong>turpe</strong></span> <span class='ocrx_word' id='word_1_292' title='bbox 3033 1182 3118 1228; x_wconf 88' lang='lat' dir='ltr'><strong>est</strong></span> <span class='ocrx_word' id='word_1_293' title='bbox 3147 1175 3354 1229; x_wconf 89' lang='lat' dir='ltr'><strong>dicere.</strong></span> 
     </span>
    </p>
   </div>
   <div class='ocr_carea' id='block_1_42' title="bbox 1765 1247 3359 1326">
    <p class='ocr_par' dir='ltr' id='par_1_42' title="bbox 1765 1247 3359 1326">
     <span class='ocr_line' id='line_1_42' title="bbox 1765 1247 3359 1326; baseline 0.011 -23"><span class='ocrx_word' id='word_1_294' title='bbox 1765 1247 1960 1305; x_wconf 89' lang='lat' dir='ltr'><strong>Omnia</strong></span> <span class='ocrx_word' id='word_1_295' title='bbox 1994 1260 2174 1306; x_wconf 89' lang='lat' dir='ltr'><strong>autem</strong></span> <span class='ocrx_word' id='word_1_296' title='bbox 2200 1269 2320 1324; x_wconf 66' lang='lat' dir='ltr'><strong>qua:</strong></span> <span class='ocrx_word' id='word_1_297' title='bbox 2359 1265 2659 1326; x_wconf 88' lang='lat' dir='ltr'><strong>arguuntur</strong></span> <span class='ocrx_word' id='word_1_298' title='bbox 2689 1273 2720 1313; x_wconf 89' lang='lat' dir='ltr'><strong>a</strong></span> <span class='ocrx_word' id='word_1_299' title='bbox 2766 1257 2970 1317; x_wconf 90' lang='lat' dir='ltr'><strong>lumine</strong></span> <span class='ocrx_word' id='word_1_300' title='bbox 3009 1264 3359 1320; x_wconf 87' lang='lat' dir='ltr'><strong>manifestan-</strong></span> 
     </span>
    </p>
   </div>
   <div class='ocr_carea' id='block_1_43' title="bbox 1766 1346 3355 1423">
    <p class='ocr_par' dir='ltr' id='par_1_43' title="bbox 1766 1346 3355 1423">
     <span class='ocr_line' id='line_1_43' title="bbox 1766 1346 3355 1423; baseline 0.011 -28"><span class='ocrx_word' id='word_1_301' title='bbox 1766 1349 1882 1406; x_wconf 90' lang='lat' dir='ltr'><strong>tur;</strong></span> <span class='ocrx_word' id='word_1_302' title='bbox 1937 1357 2101 1400; x_wconf 89' lang='lat' dir='ltr'><strong>omne</strong></span> <span class='ocrx_word' id='word_1_303' title='bbox 2153 1346 2298 1400; x_wconf 89' lang='lat' dir='ltr'><strong>enim</strong></span> <span class='ocrx_word' id='word_1_304' title='bbox 2358 1349 2504 1418; x_wconf 89' lang='lat' dir='ltr'><strong>quod</strong></span> <span class='ocrx_word' id='word_1_305' title='bbox 2559 1348 2942 1407; x_wconf 82' lang='lat' dir='ltr'><strong>manifestatur</strong></span> <span class='ocrx_word' id='word_1_306' title='bbox 2995 1353 3178 1410; x_wconf 91' lang='lat' dir='ltr'><strong>lumen</strong></span> <span class='ocrx_word' id='word_1_307' title='bbox 3231 1366 3355 1423; x_wconf 88' lang='lat' dir='ltr'><strong>cst;</strong></span> 
     </span>
    </p>
   </div>
   <div class='ocr_carea' id='block_1_44' title="bbox 1764 1435 3364 1517">
    <p class='ocr_par' dir='ltr' id='par_1_44' title="bbox 1764 1435 3364 1517">
     <span class='ocr_line' id='line_1_44' title="bbox 1764 1435 3364 1517; baseline 0.011 -32"><span class='ocrx_word' id='word_1_308' title='bbox 1764 1439 1984 1504; x_wconf 85' lang='lat' dir='ltr'><strong>propter</strong></span> <span class='ocrx_word' id='word_1_309' title='bbox 2031 1436 2173 1504; x_wconf 91' lang='lat' dir='ltr'><strong>quod</strong></span> <span class='ocrx_word' id='word_1_310' title='bbox 2221 1435 2392 1493; x_wconf 87' lang='lat' dir='ltr'><strong>dicit:</strong></span> <span class='ocrx_word' id='word_1_311' title='bbox 2426 1437 2599 1511; x_wconf 80' lang='lat' dir='ltr'><strong>Surge</strong></span> <span class='ocrx_word' id='word_1_312' title='bbox 2641 1441 2734 1510; x_wconf 89' lang='lat' dir='ltr'><strong>qui</strong></span> <span class='ocrx_word' id='word_1_313' title='bbox 2764 1443 2990 1505; x_wconf 90' lang='lat' dir='ltr'><strong>dormis.</strong></span> <span class='ocrx_word' id='word_1_314' title='bbox 3035 1453 3090 1500; x_wconf 90' lang='lat' dir='ltr'><strong>et</strong></span> <span class='ocrx_word' id='word_1_315' title='bbox 3129 1459 3364 1517; x_wconf 80' lang='lat' dir='ltr'><strong>exsurge</strong></span> 
     </span>
    </p>
   </div>
   <div class='ocr_carea' id='block_1_45' title="bbox 1764 1525 3362 1606">
    <p class='ocr_par' dir='ltr' id='par_1_45' title="bbox 1764 1525 3362 1606">
     <span class='ocr_line' id='line_1_45' title="bbox 1764 1525 3362 1606; baseline 0.007 -28"><span class='ocrx_word' id='word_1_316' title='bbox 1764 1539 1795 1578; x_wconf 91' lang='lat' dir='ltr'><strong>a</strong></span> <span class='ocrx_word' id='word_1_317' title='bbox 1826 1525 2076 1592; x_wconf 90' lang='lat' dir='ltr'><strong>mortuis,</strong></span> <span class='ocrx_word' id='word_1_318' title='bbox 2111 1535 2168 1582; x_wconf 90' lang='lat' dir='ltr'><strong>et</strong></span> <span class='ocrx_word' id='word_1_319' title='bbox 2205 1526 2532 1583; x_wconf 89' lang='lat' dir='ltr'><strong>illuminabit</strong></span> <span class='ocrx_word' id='word_1_320' title='bbox 2563 1538 2613 1585; x_wconf 90' lang='lat' dir='ltr'><strong>te</strong></span> <span class='ocrx_word' id='word_1_321' title='bbox 2641 1529 2909 1588; x_wconf 73' lang='lat' dir='ltr'><strong>Christus.</strong></span> <span class='ocrx_word' id='word_1_322' title='bbox 2940 1531 3130 1591; x_wconf 83' lang='lat' dir='ltr'><strong>Videte</strong></span> <span class='ocrx_word' id='word_1_323' title='bbox 3151 1535 3362 1606; x_wconf 86' lang='lat' dir='ltr'><strong>itaque,</strong></span> 
     </span>
    </p>
   </div>
   <div class='ocr_carea' id='block_1_46' title="bbox 1767 1613 3363 1694">
    <p class='ocr_par' dir='ltr' id='par_1_46' title="bbox 1767 1613 3363 1694">
     <span class='ocr_line' id='line_1_46' title="bbox 1767 1613 3363 1694; baseline 0.009 -26"><span class='ocrx_word' id='word_1_324' title='bbox 1767 1613 1982 1681; x_wconf 80' lang='lat' dir='ltr'><strong>fratres,</strong></span> <span class='ocrx_word' id='word_1_325' title='bbox 2013 1617 2285 1687; x_wconf 92' lang='lat' dir='ltr'><strong>quomodo</strong></span> <span class='ocrx_word' id='word_1_326' title='bbox 2331 1629 2491 1674; x_wconf 89' lang='lat' dir='ltr'><strong>caute</strong></span> <span class='ocrx_word' id='word_1_327' title='bbox 2518 1619 2826 1688; x_wconf 88' lang='lat' dir='ltr'><strong>ambuletis,</strong></span> <span class='ocrx_word' id='word_1_328' title='bbox 2870 1639 2978 1678; x_wconf 93' lang='lat' dir='ltr'><strong>non</strong></span> <span class='ocrx_word' id='word_1_329' title='bbox 3025 1626 3182 1694; x_wconf 89' lang='lat' dir='ltr'><strong>quasi</strong></span> <span class='ocrx_word' id='word_1_330' title='bbox 3231 1627 3363 1683; x_wconf 87' lang='lat' dir='ltr'><strong>insi-</strong></span> 
     </span>
    </p>
   </div>
   <div class='ocr_carea' id='block_1_47' title="bbox 1767 1705 3361 1788">
    <p class='ocr_par' dir='ltr' id='par_1_47' title="bbox 1767 1705 3361 1788">
     <span class='ocr_line' id='line_1_47' title="bbox 1767 1705 3361 1788; baseline 0.01 -30"><span class='ocrx_word' id='word_1_331' title='bbox 1767 1705 1996 1775; x_wconf 87' lang='lat' dir='ltr'><strong>pientes,</strong></span> <span class='ocrx_word' id='word_1_332' title='bbox 2032 1706 2241 1763; x_wconf 89' lang='lat' dir='ltr'><strong>scilicet</strong></span> <span class='ocrx_word' id='word_1_333' title='bbox 2291 1718 2350 1763; x_wconf 93' lang='lat' dir='ltr'><strong>ut</strong></span> <span class='ocrx_word' id='word_1_334' title='bbox 2402 1711 2693 1780; x_wconf 87' lang='lat' dir='ltr'><strong>sapientes,</strong></span> <span class='ocrx_word' id='word_1_335' title='bbox 2746 1714 3075 1772; x_wconf 65' lang='lat' dir='ltr'><strong>rezlimentes</strong></span> <span class='ocrx_word' id='word_1_336' title='bbox 3124 1727 3361 1788; x_wconf 89' lang='lat' dir='ltr'><strong>tempus,</strong></span> 
     </span>
    </p>
   </div>
   <div class='ocr_carea' id='block_1_48' title="bbox 1697 1788 3364 1874">
    <p class='ocr_par' dir='ltr' id='par_1_48' title="bbox 1697 1788 3364 1874">
     <span class='ocr_line' id='line_1_48' title="bbox 1697 1788 3364 1874; baseline 0.01 -26"><span class='ocrx_word' id='word_1_337' title='bbox 1697 1788 1741 1847; x_wconf 80' lang='grc' dir='ltr'><strong>Β</strong></span> <span class='ocrx_word' id='word_1_338' title='bbox 1769 1796 2024 1866; x_wconf 88' lang='lat' dir='ltr'><strong>quoniam</strong></span> <span class='ocrx_word' id='word_1_339' title='bbox 2052 1798 2169 1855; x_wconf 87' lang='lat' dir='ltr'><strong>dies</strong></span> <span class='ocrx_word' id='word_1_340' title='bbox 2211 1799 2339 1854; x_wconf 89' lang='lat' dir='ltr'><strong>mali</strong></span> <span class='ocrx_word' id='word_1_341' title='bbox 2381 1811 2528 1856; x_wconf 90' lang='lat' dir='ltr'><strong>sunt.</strong></span> <span class='ocrx_word' id='word_1_342' title='bbox 2575 1802 2866 1874; x_wconf 88' lang='lat' dir='ltr'><strong>Propterea</strong></span> <span class='ocrx_word' id='word_1_343' title='bbox 2918 1805 3087 1863; x_wconf 89' lang='lat' dir='ltr'><strong>nolite</strong></span> <span class='ocrx_word' id='word_1_344' title='bbox 3116 1807 3232 1864; x_wconf 81' lang='lat' dir='ltr'><strong>fieri</strong></span> <span class='ocrx_word' id='word_1_345' title='bbox 3262 1811 3364 1864; x_wconf 93' lang='lat' dir='ltr'><strong>im-</strong></span> 
     </span>
    </p>
   </div>
   <div class='ocr_carea' id='block_1_49' title="bbox 1765 1886 3362 1966">
    <p class='ocr_par' dir='ltr' id='par_1_49' title="bbox 1765 1886 3362 1966">
     <span class='ocr_line' id='line_1_49' title="bbox 1765 1886 3362 1966; baseline 0.008 -26"><span class='ocrx_word' id='word_1_346' title='bbox 1765 1886 2076 1956; x_wconf 89' lang='lat' dir='ltr'><strong>prudentes,</strong></span> <span class='ocrx_word' id='word_1_347' title='bbox 2131 1887 2227 1944; x_wconf 87' lang='lat' dir='ltr'><strong>sed</strong></span> <span class='ocrx_word' id='word_1_348' title='bbox 2276 1888 2633 1960; x_wconf 89' lang='lat' dir='ltr'><strong>intelligentes</strong></span> <span class='ocrx_word' id='word_1_349' title='bbox 2680 1906 2800 1963; x_wconf 65' lang='lat' dir='ltr'><strong>quae</strong></span> <span class='ocrx_word' id='word_1_350' title='bbox 2847 1893 2918 1949; x_wconf 85' lang='lat' dir='ltr'><strong>sit</strong></span> <span class='ocrx_word' id='word_1_351' title='bbox 2966 1895 3214 1952; x_wconf 84' lang='lat' dir='ltr'><strong>voluntas</strong></span> <span class='ocrx_word' id='word_1_352' title='bbox 3242 1897 3362 1966; x_wconf 88' lang='lat' dir='ltr'><strong>Dei,</strong></span> 
     </span>
    </p>
   </div>
   <div class='ocr_carea' id='block_1_50' title="bbox 1765 1975 3365 2053">
    <p class='ocr_par' dir='ltr' id='par_1_50' title="bbox 1765 1975 3365 2053">
     <span class='ocr_line' id='line_1_50' title="bbox 1765 1975 3365 2053; baseline 0.008 -23"><span class='ocrx_word' id='word_1_353' title='bbox 1765 1986 1820 2031; x_wconf 93' lang='lat' dir='ltr'><strong>et</strong></span> <span class='ocrx_word' id='word_1_354' title='bbox 1865 1975 2032 2032; x_wconf 92' lang='lat' dir='ltr'><strong>nolite</strong></span> <span class='ocrx_word' id='word_1_355' title='bbox 2058 1975 2318 2033; x_wconf 89' lang='lat' dir='ltr'><strong>inebriari</strong></span> <span class='ocrx_word' id='word_1_356' title='bbox 2351 1978 2502 2045; x_wconf 90' lang='lat' dir='ltr'><strong>vino,</strong></span> <span class='ocrx_word' id='word_1_357' title='bbox 2533 1980 2587 2035; x_wconf 92' lang='lat' dir='ltr'><strong>in</strong></span> <span class='ocrx_word' id='word_1_358' title='bbox 2623 1996 2730 2050; x_wconf 90' lang='lat' dir='ltr'><strong>quo</strong></span> <span class='ocrx_word' id='word_1_359' title='bbox 2756 1993 2840 2038; x_wconf 89' lang='lat' dir='ltr'><strong>est</strong></span> <span class='ocrx_word' id='word_1_360' title='bbox 2868 1983 3102 2053; x_wconf 83' lang='lat' dir='ltr'><strong>luxuria,</strong></span> <span class='ocrx_word' id='word_1_361' title='bbox 3131 1987 3227 2042; x_wconf 90' lang='lat' dir='ltr'><strong>sed</strong></span> <span class='ocrx_word' id='word_1_362' title='bbox 3262 1988 3365 2042; x_wconf 85' lang='lat' dir='ltr'><strong>im-</strong></span> 
     </span>
    </p>
   </div>
   <div class='ocr_carea' id='block_1_51' title="bbox 1767 2069 3365 2150">
    <p class='ocr_par' dir='ltr' id='par_1_51' title="bbox 1767 2069 3365 2150">
     <span class='ocr_line' id='line_1_51' title="bbox 1767 2069 3365 2150; baseline 0.008 -26"><span class='ocrx_word' id='word_1_363' title='bbox 1767 2070 1992 2140; x_wconf 89' lang='lat' dir='ltr'><strong>plemini</strong></span> <span class='ocrx_word' id='word_1_364' title='bbox 2035 2069 2244 2142; x_wconf 92' lang='lat' dir='ltr'><strong>Spiritu</strong></span> <span class='ocrx_word' id='word_1_365' title='bbox 2271 2082 2484 2141; x_wconf 87' lang='lat' dir='ltr'><strong>sancto,</strong></span> <span class='ocrx_word' id='word_1_366' title='bbox 2539 2074 2827 2145; x_wconf 90' lang='lat' dir='ltr'><strong>loquentes</strong></span> <span class='ocrx_word' id='word_1_367' title='bbox 2875 2079 3276 2150; x_wconf 85' lang='lat' dir='ltr'><strong>vobismetipsis</strong></span> <span class='ocrx_word' id='word_1_368' title='bbox 3307 2082 3365 2138; x_wconf 84' lang='lat' dir='ltr'><strong>in</strong></span> 
     </span>
    </p>
   </div>
   <div class='ocr_carea' id='block_1_52' title="bbox 1764 2162 3365 2239">
    <p class='ocr_par' dir='ltr' id='par_1_52' title="bbox 1764 2162 3365 2239">
     <span class='ocr_line' id='line_1_52' title="bbox 1764 2162 3365 2239; baseline 0.009 -21"><span class='ocrx_word' id='word_1_369' title='bbox 1764 2162 2008 2233; x_wconf 91' lang='lat' dir='ltr'><strong>psalmis,</strong></span> <span class='ocrx_word' id='word_1_370' title='bbox 2041 2163 2260 2236; x_wconf 84' lang='lat' dir='ltr'><strong>hymnis</strong></span> <span class='ocrx_word' id='word_1_371' title='bbox 2313 2175 2368 2220; x_wconf 88' lang='lat' dir='ltr'><strong>et</strong></span> <span class='ocrx_word' id='word_1_372' title='bbox 2401 2168 2629 2224; x_wconf 90' lang='lat' dir='ltr'><strong>canticis</strong></span> <span class='ocrx_word' id='word_1_373' title='bbox 2657 2169 3053 2239; x_wconf 87' lang='lat' dir='ltr'><strong>spiritualibus,</strong></span> <span class='ocrx_word' id='word_1_374' title='bbox 3080 2183 3365 2232; x_wconf 82' lang='lat' dir='ltr'><strong>cantantes</strong></span> 
     </span>
    </p>
   </div>
   <div class='ocr_carea' id='block_1_53' title="bbox 1764 2253 3368 2331">
    <p class='ocr_par' dir='ltr' id='par_1_53' title="bbox 1764 2253 3368 2331">
     <span class='ocr_line' id='line_1_53' title="bbox 1764 2253 3368 2331; baseline 0.009 -23"><span class='ocrx_word' id='word_1_375' title='bbox 1764 2261 1820 2308; x_wconf 91' lang='lat' dir='ltr'><strong>et</strong></span> <span class='ocrx_word' id='word_1_376' title='bbox 1850 2253 2139 2322; x_wconf 84' lang='lat' dir='ltr'><strong>psallentes</strong></span> <span class='ocrx_word' id='word_1_377' title='bbox 2168 2255 2220 2310; x_wconf 90' lang='lat' dir='ltr'><strong>in</strong></span> <span class='ocrx_word' id='word_1_378' title='bbox 2263 2257 2523 2313; x_wconf 87' lang='lat' dir='ltr'><strong>cordibus</strong></span> <span class='ocrx_word' id='word_1_379' title='bbox 2564 2261 2791 2326; x_wconf 84' lang='lat' dir='ltr'><strong>vestris,</strong></span> <span class='ocrx_word' id='word_1_380' title='bbox 2841 2261 3102 2331; x_wconf 89' lang='lat' dir='ltr'><strong>Domino;</strong></span> <span class='ocrx_word' id='word_1_381' title='bbox 3137 2265 3368 2322; x_wconf 91' lang='lat' dir='ltr'><strong>Domino</strong></span> 
     </span>
    </p>
   </div>
   <div class='ocr_carea' id='block_1_54' title="bbox 1765 2343 3365 2418">
    <p class='ocr_par' dir='ltr' id='par_1_54' title="bbox 1765 2343 3365 2418">
     <span class='ocr_line' id='line_1_54' title="bbox 1765 2343 3365 2418; baseline 0.011 -23"><span class='ocrx_word' id='word_1_382' title='bbox 1765 2343 1967 2413; x_wconf 80' lang='lat' dir='ltr'><strong>gratias</strong></span> <span class='ocrx_word' id='word_1_383' title='bbox 2023 2354 2246 2414; x_wconf 83' lang='lat' dir='ltr'><strong>agentes</strong></span> <span class='ocrx_word' id='word_1_384' title='bbox 2297 2362 2512 2415; x_wconf 87' lang='lat' dir='ltr'><strong>semper</strong></span> <span class='ocrx_word' id='word_1_385' title='bbox 2544 2364 2644 2418; x_wconf 91' lang='lat' dir='ltr'><strong>pro</strong></span> <span class='ocrx_word' id='word_1_386' title='bbox 2697 2351 2950 2408; x_wconf 88' lang='lat' dir='ltr'><strong>onmibus</strong></span> <span class='ocrx_word' id='word_1_387' title='bbox 2982 2393 2998 2418; x_wconf 93' lang='lat'><strong>,</strong></span> <span class='ocrx_word' id='word_1_388' title='bbox 3050 2354 3106 2409; x_wconf 92' lang='lat' dir='ltr'><strong>in</strong></span> <span class='ocrx_word' id='word_1_389' title='bbox 3145 2357 3365 2413; x_wconf 89' lang='lat' dir='ltr'><strong>nomine</strong></span> 
     </span>
    </p>
   </div>
   <div class='ocr_carea' id='block_1_55' title="bbox 1764 2435 3362 2515">
    <p class='ocr_par' dir='ltr' id='par_1_55' title="bbox 1764 2435 3362 2515">
     <span class='ocr_line' id='line_1_55' title="bbox 1764 2435 3362 2515; baseline 0.008 -25"><span class='ocrx_word' id='word_1_390' title='bbox 1764 2435 1979 2492; x_wconf 90' lang='lat' dir='ltr'><strong>Domini</strong></span> <span class='ocrx_word' id='word_1_391' title='bbox 2032 2441 2202 2494; x_wconf 88' lang='lat' dir='ltr'><strong>nostri</strong></span> <span class='ocrx_word' id='word_1_392' title='bbox 2243 2438 2368 2495; x_wconf 84' lang='lat' dir='ltr'><strong>Jesu</strong></span> <span class='ocrx_word' id='word_1_393' title='bbox 2399 2440 2601 2497; x_wconf 89' lang='lat' dir='ltr'><strong>Christi</strong></span> <span class='ocrx_word' id='word_1_394' title='bbox 2629 2442 2740 2499; x_wconf 90' lang='lat' dir='ltr'><strong>Deo</strong></span> <span class='ocrx_word' id='word_1_395' title='bbox 2763 2452 2818 2498; x_wconf 91' lang='lat' dir='ltr'><strong>et</strong></span> <span class='ocrx_word' id='word_1_396' title='bbox 2843 2444 2990 2499; x_wconf 87' lang='lat' dir='ltr'><strong>Patri</strong></span> <span class='ocrx_word' id='word_1_397' title='bbox 3025 2445 3252 2515; x_wconf 89' lang='lat' dir='ltr'><strong>subjecti</strong></span> <span class='ocrx_word' id='word_1_398' title='bbox 3277 2448 3362 2503; x_wconf 84' lang='lat' dir='ltr'><strong>iu-</strong></span> 
     </span>
    </p>
   </div>
   <div class='ocr_carea' id='block_1_56' title="bbox 1767 2529 3359 2610">
    <p class='ocr_par' dir='ltr' id='par_1_56' title="bbox 1767 2529 3359 2610">
     <span class='ocr_line' id='line_1_56' title="bbox 1767 2529 3359 2610; baseline 0.008 -29"><span class='ocrx_word' id='word_1_399' title='bbox 1767 2529 1937 2584; x_wconf 89' lang='lat' dir='ltr'><strong>vicem</strong></span> <span class='ocrx_word' id='word_1_400' title='bbox 1971 2529 2023 2584; x_wconf 91' lang='lat' dir='ltr'><strong>in</strong></span> <span class='ocrx_word' id='word_1_401' title='bbox 2056 2531 2251 2586; x_wconf 89' lang='lat' dir='ltr'><strong>timore</strong></span> <span class='ocrx_word' id='word_1_402' title='bbox 2284 2530 2487 2587; x_wconf 81' lang='lat' dir='ltr'><strong>Christi</strong></span> <span class='ocrx_word' id='word_1_403' title='bbox 2513 2531 2730 2604; x_wconf 75' lang='lat' dir='ltr'><strong>(Ep/ws.</strong></span> <span class='ocrx_word' id='word_1_404' title='bbox 2763 2551 2839 2600; x_wconf 86' lang='lat' dir='ltr'><strong>tv,</strong></span> <span class='ocrx_word' id='word_1_405' title='bbox 2866 2535 3042 2592; x_wconf 72' lang='lat'><strong>29-32</strong></span> <span class='ocrx_word' id='word_1_406' title='bbox 3067 2552 3118 2602; x_wconf 88' lang='lat' dir='ltr'><strong>v,</strong></span> <span class='ocrx_word' id='word_1_407' title='bbox 3147 2537 3310 2610; x_wconf 59' lang='lat' dir='ltr'><strong>l-ﬁl).</strong></span> <span class='ocrx_word' id='word_1_408' title='bbox 3337 2559 3359 2593; x_wconf 71' lang='grc' dir='ltr'>ι</span> 
     </span>
    </p>
   </div>
   <div class='ocr_carea' id='block_1_57' title="bbox 1837 2619 3364 2701">
    <p class='ocr_par' dir='ltr' id='par_1_57' title="bbox 1837 2619 3364 2701">
     <span class='ocr_line' id='line_1_57' title="bbox 1837 2619 3364 2701; baseline 0.009 -26"><span class='ocrx_word' id='word_1_409' title='bbox 1837 2619 1989 2677; x_wconf 87' lang='lat' dir='ltr'><strong>State</strong></span> <span class='ocrx_word' id='word_1_410' title='bbox 2030 2622 2212 2693; x_wconf 90' lang='lat' dir='ltr'><strong>itaque</strong></span> <span class='ocrx_word' id='word_1_411' title='bbox 2240 2621 2462 2691; x_wconf 89' lang='lat' dir='ltr'><strong>fratres,</strong></span> <span class='ocrx_word' id='word_1_412' title='bbox 2492 2633 2548 2681; x_wconf 89' lang='lat' dir='ltr'><strong>et</strong></span> <span class='ocrx_word' id='word_1_413' title='bbox 2573 2635 2752 2683; x_wconf 88' lang='lat' dir='ltr'><strong>tenete</strong></span> <span class='ocrx_word' id='word_1_414' title='bbox 2783 2629 3105 2686; x_wconf 86' lang='lat' dir='ltr'><strong>traditiones</strong></span> <span class='ocrx_word' id='word_1_415' title='bbox 3148 2642 3364 2701; x_wconf 87' lang='lat' dir='ltr'><strong>aposto-</strong></span> 
     </span>
    </p>
   </div>
   <div class='ocr_carea' id='block_1_58' title="bbox 1767 2710 3365 2784">
    <p class='ocr_par' dir='ltr' id='par_1_58' title="bbox 1767 2710 3365 2784">
     <span class='ocr_line' id='line_1_58' title="bbox 1767 2710 3365 2784; baseline 0.01 -20"><span class='ocrx_word' id='word_1_416' title='bbox 1767 2710 1942 2767; x_wconf 87' lang='lat' dir='ltr'><strong>lorum</strong></span> <span class='ocrx_word' id='word_1_417' title='bbox 1970 2722 2025 2768; x_wconf 91' lang='lat' dir='ltr'><strong>et</strong></span> <span class='ocrx_word' id='word_1_418' title='bbox 2053 2713 2365 2784; x_wconf 74' lang='lat' dir='ltr'><strong>apostolicae</strong></span> <span class='ocrx_word' id='word_1_419' title='bbox 2405 2717 2580 2784; x_wconf 82' lang='lat' dir='ltr'><strong>sedis,</strong></span> <span class='ocrx_word' id='word_1_420' title='bbox 2612 2726 2671 2772; x_wconf 92' lang='lat' dir='ltr'><strong>ut</strong></span> <span class='ocrx_word' id='word_1_421' title='bbox 2708 2719 2969 2778; x_wconf 85' lang='lat' dir='ltr'><strong>Dominus</strong></span> <span class='ocrx_word' id='word_1_422' title='bbox 2996 2732 3184 2778; x_wconf 89' lang='lat' dir='ltr'><strong>noster</strong></span> <span class='ocrx_word' id='word_1_423' title='bbox 3205 2721 3365 2780; x_wconf 82' lang='lat' dir='ltr'><strong>Jesus</strong></span> 
     </span>
    </p>
   </div>
   <div class='ocr_carea' id='block_1_59' title="bbox 1765 2802 3368 2881">
    <p class='ocr_par' dir='ltr' id='par_1_59' title="bbox 1765 2802 3368 2881">
     <span class='ocr_line' id='line_1_59' title="bbox 1765 2802 3368 2881; baseline 0.009 -24"><span class='ocrx_word' id='word_1_424' title='bbox 1765 2802 2031 2869; x_wconf 89' lang='lat' dir='ltr'><strong>Christus,</strong></span> <span class='ocrx_word' id='word_1_425' title='bbox 2073 2816 2126 2860; x_wconf 90' lang='lat' dir='ltr'><strong>et</strong></span> <span class='ocrx_word' id='word_1_426' title='bbox 2167 2807 2329 2862; x_wconf 86' lang='lat' dir='ltr'><strong>Pater</strong></span> <span class='ocrx_word' id='word_1_427' title='bbox 2365 2816 2567 2874; x_wconf 81' lang='lat' dir='ltr'><strong>noster,</strong></span> <span class='ocrx_word' id='word_1_428' title='bbox 2597 2809 2689 2880; x_wconf 89' lang='lat' dir='ltr'><strong>qui</strong></span> <span class='ocrx_word' id='word_1_429' title='bbox 2721 2811 2910 2867; x_wconf 84' lang='lat' dir='ltr'><strong>dilexit</strong></span> <span class='ocrx_word' id='word_1_430' title='bbox 2949 2828 3074 2881; x_wconf 88' lang='lat' dir='ltr'><strong>nos,</strong></span> <span class='ocrx_word' id='word_1_431' title='bbox 3115 2823 3172 2870; x_wconf 91' lang='lat' dir='ltr'><strong>et</strong></span> <span class='ocrx_word' id='word_1_432' title='bbox 3216 2816 3368 2872; x_wconf 82' lang='lat' dir='ltr'><strong>dedit</strong></span> 
     </span>
    </p>
   </div>
   <div class='ocr_carea' id='block_1_60' title="bbox 1765 2893 3364 2978">
    <p class='ocr_par' dir='ltr' id='par_1_60' title="bbox 1765 2893 3364 2978">
     <span class='ocr_line' id='line_1_60' title="bbox 1765 2893 3364 2978; baseline 0.008 -30"><span class='ocrx_word' id='word_1_433' title='bbox 1765 2893 2190 2950; x_wconf 88' lang='lat' dir='ltr'><strong>consolationem</strong></span> <span class='ocrx_word' id='word_1_434' title='bbox 2218 2904 2501 2965; x_wconf 64' lang='lat' dir='ltr'><strong>aeternam,</strong></span> <span class='ocrx_word' id='word_1_435' title='bbox 2540 2906 2595 2954; x_wconf 87' lang='lat' dir='ltr'><strong>et</strong></span> <span class='ocrx_word' id='word_1_436' title='bbox 2637 2914 2790 2971; x_wconf 88' lang='lat' dir='ltr'><strong>spem</strong></span> <span class='ocrx_word' id='word_1_437' title='bbox 2835 2901 3032 2958; x_wconf 90' lang='lat' dir='ltr'><strong>bonam</strong></span> <span class='ocrx_word' id='word_1_438' title='bbox 3063 2904 3116 2960; x_wconf 89' lang='lat' dir='ltr'><strong>in</strong></span> <span class='ocrx_word' id='word_1_439' title='bbox 3167 2907 3364 2978; x_wconf 88' lang='lat' dir='ltr'><strong>gratia,</strong></span> 
     </span>
    </p>
   </div>
   <div class='ocr_carea' id='block_1_61' title="bbox 1765 2985 3364 3056">
    <p class='ocr_par' dir='ltr' id='par_1_61' title="bbox 1765 2985 3364 3056">
     <span class='ocr_line' id='line_1_61' title="bbox 1765 2985 3364 3056; baseline 0.008 -17"><span class='ocrx_word' id='word_1_440' title='bbox 1765 2985 2086 3040; x_wconf 87' lang='lat' dir='ltr'><strong>exhortetur</strong></span> <span class='ocrx_word' id='word_1_441' title='bbox 2145 2987 2309 3042; x_wconf 90' lang='lat' dir='ltr'><strong>corda</strong></span> <span class='ocrx_word' id='word_1_442' title='bbox 2364 2999 2586 3056; x_wconf 89' lang='lat' dir='ltr'><strong>vestra,</strong></span> <span class='ocrx_word' id='word_1_443' title='bbox 2643 2999 2701 3047; x_wconf 92' lang='lat' dir='ltr'><strong>et</strong></span> <span class='ocrx_word' id='word_1_444' title='bbox 2771 2992 3056 3050; x_wconf 85' lang='lat' dir='ltr'><strong>confirmet</strong></span> <span class='ocrx_word' id='word_1_445' title='bbox 3103 2994 3158 3051; x_wconf 92' lang='lat' dir='ltr'><strong>in</strong></span> <span class='ocrx_word' id='word_1_446' title='bbox 3213 2999 3364 3052; x_wconf 89' lang='lat' dir='ltr'><strong>omni</strong></span> 
     </span>
    </p>
   </div>
   <div class='ocr_carea' id='block_1_62' title="bbox 1765 3076 3360 3152">
    <p class='ocr_par' dir='ltr' id='par_1_62' title="bbox 1765 3076 3360 3152">
     <span class='ocr_line' id='line_1_62' title="bbox 1765 3076 3360 3152; baseline 0.008 -22"><span class='ocrx_word' id='word_1_447' title='bbox 1765 3090 1928 3144; x_wconf 92' lang='lat' dir='ltr'><strong>opere</strong></span> <span class='ocrx_word' id='word_1_448' title='bbox 1952 3085 2008 3132; x_wconf 90' lang='lat' dir='ltr'><strong>et</strong></span> <span class='ocrx_word' id='word_1_449' title='bbox 2034 3076 2086 3130; x_wconf 90' lang='lat' dir='ltr'><strong>in</strong></span> <span class='ocrx_word' id='word_1_450' title='bbox 2115 3091 2368 3136; x_wconf 90' lang='lat' dir='ltr'><strong>sermone</strong></span> <span class='ocrx_word' id='word_1_451' title='bbox 2391 3080 2554 3137; x_wconf 88' lang='lat' dir='ltr'><strong>bono.</strong></span> <span class='ocrx_word' id='word_1_452' title='bbox 2591 3081 2666 3138; x_wconf 91' lang='lat' dir='ltr'><strong>De</strong></span> <span class='ocrx_word' id='word_1_453' title='bbox 2702 3091 2919 3151; x_wconf 81' lang='lat' dir='ltr'><strong>caetero,</strong></span> <span class='ocrx_word' id='word_1_454' title='bbox 2951 3085 3170 3152; x_wconf 90' lang='lat' dir='ltr'><strong>fratres,</strong></span> <span class='ocrx_word' id='word_1_455' title='bbox 3198 3097 3360 3143; x_wconf 86' lang='lat' dir='ltr'><strong>orate</strong></span> 
     </span>
    </p>
   </div>
   <div class='ocr_carea' id='block_1_63' title="bbox 81 3167 3366 3252">
    <p class='ocr_par' dir='ltr' id='par_1_63' title="bbox 81 3167 3366 3252">
     <span class='ocr_line' id='line_1_63' title="bbox 81 3167 3366 3252; baseline 0.007 -40"><span class='ocrx_word' id='word_1_456' title='bbox 81 3191 232 3232; x_wconf 52' lang='lat' dir='ltr'><strong>amas.</strong></span> <span class='ocrx_word' id='word_1_457' title='bbox 282 3177 524 3250; x_wconf 67' lang='lat' dir='ltr'><strong>Ideoque</strong></span> <span class='ocrx_word' id='word_1_458' title='bbox 568 3179 668 3234; x_wconf 74' lang='lat' dir='ltr'><strong>hos</strong></span> <span class='ocrx_word' id='word_1_459' title='bbox 715 3181 808 3250; x_wconf 65' lang='lat' dir='ltr'><strong>qui</strong></span> <span class='ocrx_word' id='word_1_460' title='bbox 839 3189 1096 3235; x_wconf 49' lang='lat' dir='ltr'><strong>exertam</strong></span> <span class='ocrx_word' id='word_1_461' title='bbox 1123 3180 1367 3250; x_wconf 59' lang='lat' dir='ltr'><strong>panibus</strong></span> <span class='ocrx_word' id='word_1_462' title='bbox 1412 3182 1666 3252; x_wconf 57' lang='lat' dir='ltr'><strong>corripis,</strong></span> <span class='ocrx_word' id='word_1_463' title='bbox 1696 3167 1741 3228; x_wconf 90' lang='lat' dir='ltr'><strong>C</strong></span> <span class='ocrx_word' id='word_1_464' title='bbox 1773 3183 1872 3237; x_wconf 91' lang='lat' dir='ltr'><strong>pro</strong></span> <span class='ocrx_word' id='word_1_465' title='bbox 1907 3168 2065 3225; x_wconf 88' lang='lat' dir='ltr'><strong>nobis</strong></span> <span class='ocrx_word' id='word_1_466' title='bbox 2121 3180 2179 3225; x_wconf 90' lang='lat' dir='ltr'><strong>ut</strong></span> <span class='ocrx_word' id='word_1_467' title='bbox 2219 3187 2400 3229; x_wconf 91' lang='lat' dir='ltr'><strong>sermo</strong></span> <span class='ocrx_word' id='word_1_468' title='bbox 2446 3173 2657 3230; x_wconf 91' lang='lat' dir='ltr'><strong>Domini</strong></span> <span class='ocrx_word' id='word_1_469' title='bbox 2708 3184 2895 3232; x_wconf 92' lang='lat' dir='ltr'><strong>currat</strong></span> <span class='ocrx_word' id='word_1_470' title='bbox 2941 3187 2998 3234; x_wconf 90' lang='lat' dir='ltr'><strong>et</strong></span> <span class='ocrx_word' id='word_1_471' title='bbox 3035 3177 3366 3235; x_wconf 91' lang='lat' dir='ltr'><strong>clarilicetur</strong></span> 
     </span>
    </p>
   </div>
   <div class='ocr_carea' id='block_1_64' title="bbox 83 3267 1667 3339">
    <p class='ocr_par' dir='ltr' id='par_1_64' title="bbox 83 3267 1667 3339">
     <span class='ocr_line' id='line_1_64' title="bbox 83 3267 1667 3339; baseline 0.004 -19"><span class='ocrx_word' id='word_1_472' title='bbox 83 3269 213 3322; x_wconf 87' lang='lat' dir='ltr'><strong>etde</strong></span> <span class='ocrx_word' id='word_1_473' title='bbox 239 3267 447 3338; x_wconf 88' lang='lat' dir='ltr'><strong>quibus</strong></span> <span class='ocrx_word' id='word_1_474' title='bbox 476 3277 705 3338; x_wconf 89' lang='lat' dir='ltr'><strong>peccant</strong></span> <span class='ocrx_word' id='word_1_475' title='bbox 734 3269 992 3324; x_wconf 86' lang='lat' dir='ltr'><strong>admones</strong></span> <span class='ocrx_word' id='word_1_476' title='bbox 1037 3279 1094 3324; x_wconf 90' lang='lat' dir='ltr'><strong>et</strong></span> <span class='ocrx_word' id='word_1_477' title='bbox 1137 3270 1447 3339; x_wconf 89' lang='lat' dir='ltr'><strong>alloqueris,</strong></span> <span class='ocrx_word' id='word_1_478' title='bbox 1480 3280 1540 3326; x_wconf 93' lang='lat' dir='ltr'><strong>ut</strong></span> <span class='ocrx_word' id='word_1_479' title='bbox 1578 3285 1667 3326; x_wconf 90' lang='lat' dir='ltr'><strong>re-</strong></span> 
     </span>
    </p>
   </div>
   <div class='ocr_carea' id='block_1_65' title="bbox 81 3359 1671 3429">
    <p class='ocr_par' dir='ltr' id='par_1_65' title="bbox 81 3359 1671 3429">
     <span class='ocr_line' id='line_1_65' title="bbox 81 3359 1671 3429; baseline 0.004 -17"><span class='ocrx_word' id='word_1_480' title='bbox 81 3359 189 3414; x_wconf 89' lang='lat' dir='ltr'><strong>licta</strong></span> <span class='ocrx_word' id='word_1_481' title='bbox 217 3360 431 3416; x_wconf 89' lang='lat' dir='ltr'><strong>malitia</strong></span> <span class='ocrx_word' id='word_1_482' title='bbox 456 3362 684 3417; x_wconf 87' lang='lat' dir='ltr'><strong>credant</strong></span> <span class='ocrx_word' id='word_1_483' title='bbox 712 3362 766 3418; x_wconf 88' lang='lat' dir='ltr'><strong>in</strong></span> <span class='ocrx_word' id='word_1_484' title='bbox 795 3371 879 3427; x_wconf 90' lang='lat' dir='ltr'><strong>te,</strong></span> <span class='ocrx_word' id='word_1_485' title='bbox 909 3363 1153 3418; x_wconf 88' lang='lat' dir='ltr'><strong>Domine.</strong></span> <span class='ocrx_word' id='word_1_486' title='bbox 1181 3362 1260 3417; x_wconf 92' lang='lat' dir='ltr'><strong>Tu</strong></span> <span class='ocrx_word' id='word_1_487' title='bbox 1288 3373 1494 3429; x_wconf 86' lang='lat' dir='ltr'><strong>autem,</strong></span> <span class='ocrx_word' id='word_1_488' title='bbox 1526 3364 1671 3420; x_wconf 89' lang='lat' dir='ltr'><strong>Deus</strong></span> 
     </span>
    </p>
   </div>
   <div class='ocr_carea' id='block_1_66' title="bbox 82 3454 1670 3524">
    <p class='ocr_par' dir='ltr' id='par_1_66' title="bbox 82 3454 1670 3524">
     <span class='ocr_line' id='line_1_66' title="bbox 82 3454 1670 3524; baseline 0.003 -19"><span class='ocrx_word' id='word_1_489' title='bbox 82 3463 268 3518; x_wconf 86' lang='lat' dir='ltr'><strong>noster,</strong></span> <span class='ocrx_word' id='word_1_490' title='bbox 297 3454 486 3509; x_wconf 84' lang='lat' dir='ltr'><strong>suavis</strong></span> <span class='ocrx_word' id='word_1_491' title='bbox 515 3463 571 3510; x_wconf 91' lang='lat' dir='ltr'><strong>et</strong></span> <span class='ocrx_word' id='word_1_492' title='bbox 596 3468 758 3510; x_wconf 90' lang='lat' dir='ltr'><strong>verus</strong></span> <span class='ocrx_word' id='word_1_493' title='bbox 785 3469 844 3510; x_wconf 92' lang='lat' dir='ltr'><strong>es</strong></span> <span class='ocrx_word' id='word_1_494' title='bbox 874 3455 1088 3524; x_wconf 91' lang='lat' dir='ltr'><strong>patiens</strong></span> <span class='ocrx_word' id='word_1_495' title='bbox 1121 3463 1177 3509; x_wconf 93' lang='lat' dir='ltr'><strong>et</strong></span> <span class='ocrx_word' id='word_1_496' title='bbox 1212 3455 1266 3508; x_wconf 90' lang='lat' dir='ltr'><strong>in</strong></span> <span class='ocrx_word' id='word_1_497' title='bbox 1296 3455 1670 3511; x_wconf 88' lang='lat' dir='ltr'><strong>misericordia</strong></span> 
     </span>
    </p>
   </div>
   <div class='ocr_carea' id='block_1_67' title="bbox 80 3527 1670 3615">
    <p class='ocr_par' dir='ltr' id='par_1_67' title="bbox 80 3527 1670 3615">
     <span class='ocr_line' id='line_1_67' title="bbox 80 3527 1670 3615; baseline 0.003 -17"><span class='ocrx_word' id='word_1_498' title='bbox 80 3542 358 3614; x_wconf 82' lang='lat' dir='ltr'><strong>disponens</strong></span> <span class='ocrx_word' id='word_1_499' title='bbox 435 3545 640 3600; x_wconf 90' lang='lat' dir='ltr'><strong>omnia.</strong></span> <span class='ocrx_word' id='word_1_500' title='bbox 693 3527 905 3600; x_wconf 64' lang='lat' dir='ltr'><strong>Etenim</strong></span> <span class='ocrx_word' id='word_1_501' title='bbox 934 3587 950 3611; x_wconf 97' lang='lat'><strong>,</strong></span> <span class='ocrx_word' id='word_1_502' title='bbox 1015 3546 1060 3601; x_wconf 93' lang='lat' dir='ltr'><strong>si</strong></span> <span class='ocrx_word' id='word_1_503' title='bbox 1114 3546 1539 3615; x_wconf 88' lang='lat' dir='ltr'><strong>peccaverimus,</strong></span> <span class='ocrx_word' id='word_1_504' title='bbox 1592 3547 1670 3602; x_wconf 93' lang='lat' dir='ltr'><strong>tui</strong></span> 
     </span>
    </p>
   </div>
   <div class='ocr_carea' id='block_1_68' title="bbox 80 3627 1668 3708">
    <p class='ocr_par' dir='ltr' id='par_1_68' title="bbox 80 3627 1668 3708">
     <span class='ocr_line' id='line_1_68' title="bbox 80 3627 1668 3708; baseline 0.005 -22"><span class='ocrx_word' id='word_1_505' title='bbox 80 3649 250 3690; x_wconf 88' lang='lat' dir='ltr'><strong>sumus</strong></span> <span class='ocrx_word' id='word_1_506' title='bbox 275 3636 518 3691; x_wconf 84' lang='lat' dir='ltr'><strong>scientes</strong></span> <span class='ocrx_word' id='word_1_507' title='bbox 548 3637 973 3706; x_wconf 76' lang='lat' dir='ltr'><strong>magnitudinem</strong></span> <span class='ocrx_word' id='word_1_508' title='bbox 1009 3648 1177 3693; x_wconf 89' lang='lat' dir='ltr'><strong>tuam.</strong></span> <span class='ocrx_word' id='word_1_509' title='bbox 1223 3638 1290 3692; x_wconf 89' lang='lat' dir='ltr'><strong>Et</strong></span> <span class='ocrx_word' id='word_1_510' title='bbox 1319 3639 1364 3692; x_wconf 93' lang='lat' dir='ltr'><strong>si</strong></span> <span class='ocrx_word' id='word_1_511' title='bbox 1397 3653 1502 3694; x_wconf 91' lang='lat' dir='ltr'><strong>non</strong></span> <span class='ocrx_word' id='word_1_512' title='bbox 1538 3627 1668 3708; x_wconf 86' lang='lat' dir='ltr'><strong>pec-</strong></span> 
     </span>
    </p>
   </div>
   <div class='ocr_carea' id='block_1_69' title="bbox 81 3727 1672 3799">
    <p class='ocr_par' dir='ltr' id='par_1_69' title="bbox 81 3727 1672 3799">
     <span class='ocr_line' id='line_1_69' title="bbox 81 3727 1672 3799; baseline 0.004 -22"><span class='ocrx_word' id='word_1_513' title='bbox 81 3727 394 3793; x_wconf 81' lang='lat' dir='ltr'><strong>caverimus,</strong></span> <span class='ocrx_word' id='word_1_514' title='bbox 426 3727 632 3782; x_wconf 89' lang='lat' dir='ltr'><strong>seimus</strong></span> <span class='ocrx_word' id='word_1_515' title='bbox 662 3728 921 3797; x_wconf 88' lang='lat' dir='ltr'><strong>quoniam</strong></span> <span class='ocrx_word' id='word_1_516' title='bbox 971 3730 1110 3798; x_wconf 91' lang='lat' dir='ltr'><strong>apud</strong></span> <span class='ocrx_word' id='word_1_517' title='bbox 1161 3739 1212 3784; x_wconf 90' lang='lat' dir='ltr'><strong>Ie</strong></span> <span class='ocrx_word' id='word_1_518' title='bbox 1237 3745 1426 3786; x_wconf 89' lang='lat' dir='ltr'><strong>sumus</strong></span> <span class='ocrx_word' id='word_1_519' title='bbox 1451 3745 1672 3799; x_wconf 81' lang='lat' dir='ltr'><strong>compu-</strong></span> 
     </span>
    </p>
   </div>
   <div class='ocr_carea' id='block_1_70' title="bbox 83 3817 1668 3893">
    <p class='ocr_par' dir='ltr' id='par_1_70' title="bbox 83 3817 1668 3893">
     <span class='ocr_line' id='line_1_70' title="bbox 83 3817 1668 3893; baseline 0.007 -24"><span class='ocrx_word' id='word_1_520' title='bbox 83 3817 185 3871; x_wconf 83' lang='lat' dir='ltr'><strong>tati.</strong></span> <span class='ocrx_word' id='word_1_521' title='bbox 211 3817 453 3889; x_wconf 89' lang='lat' dir='ltr'><strong>Spiritus</strong></span> <span class='ocrx_word' id='word_1_522' title='bbox 501 3820 812 3876; x_wconf 90' lang='lat' dir='ltr'><strong>timentium</strong></span> <span class='ocrx_word' id='word_1_523' title='bbox 860 3821 1148 3877; x_wconf 90' lang='lat' dir='ltr'><strong>Dominum</strong></span> <span class='ocrx_word' id='word_1_524' title='bbox 1189 3824 1453 3893; x_wconf 66' lang='lat' dir='ltr'><strong>quaeritur</strong></span> <span class='ocrx_word' id='word_1_525' title='bbox 1483 3824 1553 3879; x_wconf 92' lang='lat' dir='ltr'><strong>ab</strong></span> <span class='ocrx_word' id='word_1_526' title='bbox 1581 3839 1668 3891; x_wconf 93' lang='lat' dir='ltr'><strong>eo,</strong></span> 
     </span>
    </p>
   </div>
   <div class='ocr_carea' id='block_1_71' title="bbox 79 3912 1673 3990">
    <p class='ocr_par' dir='ltr' id='par_1_71' title="bbox 79 3912 1673 3990">
     <span class='ocr_line' id='line_1_71' title="bbox 79 3912 1673 3990; baseline 0.004 -26"><span class='ocrx_word' id='word_1_527' title='bbox 79 3921 128 3965; x_wconf 81' lang='lat' dir='ltr'><strong>et</strong></span> <span class='ocrx_word' id='word_1_528' title='bbox 151 3912 202 3968; x_wconf 90' lang='lat' dir='ltr'><strong>in</strong></span> <span class='ocrx_word' id='word_1_529' title='bbox 221 3922 479 3984; x_wconf 88' lang='lat' dir='ltr'><strong>respectu</strong></span> <span class='ocrx_word' id='word_1_530' title='bbox 510 3915 656 3971; x_wconf 92' lang='lat' dir='ltr'><strong>illius</strong></span> <span class='ocrx_word' id='word_1_531' title='bbox 706 3916 1112 3972; x_wconf 90' lang='lat' dir='ltr'><strong>benedicentur.</strong></span> <span class='ocrx_word' id='word_1_532' title='bbox 1144 3916 1511 3990; x_wconf 87' lang='lat' dir='ltr'><strong>Quapropter,</strong></span> <span class='ocrx_word' id='word_1_533' title='bbox 1557 3917 1673 3972; x_wconf 89' lang='lat' dir='ltr'><strong>fra-</strong></span> 
     </span>
    </p>
   </div>
   <div class='ocr_carea' id='block_1_72' title="bbox 81 4005 1673 4072">
    <p class='ocr_par' dir='ltr' id='par_1_72' title="bbox 81 4005 1673 4072">
     <span class='ocr_line' id='line_1_72' title="bbox 81 4005 1673 4072; baseline 0.006 -17"><span class='ocrx_word' id='word_1_534' title='bbox 81 4012 182 4060; x_wconf 87' lang='lat' dir='ltr'><strong>tres</strong></span> <span class='ocrx_word' id='word_1_535' title='bbox 220 4005 552 4072; x_wconf 90' lang='lat' dir='ltr'><strong>charissimi,</strong></span> <span class='ocrx_word' id='word_1_536' title='bbox 587 4025 607 4059; x_wconf 78' lang='grc' dir='ltr'>ι</span> <span class='ocrx_word' id='word_1_537' title='bbox 642 4007 820 4063; x_wconf 90' lang='lat' dir='ltr'><strong>omnis</strong></span> <span class='ocrx_word' id='word_1_538' title='bbox 869 4023 1051 4063; x_wconf 90' lang='lat' dir='ltr'><strong>sermo</strong></span> <span class='ocrx_word' id='word_1_539' title='bbox 1074 4008 1248 4064; x_wconf 89' lang='lat' dir='ltr'><strong>malus</strong></span> <span class='ocrx_word' id='word_1_540' title='bbox 1273 4025 1336 4064; x_wconf 81' lang='lat' dir='ltr'><strong>ex</strong></span> <span class='ocrx_word' id='word_1_541' title='bbox 1367 4024 1463 4064; x_wconf 91' lang='lat' dir='ltr'><strong>ore</strong></span> <span class='ocrx_word' id='word_1_542' title='bbox 1491 4017 1673 4064; x_wconf 82' lang='lat' dir='ltr'><strong>vestro</strong></span> 
     </span>
    </p>
   </div>
   <div class='ocr_carea' id='block_1_73' title="bbox 83 4099 1673 4170">
    <p class='ocr_par' dir='ltr' id='par_1_73' title="bbox 83 4099 1673 4170">
     <span class='ocr_line' id='line_1_73' title="bbox 83 4099 1673 4170; baseline 0.006 -23"><span class='ocrx_word' id='word_1_543' title='bbox 83 4111 179 4151; x_wconf 75' lang='lat' dir='ltr'><strong>non</strong></span> <span class='ocrx_word' id='word_1_544' title='bbox 210 4101 491 4169; x_wconf 91' lang='lat' dir='ltr'><strong>procedat,</strong></span> <span class='ocrx_word' id='word_1_545' title='bbox 538 4099 638 4155; x_wconf 91' lang='lat' dir='ltr'><strong>sed</strong></span> <span class='ocrx_word' id='word_1_546' title='bbox 673 4099 718 4153; x_wconf 91' lang='lat' dir='ltr'><strong>si</strong></span> <span class='ocrx_word' id='word_1_547' title='bbox 754 4099 876 4170; x_wconf 90' lang='lat' dir='ltr'><strong>quis</strong></span> <span class='ocrx_word' id='word_1_548' title='bbox 922 4099 1098 4156; x_wconf 92' lang='lat' dir='ltr'><strong>bonus</strong></span> <span class='ocrx_word' id='word_1_549' title='bbox 1125 4107 1207 4156; x_wconf 92' lang='lat' dir='ltr'><strong>est</strong></span> <span class='ocrx_word' id='word_1_550' title='bbox 1247 4100 1317 4155; x_wconf 89' lang='lat' dir='ltr'><strong>ad</strong></span> <span class='ocrx_word' id='word_1_551' title='bbox 1359 4101 1673 4158; x_wconf 64' lang='lat' dir='ltr'><strong>aedificatio-</strong></span> 
     </span>
    </p>
   </div>
   <div class='ocr_carea' id='block_1_74' title="bbox 81 4189 1675 4262">
    <p class='ocr_par' dir='ltr' id='par_1_74' title="bbox 81 4189 1675 4262">
     <span class='ocr_line' id='line_1_74' title="bbox 81 4189 1675 4262; baseline 0.004 -23"><span class='ocrx_word' id='word_1_552' title='bbox 81 4200 192 4242; x_wconf 86' lang='lat' dir='ltr'><strong>nem</strong></span> <span class='ocrx_word' id='word_1_553' title='bbox 221 4190 646 4260; x_wconf 88' lang='lat' dir='ltr'><strong>opportunitatis</strong></span> <span class='ocrx_word' id='word_1_554' title='bbox 693 4200 753 4245; x_wconf 92' lang='lat' dir='ltr'><strong>ut</strong></span> <span class='ocrx_word' id='word_1_555' title='bbox 794 4189 886 4246; x_wconf 92' lang='lat' dir='ltr'><strong>det</strong></span> <span class='ocrx_word' id='word_1_556' title='bbox 928 4191 1156 4262; x_wconf 79' lang='lat' dir='ltr'><strong>gratiam</strong></span> <span class='ocrx_word' id='word_1_557' title='bbox 1199 4192 1573 4260; x_wconf 90' lang='lat' dir='ltr'><strong>audientibus;</strong></span> <span class='ocrx_word' id='word_1_558' title='bbox 1619 4201 1675 4249; x_wconf 86' lang='lat' dir='ltr'><strong>et</strong></span> 
     </span>
    </p>
   </div>
   <div class='ocr_carea' id='block_1_75' title="bbox 84 4277 1674 4354">
    <p class='ocr_par' dir='ltr' id='par_1_75' title="bbox 84 4277 1674 4354">
     <span class='ocr_line' id='line_1_75' title="bbox 84 4277 1674 4354; baseline 0.006 -25"><span class='ocrx_word' id='word_1_559' title='bbox 84 4277 240 4334; x_wconf 86' lang='lat' dir='ltr'><strong>nolite</strong></span> <span class='ocrx_word' id='word_1_560' title='bbox 287 4280 626 4336; x_wconf 74' lang='lat' dir='ltr'><strong>wntristare</strong></span> <span class='ocrx_word' id='word_1_561' title='bbox 676 4281 937 4351; x_wconf 91' lang='lat' dir='ltr'><strong>Spiritum</strong></span> <span class='ocrx_word' id='word_1_562' title='bbox 1002 4291 1252 4337; x_wconf 90' lang='lat' dir='ltr'><strong>sanctum</strong></span> <span class='ocrx_word' id='word_1_563' title='bbox 1305 4282 1400 4338; x_wconf 91' lang='lat' dir='ltr'><strong>Dei</strong></span> <span class='ocrx_word' id='word_1_564' title='bbox 1451 4283 1506 4339; x_wconf 92' lang='lat' dir='ltr'><strong>in</strong></span> <span class='ocrx_word' id='word_1_565' title='bbox 1565 4299 1674 4354; x_wconf 90' lang='lat' dir='ltr'><strong>quo</strong></span> 
     </span>
    </p>
   </div>
   <div class='ocr_carea' id='block_1_76' title="bbox 81 4368 1670 4444">
    <p class='ocr_par' dir='ltr' id='par_1_76' title="bbox 81 4368 1670 4444">
     <span class='ocr_line' id='line_1_76' title="bbox 81 4368 1670 4444; baseline 0.008 -25"><span class='ocrx_word' id='word_1_566' title='bbox 81 4368 267 4438; x_wconf 82' lang='lat' dir='ltr'><strong>signati</strong></span> <span class='ocrx_word' id='word_1_567' title='bbox 291 4373 424 4428; x_wconf 86' lang='lat' dir='ltr'><strong>estis</strong></span> <span class='ocrx_word' id='word_1_568' title='bbox 450 4373 507 4428; x_wconf 90' lang='lat' dir='ltr'><strong>in</strong></span> <span class='ocrx_word' id='word_1_569' title='bbox 525 4372 671 4428; x_wconf 91' lang='lat' dir='ltr'><strong>diem</strong></span> <span class='ocrx_word' id='word_1_570' title='bbox 695 4372 1102 4444; x_wconf 88' lang='lat' dir='ltr'><strong>redemptionis.</strong></span> <span class='ocrx_word' id='word_1_571' title='bbox 1127 4372 1317 4429; x_wconf 90' lang='lat' dir='ltr'><strong>Omnis</strong></span> <span class='ocrx_word' id='word_1_572' title='bbox 1337 4375 1670 4440; x_wconf 88' lang='lat' dir='ltr'><strong>amaritudo,</strong></span> 
     </span>
    </p>
   </div>
   <div class='ocr_carea' id='block_1_77' title="bbox 81 4462 1671 4537">
    <p class='ocr_par' dir='ltr' id='par_1_77' title="bbox 81 4462 1671 4537">
     <span class='ocr_line' id='line_1_77' title="bbox 81 4462 1671 4537; baseline 0.006 -25"><span class='ocrx_word' id='word_1_573' title='bbox 81 4470 129 4513; x_wconf 82' lang='lat' dir='ltr'><strong>et</strong></span> <span class='ocrx_word' id='word_1_574' title='bbox 157 4462 254 4525; x_wconf 89' lang='lat' dir='ltr'><strong>ira,</strong></span> <span class='ocrx_word' id='word_1_575' title='bbox 299 4472 354 4520; x_wconf 90' lang='lat' dir='ltr'><strong>et</strong></span> <span class='ocrx_word' id='word_1_576' title='bbox 382 4464 704 4536; x_wconf 87' lang='lat' dir='ltr'><strong>indignatio,</strong></span> <span class='ocrx_word' id='word_1_577' title='bbox 753 4474 808 4521; x_wconf 89' lang='lat' dir='ltr'><strong>et</strong></span> <span class='ocrx_word' id='word_1_578' title='bbox 837 4466 1061 4530; x_wconf 89' lang='lat' dir='ltr'><strong>clamor,</strong></span> <span class='ocrx_word' id='word_1_579' title='bbox 1091 4475 1147 4522; x_wconf 87' lang='lat' dir='ltr'><strong>et</strong></span> <span class='ocrx_word' id='word_1_580' title='bbox 1193 4466 1524 4537; x_wconf 89' lang='lat' dir='ltr'><strong>blasphemia</strong></span> <span class='ocrx_word' id='word_1_581' title='bbox 1572 4468 1671 4524; x_wconf 85' lang='lat' dir='ltr'><strong>tol-</strong></span> 
     </span>
    </p>
   </div>
   <div class='ocr_carea' id='block_1_78' title="bbox 81 4541 1670 4612">
    <p class='ocr_par' dir='ltr' id='par_1_78' title="bbox 81 4541 1670 4612">
     <span class='ocr_line' id='line_1_78' title="bbox 81 4541 1670 4612; baseline 0.007 -11"><span class='ocrx_word' id='word_1_582' title='bbox 81 4548 212 4606; x_wconf 87' lang='lat' dir='ltr'><strong>lalur</strong></span> <span class='ocrx_word' id='word_1_583' title='bbox 237 4567 270 4607; x_wconf 86' lang='lat' dir='ltr'><strong>a</strong></span> <span class='ocrx_word' id='word_1_584' title='bbox 294 4554 446 4609; x_wconf 90' lang='lat' dir='ltr'><strong>vobis</strong></span> <span class='ocrx_word' id='word_1_585' title='bbox 468 4569 590 4610; x_wconf 90' lang='lat' dir='ltr'><strong>cum</strong></span> <span class='ocrx_word' id='word_1_586' title='bbox 616 4556 765 4611; x_wconf 91' lang='lat' dir='ltr'><strong>omni</strong></span> <span class='ocrx_word' id='word_1_587' title='bbox 799 4555 1021 4612; x_wconf 88' lang='lat' dir='ltr'><strong>malitia.</strong></span> <span class='ocrx_word' id='word_1_588' title='bbox 1068 4555 1256 4611; x_wconf 83' lang='lat' dir='ltr'><strong>Estote</strong></span> <span class='ocrx_word' id='word_1_589' title='bbox 1301 4541 1484 4612; x_wconf 86' lang='lat' dir='ltr'><strong>autem</strong></span> <span class='ocrx_word' id='word_1_590' title='bbox 1527 4557 1670 4612; x_wconf 89' lang='lat' dir='ltr'><strong>invi-</strong></span> 
     </span>
    </p>
   </div>
   <div class='ocr_carea' id='block_1_79' title="bbox 83 4644 1666 4715">
    <p class='ocr_par' dir='ltr' id='par_1_79' title="bbox 83 4644 1666 4715">
     <span class='ocr_line' id='line_1_79' title="bbox 83 4644 1666 4715; baseline 0.006 -22"><span class='ocrx_word' id='word_1_591' title='bbox 83 4656 190 4696; x_wconf 81' lang='lat' dir='ltr'><strong>cem</strong></span> <span class='ocrx_word' id='word_1_592' title='bbox 220 4644 463 4715; x_wconf 90' lang='lat' dir='ltr'><strong>benigni,</strong></span> <span class='ocrx_word' id='word_1_593' title='bbox 509 4646 910 4712; x_wconf 89' lang='lat' dir='ltr'><strong>misericordes,</strong></span> <span class='ocrx_word' id='word_1_594' title='bbox 941 4648 1207 4702; x_wconf 91' lang='lat' dir='ltr'><strong>donantes</strong></span> <span class='ocrx_word' id='word_1_595' title='bbox 1251 4647 1483 4702; x_wconf 84' lang='lat' dir='ltr'><strong>invicem</strong></span> <span class='ocrx_word' id='word_1_596' title='bbox 1524 4648 1666 4704; x_wconf 89' lang='lat' dir='ltr'><strong>sicut</strong></span> 
     </span>
    </p>
   </div>
   <div class='ocr_carea' id='block_1_80' title="bbox 82 4732 1665 4810">
    <p class='ocr_par' dir='ltr' id='par_1_80' title="bbox 82 4732 1665 4810">
     <span class='ocr_line' id='line_1_80' title="bbox 82 4732 1665 4810; baseline 0.007 -26"><span class='ocrx_word' id='word_1_597' title='bbox 82 4741 130 4784; x_wconf 90' lang='lat' dir='ltr'><strong>et</strong></span> <span class='ocrx_word' id='word_1_598' title='bbox 159 4732 300 4789; x_wconf 89' lang='lat' dir='ltr'><strong>Deus</strong></span> <span class='ocrx_word' id='word_1_599' title='bbox 324 4736 377 4790; x_wconf 91' lang='lat' dir='ltr'><strong>in</strong></span> <span class='ocrx_word' id='word_1_600' title='bbox 405 4736 622 4794; x_wconf 89' lang='lat' dir='ltr'><strong>Christo</strong></span> <span class='ocrx_word' id='word_1_601' title='bbox 649 4737 874 4794; x_wconf 89' lang='lat' dir='ltr'><strong>donavit</strong></span> <span class='ocrx_word' id='word_1_602' title='bbox 905 4737 1073 4794; x_wconf 90' lang='lat' dir='ltr'><strong>vobis.</strong></span> <span class='ocrx_word' id='word_1_603' title='bbox 1106 4737 1294 4794; x_wconf 89' lang='lat' dir='ltr'><strong>Estote</strong></span> <span class='ocrx_word' id='word_1_604' title='bbox 1322 4754 1454 4810; x_wconf 88' lang='lat' dir='ltr'><strong>ergo</strong></span> <span class='ocrx_word' id='word_1_605' title='bbox 1482 4740 1665 4796; x_wconf 87' lang='lat' dir='ltr'><strong>imita-</strong></span> 
     </span>
    </p>
   </div>
   <div class='ocr_carea' id='block_1_81' title="bbox 82 4827 1664 4896">
    <p class='ocr_par' dir='ltr' id='par_1_81' title="bbox 82 4827 1664 4896">
     <span class='ocr_line' id='line_1_81' title="bbox 82 4827 1664 4896; baseline 0.006 -19"><span class='ocrx_word' id='word_1_606' title='bbox 82 4832 221 4881; x_wconf 85' lang='lat' dir='ltr'><strong>tores</strong></span> <span class='ocrx_word' id='word_1_607' title='bbox 271 4827 371 4882; x_wconf 86' lang='lat' dir='ltr'><strong>Dei</strong></span> <span class='ocrx_word' id='word_1_608' title='bbox 406 4827 546 4884; x_wconf 86' lang='lat' dir='ltr'><strong>sicut</strong></span> <span class='ocrx_word' id='word_1_609' title='bbox 595 4829 690 4884; x_wconf 84' lang='lat' dir='ltr'><strong>filii</strong></span> <span class='ocrx_word' id='word_1_610' title='bbox 742 4829 1094 4896; x_wconf 88' lang='lat' dir='ltr'><strong>charissimi,</strong></span> <span class='ocrx_word' id='word_1_611' title='bbox 1149 4839 1205 4886; x_wconf 91' lang='lat' dir='ltr'><strong>et</strong></span> <span class='ocrx_word' id='word_1_612' title='bbox 1268 4829 1542 4885; x_wconf 90' lang='lat' dir='ltr'><strong>ambulate</strong></span> <span class='ocrx_word' id='word_1_613' title='bbox 1609 4831 1664 4886; x_wconf 87' lang='lat' dir='ltr'><strong>in</strong></span> 
     </span>
    </p>
   </div>
   <div class='ocr_carea' id='block_1_82' title="bbox 82 4919 1666 4980">
    <p class='ocr_par' dir='ltr' id='par_1_82' title="bbox 82 4919 1666 4980">
     <span class='ocr_line' id='line_1_82' title="bbox 82 4919 1666 4980; baseline 0.004 -7"><span class='ocrx_word' id='word_1_614' title='bbox 82 4919 362 4976; x_wconf 86' lang='lat' dir='ltr'><strong>dilectione</strong></span> <span class='ocrx_word' id='word_1_615' title='bbox 405 4921 545 4977; x_wconf 88' lang='lat' dir='ltr'><strong>sicut</strong></span> <span class='ocrx_word' id='word_1_616' title='bbox 582 4932 639 4978; x_wconf 90' lang='lat' dir='ltr'><strong>et</strong></span> <span class='ocrx_word' id='word_1_617' title='bbox 677 4921 930 4978; x_wconf 84' lang='lat' dir='ltr'><strong>Christus</strong></span> <span class='ocrx_word' id='word_1_618' title='bbox 987 4922 1176 4978; x_wconf 80' lang='lat' dir='ltr'><strong>dilexit</strong></span> <span class='ocrx_word' id='word_1_619' title='bbox 1204 4937 1304 4978; x_wconf 87' lang='lat' dir='ltr'><strong>nos</strong></span> <span class='ocrx_word' id='word_1_620' title='bbox 1335 4930 1391 4976; x_wconf 92' lang='lat' dir='ltr'><strong>et</strong></span> <span class='ocrx_word' id='word_1_621' title='bbox 1447 4924 1666 4980; x_wconf 87' lang='lat' dir='ltr'><strong>tradidit</strong></span> 
     </span>
    </p>
   </div>
   <div class='ocr_carea' id='block_1_83' title="bbox 82 5013 1671 5086">
    <p class='ocr_par' dir='ltr' id='par_1_83' title="bbox 82 5013 1671 5086">
     <span class='ocr_line' id='line_1_83' title="bbox 82 5013 1671 5086; baseline 0.004 -21"><span class='ocrx_word' id='word_1_622' title='bbox 82 5013 421 5082; x_wconf 90' lang='lat' dir='ltr'><strong>semetipsum</strong></span> <span class='ocrx_word' id='word_1_623' title='bbox 468 5029 566 5086; x_wconf 86' lang='lat' dir='ltr'><strong>pro</strong></span> <span class='ocrx_word' id='word_1_624' title='bbox 613 5015 770 5071; x_wconf 91' lang='lat' dir='ltr'><strong>nobis</strong></span> <span class='ocrx_word' id='word_1_625' title='bbox 814 5013 1143 5070; x_wconf 89' lang='lat' dir='ltr'><strong>oblationem</strong></span> <span class='ocrx_word' id='word_1_626' title='bbox 1203 5023 1258 5069; x_wconf 91' lang='lat' dir='ltr'><strong>et</strong></span> <span class='ocrx_word' id='word_1_627' title='bbox 1285 5013 1521 5071; x_wconf 89' lang='lat' dir='ltr'><strong>hostiam</strong></span> <span class='ocrx_word' id='word_1_628' title='bbox 1559 5015 1671 5071; x_wconf 86' lang='lat' dir='ltr'><strong>Deo</strong></span> 
     </span>
    </p>
   </div>
   <div class='ocr_carea' id='block_1_84' title="bbox 86 5104 1672 5174">
    <p class='ocr_par' dir='ltr' id='par_1_84' title="bbox 86 5104 1672 5174">
     <span class='ocr_line' id='line_1_84' title="bbox 86 5104 1672 5174; baseline 0.005 -18"><span class='ocrx_word' id='word_1_629' title='bbox 86 5104 135 5156; x_wconf 88' lang='lat' dir='ltr'><strong>in</strong></span> <span class='ocrx_word' id='word_1_630' title='bbox 163 5107 385 5161; x_wconf 87' lang='lat' dir='ltr'><strong>odorem</strong></span> <span class='ocrx_word' id='word_1_631' title='bbox 435 5108 761 5174; x_wconf 73' lang='lat' dir='ltr'><strong>suavitatis;</strong></span> <span class='ocrx_word' id='word_1_632' title='bbox 801 5105 1090 5164; x_wconf 88' lang='lat' dir='ltr'><strong>fornicatio</strong></span> <span class='ocrx_word' id='word_1_633' title='bbox 1149 5117 1326 5161; x_wconf 86' lang='lat' dir='ltr'><strong>autem</strong></span> <span class='ocrx_word' id='word_1_634' title='bbox 1379 5115 1434 5161; x_wconf 91' lang='lat' dir='ltr'><strong>et</strong></span> <span class='ocrx_word' id='word_1_635' title='bbox 1491 5109 1672 5164; x_wconf 85' lang='lat' dir='ltr'><strong>omnis</strong></span> 
     </span>
    </p>
   </div>
   <div class='ocr_carea' id='block_1_85' title="bbox 87 5194 1672 5276">
    <p class='ocr_par' dir='ltr' id='par_1_85' title="bbox 87 5194 1672 5276">
     <span class='ocr_line' id='line_1_85' title="bbox 87 5194 1672 5276; baseline 0.009 -30"><span class='ocrx_word' id='word_1_636' title='bbox 87 5194 421 5253; x_wconf 87' lang='lat' dir='ltr'><strong>immunditia</strong></span> <span class='ocrx_word' id='word_1_637' title='bbox 441 5207 534 5256; x_wconf 89' lang='lat' dir='ltr'><strong>aut</strong></span> <span class='ocrx_word' id='word_1_638' title='bbox 558 5201 787 5257; x_wconf 90' lang='lat' dir='ltr'><strong>avaritia</strong></span> <span class='ocrx_word' id='word_1_639' title='bbox 819 5215 928 5255; x_wconf 91' lang='lat' dir='ltr'><strong>non</strong></span> <span class='ocrx_word' id='word_1_640' title='bbox 959 5201 1267 5276; x_wconf 82' lang='lat' dir='ltr'><strong>nominetur</strong></span> <span class='ocrx_word' id='word_1_641' title='bbox 1296 5200 1348 5253; x_wconf 92' lang='lat' dir='ltr'><strong>in</strong></span> <span class='ocrx_word' id='word_1_642' title='bbox 1391 5202 1568 5270; x_wconf 88' lang='lat' dir='ltr'><strong>vobis,</strong></span> <span class='ocrx_word' id='word_1_643' title='bbox 1597 5202 1672 5259; x_wconf 36' lang='lat' dir='ltr'><strong>sis</strong></span> 
     </span>
    </p>
   </div>
   <div class='ocr_carea' id='block_1_86' title="bbox 87 5288 1672 5356">
    <p class='ocr_par' dir='ltr' id='par_1_86' title="bbox 87 5288 1672 5356">
     <span class='ocr_line' id='line_1_86' title="bbox 87 5288 1672 5356; baseline 0.007 -18"><span class='ocrx_word' id='word_1_644' title='bbox 87 5296 175 5341; x_wconf 88' lang='lat' dir='ltr'><strong>cut</strong></span> <span class='ocrx_word' id='word_1_645' title='bbox 200 5288 356 5343; x_wconf 90' lang='lat' dir='ltr'><strong>decet</strong></span> <span class='ocrx_word' id='word_1_646' title='bbox 398 5302 626 5356; x_wconf 88' lang='lat' dir='ltr'><strong>sanctos,</strong></span> <span class='ocrx_word' id='word_1_647' title='bbox 656 5305 751 5350; x_wconf 91' lang='lat' dir='ltr'><strong>aut</strong></span> <span class='ocrx_word' id='word_1_648' title='bbox 781 5291 1086 5356; x_wconf 80' lang='lat' dir='ltr'><strong>turpitudo,</strong></span> <span class='ocrx_word' id='word_1_649' title='bbox 1124 5301 1218 5348; x_wconf 89' lang='lat' dir='ltr'><strong>aut</strong></span> <span class='ocrx_word' id='word_1_650' title='bbox 1244 5291 1672 5356; x_wconf 77' lang='lat' dir='ltr'><strong>stultiloquium,</strong></span> 
     </span>
    </p>
   </div>
   <div class='ocr_carea' id='block_1_87' title="bbox 1772 3259 3367 3341">
    <p class='ocr_par' dir='ltr' id='par_1_87' title="bbox 1772 3259 3367 3341">
     <span class='ocr_line' id='line_1_87' title="bbox 1772 3259 3367 3341; baseline 0.007 -27"><span class='ocrx_word' id='word_1_651' title='bbox 1772 3259 1913 3314; x_wconf 90' lang='lat' dir='ltr'><strong>sicut</strong></span> <span class='ocrx_word' id='word_1_652' title='bbox 1957 3269 2012 3315; x_wconf 92' lang='lat' dir='ltr'><strong>et</strong></span> <span class='ocrx_word' id='word_1_653' title='bbox 2037 3263 2179 3331; x_wconf 90' lang='lat' dir='ltr'><strong>apud</strong></span> <span class='ocrx_word' id='word_1_654' title='bbox 2221 3278 2340 3330; x_wconf 91' lang='lat' dir='ltr'><strong>vos,</strong></span> <span class='ocrx_word' id='word_1_655' title='bbox 2384 3273 2440 3318; x_wconf 92' lang='lat' dir='ltr'><strong>et</strong></span> <span class='ocrx_word' id='word_1_656' title='bbox 2465 3274 2522 3320; x_wconf 93' lang='lat' dir='ltr'><strong>ut</strong></span> <span class='ocrx_word' id='word_1_657' title='bbox 2548 3265 2845 3322; x_wconf 88' lang='lat' dir='ltr'><strong>liberemur</strong></span> <span class='ocrx_word' id='word_1_658' title='bbox 2869 3268 2937 3323; x_wconf 92' lang='lat' dir='ltr'><strong>ab</strong></span> <span class='ocrx_word' id='word_1_659' title='bbox 2962 3267 3285 3341; x_wconf 84' lang='lat' dir='ltr'><strong>importunis</strong></span> <span class='ocrx_word' id='word_1_660' title='bbox 3309 3279 3367 3325; x_wconf 89' lang='lat' dir='ltr'><strong>et</strong></span> 
     </span>
    </p>
   </div>
   <div class='ocr_carea' id='block_1_88' title="bbox 1771 3353 3363 3419">
    <p class='ocr_par' dir='ltr' id='par_1_88' title="bbox 1771 3353 3363 3419">
     <span class='ocr_line' id='line_1_88' title="bbox 1771 3353 3363 3419; baseline 0.009 -14"><span class='ocrx_word' id='word_1_661' title='bbox 1771 3353 1929 3407; x_wconf 90' lang='lat' dir='ltr'><strong>malis</strong></span> <span class='ocrx_word' id='word_1_662' title='bbox 1990 3354 2323 3410; x_wconf 90' lang='lat' dir='ltr'><strong>hominibus.</strong></span> <span class='ocrx_word' id='word_1_663' title='bbox 2376 3354 2493 3411; x_wconf 87' lang='lat' dir='ltr'><strong>Non</strong></span> <span class='ocrx_word' id='word_1_664' title='bbox 2553 3359 2698 3413; x_wconf 89' lang='lat' dir='ltr'><strong>enim</strong></span> <span class='ocrx_word' id='word_1_665' title='bbox 2769 3360 3012 3416; x_wconf 91' lang='lat' dir='ltr'><strong>omnium</strong></span> <span class='ocrx_word' id='word_1_666' title='bbox 3080 3372 3164 3418; x_wconf 91' lang='lat' dir='ltr'><strong>est</strong></span> <span class='ocrx_word' id='word_1_667' title='bbox 3209 3363 3363 3419; x_wconf 83' lang='lat' dir='ltr'><strong>ﬁdes.</strong></span> 
     </span>
    </p>
   </div>
   <div class='ocr_carea' id='block_1_89' title="bbox 1771 3439 3370 3516">
    <p class='ocr_par' dir='ltr' id='par_1_89' title="bbox 1771 3439 3370 3516">
     <span class='ocr_line' id='line_1_89' title="bbox 1771 3439 3370 3516; baseline 0.008 -22"><span class='ocrx_word' id='word_1_668' title='bbox 1771 3439 1972 3497; x_wconf 89' lang='lat' dir='ltr'><strong>Fidelis</strong></span> <span class='ocrx_word' id='word_1_669' title='bbox 2038 3453 2218 3497; x_wconf 88' lang='lat' dir='ltr'><strong>autem</strong></span> <span class='ocrx_word' id='word_1_670' title='bbox 2276 3443 2419 3499; x_wconf 91' lang='lat' dir='ltr'><strong>Deus</strong></span> <span class='ocrx_word' id='word_1_671' title='bbox 2465 3454 2549 3500; x_wconf 85' lang='lat' dir='ltr'><strong>est</strong></span> <span class='ocrx_word' id='word_1_672' title='bbox 2601 3448 2692 3516; x_wconf 91' lang='lat' dir='ltr'><strong>qui</strong></span> <span class='ocrx_word' id='word_1_673' title='bbox 2741 3449 3086 3506; x_wconf 86' lang='lat' dir='ltr'><strong>confirmabit</strong></span> <span class='ocrx_word' id='word_1_674' title='bbox 3128 3467 3266 3516; x_wconf 91' lang='lat' dir='ltr'><strong>vos,</strong></span> <span class='ocrx_word' id='word_1_675' title='bbox 3312 3465 3370 3507; x_wconf 88' lang='lat' dir='ltr'><strong>ct</strong></span> 
     </span>
    </p>
   </div>
   <div class='ocr_carea' id='block_1_90' title="bbox 1771 3535 3368 3610">
    <p class='ocr_par' dir='ltr' id='par_1_90' title="bbox 1771 3535 3368 3610">
     <span class='ocr_line' id='line_1_90' title="bbox 1771 3535 3368 3610; baseline 0.005 -20"><span class='ocrx_word' id='word_1_676' title='bbox 1771 3535 2043 3590; x_wconf 88' lang='lat' dir='ltr'><strong>custodiet</strong></span> <span class='ocrx_word' id='word_1_677' title='bbox 2090 3550 2120 3589; x_wconf 94' lang='lat' dir='ltr'><strong>a</strong></span> <span class='ocrx_word' id='word_1_678' title='bbox 2162 3535 2325 3592; x_wconf 88' lang='lat' dir='ltr'><strong>malo.</strong></span> <span class='ocrx_word' id='word_1_679' title='bbox 2375 3535 2716 3609; x_wconf 86' lang='lat' dir='ltr'><strong>Quapropter</strong></span> <span class='ocrx_word' id='word_1_680' title='bbox 2760 3541 2944 3610; x_wconf 91' lang='lat' dir='ltr'><strong>ponite</strong></span> <span class='ocrx_word' id='word_1_681' title='bbox 2994 3542 3368 3598; x_wconf 85' lang='lat' dir='ltr'><strong>indesinenter</strong></span> 
     </span>
    </p>
   </div>
   <div class='ocr_carea' id='block_1_91' title="bbox 1771 3629 3369 3705">
    <p class='ocr_par' dir='ltr' id='par_1_91' title="bbox 1771 3629 3369 3705">
     <span class='ocr_line' id='line_1_91' title="bbox 1771 3629 3369 3705; baseline 0.003 -21"><span class='ocrx_word' id='word_1_682' title='bbox 1771 3629 1936 3684; x_wconf 90' lang='lat' dir='ltr'><strong>corda</strong></span> <span class='ocrx_word' id='word_1_683' title='bbox 1978 3636 2159 3684; x_wconf 92' lang='lat' dir='ltr'><strong>vestra</strong></span> <span class='ocrx_word' id='word_1_684' title='bbox 2229 3629 2284 3683; x_wconf 89' lang='lat' dir='ltr'><strong>in</strong></span> <span class='ocrx_word' id='word_1_685' title='bbox 2340 3630 2539 3688; x_wconf 87' lang='lat' dir='ltr'><strong>virtute</strong></span> <span class='ocrx_word' id='word_1_686' title='bbox 2589 3631 2808 3698; x_wconf 90' lang='lat' dir='ltr'><strong>Dei,et</strong></span> <span class='ocrx_word' id='word_1_687' title='bbox 2861 3632 3098 3688; x_wconf 90' lang='lat' dir='ltr'><strong>resistite</strong></span> <span class='ocrx_word' id='word_1_688' title='bbox 3152 3649 3369 3705; x_wconf 78' lang='lat' dir='ltr'><strong>semper</strong></span> 
     </span>
    </p>
   </div>
   <div class='ocr_carea' id='block_1_92' title="bbox 1772 3719 3368 3795">
    <p class='ocr_par' dir='ltr' id='par_1_92' title="bbox 1772 3719 3368 3795">
     <span class='ocr_line' id='line_1_92' title="bbox 1772 3719 3368 3795; baseline 0.004 -23"><span class='ocrx_word' id='word_1_689' title='bbox 1772 3719 1929 3774; x_wconf 86' lang='lat' dir='ltr'><strong>malis</strong></span> <span class='ocrx_word' id='word_1_690' title='bbox 1989 3729 2046 3775; x_wconf 88' lang='lat' dir='ltr'><strong>et</strong></span> <span class='ocrx_word' id='word_1_691' title='bbox 2093 3728 2343 3776; x_wconf 88' lang='lat' dir='ltr'><strong>enarrate</strong></span> <span class='ocrx_word' id='word_1_692' title='bbox 2391 3721 2507 3776; x_wconf 73' lang='lat' dir='ltr'><strong>haec</strong></span> <span class='ocrx_word' id='word_1_693' title='bbox 2545 3719 2702 3790; x_wconf 78' lang='lat' dir='ltr'><strong>juxta</strong></span> <span class='ocrx_word' id='word_1_694' title='bbox 2748 3738 2934 3779; x_wconf 87' lang='lat' dir='ltr'><strong>vocem</strong></span> <span class='ocrx_word' id='word_1_695' title='bbox 2986 3725 3262 3795; x_wconf 82' lang='lat' dir='ltr'><strong>prophetae</strong></span> <span class='ocrx_word' id='word_1_696' title='bbox 3314 3726 3368 3779; x_wconf 85' lang='lat' dir='ltr'><strong>in</strong></span> 
     </span>
    </p>
   </div>
   <div class='ocr_carea' id='block_1_93' title="bbox 1770 3808 3371 3880">
    <p class='ocr_par' dir='ltr' id='par_1_93' title="bbox 1770 3808 3371 3880">
     <span class='ocr_line' id='line_1_93' title="bbox 1770 3808 3371 3880; baseline 0.004 -18"><span class='ocrx_word' id='word_1_697' title='bbox 1770 3809 2056 3879; x_wconf 83' lang='lat' dir='ltr'><strong>progenies</strong></span> <span class='ocrx_word' id='word_1_698' title='bbox 2110 3808 2310 3865; x_wconf 90' lang='lat' dir='ltr'><strong>alteras</strong></span> <span class='ocrx_word' id='word_1_699' title='bbox 2340 3849 2357 3876; x_wconf 96' lang='lat'><strong>,</strong></span> <span class='ocrx_word' id='word_1_700' title='bbox 2401 3811 2656 3880; x_wconf 90' lang='lat' dir='ltr'><strong>quoniam</strong></span> <span class='ocrx_word' id='word_1_701' title='bbox 2728 3811 2820 3868; x_wconf 91' lang='lat' dir='ltr'><strong>hic</strong></span> <span class='ocrx_word' id='word_1_702' title='bbox 2889 3822 2972 3868; x_wconf 86' lang='lat' dir='ltr'><strong>est</strong></span> <span class='ocrx_word' id='word_1_703' title='bbox 3039 3814 3183 3869; x_wconf 91' lang='lat' dir='ltr'><strong>Deus</strong></span> <span class='ocrx_word' id='word_1_704' title='bbox 3227 3813 3371 3869; x_wconf 82' lang='lat' dir='ltr'><strong>Deus</strong></span> 
     </span>
    </p>
   </div>
   <div class='ocr_carea' id='block_1_94' title="bbox 1776 3899 3216 3978">
    <p class='ocr_par' dir='ltr' id='par_1_94' title="bbox 1776 3899 3216 3978">
     <span class='ocr_line' id='line_1_94' title="bbox 1776 3899 3216 3978; baseline 0.006 -24"><span class='ocrx_word' id='word_1_705' title='bbox 1776 3909 1966 3955; x_wconf 90' lang='lat' dir='ltr'><strong>noster</strong></span> <span class='ocrx_word' id='word_1_706' title='bbox 1996 3899 2048 3954; x_wconf 92' lang='lat' dir='ltr'><strong>iu</strong></span> <span class='ocrx_word' id='word_1_707' title='bbox 2075 3909 2360 3970; x_wconf 63' lang='lat' dir='ltr'><strong>aeternum,</strong></span> <span class='ocrx_word' id='word_1_708' title='bbox 2389 3912 2441 3958; x_wconf 90' lang='lat' dir='ltr'><strong>et</strong></span> <span class='ocrx_word' id='word_1_709' title='bbox 2469 3904 2583 3974; x_wconf 90' lang='lat' dir='ltr'><strong>ipse</strong></span> <span class='ocrx_word' id='word_1_710' title='bbox 2609 3915 2760 3978; x_wconf 87' lang='lat' dir='ltr'><strong>reget</strong></span> <span class='ocrx_word' id='word_1_711' title='bbox 2787 3923 2886 3964; x_wconf 91' lang='lat' dir='ltr'><strong>nos</strong></span> <span class='ocrx_word' id='word_1_712' title='bbox 2916 3907 2970 3962; x_wconf 92' lang='lat' dir='ltr'><strong>in</strong></span> <span class='ocrx_word' id='word_1_713' title='bbox 3000 3907 3216 3964; x_wconf 74' lang='lat' dir='ltr'><strong>szecula.</strong></span> 
     </span>
    </p>
   </div>
   <div class='ocr_carea' id='block_1_95' title="bbox 1847 3990 3370 4067">
    <p class='ocr_par' dir='ltr' id='par_1_95' title="bbox 1847 3990 3370 4067">
     <span class='ocr_line' id='line_1_95' title="bbox 1847 3990 3370 4067; baseline 0.003 -17"><span class='ocrx_word' id='word_1_714' title='bbox 1847 3990 2001 4050; x_wconf 89' lang='lat' dir='ltr'><strong>Unde</strong></span> <span class='ocrx_word' id='word_1_715' title='bbox 2028 4010 2144 4062; x_wconf 87' lang='lat' dir='ltr'><strong>vos,</strong></span> <span class='ocrx_word' id='word_1_716' title='bbox 2189 3995 2281 4065; x_wconf 90' lang='lat' dir='ltr'><strong>qui</strong></span> <span class='ocrx_word' id='word_1_717' title='bbox 2318 3996 2372 4050; x_wconf 91' lang='lat' dir='ltr'><strong>in</strong></span> <span class='ocrx_word' id='word_1_718' title='bbox 2405 3996 2622 4067; x_wconf 91' lang='lat' dir='ltr'><strong>specula</strong></span> <span class='ocrx_word' id='word_1_719' title='bbox 2654 4012 2686 4052; x_wconf 92' lang='lat' dir='ltr'><strong>a</strong></span> <span class='ocrx_word' id='word_1_720' title='bbox 2719 3998 2947 4056; x_wconf 92' lang='lat' dir='ltr'><strong>Domino</strong></span> <span class='ocrx_word' id='word_1_721' title='bbox 2989 3999 3122 4055; x_wconf 91' lang='lat' dir='ltr'><strong>estis</strong></span> <span class='ocrx_word' id='word_1_722' title='bbox 3163 3999 3370 4055; x_wconf 90' lang='lat' dir='ltr'><strong>consti-</strong></span> 
     </span>
    </p>
   </div>
   <div class='ocr_carea' id='block_1_96' title="bbox 1773 4083 3369 4160">
    <p class='ocr_par' dir='ltr' id='par_1_96' title="bbox 1773 4083 3369 4160">
     <span class='ocr_line' id='line_1_96' title="bbox 1773 4083 3369 4160; baseline 0.006 -25"><span class='ocrx_word' id='word_1_723' title='bbox 1773 4083 1894 4150; x_wconf 89' lang='lat' dir='ltr'><strong>tuti,</strong></span> <span class='ocrx_word' id='word_1_724' title='bbox 1935 4086 2296 4155; x_wconf 87' lang='lat' dir='ltr'><strong>comprimere</strong></span> <span class='ocrx_word' id='word_1_725' title='bbox 2338 4097 2395 4143; x_wconf 91' lang='lat' dir='ltr'><strong>et</strong></span> <span class='ocrx_word' id='word_1_726' title='bbox 2437 4088 2698 4158; x_wconf 89' lang='lat' dir='ltr'><strong>repellere</strong></span> <span class='ocrx_word' id='word_1_727' title='bbox 2741 4104 2834 4146; x_wconf 90' lang='lat' dir='ltr'><strong>eos</strong></span> <span class='ocrx_word' id='word_1_728' title='bbox 2883 4104 3228 4160; x_wconf 89' lang='lat' dir='ltr'><strong>summopere</strong></span> <span class='ocrx_word' id='word_1_729' title='bbox 3275 4089 3369 4144; x_wconf 89' lang='lat' dir='ltr'><strong>de-</strong></span> 
     </span>
    </p>
   </div>
   <div class='ocr_carea' id='block_1_97' title="bbox 1770 4175 3371 4250">
    <p class='ocr_par' dir='ltr' id='par_1_97' title="bbox 1770 4175 3371 4250">
     <span class='ocr_line' id='line_1_97' title="bbox 1770 4175 3371 4250; baseline 0.005 -22"><span class='ocrx_word' id='word_1_730' title='bbox 1770 4175 1931 4239; x_wconf 89' lang='lat' dir='ltr'><strong>betis,</strong></span> <span class='ocrx_word' id='word_1_731' title='bbox 1961 4175 2050 4245; x_wconf 90' lang='lat' dir='ltr'><strong>qui</strong></span> <span class='ocrx_word' id='word_1_732' title='bbox 2104 4176 2367 4234; x_wconf 85' lang='lat' dir='ltr'><strong>fratribus</strong></span> <span class='ocrx_word' id='word_1_733' title='bbox 2405 4177 2630 4234; x_wconf 90' lang='lat' dir='ltr'><strong>insidias</strong></span> <span class='ocrx_word' id='word_1_734' title='bbox 2680 4186 3011 4250; x_wconf 74' lang='lat' dir='ltr'><strong>praeparant,</strong></span> <span class='ocrx_word' id='word_1_735' title='bbox 3043 4187 3138 4234; x_wconf 88' lang='lat' dir='ltr'><strong>aut</strong></span> <span class='ocrx_word' id='word_1_736' title='bbox 3191 4181 3246 4234; x_wconf 91' lang='lat' dir='ltr'><strong>in</strong></span> <span class='ocrx_word' id='word_1_737' title='bbox 3274 4195 3371 4236; x_wconf 87' lang='lat' dir='ltr'><strong>eos</strong></span> 
     </span>
    </p>
   </div>
   <div class='ocr_carea' id='block_1_98' title="bbox 1771 4264 3369 4336">
    <p class='ocr_par' dir='ltr' id='par_1_98' title="bbox 1771 4264 3369 4336">
     <span class='ocr_line' id='line_1_98' title="bbox 1771 4264 3369 4336; baseline 0.002 -16"><span class='ocrx_word' id='word_1_738' title='bbox 1771 4264 2066 4321; x_wconf 91' lang='lat' dir='ltr'><strong>seditiones</strong></span> <span class='ocrx_word' id='word_1_739' title='bbox 2097 4306 2112 4332; x_wconf 93' lang='lat'><strong>,</strong></span> <span class='ocrx_word' id='word_1_740' title='bbox 2162 4275 2218 4322; x_wconf 90' lang='lat' dir='ltr'><strong>et</strong></span> <span class='ocrx_word' id='word_1_741' title='bbox 2263 4268 2522 4323; x_wconf 88' lang='lat' dir='ltr'><strong>scandala</strong></span> <span class='ocrx_word' id='word_1_742' title='bbox 2564 4269 2848 4336; x_wconf 78' lang='lat' dir='ltr'><strong>excitant;</strong></span> <span class='ocrx_word' id='word_1_743' title='bbox 2898 4269 3057 4326; x_wconf 89' lang='lat' dir='ltr'><strong>facile</strong></span> <span class='ocrx_word' id='word_1_744' title='bbox 3097 4279 3181 4326; x_wconf 90' lang='lat' dir='ltr'><strong>est</strong></span> <span class='ocrx_word' id='word_1_745' title='bbox 3221 4270 3369 4325; x_wconf 85' lang='lat' dir='ltr'><strong>enim</strong></span> 
     </span>
    </p>
   </div>
   <div class='ocr_carea' id='block_1_99' title="bbox 1775 4357 3375 4424">
    <p class='ocr_par' dir='ltr' id='par_1_99' title="bbox 1775 4357 3375 4424">
     <span class='ocr_line' id='line_1_99' title="bbox 1775 4357 3375 4424; baseline 0.004 -12"><span class='ocrx_word' id='word_1_746' title='bbox 1775 4357 2048 4412; x_wconf 90' lang='lat' dir='ltr'><strong>hominem</strong></span> <span class='ocrx_word' id='word_1_747' title='bbox 2070 4358 2234 4414; x_wconf 83' lang='lat' dir='ltr'><strong>verbo</strong></span> <span class='ocrx_word' id='word_1_748' title='bbox 2261 4357 2464 4424; x_wconf 88' lang='lat' dir='ltr'><strong>fallere,</strong></span> <span class='ocrx_word' id='word_1_749' title='bbox 2497 4360 2592 4416; x_wconf 90' lang='lat' dir='ltr'><strong>sed</strong></span> <span class='ocrx_word' id='word_1_750' title='bbox 2636 4375 2743 4416; x_wconf 91' lang='lat' dir='ltr'><strong>non</strong></span> <span class='ocrx_word' id='word_1_751' title='bbox 2767 4362 3079 4418; x_wconf 90' lang='lat' dir='ltr'><strong>Dominum.</strong></span> <span class='ocrx_word' id='word_1_752' title='bbox 3121 4363 3246 4420; x_wconf 89' lang='lat' dir='ltr'><strong>ideo</strong></span> <span class='ocrx_word' id='word_1_753' title='bbox 3268 4363 3375 4419; x_wconf 86' lang='lat' dir='ltr'><strong>bos</strong></span> 
     </span>
    </p>
   </div>
   <div class='ocr_carea' id='block_1_100' title="bbox 1774 4448 3370 4526">
    <p class='ocr_par' dir='ltr' id='par_1_100' title="bbox 1774 4448 3370 4526">
     <span class='ocr_line' id='line_1_100' title="bbox 1774 4448 3370 4526; baseline 0.004 -24"><span class='ocrx_word' id='word_1_754' title='bbox 1774 4448 2192 4520; x_wconf 86' lang='lat' dir='ltr'><strong>reprehendere,</strong></span> <span class='ocrx_word' id='word_1_755' title='bbox 2221 4458 2278 4505; x_wconf 92' lang='lat' dir='ltr'><strong>et</strong></span> <span class='ocrx_word' id='word_1_756' title='bbox 2315 4451 2385 4505; x_wconf 90' lang='lat' dir='ltr'><strong>ab</strong></span> <span class='ocrx_word' id='word_1_757' title='bbox 2427 4451 2514 4506; x_wconf 91' lang='lat' dir='ltr'><strong>his</strong></span> <span class='ocrx_word' id='word_1_758' title='bbox 2555 4466 2652 4508; x_wconf 89' lang='lat' dir='ltr'><strong>vos</strong></span> <span class='ocrx_word' id='word_1_759' title='bbox 2673 4460 2922 4510; x_wconf 88' lang='lat' dir='ltr'><strong>avertere</strong></span> <span class='ocrx_word' id='word_1_760' title='bbox 2963 4463 3201 4524; x_wconf 90' lang='lat' dir='ltr'><strong>oportet,</strong></span> <span class='ocrx_word' id='word_1_761' title='bbox 3233 4471 3370 4526; x_wconf 84' lang='lat' dir='ltr'><strong>qua-</strong></span> 
     </span>
    </p>
   </div>
   <div class='ocr_carea' id='block_1_101' title="bbox 1775 4540 3369 4617">
    <p class='ocr_par' dir='ltr' id='par_1_101' title="bbox 1775 4540 3369 4617">
     <span class='ocr_line' id='line_1_101' title="bbox 1775 4540 3369 4617; baseline 0.004 -23"><span class='ocrx_word' id='word_1_762' title='bbox 1775 4549 1932 4596; x_wconf 90' lang='lat' dir='ltr'><strong>tenus</strong></span> <span class='ocrx_word' id='word_1_763' title='bbox 1985 4543 2254 4596; x_wconf 81' lang='lat' dir='ltr'><strong>exstincta</strong></span> <span class='ocrx_word' id='word_1_764' title='bbox 2313 4540 2557 4597; x_wconf 88' lang='lat' dir='ltr'><strong>funditus</strong></span> <span class='ocrx_word' id='word_1_765' title='bbox 2604 4541 2914 4612; x_wconf 86' lang='lat' dir='ltr'><strong>hujusmodi</strong></span> <span class='ocrx_word' id='word_1_766' title='bbox 2971 4545 3226 4617; x_wconf 85' lang='lat' dir='ltr'><strong>caligine,</strong></span> <span class='ocrx_word' id='word_1_767' title='bbox 3275 4547 3369 4600; x_wconf 91' lang='lat' dir='ltr'><strong>lu-</strong></span> 
     </span>
    </p>
   </div>
   <div class='ocr_carea' id='block_1_102' title="bbox 1771 4629 3379 4701">
    <p class='ocr_par' dir='ltr' id='par_1_102' title="bbox 1771 4629 3379 4701">
     <span class='ocr_line' id='line_1_102' title="bbox 1771 4629 3379 4701; baseline 0 -15"><span class='ocrx_word' id='word_1_768' title='bbox 1771 4630 1906 4686; x_wconf 90' lang='lat' dir='ltr'><strong>cifer</strong></span> <span class='ocrx_word' id='word_1_769' title='bbox 1933 4629 2012 4686; x_wconf 91' lang='lat' dir='ltr'><strong>eis</strong></span> <span class='ocrx_word' id='word_1_770' title='bbox 2043 4630 2401 4701; x_wconf 81' lang='lat' dir='ltr'><strong>reSplendeat,</strong></span> <span class='ocrx_word' id='word_1_771' title='bbox 2443 4640 2499 4686; x_wconf 91' lang='lat' dir='ltr'><strong>et</strong></span> <span class='ocrx_word' id='word_1_772' title='bbox 2548 4631 2730 4688; x_wconf 71' lang='lat' dir='ltr'><strong>laetitia</strong></span> <span class='ocrx_word' id='word_1_773' title='bbox 2773 4634 2983 4690; x_wconf 91' lang='lat' dir='ltr'><strong>oriatur</strong></span> <span class='ocrx_word' id='word_1_774' title='bbox 3013 4635 3064 4690; x_wconf 90' lang='lat' dir='ltr'><strong>iu</strong></span> <span class='ocrx_word' id='word_1_775' title='bbox 3112 4635 3379 4690; x_wconf 30' lang='lat' dir='ltr'><strong>cordibus.</strong></span> 
     </span>
    </p>
   </div>
   <div class='ocr_carea' id='block_1_103' title="bbox 1772 4721 3364 4793">
    <p class='ocr_par' dir='ltr' id='par_1_103' title="bbox 1772 4721 3364 4793">
     <span class='ocr_line' id='line_1_103' title="bbox 1772 4721 3364 4793; baseline 0.001 -14"><span class='ocrx_word' id='word_1_776' title='bbox 1772 4737 1980 4779; x_wconf 86' lang='lat' dir='ltr'><strong>eorum.</strong></span> <span class='ocrx_word' id='word_1_777' title='bbox 1998 4721 2330 4780; x_wconf 82' lang='lat' dir='ltr'><strong>Conﬁdimus</strong></span> <span class='ocrx_word' id='word_1_778' title='bbox 2343 4737 2522 4780; x_wconf 86' lang='lat' dir='ltr'><strong>autem</strong></span> <span class='ocrx_word' id='word_1_779' title='bbox 2537 4723 2604 4780; x_wconf 91' lang='lat' dir='ltr'><strong>de</strong></span> <span class='ocrx_word' id='word_1_780' title='bbox 2619 4726 2790 4793; x_wconf 88' lang='lat' dir='ltr'><strong>vobis,</strong></span> <span class='ocrx_word' id='word_1_781' title='bbox 2810 4726 3031 4792; x_wconf 89' lang='lat' dir='ltr'><strong>fratres,</strong></span> <span class='ocrx_word' id='word_1_782' title='bbox 3048 4728 3100 4782; x_wconf 90' lang='lat' dir='ltr'><strong>in</strong></span> <span class='ocrx_word' id='word_1_783' title='bbox 3116 4727 3364 4792; x_wconf 89' lang='lat' dir='ltr'><strong>Domino,</strong></span> 
     </span>
    </p>
   </div>
   <div class='ocr_carea' id='block_1_104' title="bbox 1771 4813 3369 4887">
    <p class='ocr_par' dir='ltr' id='par_1_104' title="bbox 1771 4813 3369 4887">
     <span class='ocr_line' id='line_1_104' title="bbox 1771 4813 3369 4887; baseline 0.003 -20"><span class='ocrx_word' id='word_1_784' title='bbox 1771 4813 2026 4884; x_wconf 86' lang='lat' dir='ltr'><strong>quoniam</strong></span> <span class='ocrx_word' id='word_1_785' title='bbox 2043 4829 2163 4885; x_wconf 67' lang='lat' dir='ltr'><strong>quae</strong></span> <span class='ocrx_word' id='word_1_786' title='bbox 2193 4815 2546 4885; x_wconf 57' lang='lat' dir='ltr'><strong>praecepimus</strong></span> <span class='ocrx_word' id='word_1_787' title='bbox 2560 4824 2614 4872; x_wconf 91' lang='lat' dir='ltr'><strong>et</strong></span> <span class='ocrx_word' id='word_1_788' title='bbox 2626 4815 2825 4883; x_wconf 85' lang='lat' dir='ltr'><strong>facitis,</strong></span> <span class='ocrx_word' id='word_1_789' title='bbox 2837 4827 2892 4873; x_wconf 90' lang='lat' dir='ltr'><strong>et</strong></span> <span class='ocrx_word' id='word_1_790' title='bbox 2906 4817 3369 4887; x_wconf 82' lang='lat' dir='ltr'><strong>facietis.|Quanto</strong></span> 
     </span>
    </p>
   </div>
   <div class='ocr_carea' id='block_1_105' title="bbox 1772 4904 3369 4978">
    <p class='ocr_par' dir='ltr' id='par_1_105' title="bbox 1772 4904 3369 4978">
     <span class='ocr_line' id='line_1_105' title="bbox 1772 4904 3369 4978; baseline 0.003 -20"><span class='ocrx_word' id='word_1_791' title='bbox 1772 4919 1920 4958; x_wconf 79' lang='lat' dir='ltr'><strong>enim</strong></span> <span class='ocrx_word' id='word_1_792' title='bbox 1950 4904 2215 4962; x_wconf 80' lang='lat' dir='ltr'><strong>beneficia</strong></span> <span class='ocrx_word' id='word_1_793' title='bbox 2261 4915 2440 4962; x_wconf 90' lang='lat' dir='ltr'><strong>vestra</strong></span> <span class='ocrx_word' id='word_1_794' title='bbox 2479 4907 2568 4963; x_wconf 90' lang='lat' dir='ltr'><strong>his</strong></span> <span class='ocrx_word' id='word_1_795' title='bbox 2597 4908 2828 4978; x_wconf 88' lang='lat' dir='ltr'><strong>amplius</strong></span> <span class='ocrx_word' id='word_1_796' title='bbox 2874 4907 3145 4964; x_wconf 80' lang='lat' dir='ltr'><strong>exhibetis</strong></span> <span class='ocrx_word' id='word_1_797' title='bbox 3170 4948 3186 4973; x_wconf 96' lang='lat'><strong>,</strong></span> <span class='ocrx_word' id='word_1_798' title='bbox 3219 4915 3369 4964; x_wconf 88' lang='lat' dir='ltr'><strong>tanto</strong></span> 
     </span>
    </p>
   </div>
   <div class='ocr_carea' id='block_1_106' title="bbox 1779 4997 3372 5068">
    <p class='ocr_par' dir='ltr' id='par_1_106' title="bbox 1779 4997 3372 5068">
     <span class='ocr_line' id='line_1_106' title="bbox 1779 4997 3372 5068; baseline 0.003 -16"><span class='ocrx_word' id='word_1_799' title='bbox 1779 4997 2042 5068; x_wconf 87' lang='lat' dir='ltr'><strong>majorem</strong></span> <span class='ocrx_word' id='word_1_800' title='bbox 2100 4998 2528 5055; x_wconf 88' lang='lat' dir='ltr'><strong>vicissitudinem</strong></span> <span class='ocrx_word' id='word_1_801' title='bbox 2602 5000 2669 5055; x_wconf 91' lang='lat' dir='ltr'><strong>ab</strong></span> <span class='ocrx_word' id='word_1_802' title='bbox 2717 4998 3077 5067; x_wconf 88' lang='lat' dir='ltr'><strong>omnipotenti</strong></span> <span class='ocrx_word' id='word_1_803' title='bbox 3125 4999 3237 5056; x_wconf 90' lang='lat' dir='ltr'><strong>Deo</strong></span> <span class='ocrx_word' id='word_1_804' title='bbox 3279 4999 3372 5056; x_wconf 85' lang='lat' dir='ltr'><strong>cui</strong></span> 
     </span>
    </p>
   </div>
   <div class='ocr_carea' id='block_1_107' title="bbox 1777 5093 3377 5166">
    <p class='ocr_par' dir='ltr' id='par_1_107' title="bbox 1777 5093 3377 5166">
     <span class='ocr_line' id='line_1_107' title="bbox 1777 5093 3377 5166; baseline 0.001 -18"><span class='ocrx_word' id='word_1_805' title='bbox 1777 5093 2022 5149; x_wconf 90' lang='lat' dir='ltr'><strong>serviunt</strong></span> <span class='ocrx_word' id='word_1_806' title='bbox 2079 5095 2430 5166; x_wconf 71' lang='lat' dir='ltr'><strong>exspectatis.</strong></span> <span class='ocrx_word' id='word_1_807' title='bbox 2482 5093 2840 5165; x_wconf 85' lang='lat' dir='ltr'><strong>Omnipotens</strong></span> <span class='ocrx_word' id='word_1_808' title='bbox 2912 5095 3056 5152; x_wconf 90' lang='lat' dir='ltr'><strong>Deus</strong></span> <span class='ocrx_word' id='word_1_809' title='bbox 3115 5110 3212 5151; x_wconf 88' lang='lat' dir='ltr'><strong>sua</strong></span> <span class='ocrx_word' id='word_1_810' title='bbox 3274 5109 3377 5150; x_wconf 88' lang='lat' dir='ltr'><strong>vos</strong></span> 
     </span>
    </p>
   </div>
   <div class='ocr_carea' id='block_1_108' title="bbox 1778 5184 3372 5260">
    <p class='ocr_par' dir='ltr' id='par_1_108' title="bbox 1778 5184 3372 5260">
     <span class='ocr_line' id='line_1_108' title="bbox 1778 5184 3372 5260; baseline -0.003 -19"><span class='ocrx_word' id='word_1_811' title='bbox 1778 5185 2118 5256; x_wconf 87' lang='lat' dir='ltr'><strong>protectione</strong></span> <span class='ocrx_word' id='word_1_812' title='bbox 2194 5186 2467 5242; x_wconf 88' lang='lat' dir='ltr'><strong>custodiat</strong></span> <span class='ocrx_word' id='word_1_813' title='bbox 2513 5184 2886 5258; x_wconf 87' lang='lat' dir='ltr'><strong>honoremque</strong></span> <span class='ocrx_word' id='word_1_814' title='bbox 2947 5197 3006 5243; x_wconf 90' lang='lat' dir='ltr'><strong>et</strong></span> <span class='ocrx_word' id='word_1_815' title='bbox 3041 5195 3372 5260; x_wconf 59' lang='lat' dir='ltr'><strong>praeceptum</strong></span> 
     </span>
    </p>
   </div>
   <div class='ocr_carea' id='block_1_109' title="bbox 1777 5273 3374 5347">
    <p class='ocr_par' dir='ltr' id='par_1_109' title="bbox 1777 5273 3374 5347">
     <span class='ocr_line' id='line_1_109' title="bbox 1777 5273 3374 5347; baseline -0.004 -13"><span class='ocrx_word' id='word_1_816' title='bbox 1777 5292 1998 5334; x_wconf 90' lang='lat' dir='ltr'><strong>servare</strong></span> <span class='ocrx_word' id='word_1_817' title='bbox 2059 5277 2362 5344; x_wconf 88' lang='lat' dir='ltr'><strong>concedat,</strong></span> <span class='ocrx_word' id='word_1_818' title='bbox 2413 5284 2470 5330; x_wconf 89' lang='lat' dir='ltr'><strong>et</strong></span> <span class='ocrx_word' id='word_1_819' title='bbox 2518 5277 2690 5346; x_wconf 87' lang='lat' dir='ltr'><strong>gloria</strong></span> <span class='ocrx_word' id='word_1_820' title='bbox 2739 5278 3024 5347; x_wconf 89' lang='lat' dir='ltr'><strong>honorque</strong></span> <span class='ocrx_word' id='word_1_821' title='bbox 3070 5279 3180 5334; x_wconf 89' lang='lat' dir='ltr'><strong>Deo</strong></span> <span class='ocrx_word' id='word_1_822' title='bbox 3222 5273 3374 5331; x_wconf 89' lang='lat' dir='ltr'><strong>Patri</strong></span> 
     </span>
    </p>
   </div>
  </div>
