3926 6432
603 352 698 408 151

1363 359 1654 415 ᾹΡΡΕΝΙ).
1695 360 1786 414 AD
1825 360 1998 417 SEC.
2037 360 2127 416 IX.
2168 393 2181 402 -

2284 359 2521 416 lSlDORi
2559 357 3000 416 MERCATORI'S
3747 353 3826 409 152

615 461 3816 488 MM

1095 613 1734 706 INCIPIUNT
1810 620 2344 710 DECRETA
2420 619 2906 707 FABIANI
2978 617 3366 706 PAP/E.

1701 826 1862 890 (Anno
1884 831 2077 880 Domini
2103 831 2212 890 242,
2236 830 2388 881 Decio
2409 831 2724 893 imperante.)

665 1109 1041 1164 Dilectissimis
1085 1111 1285 1180 ubique
1327 1112 1607 1168 catholicae
1655 1113 1910 1168 Ecclesire
1957 1113 2186 1168 commi-
2215 1096 2260 1154 Α
2289 1119 2344 1164 et
2381 1109 2650 1164 convertit
2698 1107 2750 1163 in
2803 1121 3023 1176 pravam
3072 1106 3398 1162 doctrinam.
3431 1107 3474 1160 Α
3513 1109 3695 1180 quibus
3730 1128 3833 1180 V09,-

594 1198 782 1252 nistris
813 1199 1106 1264 Fabianus,
1144 1200 1371 1255 salutem
1421 1203 1474 1256 ill
1506 1203 1752 1258 Domino.
1782 1203 1990 1258 Divinis
2039 1218 2174 1272 prie-

594 1290 763 1359 ceptis
808 1299 864 1345 et
916 1291 1224 1362 apostolicis
1277 1308 1559 1349 monemur
1621 1296 1883 1352 institutis
1949 1305 2009 1349 ut
2076 1311 2174 1365 pro

592 1389 908 1435 cunctarum
960 1382 1319 1438 Ecclesiarllm
1395 1394 1536 1440 statu
1601 1387 1829 1456 impigro
1893 1387 2176 1458 vigilemus

593 1469 807 1534 aﬁ‘ectu,
841 1474 979 1528 unde
1026 1489 1363 1544 consequens
1392 1485 1476 1530 est
1506 1477 1702 1532 debere
1743 1494 1839 1533 vos
1866 1467 2029 1540 scire,
2057 1493 2176 1548 quae

594 1564 736 1633 apud
773 1565 1068 1620 Romanam
1111 1567 1162 1621 in
1212 1584 1368 1624 sacro
1415 1580 1647 1641 aguntur
1699 1572 1804 1625 ritu
1855 1571 2172 1635 Ecclesium,

530 1671 534 1678 ·
593 1662 654 1705 ut
695 1653 812 1721 ejus
858 1665 1142 1725 sequentes
1199 1661 1465 1729 exempla,
1508 1662 1624 1730 ejus
1661 1662 1772 1716 veri
1815 1662 1904 1716 ﬁlii
1937 1663 2176 1718 invenia-

592 1742 748 1808 mini,
779 1759 899 1814 quae
949 1755 1127 1800 vestra
1173 1763 1256 1802 εει
1305 1759 1478 1804 mater
1526 1760 1735 1806 vocata.
1783 1750 1999 1821 Septem
2047 1767 2176 1823 ergo

592 1833 846 1888 diaconos
893 1835 945 1889 ill
987 1835 1118 1891 urbe
1150 1837 1320 1893 Roma
1348 1854 1444 1910 per
1474 1852 1676 1911 septem
1710 1843 1959 1913 regiones
1988 1843 2177 1898 civita-

593 1920 697 1987 tis,
730 1921 869 1975 sicut
910 1938 940 1976 a
972 1926 1215 1994 patribus
1265 1930 1604 1999 accepimus,
1632 1931 1910 1998 habemus,
1945 1933 2034 2002 qui
2083 1948 2178 2003 per

592 2009 833 2081 singulas
871 2013 1234 2073 hebdomadas
1263 2029 1318 2073 et
1353 2018 1661 2077 Dominicos
1703 2023 1816 2078 dies
1838 2033 2001 2094 atque
2030 2023 2180 2078 festi-

589 2101 817 2156 vitatuln
865 2106 1122 2160 solemnia
1169 2123 1292 2163 eum
1339 2103 1762 2170 subdiaconibus
1810 2123 1866 2168 et
1921 2114 2175 2186 acolytis,

592 2211 658 2250 ac
707 2199 1047 2267 Sequentiuln
1101 2203 1356 2258 ordinum
1410 2205 1716 2272 ministris,
1765 2199 2024 2277 linjnncta
2076 2207 2177 2263 sibi

590 2285 885 2341 observant
911 2289 1211 2345 ministeria
1240 2301 1295 2347 et
1315 2296 1484 2362 parati
1513 2297 1659 2350 omni
1689 2299 1820 2352 hora
1850 2306 1977 2352 sunt
2003 2297 2069 2352 ad
2093 2296 2177 2352 di-

598 2375 777 2430 vinum
816 2377 1044 2433 oﬁicinm
1089 2391 1143 2435 et
1166 2383 1426 2453 quidquid
1457 2387 1537 2442 eis
1585 2389 1882 2461 injungitur
1921 2404 2182 2462 peragen-

2279 1198 2498 1265 fratres,
2530 1197 2763 1254 avertite
2795 1206 2851 1252 et
2895 1206 3084 1252 cavete
3126 1198 3193 1252 ab
3233 1197 3488 1253 omnibus
3530 1201 3618 1268 qui
3645 1202 3826 1258 alteram

2278 1291 2438 1346 ﬁdem
2472 1298 2526 1345 et
2542 1290 2840 1345 doctrinam
2867 1296 3049 1344 tenent
3075 1304 3238 1359 quam
3265 1289 3489 1360 apostoli
3519 1300 3571 1346 et
3595 1307 3824 1350 successo-

2276 1395 2365 1436 res
2389 1394 2576 1434 eorum
2605 1386 2896 1434 tenuerunt
2925 1387 2979 1434 et
3018 1377 3340 1445 docuerunt,
3389 1397 3478 1444 ne,
3527 1383 3660 1450 quod
3697 1383 3824 1449 absit,

2276 1480 2398 1542 post
2448 1485 2570 1524 eum
2601 1469 2880 1534 abeuntes,
2912 1471 2964 1524 in
3023 1469 3276 1539 laqueum
3325 1482 3530 1526 satana:
3577 1473 3758 1526 cadatis
3782 1483 3823 1526 et

2277 1560 2628 1630 compedibus
2663 1560 2781 1630 ejus
2836 1559 3146 1614 tenealnini.
3187 1559 3343 1616 Unde
3390 1561 3723 1618 fraternitatis
3755 1578 3822 1635 res

2278 1663 2406 1709 strae
2470 1653 2792 1708 charitatem
2845 1653 3049 1707 intimis
3093 1653 3445 1710 obsecramus
3494 1655 3824 1724 precibus,ut

2278 1753 2477 1800 nostra:
2541 1745 2826 1814 parvitatis
2894 1744 2946 1798 in
3025 1745 3220 1800 vestris
3305 1747 3480 1802 sacris
3541 1747 3826 1802 orationibus

2280 1849 2555 1892 memores
2601 1850 2724 1890 esse
2771 1835 3112 1906 dignemini,
3142 1844 3366 1892 orantes
3417 1852 3480 1892 ac
3525 1837 3826 1907 deprecantes

2279 1925 2565 1981 Dominum
2611 1923 2772 1988 coeli,
2837 1932 2895 1978 ut
2954 1933 3062 1978 tam
3129 1940 3228 1980 nos
3272 1940 3435 1996 quam
3481 1935 3655 1982 sancta
3693 1933 3829 1980 mater

2279 2017 2522 2073 Ecclesia
2564 2016 2766 2078 Christi
2815 2015 3055 2086 pretioso
3085 2018 3350 2088 sanguine
3403 2018 3729 2088 redempta,a
3770 2016 3827 2068 la-

2281 2110 2436 2179 queis
2482 2108 2733 2164 venantis
2780 2117 2986 2163 satanie
3036 2119 3092 2165 et
3142 2109 3212 2164 ab
3266 2110 3590 2180 importunis
3635 2117 3684 2165 et
3710 2107 3827 2163 malis

2281 2197 2589 2254 hominibus
2615 2197 2926 2262 liberemur,
2952 2206 3007 2253 et
3036 2213 3219 2256 sermo
3249 2200 3349 2256 Dei
3378 2210 3562 2256 currat
3588 2209 3637 2255 et
3665 2198 3822 2255 clariﬁ-

2281 2298 2457 2356 cetur,
2493 2297 2548 2344 et
2577 2303 2743 2360 prava
2772 2303 2963 2345 eorum
2991 2298 3047 2346 et
3087 2291 3338 2346 omnium
3376 2306 3624 2363 perversa
3663 2290 3826 2345 docen-

2286 2384 2416 2437 tium
2465 2389 2684 2438 corruat
2743 2382 2992 2438 doctrina
3066 2392 3228 2454 atque
3289 2385 3528 2441 deﬁciat.
3589 2385 3828 2440 Precamur

591 2468 739 2524 dum.
775 2468 1035 2527 Similiter
1078 2483 1134 2528 et
1153 2475 1330 2542 vobis,
1383 2487 1538 2546 prout
1585 2491 1950 2549 opportunum
1995 2480 2176 2547 fuerit,
2209 2464 2255 2523 Β
2283 2476 2445 2532 etiam
2497 2483 2556 2529 ut
2600 2474 2814 2545 pietatis
2860 2484 3057 2531 vestrae
3105 2477 3360 2546 precibus
3419 2478 3691 2549 impetrare
3743 2482 3823 2529 stu-

592 2575 690 2630 pcr
732 2561 972 2634 singulas
1019 2567 1268 2622 civitates
1319 2577 1403 2624 est
1450 2570 1794 2640 faciendum,
1832 2585 1892 2630 ut
1939 2577 2177 2630 divinum

593 2651 797 2720 absque
824 2653 930 2708 ulla
958 2671 1107 2710 mora
1135 2666 1190 2712 et
1221 2659 1541 2730 negligentia
1569 2663 1808 2720 studiose
1837 2681 1900 2720 ac
1923 2666 2181 2723 solemni-

597 2753 891 2815 ter'agatnr
913 2746 1166 2802 ollicium.
1198 2750 1438 2821 Denique
1463 2760 1666 2823 septem
1695 2756 1943 2812 similiter
1965 2759 2182 2813 subdia-

595 2851 761 2892 conos
801 2839 1171 2897 ortlinavinlus
1207 2843 1297 2913 qui
1341 2853 1545 2913 septem
1573 2848 1800 2903 notariis
1838 2849 2184 2904 imminerent

599 2939 656 2982 et
686 2938 837 2999 gesta
886 2942 1186 3003 martyrum
1217 2939 1482 2992 veraciter
1521 2939 1572 2993 in
1621 2939 1830 3011 integro
1869 2942 2184 3014 colligerent

595 3020 860 3090 nobisque
913 3023 1156 3079 rimanda
1203 3028 1615 3084 manifestarent
1643 3072 1657 3096 ,
1689 3034 1832 3101 quod
1879 3033 2038 3088 etiam
2090 3047 2184 3087 vos

593 3125 785 3165 omnes
833 3127 993 3183 agere
1040 3129 1340 3179 monemus,
1371 3123 1439 3172 ne
1489 3119 1541 3174 in
1586 3131 1861 3190 posterum
1895 3123 2072 3194 aliqua
2116 3140 2184 3178 ex

596 3201 682 3256 his
720 3202 982 3260 dubitatio
1025 3203 1136 3269 ﬁat,
1188 3211 1540 3279 quaestioque'
1572 3214 1781 3267 oriatur
1809 3254 1824 3279 ,
1877 3233 1894 3264 α
1930 3215 2182 3283 quoniam

594 3292 776 3346 omnia
829 3308 948 3362 qure
1015 3298 1217 3365 scripta
1268 3309 1395 3354 sunt
1446 3302 1514 3356 ad
1572 3312 1811 3358 nostram
1881 3305 2184 3359 doctrinam

595 3383 796 3453 scripta
826 3396 972 3440 sunt.
1010 3408 1027 3439 ι
1074 3387 1142 3442 Ει
1171 3405 1289 3458 quae
1331 3393 1532 3448 nostris
1560 3397 1890 3465 temporibus
1920 3398 2188 3451 veraciter

596 3475 909 3530 scribuntur
939 3479 1004 3532 ad
1052 3478 1356 3536 futurorum
1399 3485 1698 3538 doctrinam
1749 3487 2070 3557 diriguntur.
2122 3488 2188 3541 Et.

596 3563 718 3618 ideo
745 3563 1073 3621 ﬁdelissimis
1120 3571 1234 3626 haec
1264 3573 1476 3643 negotia
1520 3575 1783 3629 committi
1819 3576 2184 3647 praecipimus,

597 3668 668 3708 ne
711 3654 887 3724 aliqua
943 3658 996 3711 in
1053 3659 1134 3714 eis
1177 3660 1353 3716 illusio
1396 3664 1702 3720 inveniatur
1753 3681 1820 3721 ex
1864 3682 1970 3736 qua
2019 3667 2187 3722 ﬁdeli-

593 3745 697 3801 bus
725 3749 1060 3814 scandalum,
1091 3753 1234 3820 quod
1261 3753 1421 3820 absit,
1463 3756 1691 3823 oriatur,
1720 3759 1864 3812 unde
1903 3769 1957 3812 et
2001 3759 2186 3814 chari-

597 3843 764 3889 tatem
805 3848 1038 3893 vestram
1063 3849 1286 3910 paterna
1311 3843 1594 3901 dulcedine
1617 3852 1852 3915 petimus
1882 3857 1942 3902 ut
1975 3848 2029 3903 in
2057 3865 2188 3904 cull-

597 3927 700 3983 clis
729 3927 983 3984 aﬁ‘ectum
1018 3941 1212 3988 vestrae
1237 3935 1518 3992 charitatis
1542 3946 1730 3993 sancta
1765 3939 1925 3996 modo
1948 3941 2188 3997 Ecclesia

596 4017 840 4073 inveniat
878 4030 932 4075 et
953 4020 1155 4079 favoris
1190 4026 1356 4081 vestri
1394 4027 1600 4084 solatiis
1621 4043 1942 4101 quocunque
1965 4045 2187 4087 necesse

596 4106 782 4171 fuerit,
812 4111 1071 4179 potiatur.
1102 4113 1167 4168 Et
1191 4115 1334 4169 sicut
1363 4116 1575 4172 bonitas
1599 4117 1760 4174 studii
1801 4121 1967 4175 vestri
2014 4123 2080 4176 de
2126 4137 2188 4177 se

592 4201 750 4257 nobis
800 4201 1181 4258 certitudinem
1227 4205 1432 4275 priebet
1466 4247 1481 4273 ,
1536 4215 1595 4261 ut
1641 4208 1696 4262 in
1751 4209 1898 4266 nullo
1945 4209 2186 4267 difﬁdere

593 4293 888 4348 debeamus
937 4295 1004 4350 de
1047 4309 1110 4350 ea
1148 4336 1162 4363 ,
1209 4299 1302 4353 sed
1349 4300 1523 4370 magis
1569 4311 1632 4356 ut
1684 4305 2016 4372 sapientibus
2064 4305 2187 4363 ﬁliis

594 4382 852 4439 Ecclesiae
899 4395 1131 4451 nostrae,
1179 4389 1294 4445 hare
1342 4390 1664 4448 ﬁducialiter
1710 4395 2182 4462 commendemus,

594 4477 669 4530 ita
731 4486 853 4545 post
900 4480 1106 4548 positas
1159 4487 1579 4552 opportunitatis
1645 4489 1960 4544 occasiones
2001 4499 2184 4545 vestra

592 4564 830 4622 eﬁicacia
887 4569 1170 4628 elaborare
1223 4575 1436 4631 enixius
1487 4578 1666 4644 debet,
1708 4591 1870 4650 atque
1912 4582 1964 4635 in
2011 4584 2184 4638 modis

591 4659 789 4728 quibus
817 4662 1071 4730 possibile
1102 4664 1263 4721 fuerit
1283 4669 1429 4723 omni
1460 4672 1637 4726 studio
1666 4673 1884 4743 abigere
1903 4684 2186 4731 contume-

591 4749 712 4804 lias.
762 4751 1052 4806 llortamur
1092 4756 1254 4810 etiam
1303 4774 1419 4826 vos,
1465 4760 1620 4828 juxta
1669 4765 1871 4819 dictum
1917 4765 2180 4835 Apostoli,

591 4843 814 4897 stabiles
849 4859 968 4900 esse
989 4855 1044 4900 et
1077 4847 1400 4916 immobiles,
1432 4853 1768 4910 abundantes
1805 4857 1858 4912 in
1890 4873 2054 4927 Opere
2083 4858 2183 4915 Do-

593 4935 721 4987 mini
766 4951 1000 5007 semper,
1053 4943 1288 4997 scientes
1337 4947 1479 5012 quod
1533 4947 1688 5001 labor
1721 4957 1899 5004 vester
1945 4966 2050 5004 non
2102 4959 2185 5007 est

590 5024 770 5078 inanis
815 5027 867 5079 in
917 5029 1159 5097 Domino,
1192 5043 1246 5087 et
1288 5035 1416 5090 alibi
1466 5054 1478 5089 :
1542 5059 1558 5088 ι
1600 5037 1832 5108 Vigilate
1859 5050 2091 5097 ctorate
2130 5052 2184 5096 et

592 5123 733 5169 state
763 5117 816 5170 ill
856 5118 981 5184 ﬁde,
1021 5122 1251 5179 viriliter
1277 5128 1420 5196 agite
1469 5138 1523 5183 et
1551 5130 1955 5199 eonfortamini,
2002 5135 2181 5190 omnia

592 5213 771 5259 vestra
809 5207 860 5260 in
891 5211 1157 5268 charitatc
1191 5216 1321 5272 ﬁant
1351 5218 1402 5290 (Ι
1425 5217 1548 5274 Cor.
1581 5238 1694 5288 xvi,
1722 5223 1811 5290 15,
1839 5223 1948 5298 14).
1982 5244 2000 5277 ι

663 5296 888 5368 Insuper
917 5309 971 5355 et
1019 5303 1146 5361 illud
1178 5323 1272 5364 vos
1298 5310 1438 5366 scire
1485 5312 1876 5382 desideramus,
1908 5296 2034 5386 quia
2081 5332 2180 5374 no-

590 5388 721 5444 stris
790 5394 1124 5462 temporibus
1187 5402 1636 5471 prtepedientibus
1698 5406 1914 5476 quidem
1979 5410 2180 5466 nostris

590 5483 854 5551 peccatis,
874 5487 1132 5543 suadente
1161 5493 1383 5562 antiquo
1425 5495 1580 5552 hoste
1610 5498 1702 5568 qui
1735 5510 2069 5570 sempemut
2094 5502 2177 5558 leo

590 5574 837 5644 rugiens,
864 5578 1057 5636 circuit.
1078 5597 1326 5652 quaerens
1352 5603 1511 5657 quem
1533 5591 1772 5646 devoret.
1804 5609 1825 5644 ι
1855 5591 2178 5664 Supervenit

589 5665 831 5724 Novatus
866 5686 932 5725 ex
970 5671 1175 5740 Africa,
1206 5685 1260 5731 et
1299 5682 1566 5749 separavit
1592 5683 1660 5739 de
1703 5683 1946 5741 Ecclesia
1974 5685 2174 5745 Christi

592 5758 949 5819 Novatiannnl
1001 5775 1052 5821 et
1083 5769 1341 5838 quosdam
1383 5774 1518 5831 alios
1563 5775 1763 5834 Christi
1811 5779 2173 5850 confessores,

2216 3807 2263 3871 C

2284 2571 2498 2634 deatis,
2551 2579 2611 2624 ut
2672 2568 2814 2624 Deus
2860 2579 2917 2624 et
2970 2569 3232 2626 Dominus
3289 2580 3478 2626 noster
3519 2568 3664 2625 Jesus
3709 2566 3826 2621 Chri-

2284 2673 2400 2718 stus
2443 2661 2550 2733 35
2592 2661 2683 2731 qui
2729 2660 2844 2715 vult
2908 2675 3097 2716 omnes
3146 2662 3397 2717 homines
3437 2661 3607 2716 salvos
3660 2657 3754 2713 ﬁeri
3787 2666 3826 2709 et

2284 2755 2555 2810 neminem
2619 2753 2797 2824 perire
2853 2768 2950 2808 sua
3000 2753 3202 2823 ingenti
3250 2753 3638 2824 omnipotentia
3688 2763 3824 2805 rever-

2287 2848 2323 2900 ti
2370 2846 2533 2900 faciat
2576 2846 2740 2900 cortla
2787 2853 2976 2900 eurum
3015 2847 3083 2900 ad
3119 2859 3310 2900 sanam
3355 2845 3644 2901 doctrinam
3679 2849 3726 2896 ct
3758 2854 3824 2892 ca-

2286 2918 2536 2989 tholicam
2595 2934 2800 3000 ﬁdem,
2857 2942 3125 3003 quatenus
3191 2936 3518 3007 resipiscant
3572 2949 3601 2988 a
3672 2927 3822 2985 diaboli

2286 3027 2496 3098 laqueis
2544 3027 2741 3098 quibus
2767 3031 2908 3098 capti
2939 3036 3210 3094 tenentur,
3260 3038 3321 3084 et
3361 3033 3699 3100 aggregentur
3733 3020 3823 3074 liliis

2287 3119 2478 3172 matris
2551 3117 2841 3185 Ecclesite;
2895 3118 3309 3174 reminiscentes
3381 3131 3589 3188 quoque
3645 3113 3821 3166 fratrum

2286 3221 2616 3275 vestrorum,
2664 3210 2998 3265 miseremini
3031 3209 3242 3264 illorum
3285 3211 3485 3281 quibus
3526 3205 3724 3278 potestis
3754 3202 3825 3253 bo-

2288 3303 2373 3358 nis
2423 3303 2616 3357 studiis
2642 3303 2837 3357 vestris
2885 3316 2953 3356 nc
3008 3302 3324 3373 perdantur,
3379 3301 3470 3357 sed
3528 3308 3582 3354 et
3622 3290 3824 3366 precibus

2286 3405 2343 3450 et
2371 3395 2492 3451 aliis
2535 3395 2796 3450 bonitatis
2840 3405 3036 3450 vestra:
3093 3395 3284 3450 studiis
3331 3395 3550 3450 Domino
3583 3389 3819 3470 salventllr.

2286 3487 2362 3541 Ita
2395 3502 2524 3558 ergo
2572 3487 2624 3541 in
2675 3488 2759 3543 his
2790 3488 2952 3558 agite,
2989 3497 3048 3542 ut
3094 3489 3410 3556 obedientes
3454 3487 3545 3542 ﬁlii
3579 3495 3628 3540 et
3672 3477 3815 3576 ﬁdeles

2288 3590 2492 3634 sancta:
2545 3578 2641 3635 Dei
2683 3580 2943 3636 Ecclesia:
2996 3581 3344 3650 appareatis,
3397 3588 3454 3636 et
3505 3586 3562 3633 ut
3609 3568 3821 3630 mercedis

2287 3671 2508 3740 praemia
2537 3671 2872 3742 percipiatis.

2366 3762 2430 3816 Hi
2473 3770 2528 3816 et
2563 3742 2754 3817 omnes
2803 3763 2892 3833 qui
2931 3771 3138 3819 rectam
3187 3778 3293 3818 non
3334 3762 3527 3819 docent
3573 3751 3820 3848 doctrinam

2291 3856 2378 3911 vel
2435 3865 2640 3911 rectam
2703 3872 2810 3912 non
2871 3866 3054 3912 tenent
3095 3857 3274 3923 ﬁdem,
3311 3862 3644 3912 accusatores
3683 3855 3822 3944 neutr

2291 3965 2415 4006 nem
2447 3959 2594 4006 recte
2629 3951 2960 4006 credentium
3012 3965 3273 4006 accusare
3325 3954 3565 4022 possunt,
3613 3939 3723 4033 quia

2289 4043 2453 4098 famia
2477 4053 2603 4098 sunt
2625 4043 2816 4110 notati,
2842 4053 2898 4099 et
2935 4059 2962 4096 a
2993 4044 3113 4098 sinu
3146 4054 3352 4100 sancta:
3404 4038 3586 4097 matris
3617 4029 3822 4126 Ecclesia?

2289 4135 2588 4207 apostolico
2633 4147 2891 4191 mucrone
2935 4151 3108 4206 usque
3153 4136 3221 4190 ad
3268 4144 3471 4192 rectam
3511 4124 3823 4219 conversatio-

2289 4229 2411 4283 nem
2442 4237 2496 4284 et
2525 4229 2890 4284 reversionem
2921 4243 3110 4284 eorum
3142 4230 3376 4296 abscisi;
3414 4225 3551 4281 unde
3579 4209 3820 4290 apostobﬂl

2291 4320 2621 4375 auctoritate
2652 4335 2774 4375 cum
2809 4321 3060 4376 omnibus
3099 4321 3342 4392 ejusdem
3377 4312 3668 4390 apostolica:
3698 4308 3822 4392 alqui3

2288 4411 2609 4467 universalis
2652 4411 2904 4466 Ecclesia:
2947 4411 3074 4466 ﬁliis
3119 4389 3425 4467 statuentes
3473 4399 3740 4461 sancimus,
3779 4389 3819 4436 ¹¹¹

2286 4523 2478 4563 omnes
2503 4508 2592 4578 qui
2621 4507 2674 4562 in
2703 4507 2970 4562 catholica
2999 4506 3104 4562 ﬁde
3134 4507 3372 4577 suspecti
3409 4509 3531 4559 sunt
3568 4497 3615 4550 in
3643 4493 3819 4576 accusa.-

2291 4598 2437 4653 tione
2469 4605 2615 4652 recte
2643 4598 2978 4653 credentium
3003 4613 3109 4652 non
3136 4597 3518 4667 suscipiantur,
3551 4582 3664 4655 quia
3686 4583 3821 4638 susp"

2290 4691 2474 4746 ciones
2510 4704 2724 4759 semper
2764 4699 2895 4744 sunt
2939 4690 3268 4745 amovendae.
3302 4686 3491 4743 Merito
3529 4689 3646 4745 ergo
3665 4671 3818 4771 .eoll‘ll“

2289 4777 2607 4848 reprobalur
2627 4755 2928 4847 accusatio,
2953 4781 3043 4849 qui
3071 4780 3123 4835 in
3151 4788 3296 4834 recta
3328 4777 3429 4832 ﬁde
3457 4760 3675 4838 suspecti
3698 4755 3815 4849 sum,

2289 4845 2390 4926 nec
2416 4871 2496 4926 eis
2547 4871 2767 4926 omnino
2795 4881 2878 4926 est
2914 4845 3247 4926 credendum
3278 4871 3370 4941 qui
3397 4855 3666 4922 Trinitatis
3692 4845 3812 4901 fidem

2288 4961 2559 5030 ignorant.
2607 4959 2872 5016 Similiter
2909 4977 3098 5017 omnes
3137 4978 3274 5034 quos
3318 4964 3615 5016 sanctorum
3637 4943 3810 4998 Patrum

2288 5061 2489 5107 statuta
2518 5062 2623 5107 tam
2654 5054 2942 5123 praeteritis
2971 5071 3132 5127 quam
3160 5055 3357 5109 futuris
3383 5039 3689 5116 temporibus

2291 5145 2644 5200 thematizant
2690 5147 3094 5214 submovemus,
3126 5157 3180 5203 et
3226 5149 3293 5202 ab
3334 5141 3486 5201 omnl
3524 5124 3818 5249 “ccusﬂﬁﬁ

2287 5238 2526 5293 ﬁdelium
2575 5239 2896 5295 alienamus.
2951 5240 3176 5296 Discreti
3229 5253 3357 5309 ergo
3412 5210 3793 5323 εθιιιξῖθτιδθῗξῗ

2285 5343 2404 5386 esse
2435 5329 2619 5386 ﬁdeles
2659 5332 2725 5386 ab
2755 5331 3082 5397 inﬁdelibus,
3117 5341 3166 5386 et
3200 5330 3331 5402 justi
3369 5327 3436 5381 ab
3474 5308 3814 5428 ipjustiic‘clxz;

2286 5418 2430 5474 niam
2483 5419 2728 5475 inﬁdeles
2779 5429 2834 5476 et
2885 5421 3123 5476 malivoli
3179 5396 3350 5476 ii'iodis
3400 5410 3585 5484 quibus
3630 5396 3792 5527 νξξξξξιξ

2284 5525 2498 5583 semper
2525 5510 2782 5566 infestant
2814 5512 2996 5568 ﬁdeles
3033 5521 3085 5568 et
3116 5513 3340 5617 perdere
3369 5484 3812 5617 nitunturnf:

2286 5573 2544 5656 non-sunt
2581 5601 2924 5672 suscipiendi,
2973 5603 3066 5656 sed
3114 5573 3402 5674 repellendi
3443 5603 3494 5648 εί
3520 5573 3798 5700 νιόἳλξξξξ

2283 5691 2478 5757 ciendi,
2535 5707 2602 5748 ne
2657 5694 2882 5763 perdere
2935 5693 3117 5749 ﬁdeles
3171 5702 3262 5748 aut
3317 5687 3571 5794 infamare

2283 5785 2643 5858 Quapropter,
2693 5787 3020 5856 eharissimi,
3074 5798 3257 5844 cavete.
3308 5782 3485 5840 talium
3539 5766 3721 5824 foveam
