3926 6480
122 440 212 495 153

1246 431 1735 491 DECRETALIUM
1768 433 1944 492 COLL
1953 435 2171 494 ECTlO.

3286 444 3390 502 154

121 563 265 618 quam
306 545 510 602 multos
553 544 814 603 cecidisse
852 545 1234 616 cognovimus;
1276 554 1465 617 cavete
1504 546 1691 601 talium
1724 557 1766 613 Α
1797 564 1928 603 nare
1949 548 2043 604 Dei
2068 548 2365 605 Ecclesiam
2394 548 2600 615 volunt,
2625 559 2679 606 et
2705 566 2826 606 cum
2850 567 3080 623 corpore
3109 555 3389 611 vobiscum

116 638 271 708 iacula
297 646 351 694 et
379 638 598 708 antiqui
637 636 810 692 hostis
860 643 1214 702 tentamenta,
1243 651 1339 706 per
1381 650 1502 706 quae
1535 636 1699 689 etiam

120 730 347 802 proprios
382 730 723 800 propinquos
752 742 936 782 coram
975 727 1135 783 nobis
1169 727 1481 782 vulneratos
1504 728 1699 783 cadere

120 820 349 874 vidimus.
387 819 669 873 Attendite
700 817 924 886 laqueos
958 816 1328 871 insidiantium
1357 816 1556 886 quibus
1602 830 1698 870 no—

123 924 193 967 tos
225 919 278 966 et
322 910 734 967 commilitones
759 909 1101 982 strangulare
1135 908 1342 975 solent;
1374 910 1538 963 nolite
1565 909 1698 963 tales

119 1002 271 1071 sequi,
310 1001 406 1056 sed
451 1000 647 1071 procul
678 1000 923 1071 repellite
961 1016 1074 1056 eos.
1121 1000 1326 1068 Estote,
1361 999 1517 1069 juxta
1548 1000 1700 1055 Veri-

122 1095 225 1149 tatis
250 1108 462 1158 vocem,
496 1093 798 1163 prudentes
826 1101 885 1146 ut
912 1100 1217 1162 serpentes,
1249 1098 1305 1147 et
1330 1090 1602 1162 simplices
1640 1099 1697 1145 ut

118 1185 372 1241 columbae.
404 1184 606 1241 Videte
634 1200 703 1241 ne
744 1185 799 1241 in
829 1199 1059 1241 vacuum
1090 1199 1304 1254 quoque
1332 1184 1567 1240 curratis
1604 1192 1697 1239 aut

115 1277 366 1342 laboretis,
388 1277 491 1333 sed
522 1276 844 1331 alterutrum
871 1274 991 1331 fulti
1014 1277 1266 1347 precibus
1285 1284 1340 1330 et
1359 1276 1696 1331 orationibus

118 1368 541 1451 goluntatemlDei
573 1368 754 1426 facere
777 1368 1114 1451 contendite,
1141 1376 1197 1424 et
1222 1383 1253 1422 a
1284 1369 1616 1435 memoratis,
1647 1367 1694 1424 si

120 1445 491 1532 incorrigibiles
517 1459 896 1532 apparuerint,
932 1445 1041 1515 vos,
1065 1459 1120 1515 in
1136 1460 1386 1516 omnibus
1420 1467 1691 1530 separate.

119 1552 352 1619 Similiter
372 1562 430 1607 et
462 1553 540 1607 ab
559 1553 814 1607 omnibus
837 1567 975 1622 quos
998 1552 1282 1622 Apostolus
1303 1562 1695 1609 commemorat

119 1645 291 1715 dicens,
322 1660 448 1700 cum
476 1644 566 1700 eis
607 1658 707 1700 nec
730 1644 911 1701 cibum
949 1660 1187 1707 sumere,
1216 1646 1342 1716 quia
1368 1654 1423 1701 et
1448 1644 1520 1699 iUi
1554 1645 1695 1700 sicut

118 1746 162 1790 et
183 1736 261 1790 isti
300 1744 429 1792 sunt
476 1735 776 1807 repellendi
807 1745 864 1790 et
891 1745 1017 1792 ante
1042 1736 1470 1792 satisfactionem
1500 1735 1691 1790 Eccle-

119 1826 193 1880 sia:
229 1840 329 1881 non
357 1835 492 1881 sunt
539 1825 906 1895 suscipiendi,
936 1826 1193 1895 quoniam
1226 1825 1299 1880 illi
1327 1841 1450 1881 cum
1495 1825 1693 1895 quibus

1804 654 1925 694 esse
1954 639 2202 693 videatur
2232 651 2413 695 mente
2441 648 2496 695 et
2525 641 2707 696 animo
2730 652 2919 697 contra
2962 658 3057 699 vos
3084 652 3189 711 est,
3220 654 3275 700 et
3307 654 3393 701 εει

1802 727 1971 783 multo
2002 728 2232 798 nequior
2258 728 2431 784 hostis
2458 728 2547 785 hic
2587 745 2749 799 quam
2779 731 2853 787 illi
2879 733 2972 802 qui
3000 732 3135 789 foris
3157 743 3304 800 sunt,
3337 748 3394 792 et

1800 820 2078 874 evidenter
2121 819 2325 875 inimici
2370 830 2526 889 sunt;
2576 821 2664 877 hic
2699 823 2845 878 enim
2889 838 2986 895 per
3026 827 3391 882 amicitiarum

1800 910 2036 980 speciem
2078 925 2200 979 qua:
2239 920 2367 966 sunt
2405 911 2621 967 inimica
2650 914 2811 984 gerit,
2864 923 2920 969 et
2946 916 3233 972 ecclesiam
3282 917 3395 974 dis-

1799 1002 1976 1071 pergit
1990 990 2065 1055 iac
2097 1006 2291 1054 vastat.

1869 1095 2143 1164 Ideoque,
2205 1091 2557 1159 cltarissimi,
2623 1093 2708 1149 his
2752 1095 3064 1164 apostolicis
3126 1097 3392 1155 institutis

1796 1201 1894 1241 vos
1917 1194 2199 1240 monentes
2240 1183 2584 1249 instruimus,
2613 1191 2674 1239 ut
2699 1183 2891 1240 effecta
2923 1187 3124 1242 certior
3151 1186 3391 1242 charitas

1796 1288 1978 1334 vestra
2002 1276 2286 1333 sollicitius
2308 1276 2562 1346 deinceps
2577 1292 2739 1348 agere
2763 1278 2976 1332 studeat
2998 1286 3054 1333 et
3071 1278 3303 1344 cautius,
3321 1293 3390 1333 ne

1795 1369 2038 1445 perversi
2067 1377 2124 1423 et
2165 1367 2411 1423 infideles
2456 1368 2703 1424 homines
2733 1367 2957 1424 laedendi
2995 1368 3179 1425 fideles
3203 1385 3269 1425 ac
3295 1371 3391 1426 be-

1796 1461 2015 1517 nevolos
2054 1461 2294 1516 habeant
2322 1458 2654 1523 facultatem,
2679 1459 2935 1529 quoniam
2965 1474 3089 1530 spes
3119 1459 3304 1515 talium
3333 1467 3391 1515 et

1792 1553 2034 1608 omnium
2061 1552 2354 1622 impiorum
2384 1561 2643 1622 tanquam
2687 1553 2884 1626 lanugo
2910 1563 2994 1610 est
3021 1569 3143 1624 qua:
3166 1568 3199 1608 a
3228 1561 3390 1608 vento

1797 1642 2023 1707 tollitur,
2064 1652 2118 1697 et
2150 1651 2406 1712 tanquam
2441 1658 2632 1712 spuma
2674 1644 2892 1715 gracilis
2916 1660 3037 1716 quae
3080 1660 3110 1699 a
3153 1643 3389 1715 procella

1793 1732 2143 1805 dispergitur,
2181 1742 2236 1788 et
2273 1744 2534 1803 tanquam
2572 1733 2754 1789 fumus
2787 1734 2881 1805 qui
2921 1751 2952 1789 a
2977 1744 3139 1791 vento
3166 1733 3393 1790 diffusus

1791 1833 1897 1889 est,
1940 1834 1996 1881 et
2035 1835 2293 1895 tanquam
2337 1825 2602 1880 memoria
2640 1826 2871 1895 hospitis
2906 1826 3067 1880 unius
3096 1825 3200 1880 diei
3248 1840 3388 1895 pra:-

121 1923 269 1977 cibum
298 1937 520 1979 sumere
551 1937 663 1978 non
699 1921 846 1987 licet,
875 1919 1164 1976 manifeste
1198 1929 1461 1991 apparent
1490 1935 1682 1989 seque-
1721 1919 1762 1977 Β
1793 1918 2076 1973 tereuntis.
2137 1916 2526 1988 Summopere,
2576 1917 2916 1982 charissimi,
2968 1918 3104 1973 tales
3159 1917 3387 1973 cavendi

121 2013 251 2066 strati
285 2028 457 2083 usque
487 2013 563 2068 ad
592 2011 1022 2068 satisfactionem
1063 2026 1092 2065 a
1145 2010 1366 2082 reliquis
1406 2010 1687 2077 fratribus;

126 2106 438 2175 quamobrem
488 2121 605 2161 non
648 2106 848 2161 debent
888 2120 988 2161 nec
1027 2113 1255 2176 possunt
1296 2104 1348 2158 in
1385 2103 1691 2160 accusatio—

128 2210 222 2249 nem
254 2195 489 2252 fidelium
517 2197 749 2268 suscipi,
777 2196 873 2253 sed
900 2196 1068 2251 etiam
1092 2195 1169 2251 ab
1195 2210 1383 2252 eorum
1416 2193 1692 2251 consortio

127 2300 266 2355 usque
290 2287 357 2343 ad
394 2285 508 2356 iam
544 2288 748 2363 dictam
785 2288 1220 2345 satisfactionem
1262 2286 1471 2356 repelli,
1513 2301 1580 2341 ue
1616 2286 1689 2341 si-

122 2379 253 2434 ‘miles
284 2380 360 2435 eis
402 2379 735 2447 efﬁciantur,
776 2389 872 2435 aut
913 2395 1102 2436 eorum
1136 2377 1690 2435 excommunicationi

128 2470 423 2542 subjaceant,
447 2472 714 2542 quoniam
734 2473 814 2529 sic
835 2472 1062 2543 apostoli
1084 2480 1391 2528 statuerunt
1412 2471 1686 2526 dicentes:

128 2562 233 2619 Cum
254 2565 734 2622 excommunicatis
756 2582 862 2621 non
887 2575 971 2622 est
996 2565 1529 2640 communicandum,
1554 2573 1616 2639 et
1642 2564 1688 2619 si

130 2654 224 2722 quis
242 2671 355 2711 cum
375 2656 865 2712 excommunicatis
893 2656 1187 2711 avertendo
1219 2655 1433 2726 regulas
1452 2655 1691 2710 scienter

127 2744 289 2812 psallat
313 2747 363 2801 in
386 2748 578 2812 domo,
607 2755 702 2802 aut
729 2747 891 2801 simul
912 2747 1126 2802 locutus
1159 2746 1344 2812 fuerit,
1372 2754 1467 2799 aut
1495 2760 1688 2799 orave-

132 2835 204 2902 rit,
224 2837 303 2892 ille
326 2839 713 2894 communione
736 2839 997 2913 privetur.
1024 2836 1184 2892 Tales
1211 2851 1342 2904 ergo
1362 2835 1690 2890 inmunibus

131 2936 229 2981 sunt
251 2930 464 2984 cavendi
497 2938 561 2985 et
592 2945 697 2984 non
728 2928 1077 3000 suscipiendi,
1116 2928 1241 2998 quia
1262 2928 1424 2998 juxta
1454 2926 1689 2998 Aposto-

131 3015 216 3073 lum
240 3036 333 3076 non
361 3022 545 3076 solum
570 3022 662 3092 qui
693 3021 902 3076 faciunt
926 3021 1275 3082 damnantur,
1304 3018 1401 3074 sed
1431 3018 1522 3088 qui
1554 3032 1685 3073 con-

132 3110 328 3164 sentiunt
371 3110 722 3168 facientibus.
774 3112 926 3167 Unde
979 3121 1035 3167 et
1086 3111 1275 3166 beatus
1323 3109 1686 3185 apostolorum

131 3201 341 3273 princeps
373 3204 596 3270 Petrus,
638 3205 691 3259 in
720 3204 1061 3260 ordinatione
1088 3203 1381 3259 Clementis
1409 3201 1689 3271 alloquens

1793 2018 1919 2065 sunt
1946 2019 2001 2063 et
2029 2007 2307 2063 avertendi
2338 2016 2501 2077 atque
2531 2008 2807 2079 rejicieudi
2851 2009 2896 2064 si
2940 2018 3196 2064 nocentes
3222 2024 3386 2078 appa-

1790 2099 2022 2164 ruerint,
2045 2099 2171 2169 quia
2205 2114 2308 2152 non
2336 2098 2513 2154 solum
2541 2099 2944 2164 ecclesiasticae,
2975 2100 3069 2154 sed
3097 2099 3262 2153 etiam
3286 2115 3388 2154 sa:-

1791 2190 1898 2245 culi
1928 2189 2094 2260 leges,
2118 2190 2161 2244 si
2186 2197 2465 2255 nocentes,
2490 2204 2596 2244 non
2626 2189 2952 2260 suscipiunt,
2979 2190 3075 2243 sed
3102 2189 3386 2259 repellunt.

1794 2276 1946 2335 Unde
1979 2279 2241 2348 scriptum
2279 2287 2381 2345 est,
2427 2293 2490 2334 os
2530 2278 2814 2350 impiorum
2860 2280 3087 2335 devorat
3130 2280 3389 2351 iniquita-

1793 2379 1935 2434 tem,
1981 2379 2035 2424 et
2080 2369 2340 2425 Dominus
2382 2386 2480 2440 per
2520 2372 2843 2441 prophetam
2874 2370 3114 2442 loquitur
3153 2371 3383 2427 dicens:

1792 2481 1814 2513 ι
1851 2460 1983 2517 Cum
2029 2471 2218 2519 sancto
2253 2472 2475 2517 sanctus
2510 2464 2649 2530 eris,
2696 2473 2751 2519 et
2798 2478 2920 2519 cum
2970 2478 3227 2534 perverso
3264 2478 3391 2534 pcr-

1790 2555 2040 2619 vcrteris,
2071 2563 2126 2609 et
2151 2571 2273 2610 cum
2303 2554 2476 2611 electo
2505 2555 2713 2611 electus
2738 2556 2870 2620 eris,
2899 2565 2957 2610 et
2984 2572 3107 2611 cum
3142 2558 3260 2611 viro
3292 2571 3388 2610 no-

1788 2644 1933 2699 centi
1963 2660 2165 2700 nocens
2204 2645 2315 2700 eris
2352 2645 2536 2716 (Psul.
2567 2662 2701 2713 xvtt,
2728 2645 2799 2701 26
2826 2656 2874 2700 ει
2900 2648 3065 2719 seq.);
3102 2667 3121 2700 ι
3162 2657 3215 2702 et
3245 2648 3388 2716 Apo-

1787 2738 1962 2794 stolus
2001 2739 2179 2809 inquit
2211 2757 2223 2793 :
2264 2758 2284 2791 ι
2312 2739 2696 2796 Pcrverterunt
2722 2740 2891 2796 bonos
2917 2756 3096 2797 mores
3119 2740 3387 2812 colloquia

1790 2826 1937 2881 mala
1963 2827 2012 2897 (1
2046 2828 2170 2881 Cor.
2211 2843 2303 2892 xv,
2340 2828 2454 2896 35).
2490 2848 2508 2881 ι
2543 2828 2773 2893 idcirco,
2799 2838 2857 2883 ut
2898 2829 3233 2901 prtelibatum
3277 2838 3385 2895 est,

1781 2919 1894 2989 jam
1926 2919 2047 2974 ntali
2081 2928 2207 2975 sunt
2235 2935 2449 2990 semper
2474 2921 2720 2984 cavendi,
2750 2930 2807 2976 et
2834 2920 2991 2975 bonis
3017 2929 3180 2990 atque
3220 2919 3386 2975 bene-

1788 3014 1927 3068 volis
1973 3021 2057 3068 est
2103 3012 2503 3080 inhaerendum,
2539 3025 2599 3068 ut
2637 3014 2936 3084 periculum
2967 3015 3187 3070 desidia:
3211 3030 3386 3085 quau-

1790 3113 1903 3159 tuut
1952 3120 2236 3174 possumus
2263 3105 2613 3160 declinemus.
2660 3106 2727 3161 Et
2754 3120 2823 3161 nc
2847 3106 3017 3175 pestis
3061 3106 3177 3160 haec
3220 3104 3385 3161 latius

1788 3198 2117 3275 divulgetur,
2168 3198 2458 3252 severitate
2499 3213 2604 3268 qua
2643 3213 2927 3268 possumus
2973 3197 3379 3263 abscindamus,

133 3290 363 3360 populum,
390 3297 544 3350 inter
567 3304 763 3350 caetera
794 3294 871 3350 ait
900 3312 914 3348 :
948 3292 1007 3348 Si
1037 3292 1289 3347 inimicus
1317 3302 1403 3347 est
1436 3292 1537 3369 iste
1566 3291 1686 3346 Cle—
1714 3278 1756 3339 C
1789 3292 2045 3359 quoniam
2074 3308 2177 3345 non
2207 3291 2485 3346 temeritas
2513 3292 2805 3346 intervenit
2830 3291 3265 3362 praesumptionis
3289 3290 3381 3346 ubi

131 3394 252 3437 mens
282 3384 433 3440 alicui
465 3400 576 3458 pro
608 3386 824 3442 actibus
850 3386 984 3451 suis,
1016 3402 1113 3441 vos
1149 3385 1315 3440 nolite
1341 3393 1680 3455 exspectare,

134 3480 179 3527 ut
210 3474 309 3543 ipse
334 3479 486 3534 vobis
521 3479 688 3541 dicat,
717 3494 840 3533 cum
885 3478 977 3534 illo
1020 3478 1188 3532 nolite
1222 3477 1382 3532 amici
1411 3492 1551 3541 esse,
1588 3475 1682 3530 sed

134 3564 379 3629 prudenter
397 3569 700 3625 observare
721 3568 952 3634 debetis,
975 3576 1031 3623 et
1055 3568 1316 3623 voluntati
1341 3567 1458 3637 ejus
1481 3567 1682 3636 absque

135 3657 580 3714 communicatione
601 3661 971 3716 obsecundare
1011 3669 1066 3714 et
1101 3668 1347 3715 avertere
1378 3674 1474 3715 vos
1513 3659 1581 3714 ab
1616 3673 1682 3713 eo

133 3741 197 3794 cui
217 3743 369 3813 ipsum
395 3750 618 3805 sentitis
640 3749 943 3817 adVersum,
968 3751 1063 3806 sed
1087 3766 1187 3806 nec
1209 3750 1352 3820 loqui
1378 3751 1460 3805 his
1483 3749 1679 3820 quibus

135 3828 223 3898 ipse
254 3850 346 3891 non
385 3839 653 3911 loquitur,
684 3852 744 3894 ttt
773 3841 1143 3912 unusquisque
1178 3842 1267 3911 qui
1300 3841 1352 3896 in
1385 3841 1541 3912 culpa
1573 3849 1678 3907 est,

136 3921 232 3977 dum
253 3930 387 3999 cupit
408 3920 659 3988 omnium
701 3945 942 3989 veStrum
979 3934 1249 4009 amicitias
1269 3933 1430 4001 ferre,
1463 3934 1683 3990 festinet

136 4011 261 4072 citius
289 4023 624 4081 reconciliari
653 4026 700 4080 ei
729 4026 820 4097 qui
851 4026 1105 4082 omnibus
1132 4037 1343 4097 praeest,
1372 4036 1426 4083 et
1455 4043 1552 4096 per
1578 4029 1680 4082 ltoc

136 4107 281 4166 Rideat
297 4117 358 4171 ad
381 4118 614 4173 salutem
640 4135 763 4174 cum
791 4119 1009 4175 obedire
1039 4120 1268 4191 coeperit
1296 4120 1512 4174 monitis
1543 4134 1679 4189 prae-

138 4198 335 4262 tidentis.
369 4208 423 4265 Si
454 4227 591 4266 vero
620 4212 744 4282 quis
778 4214 989 4268 amicus
1026 4212 1187 4268 fuerit
1220 4214 1303 4269 bis
1341 4214 1537 4284 quibus
1566 4214 1678 4283 ipse

138 4306 219 4349 non
248 4296 495 4371 loquitur,
528 4320 667 4361 unus
707 4315 791 4362 est
831 4315 886 4361 et
917 4306 1033 4376 ipse
1075 4321 1143 4361 ex
1172 4305 1278 4360 illis
1302 4307 1391 4376 qui
1428 4303 1680 4373 extermi-

1789 3392 1873 3437 est
1925 3382 2200 3453 diligentia
2250 3384 2490 3452 pietatis.
2545 3383 2689 3453 Agat
2746 3396 2959 3453 semper
3010 3382 3384 3452 unusquisque

1789 3484 2028 3530 vestrum
2078 3475 2181 3530 hac
2232 3474 2617 3530 informatione
2667 3474 2961 3546 apostolica
3014 3475 3180 3531 fultus
3223 3474 3381 3545 juxta

1788 3567 1934 3622 vires
1963 3581 2105 3629 suas,
2139 3576 2193 3619 et
2225 3565 2465 3622 fraterna
2498 3565 2786 3622 dilectione
2810 3576 2864 3620 et
2893 3575 3078 3621 sancta
3121 3564 3381 3637 religione

1788 3674 1970 3731 mores
2012 3660 2260 3730 proprios
2299 3672 2622 3714 conservare
2661 3666 2717 3713 et
2757 3658 2811 3712 in
2856 3671 3141 3713 commune
3179 3657 3380 3711 alteru-

1789 3768 1930 3824 trum
1956 3750 2211 3820 adjuvare
2236 3760 2293 3807 et
2324 3754 2378 3806 in
2408 3751 2675 3807 charitate
2716 3766 3060 3822 permanere,
3093 3759 3148 3806 et
3193 3751 3245 3804 in
3282 3750 3377 3806 Dei

1786 3845 2065 3901 voluntate
2113 3844 2479 3901 indesinenter
2527 3844 2740 3901 studeat
2791 3845 3073 3906 inhaerere,
3117 3852 3177 3898 ut
3216 3843 3377 3899 simul

1786 3937 2069 3994 laudantes
2114 3938 2398 3996 Dominum
2444 3939 2744 3996 indefessas
2788 3953 3002 4010 semper
3050 3937 3125 3993 illi
3171 3936 3376 4008 gratias

1787 4045 2031 4101 agamus.
2066 4028 2254 4088 Valete
2282 4031 2335 4086 in
2378 4031 2627 4096 Domino,
2656 4031 2981 4096 charissimi,
3010 4041 3064 4086 et
3093 4029 3372 4101 praedicta,

1787 4130 1848 4178 ut
1893 4121 2087 4179 melius
2107 4121 2352 4193 potestis,
2375 4121 2603 4176 Domino
2631 4136 2788 4192 opem
2823 4120 3048 4187 ferente,
3079 4116 3377 4190 adimplere

1783 4210 2016 4266 studete.
2058 4210 2196 4266 Data
2232 4210 2425 4267 Kalen.
2467 4208 2618 4273 Julii.
2660 4210 2914 4275 Maximio
2950 4220 3003 4267 et
3042 4208 3278 4281 Apbrico
3303 4206 3374 4264 iV

1782 4301 2113 4359 consulibus.

871 4545 1207 4604 EPISTOLA
1238 4544 1456 4604 CUIUS
1496 4546 1723 4604 SlEPRA
1758 4544 1854 4602 AD
1884 4544 2127 4604 ὈΜΝΕὸ
2160 4543 2555 4604 EPISCOPOS.

190 4713 425 4778 Fttttttws
452 4721 750 4794 ,episc0pus
783 4723 934 4780 urbis
972 4724 1161 4779 Romae
1202 4724 1455 4781 omnibus
1490 4723 1680 4781 Orien-
1709 4732 1758 4792 ι)
1784 4725 2027 4781 turbare.
2078 4722 2186 4781 Sed
2232 4723 2374 4780 sicut
2414 4725 2518 4780 hoc
2542 4723 2688 4794 quod
2730 4721 2961 4779 rationis
2989 4720 3240 4793 exigebat
3269 4720 3373 4775 uti-

143 4803 298 4865 talibus
318 4815 603 4885 episcopis,
633 4824 686 4870 et
720 4817 931 4872 cunctis
965 4817 1212 4872 fidelibus
1244 4817 1297 4873 in
1328 4816 1559 4873 Domino
1584 4833 1674 4882 sr-

141 4895 289 4958 lutem.

195 4990 348 5067 Exigit
386 4999 602 5056 dilectio
645 5008 829 5056 vestra
869 5000 1013 5057 sedis
1049 5001 1358 5072 apostolicae
1407 5001 1673 5067 consulta,

141 5090 394 5150 qnevobis
441 5093 708 5163 denegare
749 5108 855 5148 non
899 5109 1209 5164 possumus,
1254 5090 1355 5149 nec
1394 5095 1671 5159 debemus,

143 5169 226 5229 hoc
253 5191 413 5238 autem
448 5195 501 5240 et
539 5186 966 5257 praedecessores
1005 5195 1221 5242 nostros
1261 5186 1549 5241 multarum
1589 5200 1673 5241 re-

147 5261 321 5329 ﬁionum
348 5275 608 5346 episcopis
635 5276 811 5347 egisse
845 5276 1035 5347 liquet,
1061 5286 1116 5334 et
1146 5293 1246 5333 nos
1271 5278 1363 5349 qui
1404 5279 1459 5333 in
1485 5278 1673 5351 eadem

147 5356 246 5441 Ede
263 5360 473 5437 Domino
500 5367 764 5439 largiente
789 5365 1035 5425 collocati
1062 5385 1271 5435 sumus,
1290 5384 1450 5441 agere
1479 5369 1676 5425 debere

148 5438 342 5532 fraterna
367 5438 604 5515 charitas
641 5469 697 5516 et
729 5462 1048 5517 obedientize
1095 5438 1350 5518 debitum—
1380 5460 1672 5532 compellit.

148 5531 258 5595 Cura
268 5553 341 5600 est
353 5563 475 5622 ergo
490 5560 681 5608 vestra:
693 5552 1036 5609 sollicitudini
1063 5552 1388 5619 adhibenda,
1404 5560 1464 5607 ιιι
1476 5531 1540 5609 ea
1553 5567 1676 5622 quae

154 5640 248 5684 sunt
271 5636 327 5692 ab
353 5644 600 5711 apostolis
633 5659 931 5715 eorumque
966 5644 1374 5701 successoribus
1400 5643 1672 5710 ordinata,

154 5724 195 5807 ει
217 5721 470 5802 instigante
505 5747 695 5793 sancto
723 5735 928 5807 Spiritu
964 5738 1237 5804 instituta,
1278 5754 1382 5795 nec
1424 5739 1677 5796 dissimu-

160 5802 256 5868 latio
290 5814 549 5897 negligere,
590 5843 690 5884 nec
731 5802 908 5900 aliqua
952 5802 1302 5901 przesumptio
1342 5829 1520 5887 valeat
1550 5846 1677 5901 per.

1782 4819 1908 4875 litas
1951 4819 2189 4890 oportuit
2218 4818 2463 4884 delinire,
2513 4818 2585 4873 ita
2624 4802 2767 4888 quod
2814 4815 3091 4872 definitum
3138 4822 3223 4869 est
3262 4828 3371 4867 non

1779 4911 1943 4967 debet
1970 4910 2183 4965 violari.
2221 4908 2443 4965 Litteris
2466 4910 2665 4965 vestris
2708 4922 2838 4964 vero
2877 4908 3017 4961 inter
3054 4914 3249 4962 caetera
3293 4903 3374 4957 itt-

1781 5012 1986 5059 sertum
2018 5003 2322 5058 invenimus
2361 5002 2622 5072 quosdam
2667 5000 2903 5074 regionis
2936 5006 3130 5053 vestrae
3156 4996 3370 5066 episco-

1780 5110 1880 5165 pos
1907 5110 1936 5149 a
1986 5104 2169 5150 vestro
2217 5105 2512 5166 nostroque
2551 5094 2743 5150 ordine
2788 5092 3114 5162 discrepare,
3161 5098 3217 5146 et
3261 5103 3371 5143 non

1779 5200 1879 5257 per
1917 5185 2157 5258 singulos
2205 5202 2378 5243 annos
2422 5187 2475 5241 iu
2520 5200 2676 5242 coma
2713 5183 2925 5239 Domini
2964 5181 3204 5239 chrisma
3233 5195 3368 5237 con-

1779 5279 1966 5345 ficere,
1995 5278 2088 5336 sed
2128 5279 2262 5335 duos
2298 5288 2390 5334 aut
2428 5288 2538 5335 tres
2570 5292 2742 5333 annos
2771 5276 3162 5332 confectionem
3193 5272 3368 5330 sancti

1778 5377 2088 5433 chrismatis
2109 5374 2275 5431 semel
2307 5386 2483 5432 actam
2510 5386 2854 5428 conservare.
2888 5370 3086 5426 Dicunt
3110 5369 3278 5433 enim,
3308 5373 3370 5419 ut

1778 5466 1832 5523 in
1857 5468 2170 5523 memoratis
2195 5464 2436 5537 apicibus
2465 5463 2788 5533 reperimus,
2819 5479 2919 5518 nec
2945 5462 3243 5518 balsamum
3269 5472 3367 5528 per

1780 5558 2020 5631 singulos
2047 5572 2219 5613 annos
2258 5570 2416 5627 posse
2443 5555 2701 5624 reperire,
2733 5569 2833 5609 nec
2864 5567 3085 5608 necesse
3123 5550 3239 5605 fore
3269 5564 3368 5620 per

1779 5648 2017 5720 singulos
2040 5661 2213 5703 annos
2238 5646 2475 5702 chrisma
2500 5645 2793 5708 conficere,
2822 5644 2916 5700 sed
2944 5645 3069 5698 dum
3100 5657 3205 5698 una
3236 5656 3365 5696 con-

1779 5738 1941 5795 fectio
1979 5739 2289 5796 chrismatis
2327 5737 2586 5804 abundat,
2631 5738 2794 5795 aliam
2832 5737 2946 5793 fieri
2992 5751 3214 5794 necesse
3256 5750 3364 5791 non

1779 5830 1997 5887 habere.
2036 5830 2233 5886 Errant
2262 5830 2407 5888 enim
2442 5829 2535 5903 qui
2566 5830 2694 5888 talia
2737 5832 3067 5903 excogitant,
3098 5842 3153 5891 et
3184 5842 3367 5891 tuente
