3908 5434
533 252 637 310 155

1290 249 1579 305 APPEND.
1618 249 1708 302 AD
1748 248 1923 306 saec.
1961 247 2058 304 ιχ.
2098 278 2168 288 --
2205 246 2452 304 ISIDORI
2491 224 2932 307 MERCATORIS

3707 254 3802 312 l56

531 377 734 418 vesana
760 362 938 433 potius
966 375 1126 432 quam
1149 369 1294 416 recta
1330 362 1645 424 sentientes,
1669 361 1785 416 haec
1816 360 2023 414 dicunt.
2057 359 2112 414 In
2144 364 2191 421 Α
2220 359 2310 413 sit.
2360 358 2494 413 Nam
2538 359 2763 428 apostoli
2796 359 2957 414 talem
2997 358 3440 415 consuetudinem
3468 374 3579 417 non
3607 361 3808 420 habue-

533 440 621 509 illa
645 454 791 508 enim
815 453 900 509 die
925 453 1181 508 Dominus
1201 449 1379 518 Jesus,
1409 459 1691 522 postquam
1722 451 1955 506 coenavit
1992 465 2114 506 cum

533 544 812 614 discipulis
841 544 974 609 suis,
1020 552 1074 599 et
1103 542 1234 597 lavit
1262 557 1450 597 eorum
1479 544 1660 612 pedes,
1689 543 1830 597 sicut
1857 557 1887 596 a
1916 541 2119 598 sanctis

533 639 789 709 apostolis
841 639 1269 710 prredecessores
1325 635 1495 692 nostri
1551 645 1878 707 acceperunt
1937 637 2120 691 nobis-

532 745 638 800 que
692 730 1059 801 reliquerunt,
1117 729 1353 784 chrisma
1405 727 1674 783 conﬁcere
1726 727 1938 794 docuit;
2001 728 2118 798 ipsa

533 823 675 876 enim
700 820 900 875 lavatio
926 822 1118 891 pedum
1144 828 1451 874 nostrorum
1481 818 1748 889 signiﬁcat
1770 819 2116 888 baptismum,

531 911 747 982 quando
789 913 961 967 sancti
1003 910 1316 967 chrismatis
1345 909 1596 964 unctione
1639 907 1919 978 perﬁcitur
1958 917 2121 979 atque

529 1002 902 1058 conﬁrmatur.
942 1001 1078 1056 Nam
1125 1001 1262 1057 sicut
1311 1001 1479 1070 ipsius
1523 999 1628 1054 diei
1671 999 1984 1055 solemnitas
2024 1015 2121 1071 per

527 1093 770 1164 singulos
822 1109 995 1149 annos
1046 1102 1131 1148 est
1180 1089 1541 1156 celebranda,
1595 1090 1670 1144 ita
1724 1089 1895 1160 ipsius
1950 1089 2120 1144 sancti

528 1186 844 1242 chrismatis
873 1184 1143 1240 confectio
1172 1199 1270 1254 per
1302 1183 1540 1254 singulos
1567 1198 1738 1238 annos
1780 1191 1862 1237 cst
1892 1183 2118 1252 agenda,

529 1285 584 1332 et
613 1279 680 1334 de
725 1293 867 1333 anno
919 1278 972 1331 in
1019 1292 1220 1332 annum
1270 1276 1578 1331 renovanda
1622 1285 1678 1331 et
1726 1275 1970 1331 ﬁdelibus
2012 1284 2122 1330 tra-

531 1367 726 1432 denda,
751 1368 877 1438 quia
902 1383 1096 1422 novum
1129 1377 1399 1423 sacratum
1427 1377 1512 1423 est
1533 1383 1630 1438 per
1659 1368 1899 1438 singulos
1925 1383 2120 1435 annos,

528 1459 725 1529 etiam
771 1461 916 1515 dicto
960 1462 1047 1516 die
1090 1461 1480 1527 iunovandum,
1526 1470 1584 1516 et
1625 1469 1782 1516 vetus
1822 1460 1874 1516 in
1920 1461 2122 1517 sanctis

529 1549 787 1606 Ecclesiis
813 1552 1187 1606 cremandum.
1212 1553 1316 1608 lsta
1346 1568 1376 1607 a
1405 1551 1609 1608 sanctis
1637 1551 1895 1623 apostolis
1918 1560 1972 1608 et
1997 1569 2121 1609 suc-

529 1639 835 1695 cessoribus
892 1655 1080 1693 eorum
1143 1642 1492 1712 accepimus,
1553 1642 1814 1712 vobisque
1884 1643 2118 1698 tenenda

2221 461 2368 516 runt,
2397 467 2500 508 nec
2523 451 2829 509 habendam
2860 455 3186 519 docuerunt;
3219 453 3471 510 similiter
3505 465 3563 512 et
3600 471 3807 515 succes-

2217 556 2370 597 sores
2399 555 2606 608 eorum,
2634 557 2945 613 quanquam
2975 541 3142 596 multa
3169 542 3237 597 de
3268 543 3487 611 talibus,
3512 547 3809 616 praeviden-

2217 641 2301 688 tes
2340 633 2542 704 Spiritu
2577 635 2673 689 Dei
2710 632 2912 701 futura,
2952 643 3275 690 statuerunt.
3315 634 3508 702 Porro,
3532 645 3592 693 ut
3637 637 3808 708 legitis

2221 725 2274 780 in
2310 725 2534 781 Actibus
2575 726 2962 796 apostolorum,
2991 735 3108 782 erat
3135 741 3201 782 eo
3229 736 3472 800 tempore
3497 729 3653 787 inter
3681 731 3807 788 ﬁde-

2219 815 2300 874 les
2331 834 2426 873 cor
2473 834 2637 873 unum
2687 827 2743 875 et
2789 819 2967 874 anima
3016 835 3144 885 una,
3179 833 3354 889 neque
3382 819 3584 890 aliquis
3629 836 3806 877 eorum

2220 909 2420 980 aliquid
2455 927 2610 966 suum
2649 911 2926 982 proprium
2970 912 3214 979 dicebat,
3249 911 3342 968 sed
3370 921 3533 968 erant
3564 913 3677 969 illis
3703 930 3808 971 om-

2219 1003 2306 1057 nia
2335 1005 2664 1060 comnmnia.
2713 1004 2867 1060 Nulla
2908 1006 3052 1062 enim
3103 1006 3245 1061 inter
3274 1021 3371 1062 eos
3405 1009 3688 1064 accusatio
3715 1010 3808 1064 nisi

2219 1091 2501 1149 familiaris
2529 1103 2665 1158 erat,
2711 1110 2812 1150 nec
2841 1110 3078 1167 unquam
3127 1097 3268 1152 inter
3292 1094 3604 1152 imitatores
3631 1112 3808 1153 eorum

2221 1193 2315 1238 aut
2343 1185 2526 1240 ﬁdeles
2557 1185 2672 1241 ﬁeri
2704 1186 2891 1254 debet,
2925 1186 3138 1245 dicente
3167 1187 3396 1243 Domino
3422 1204 3441 1242 ς
3478 1205 3498 1240 ι
3535 1184 3809 1255 ριιοᾶίῖιή

2222 1289 2328 1329 non
2352 1275 2431 1329 vis
2445 1273 2583 1341 ﬁeri,
2603 1275 2761 1332 alteri
2783 1291 2851 1331 ne
2871 1276 3056 1332 facias.
3085 1295 3103 1328 ι
3143 1276 3211 1332 Et
3234 1277 3374 1332 idem
3396 1277 3454 1348 εζι
3477 1277 3687 1350 Diliges
3699 1293 3806 1348 pro-

2219 1365 2424 1420 ximum
2457 1376 2606 1421 tuum
2643 1367 2783 1424 sicut
2813 1367 3068 1439 teipsum,
3095 1377 3151 1423 et
3189 1368 3408 1424 dilectio
3436 1370 3678 1440 proximi
3707 1385 3808 1424 ma.

2220 1458 2330 1513 lum
2356 1475 2462 1515 non
2490 1469 2764 1530 operatur.
2799 1479 2818 1514 ο
2842 1460 2946 1530 lpsi
2976 1475 3106 1530 ergo
3131 1461 3359 1530 apostoli
3387 1468 3444 1516 et
3471 1475 3807 1518 successores

2219 1562 2406 1603 eorum
2432 1548 2558 1605 olim
2590 1558 2898 1604 statuerunt
2926 1563 3021 1605 eos
3047 1548 3116 1605 ad
3150 1550 3556 1606 accusationem
3585 1566 3696 1606 non
3734 1565 3809 1605 re-

2221 1639 2323 1710 cipi
2354 1640 2448 1710 qui
2477 1648 2603 1694 sunt
2633 1639 2865 1711 suspecti
2895 1640 2980 1695 vel
3003 1640 3094 1710 qui
3125 1639 3244 1696 heri
3286 1647 3380 1696 aut
3423 1641 3808 1698 nudiustertius

531 1730 866 1783 mandamus.
900 1729 1026 1784 llazc
1062 1739 1250 1786 sancta
1293 1731 1536 1784 Romana
1567 1730 1807 1786 Ecclesia
1838 1741 1893 1786 et
1924 1733 2119 1788 Antio-
2151 1722 2195 1781 Β
2222 1730 2304 1786 vel
2336 1731 2536 1786 dudum
2575 1731 2793 1788 fuerunt
2838 1732 3067 1800 inimici,
3096 1733 3353 1803 quoniam
3395 1735 3637 1806 suspecti
3690 1733 3804 1791 facti

527 1817 694 1873 chcna
711 1835 741 1873 a
765 1819 1384 1890 tempore'apostolorum
1401 1821 1667 1887 custodit;
1687 1821 1801 1877 haec
1817 1821 2123 1895 Hierosoly-

527 1926 738 1964 morum
785 1922 842 1967 et
883 1913 1313 1983 Ephesianorum
1348 1922 1527 1980 tenet,
1569 1914 1624 1969 in
1670 1916 1866 1984 quibus
1895 1917 2120 1986 apostoli

525 2001 880 2069 praesidentes
927 2005 1043 2058 haec
1085 2005 1418 2070 docuerunt,
1470 2012 1526 2059 et
1569 2013 1724 2060 vetus
1765 2006 2000 2061 chrisma
2042 2007 2123 2061 in-

526 2093 714 2158 cendi,
750 2107 806 2148 et
837 2109 943 2149 non
984 2094 1215 2165 amplius
1243 2110 1406 2165 quam
1438 2111 1548 2150 uno
1579 2111 1721 2151 anno
1750 2098 1824 2151 uti
1863 2099 2125 2167 permise-

528 2190 680 2247 runt,
726 2192 885 2252 atque
919 2183 1172 2255 deinceps
1203 2199 1344 2239 novo
1385 2183 1517 2248 frui,
1550 2193 1604 2241 et
1650 2203 1758 2241 non
1801 2187 1993 2254 veteri,
2034 2189 2123 2257 ju-

525 2272 716 2328 bentes
754 2274 1072 2328 docuerunt.
1121 2274 1178 2329 Si
1207 2275 1329 2344 quis
1365 2289 1494 2346 ergo
1519 2276 1604 2331 his
1633 2276 1852 2330 obviare
1882 2284 2121 2331 tentave-

525 2362 618 2426 rit,
635 2377 848 2417 omnem
871 2363 969 2418 sibi
985 2379 1080 2434 per
1091 2380 1188 2420 vos
1202 2373 1255 2419 et
1269 2380 1368 2435 per
1381 2381 1571 2422 omnes
1587 2379 1730 2422 recte
1744 2367 2122 2438 intelligentcs,

526 2453 875 2526 indulgentia:
909 2457 1113 2512 aditum
1150 2457 1416 2530 intelligat
1463 2461 1810 2525 obseratum,
1849 2462 1974 2529 quia
2006 2476 2124 2529 pra-

524 2545 874 2601 vissimarum
905 2549 1166 2603 mentium
1199 2565 1454 2620 perversa
1493 2552 1766 2612 doctrina,
1797 2553 1923 2606 dum
1957 2552 2124 2607 indul-

527 2636 742 2705 gentius
783 2635 948 2693 frenis
989 2639 1179 2705 utitur,
1226 2641 1278 2694 in
1326 2642 1826 2710 praevaricationem
1869 2659 2123 2713 praesum-

526 2726 728 2796 ptionis
757 2727 1044 2783 delabitur.
1075 2730 1143 2785 Et
1171 2732 1479 2788 nullatenus
1509 2735 1739 2798 eruitur,
1766 2735 1866 2789 nisi
1897 2737 2122 2805 pruden-

528 2815 661 2869 tium
676 2819 1069 2875 sustentatione
1082 2829 1136 2875 et
1149 2822 1487 2877 correctione
1514 2823 1792 2879 liberetur.
1819 2825 1908 2879 llla
1941 2837 2120 2881 autem

529 2923 650 2976 qutc
691 2910 838 2965 circa
880 2913 1061 2968 divina
1109 2915 1368 2986 mysteria
1408 2924 1466 2970 et
1510 2931 1639 2987 erga
1683 2917 2032 2985 baptizandos
2067 2919 2120 2973 in

530 3001 787 3056 universo
836 3006 1036 3060 mundo
1083 3016 1269 3061 sancta
1313 3006 1555 3062 Ecclesia
1602 3006 1940 3063 uniformiter
1987 3009 2116 3080 agit,

2223 1831 2370 1886 sunt,
2401 1831 2456 1878 et
2485 1823 2573 1893 qui
2611 1839 2717 1878 non
2744 1833 2870 1879 sunt
2891 1824 3046 1881 bona
3075 1826 3524 1892 conversationis,
3564 1826 3653 1882 vel
3681 1843 3806 1898 quo-

2224 1929 2344 1968 rum
2385 1915 2494 1969 vita
2536 1925 2620 1970 est
2661 1917 3003 1982 accnsabilis,
3049 1925 3141 1972 aut
3183 1916 3332 1973 dubii
3382 1917 3440 1972 in
3486 1926 3641 1973 recta
3689 1918 3803 1973 ﬁde.

2224 2004 2486 2060 Similiter
2511 2021 2738 2076 quorum
2768 2007 2922 2070 ﬁdes,
2954 2007 3064 2061 vita
3089 2015 3146 2062 et
3172 2007 3396 2063 libertas
3436 2008 3708 2074 nescitur,
3731 2008 3806 2062 vel

2221 2097 2312 2166 qui
2354 2098 2588 2153 infamiae
2636 2099 2860 2154 maculis
2900 2107 3027 2154 sunt
3072 2101 3320 2170 aspersi,
3369 2108 3466 2155 aut
3518 2100 3806 2157 sceleribus

2222 2186 2451 2252 irretiti;
2488 2203 2663 2257 neque
2687 2203 2781 2244 eos
2811 2188 3122 2245 sacerdotes
3150 2189 3351 2246 debere
3391 2189 3478 2245 vel
3519 2204 3686 2261 posse
3725 2198 3807 2245 aut

2221 2277 2449 2334 clericos
2475 2294 2733 2336 accusare
2756 2281 2847 2350 qui
2898 2282 3001 2337 rite
3045 2281 3353 2338 sacerdotes
3399 2281 3520 2337 ﬁeri
3557 2296 3666 2337 non
3694 2297 3805 2353 pos-

2222 2381 2374 2438 sunt,
2407 2388 2508 2428 nec
2533 2375 2612 2429 sui
2643 2384 2768 2430 sunt
2791 2375 3017 2431 ordinis.
3043 2375 3308 2442 Quoniam
3337 2375 3481 2431 sicut
3506 2378 3805 2432 sacerdotes

2222 2463 2304 2515 vel
2340 2463 2530 2533 reliqui
2561 2463 2743 2520 clerici
2781 2479 2812 2518 a
2855 2465 3190 2520 saecularium
3216 2465 3482 2522 laicorum
3510 2465 3804 2522 excludun-

2226 2561 2313 2606 tur
2326 2555 2692 2622 accusatione,
2712 2555 2786 2609 ita
2811 2554 2885 2610 illi
2909 2554 2977 2609 ab
2999 2555 3227 2612 istorum
3249 2564 3376 2612 sunt
3387 2555 3807 2613 excluduendiet

2220 2646 2488 2701 alienandi
2519 2646 2932 2713 criminatione;
2983 2654 3039 2702 et
3084 2647 3224 2701 :‘Tcut
3265 2647 3354 2702 isti
3396 2645 3465 2701 ab
3497 2646 3628 2712 illis,
3655 2647 3732 2703 ita
3760 2659 3807 2702 et

2222 2737 2295 2792 illi
2341 2739 2409 2794 ab
2446 2738 2565 2794 istis
2603 2753 2708 2793 non
2747 2738 3102 2808 recipiantur,
3141 2739 3396 2809 quoniam
3428 2739 3571 2794 sicut
3601 2739 3806 2794 Domini

2221 2829 2561 2884 sacerdotum
2601 2837 2884 2900 segregata
2913 2828 3074 2884 debet
3098 2843 3217 2884 esse
3248 2828 3596 2884 conversatio
3621 2829 3690 2884 ab
3722 2843 3805 2882 eo-

2221 2935 2363 2987 rum,
2405 2921 2479 2975 ita
2517 2929 2572 2975 et
2605 2920 2856 2990 litigatio,
2881 2921 3008 2990 quia
3052 2934 3269 2976 servum
3312 2919 3406 2976 Dei
3452 2935 3561 2976 non
3603 2928 3807 2990 oportet

2220 3011 2450 3082 litigare.

535 3105 643 3144 non
689 3093 874 3164 otioso.
903 3097 1319 3167 contemplanda
1350 3108 1478 3153 sunt
1531 3099 1761 3167 intuitu,
1819 3115 1889 3156 ne
1939 3100 2116 3158 locum
2145 3084 2190 3146 Ο
2292 3104 2470 3172 Tales,
2502 3105 2810 3162 cbarissimi
2833 3104 3053 3170 fratres,
3096 3103 3472 3159 accusationes
3515 3111 3572 3158 et
3593 3099 3808 3172 injustas

533 3187 881 3253 supervacuis
909 3187 1296 3245 intentionibus
1345 3199 1401 3244 et
1445 3191 1917 3260 superstitionibus
1949 3193 2116 3250 facia-

531 3291 670 3329 mus.
704 3275 885 3333 Rudcs
912 3294 1042 3350 ergo
1080 3281 1318 3336 ﬁdelium
1361 3291 1570 3339 mentes
1611 3284 1678 3338 ad
1718 3285 1842 3339 talia
1885 3300 1989 3340 non
2019 3285 2117 3344 de-

530 3365 718 3421 bemus
773 3368 1056 3436 inducere,
1107 3372 1507 3442 quia,docendi
1557 3374 1736 3444 potius
1783 3386 1908 3430 sunt
1956 3391 2118 3446 quam

529 3456 811 3512 illudendi.
867 3459 948 3514 Ad
1002 3471 1240 3517 nostram
1297 3465 1444 3518 enim
1495 3464 1735 3520 laetitiam
1787 3467 1923 3522 bene
1976 3466 2121 3522 facta

529 3547 889 3615 perveniunt,
937 3559 993 3604 et
1045 3553 1298 3608 maeroris
1346 3553 1548 3609 aculeis
1601 3570 1700 3609 nos
1750 3570 1870 3624 qua:
1919 3555 2124 3613 fuerint

529 3637 671 3692 male
711 3637 848 3693 facta
889 3652 1277 3713 compungunt.
1322 3642 1423 3698 Hic
1451 3659 1581 3700 vero
1621 3645 1764 3700 inter
1807 3661 1999 3701 manus
2044 3647 2121 3702 la-

532 3738 746 3784 tronum
779 3739 834 3785 et
864 3731 1054 3787 dentes
1093 3733 1340 3803 luporum
1372 3733 1663 3790 furentium
1695 3745 1968 3806 utcunque
1995 3753 2121 3793 ver-

528 3833 738 3887 samur,
770 3828 824 3876 et
855 3831 1204 3879 contumaces
1235 3833 1360 3880 sunt
1385 3825 1584 3880 subditi
1615 3834 1779 3896 atque
1806 3841 1956 3881 oves.
1985 3827 2121 3884 Nam

532 3911 728 3966 latratu
761 3929 961 3969 canum
1008 3916 1309 3987 baculoque
1364 3918 1600 3988 pastoris
1650 3917 1898 3989 luporum
1945 3921 2124 3977 rabies

530 3999 852 4058 deterrenda
899 4014 1014 4072 est;
1067 4007 1155 4060 illa
1187 4023 1315 4062 vero
1342 4023 1461 4077 qua:
1485 4007 1738 4063 fomentis
1777 4024 1882 4063 non
1927 4025 2126 4066 sanan-

535 4098 623 4143 tur
652 4090 875 4147 vulnera
923 4093 1067 4150 ferro
1110 4095 1349 4150 abscindi
1397 4111 1621 4152 necesse
1661 4107 1763 4153 est.
1809 4098 1922 4154 Nec
1963 4100 2124 4156 silere

529 4196 821 4252 possumus
848 4193 909 4239 ut
936 4201 1056 4240 cum
1087 4187 1174 4242 hic
1210 4189 1277 4242 ab
1305 4188 1507 4245 illicitis
1545 4205 1863 4247 revocemus
1891 4193 2119 4262 aliquos,

529 4271 689 4328 ofﬁcii
739 4277 911 4331 nostri
961 4293 1318 4347 provocemur
1368 4281 1655 4347 instinctu,
1705 4283 1759 4336 in
1805 4285 2036 4353 speculis
2090 4300 2122 4341 a

532 4361 759 4418 Domino
791 4367 1091 4433 constituti,
1123 4376 1182 4422 ut
1209 4369 1499 4441 vigilantia:
1549 4379 1747 4427 nostrae
1781 4373 2117 4445 diligentiam

531 4457 967 4526 comprobantes,
993 4468 1048 4516 ct
1074 4476 1191 4531 qua:
1218 4466 1522 4519 coercenda
1547 4475 1673 4522 sunt
1699 4482 2028 4538 resecemus,
2065 4479 2121 4527 et

530 4561 650 4616 qua:
674 4549 1011 4606 observanda
1039 4561 1166 4607 sunt
1189 4568 1533 4611 censeamus.

600 4638 892 4697 Consulere
923 4644 1085 4697 etiam
1130 4659 1248 4709 nos,
1293 4654 1351 4700 ut
1391 4646 1444 4701 in
1486 4649 1758 4718 praedictis
1799 4652 1996 4710 litteris
2030 4670 2124 4712 ve-

531 4733 659 4788 stris
707 4733 1031 4800 invenimus,
1065 4751 1227 4806 super
1255 4743 1601 4796 accusatione
1648 4745 1982 4799 sacerdotum
2027 4762 2122 4802 vo-

530 4825 728 4891 luistis,
757 4842 879 4896 quae
905 4827 1100 4899 oppido
1127 4831 1267 4899 apud
1298 4847 1413 4897 vos,
1456 4841 1514 4886 ut
1553 4833 1606 4887 in
1637 4834 1837 4889 eisdem
1875 4835 2121 4906 apicibus

531 4915 853 4984 reperimus,
898 4919 1216 4976 crebrescit.
1265 4921 1619 4993 Signiﬁcastis
1665 4924 1884 4995 insuper
1912 4927 2112 4996 pleros-

530 5019 635 5074 que
657 5007 954 5074 attendere,
985 5009 1182 5067 multos
1218 5012 1268 5066 in
1307 5013 1436 5083 ipsis
1465 5013 1760 5069 honoribus
1787 5016 2114 5070 ecclesiasti—

529 5094 609 5150 cis
653 5110 757 5151 non
804 5111 1166 5170 congruenter
1217 5103 1399 5157 vivere
1440 5104 1781 5159 sermonibus
1824 5113 1880 5160 et
1931 5120 2114 5160 sacra-

530 5187 728 5241 mentis
757 5204 876 5258 quae
902 5205 998 5260 per
1023 5207 1118 5248 eos
1143 5193 1352 5262 populis
1385 5194 1781 5250 ministrentur.
1820 5193 1864 5251 Ο
1892 5195 2121 5252 miseros

533 5275 796 5343 homines,
828 5278 920 5349 qui
967 5283 1065 5337 hos
1099 5281 1354 5339 intuendo
1395 5283 1671 5340 Christum
1709 5283 2119 5353 obliviscuntur,

532 5369 623 5434 qui
667 5380 721 5424 et
755 5372 920 5427 multo
949 5384 1073 5429 ante
1103 5375 1390 5434 praedixit.
1423 5385 1484 5431 ut
1521 5376 1624 5434 leui
1676 5376 1768 5432 Dei
1806 5377 1982 5434 potius
2023 5377 2114 5434 ob-

2217 3202 2313 3249 aut
2341 3195 2562 3250 nocivas
2583 3194 2955 3251 aemulationes
2986 3209 3081 3264 pro
3109 3193 3316 3248 viribus
3351 3192 3658 3264 prohibete,
3689 3192 3806 3261 quia

2219 3289 2492 3343 contentio
2529 3302 2870 3358 summopere
2899 3295 2985 3342 est
3018 3286 3236 3341 vitanda
3270 3300 3285 3340 :
3326 3286 3528 3356 septies
3551 3285 3696 3340 enim
3729 3299 3808 3339 ca-

2220 3379 2298 3434 dit
2326 3377 2508 3447 justus
2554 3380 2606 3433 in
2637 3379 2722 3433 die
2761 3387 2815 3433 et
2859 3378 3112 3448 resurgit,
3145 3376 3294 3446 impii
3337 3386 3516 3431 autem
3560 3383 3809 3430 corment

2220 3472 2274 3525 in
2327 3470 2528 3525 malum
2583 3487 2595 3522 :
2656 3487 2674 3520 ‹
2735 3468 2870 3524 Cum
2925 3468 3183 3524 ceciderit
3235 3467 3486 3522 inimicus
3536 3475 3691 3529 tuus,
3742 3465 3811 3520 ait

2222 3562 2517 3626 Salomon,
2583 3575 2652 3616 ne
2715 3562 2989 3632 gaudeas,
3059 3568 3115 3616 et
3179 3559 3232 3615 in
3303 3559 3462 3613 ruina
3524 3558 3635 3630 36
3695 3557 3809 3626 ejus

2222 3668 2328 3708 non
2425 3652 2631 3708 exultet
2702 3667 2799 3707 cor
2860 3659 3056 3716 tuum,
3115 3666 3184 3705 ne
3257 3650 3397 3704 forte
3450 3649 3631 3704 videat
3706 3647 3808 3702 Do-

2224 3743 2401 3798 minus
2443 3752 2498 3798 et
2522 3741 2810 3814 displiceat
2831 3743 2880 3798 ei
2907 3783 2922 3807 ,
2974 3751 3029 3797 et
3059 3741 3271 3796 auferat
3294 3741 3362 3794 ab
3382 3756 3450 3796 eo
3477 3741 3614 3795 iram
3635 3755 3805 3795 suam.

2221 3832 2299 3888 Ne
2327 3833 2621 3888 contendas
2650 3849 2770 3889 cum
2799 3832 3082 3903 pessimis,
3137 3847 3239 3888 nec
3278 3832 3549 3888 :emuleris
3587 3831 3804 3901 impios.

2223 3925 2476 3993 quoniam
2545 3940 2653 3979 non
2710 3923 2912 3978 habent
2973 3921 3278 3978 futurorum
3338 3937 3491 3993 spem
3544 3923 3713 3986 mali,
3760 3931 3808 3975 et

2223 4015 2442 4071 lucerna
2485 4016 2772 4087 impiorum
2796 4016 3192 4086 exstinguetur,
3236 4029 3335 4069 nec
3360 4014 3633 4069 temuleris
3671 4015 3806 4068 viros

2223 4107 2429 4173 malos,
2462 4123 2560 4164 nec
2606 4109 2884 4163 desideres
2923 4123 3043 4163 esse
3068 4123 3194 4162 cum
3239 4107 3342 4172 eis,
3383 4107 3510 4178 quia
3565 4108 3805 4178 rapinam

2223 4198 2518 4253 meditatur
2583 4212 2735 4253 mens
2791 4213 2979 4253 eorum
3051 4208 3107 4252 et
3159 4195 3376 4253 fraudes
3430 4195 3576 4253 labia
3625 4213 3805 4254 eorum

2223 4289 2536 4359 loquuntur,
2569 4309 2588 4340 ι
2621 4290 2738 4344 haec
2758 4297 2969 4354 cavete,
2997 4289 3332 4344 charissimi.

2295 4380 2421 4435 llaec
2445 4379 2778 4435 meditamini
2806 4392 2860 4434 et
2897 4379 3158 4434 fratribus
3199 4379 3252 4434 in
3281 4379 3534 4436 omnibus
3559 4380 3802 4436 solatium

2225 4478 2499 4542 praestate,
2523 4470 2648 4541 quia
2678 4471 2730 4525 in
2755 4471 2858 4542 hoc
2882 4479 3211 4539 cognoscent
3237 4484 3458 4536 omnes,
3489 4479 3551 4525 ut
3581 4472 3698 4543 ipsa
3718 4486 3806 4542 per

2222 4579 2282 4619 se
2304 4561 2517 4618 Veritas
2547 4563 2623 4616 ait
2645 4604 2660 4628 ,
2691 4549 2946 4632 quoniam
2975 4560 3079 4616 mei
3103 4561 3238 4616 estis
3263 4561 3546 4632 discipuli,
3588 4563 3634 4618 si
3682 4562 3805 4616 dile-

2223 4655 2457 4708 ctionem
2506 4653 2805 4708 habueritis
2852 4652 2917 4707 ad
2968 4652 3219 4708 invicem.
3270 4651 3325 4708 Si
3355 4653 3499 4707 enim
3556 4655 3612 4708 in
3650 4653 3804 4709 rebus

2223 4742 2570 4798 saecularibus
2613 4757 2768 4797 suum
2811 4743 3072 4812 cujusque
3118 4740 3209 4811 jus
3263 4751 3318 4797 et
3373 4744 3624 4814 proprius
3679 4744 3803 4797 ordo

2223 4832 2521 4889 servandus
2547 4841 2663 4897 est,
2691 4841 2895 4902 quanto
2922 4834 3094 4904 magis
3122 4834 3175 4888 in
3205 4834 3590 4890 ecclesiasticis
3621 4834 3799 4905 dispu-

2217 4922 2512 4978 tationibus
2559 4922 2701 4977 nulla
2754 4923 2914 4977 debet
2963 4924 3141 4979 induci
3173 4924 3420 4980 confusio
3448 4925 3461 4979 l
3490 4924 3647 4992 Quod
3707 4925 3800 4979 ista

2219 5014 2594 5075 observatione
2647 5015 3022 5070 observabitur
3079 5015 3125 5070 si
3179 5015 3313 5070 nihil
3367 5016 3658 5087 potestati,
3713 5015 3800 5072 sed

2221 5111 2390 5158 totum
2417 5103 2656 5172 aequitati
2691 5104 3027 5159 retribuitur.

2294 5192 2448 5248 Unde
2469 5202 2684 5249 constat
2716 5195 2997 5265 episcopos
3021 5193 3263 5250 locorum
3307 5193 3642 5266 singulorum
3693 5209 3799 5250 om-

2225 5286 2371 5339 nium
2429 5285 2519 5354 qui
2552 5286 2651 5340 sub
2704 5301 2890 5340 eorum
2956 5285 3155 5356 degunt
3196 5284 3563 5339 moderamine
3621 5298 3745 5338 cura

2225 5373 2424 5428 habere
2483 5373 2803 5434 sollicitam,
2845 5380 2900 5428 et
2964 5387 3159 5428 causas
3205 5373 3575 5434 utilitatesque
3617 5388 3796 5428 eorum
