3926 6438
150 376 239 431 457
1348 364 1709 422 DECRETAI.

1814 363 1836 420 τι
1873 365 2275 428 COLLECTIO.

3295 383 3398 441 158

149 481 469 559 regularique
515 478 746 536 debeant
793 476 1164 534 moderamine
1226 476 1544 548 disponere,
1611 474 1700 546 qui
1729 473 1784 536 Α
1809 487 1932 532 sunt
1955 519 1970 544 ,
1999 495 2067 535 ne
2089 490 2301 552 repetas
2325 479 2479 553 (Luc.
2515 483 2760 558 “.50).:
2789 484 3126 547 Suntautem
3148 494 3398 565 quadam

146 596 226 636 eos
249 578 298 632 in
326 573 688 631 sacerdotium
714 571 969 628 ordinant
991 609 1008 637 ,
1049 579 1105 626 et
1144 584 1174 624 a
1210 570 1407 641 quibus
1429 568 1542 638 jam
1567 569 1711 624 ordi-

146 671 242 728 nati
295 677 454 733 sunt,
497 664 788 737 quoniam,
834 671 897 718 ut
934 663 1019 718 lev
1071 660 1329 732 loquitur,
1393 660 1713 716 maledictus

145 762 302 817 omnis
354 769 437 815 est
468 759 563 828 qui
614 755 872 812 transfert
916 753 1181 810 terminos
1223 752 1455 824 proximi
1497 752 1614 818 sui;
1657 760 1714 809 et

147 851 264 907 dixit
287 848 462 905 omnis
483 845 743 917 populus:
776 845 967 900 Amen.
993 843 1135 898 Deus
1163 857 1292 912 ergo
1317 883 1334 908 ,
1369 840 1568 897 fratres
1595 882 1612 907 ,
1642 841 1709 896 ad

147 945 233 999 hoc
277 939 664 1012 prmerdinavit
689 953 820 1002 vos,
869 945 929 991 ut
953 949 1142 990 omnes
1170 935 1261 1006 qui
1292 949 1504 991 summo
1533 949 1712 991 sacer-

147 1032 274 1088 dotio
295 1031 613 1099 funguntur,
637 1036 699 1082 ut
737 1025 1028 1094 iujustitias
1069 1023 1425 1090 removeatis,
1474 1034 1527 1080 et
1573 1039 1712 1096 prae-

147 1122 454 1192 sumptiones
480 1117 832 1182 abscindatis,
857 1125 911 1172 et
938 1116 992 1171 in
1015 1115 1318 1171 sacerdotio
1338 1115 1714 1171 laborantibus

147 1210 559 1277 succurratis,ct
607 1207 914 1279 opprobriis
965 1219 1022 1262 et
1074 1205 1473 1263 calamitatibus
1519 1221 1711 1262 eorum

147 1307 298 1356 locum
362 1317 468 1354 non
533 1299 855 1370 praebeatis,
899 1297 994 1352 sed
1033 1297 1083 1352 ei
1137 1297 1228 1367 qui
1285 1296 1610 1352 calumniam
1656 1306 1714 1354 et

145 1396 466 1466 opprobrium
499 1394 704 1464 patitur
741 1389 1064 1460 adiutorium
1121 1390 1343 1456 feratis;
1386 1389 1534 1445 illum
1582 1405 1712 1447 vero

146 1487 220 1555 qui
249 1485 574 1540 calumniam
600 1483 683 1538 vel
708 1481 1058 1552 opprobrium
1106 1480 1256 1546 facit,
1283 1481 1616 1538 abscindatis
1656 1489 1713 1537 et

146 1576 348 1633 Domino
378 1579 429 1631 in
457 1577 578 1632 suis
603 1575 974 1631 sacerdotibus
999 1587 1154 1643 opem
1186 1573 1392 1629 feratis.

205 1667 520 1724 Sacerdotes
553 1682 770 1738 quoque
816 1665 1074 1720 Dominus
1097 1663 1198 1720 sibi
1227 1663 1390 1733 elegit
1430 1671 1490 1718 ut
1541 1663 1711 1719 sacri-

145 1758 286 1813 ficent
333 1759 382 1814 ei
443 1767 501 1814 et
555 1757 786 1813 offerant
835 1757 1135 1812 oblationes
1193 1755 1452 1822 Domino;
1517 1757 1709 1814 levitas

141 1865 332 1922 quoque
369 1851 471 1906 sub
517 1851 603 1907 eis
650 1864 771 1905 esse
812 1849 972 1919 jussit
1026 1848 1080 1904 in
1129 1848 1446 1903 ministeriis
1481 1863 1706 1916 eorum,

143 1947 264 1998 unde
280 1945 342 1999 ad
371 1943 600 2015 Moysen
643 1941 881 2011 loquitur
927 1943 1150 1994 dicens:
1183 1958 1201 1991 ι
1239 1939 1499 2010 Princeps
1527 1950 1704 1995 autem

145 2035 415 2104 principum
451 2033 742 2089 levitarum
773 2031 1000 2086 Eleazar
1029 2029 1170 2084 ﬁlius
1197 2032 1379 2084 Aaron
1411 2030 1708 2086 sacerdotis

146 2128 228 2182 erit
251 2143 404 2198 super
440 2126 790 2182 excubitores
819 2123 1064 2178 ecclesia:
1101 2121 1439 2178 sanctuarii:
1475 2141 1494 2174 ›
1532 2122 1599 2176 de
1621 2122 1707 2176 his

147 2217 262 2273 enim
283 2219 490 2273 loeutus
535 2226 621 2271 est
645 2215 904 2270 Dominus
925 2213 992 2267 ad
1028 2211 1267 2283 Moysen.
1299 2230 1319 2262 ι
1348 2210 1499 2266 Tolle
1518 2209 1709 2266 levitas

145 2322 225 2375 pro
240 2306 614 2378 primogenitis
639 2305 871 2360 filiorum
893 2303 1084 2370 lsrael,
1117 2311 1172 2358 et
1196 2317 1392 2372 pecora
1415 2301 1701 2356 levitarum

147 2413 225 2466 pro
255 2398 545 2468 pecoribus
600 2411 822 2460 eorum,
871 2403 1143 2464 eruntque
1195 2394 1372 2450 levitre
1424 2394 1565 2458 mei,
1607 2409 1708 2464 ego

150 2487 370 2542 Dominus
400 2485 599 2556 (Num.
630 2501 722 2550 Ill,
765 2484 854 2549 54,
892 2483 994 2549 44,
1025 2483 1149 2554 45).
1193 2501 1212 2536 ι
1252 2481 1310 2539 Si
1341 2483 1532 2538 levitas
1581 2497 1708 2539 suos

146 2594 244 2634 esse
255 2579 504 2636 Dominus
521 2578 712 2645 voluit,
725 2587 926 2648 quanto
939 2577 1108 2646 magis
1128 2575 1436 2631 sacerdotes
1451 2575 1551 2631 sibi
1571 2575 1708 2631 asci-

148 2671 241 2726 vit?
263 2669 333 2726 De
359 2671 568 2743 quibus
601 2670 710 2734 ait,
762 2669 807 2724 si
860 2668 982 2738 quis
1016 2675 1363 2722 externorum
1411 2667 1710 2722 accesserit

150 2763 396 2819 morietur.
419 2761 626 2820 Omnia
649 2775 781 2817 vero
801 2775 922 2832 qua:
947 2759 1162 2816 Domini
1223 2769 1351 2814 sunt
1393 2769 1552 2814 caute
1598 2767 1708 2814 tra-

150 2855 312 2908 clauda
341 2863 466 2908 sunt
487 2864 552 2909 et
579 2866 685 2907 non
723 2851 917 2906 leviter
938 2849 1342 2921 przecipitanda,
1373 2850 1626 2920 quoniam
1652 2859 1710 2906 et

150 2944 265 3000 inter
285 2945 535 3001 homines
561 2959 661 3016 pro
699 2941 944 2998 fidelibus
963 2942 1231 2997 habentur
1249 2941 1339 3011 qui
1361 2942 1705 2998 dominorum

151 3051 336 3092 suarum
357 3051 558 3093 causas
595 3035 734 3091 bene
763 3033 1101 3101 custodiunt,
1141 3041 1196 3089 et
1224 3031 1453 3088 fideliter
1474 3042 1710 3089 tractant

148 3135 304 3198 atque,
343 3139 616 3201 praecepta
664 3127 1004 3182 dominorum
1070 3141 1290 3182 suorum
1339 3127 1477 3182 bene
1527 3135 1707 3183 custo-

152 3220 280 3278 diunt
304 3229 355 3277 et
402 3237 516 3277 non
561 3219 1050 3291 transgrediuntur.
1081 3217 1188 3274 Pro
1232 3217 1538 3274 infidelibus
1575 3235 1706 3275 vero
1736 3201 1780 3263 (ἶ

151 3321 434 3381 repetantur
459 3312 522 3367 hi
547 3311 638 3381 qui
669 3311 1010 3366 dominorum
1032 3324 1252 3364 suorum
1274 3325 1468 3365 causas
1493 3311 1708 3368 incaute

152 3413 194 3458 et
216 3404 542 3477 negligenter
581 3411 816 3459 tractant
864 3410 922 3458 et
974 3412 1245 3473 prmeepta
1294 3417 1483 3458 eorum
1534 3404 1710 3473 despi-

149 3497 300 3563 ciunt,
333 3508 388 3553 et
414 3513 551 3563 non,
579 3505 640 3550 ut
667 3496 883 3563 debent,
909 3495 1240 3552 custodiunt.
1270 3495 1394 3550 Ideo
1417 3497 1532 3552 haec
1571 3513 1708 3566 pra:-

150 3585 362 3642 misimus
387 3597 444 3640 ut
481 3597 848 3657 cognoscatur
882 3587 951 3640 ab
998 3585 1085 3640 his
1130 3586 1327 3656 quibus
1377 3586 1707 3658 incognitum

149 3686 215 3730 est
235 3679 364 3748 quod
382 3688 436 3735 ct
461 3677 782 3734 sacerdotes
805 3677 962 3747 (quos
991 3677 1091 3731 sibi
1122 3678 1379 3732 Dominus
1428 3678 1494 3733 dc
1534 3678 1708 3734 omni-

149 3768 229 3826 bus
252 3773 458 3840 ascivit,
516 3780 574 3827 et
601 3786 730 3826 suos
771 3785 890 3826 esse
944 3769 1133 3841 voluit)
1188 3785 1294 3824 non
1341 3779 1468 3826 sunt
1517 3770 1708 3826 leviter

153 3867 379 3922 tractandi
417 3881 525 3922 nec
560 3865 832 3921 laccrandi
862 3878 961 3920 nec
997 3871 1198 3919 temere
1246 3864 1566 3930 accusandi,
1612 3872 1707 3918 aut

153 3957 545 4024 reprehendendi
569 3957 672 4012 nisi
697 3973 724 4011 a
762 3955 1040 4028 magistris
1065 3954 1208 4020 suis,
1237 3955 1492 4024 quoniam
1517 3970 1705 4009 eorum

151 4061 311 4105 causas
338 4051 436 4106 sibi
471 4049 735 4104 Dominus
756 4062 1038 4104 reservare
1076 4045 1279 4110 voluit,
1311 4054 1366 4100 et
1387 4061 1486 4100 suo
1502 4043 1707 4113 judicio

150 4137 398 4196 vindicari.
433 4141 576 4196 Nam
605 4141 658 4196 in
683 4139 770 4196 his
797 4149 853 4194 et
881 4140 934 4193 in
961 4138 1081 4193 aliis
1103 4139 1386 4208 przeecptis
1419 4136 1629 4191 Domini
1653 4145 1708 4190 et

151 4228 306 4290 ﬁdeles
328 4243 736 4306 cognoscuntur
771 4241 828 4286 et
873 4229 1114 4286 infideles
1136 4231 1523 4300 reprobantur;
1573 4227 1710 4284 tole-

152 4326 278 4380 randi
303 4330 442 4381 enim
500 4326 554 4380 hi
597 4335 722 4380 sunt
750 4323 930 4396 potius
959 4339 988 4378 a
1026 4322 1272 4378 fidelibus
1303 4336 1464 4390 quam
1505 4335 1704 4392 expro-

153 4411 343 4482 brandi,
368 4416 535 4471 veluti
565 4414 718 4486 palea
749 4430 870 4471 cum
910 4413 1089 4467 tritico
1123 4428 1295 4482 usque
1341 4413 1404 4466 ad
1455 4411 1702 4466 ultimum

154 4508 476 4564 ventilabrum
498 4549 514 4575 ,
546 4508 685 4563 sicut
723 4507 896 4576 pisces
922 4504 1046 4560 mali
1076 4518 1200 4559 cum
1249 4503 1404 4558 bonis
1432 4518 1604 4574 usque
1631 4501 1700 4558 ad

156 4601 547 4671 segregationem
587 4612 706 4669 quae
730 4595 908 4651 futura
943 4602 1028 4650 est
1072 4594 1126 4648 in
1154 4592 1367 4657 littore,
1394 4593 1496 4648 hoc
1521 4601 1606 4648 εει
1646 4592 1702 4648 in

158 4687 242 4744 ﬁne
265 4692 455 4746 saeculi.
501 4689 818 4746 Nullatenus
852 4703 981 4760 ergo
1010 4693 1190 4758 potest
1230 4686 1575 4742 condemnari
1605 4686 1706 4742 bu-

159 4794 288 4835 mano
305 4783 552 4837 examine
570 4797 730 4852 quem
761 4781 902 4836 Deus
941 4793 1040 4834 suo
1063 4778 1268 4849 judicio
1297 4777 1624 4845 reservavit,
1649 4785 1710 4833 ut

158 4873 452 4940 propositum
484 4872 577 4926 Dei
617 4871 736 4942 quo’
765 4870 1003 4928 decrevit
1036 4869 1248 4924 salvare
1279 4869 1421 4938 quod
1470 4868 1711 4940 perierat

158 4955 234 5012 fiat
254 4962 535 5018 immobile.
568 4962 634 5016 Et
664 4962 816 5027 ideo,
842 4960 968 5030 quia
1018 4959 1268 5015 voluntas
1295 4956 1412 5026 ejus
1459 4973 1564 5013 non
1605 4957 1706 5013 im-

159 5060 392 5120 mutatur,
433 5055 612 5110 nullus
660 5059 953 5124 prazsumat
997 5066 1059 5106 ea
1096 5065 1216 5119 quae
1263 5049 1363 5105 sibi
1419 5064 1522 5104 non
1581 5059 1708 5106 sunt

158 5154 416 5214 concessa;
485 5147 628 5202 unde
679 5155 762 5200 est
805 5144 934 5200 illud
981 5144 1126 5215 quod
1155 5143 1446 5212 Apostolus
1469 5143 1707 5215 loquitur

161 5230 354 5292 dicens:
387 5257 405 5290 ι
440 5237 558 5293 Jam
583 5235 798 5309 quidem
846 5236 1067 5292 omnino
1119 5235 1370 5292 delictum
1415 5245 1535 5302 est,
1580 5236 1705 5306 quia

157 5319 326 5388 judicia
365 5328 572 5385 habetis
598 5328 915 5392 vobiscum,
955 5341 1124 5396 quare
1151 5340 1256 5381 non
1290 5327 1462 5399 magis
1511 5326 1706 5396 iniqui-

165 5423 298 5475 tatem
373 5421 647 5492 patimini?
696 5436 865 5492 quare
933 5435 1040 5475 non
1098 5420 1276 5491 potius
1332 5419 1708 5476 fraudamini?

163 5507 202 5577 (l
236 5510 345 5569 Cor.
388 5532 473 5584 vr,
519 5517 595 5589 7.)
629 5536 647 5567 ι
683 5515 764 5570 Ad
796 5514 921 5568 illud
963 5513 1216 5569 redeatur
1255 5514 1398 5584 quod
1445 5514 1705 5571 Dominus

163 5602 251 5656 ait:
277 5623 292 5655 ι
319 5605 374 5661 Si
404 5609 522 5678 quis
547 5607 774 5663 voluerit
823 5605 1057 5662 tunicam
1096 5613 1242 5660 tuam
1281 5605 1466 5661 tollere
1491 5644 1508 5673 ,
1557 5617 1612 5662 et
1649 5606 1703 5661 in

160 5684 331 5754 judicio
378 5707 547 5754 tecum
592 5695 974 5760 contendere,
1009 5695 1219 5750 dimitte
1274 5695 1323 5750 ei
1377 5703 1434 5750 et
1481 5695 1704 5768 pallium

167 5777 349 5844 (Matth.
371 5803 401 5841 v
422 5829 436 5854 ,
457 5789 563 5856 40).
598 5811 616 5844 ι
647 5789 713 5844 Ει
748 5787 852 5844 alio
893 5786 1049 5844 loco:
1091 5805 1109 5838 ι
1138 5787 1238 5862 Qui
1270 5785 1449 5845 aufert
1470 5801 1592 5861 qua:
1613 5797 1703 5845 tua

1814 581 1934 635 quae
1957 567 2223 625 levissima
2254 580 2576 641 putarentur
2612 575 2716 631 nisi
2747 575 2802 631 in
2835 578 3132 648 Seripturis
3175 583 3369 640 demon

1813 666 2119 714 strarentur
2144 663 2398 730 opinione
2425 666 2696 736 graviora.
2732 669 2866 735 Quis
2913 687 3149 742 unquam
3186 676 3400 748 Idicentt

1812 747 1969 804 fratri
1992 766 2091 806 suo
2118 751 2264 820 fatue
2296 769 2446 811 reum
2479 758 2737 829 gehennte
2763 769 2984 832 putaret
3007 765 3110 820 nisi
3137 747 3252 834 ipsa
3296 766 3402 824 Ve-

1813 841 1946 897 ritas
1979 843 2231 901 diceret?

1882 933 1958 988 llli
2013 951 2142 991 vero
2187 938 2278 1009 qui
2326 939 2414 994 illa
2468 954 2691 1012 peccata
2727 955 3041 1016 perpetrant
3089 949 3157 1005 de
3205 953 3402 1022 quibus

1810 1027 2098 1096 Apostolus
2125 1030 2228 1097 ait,
2273 1033 2526 1102 quoniam
2558 1037 2649 1106 qui
2677 1038 2803 1093 talia
2827 1051 3023 1111 agunt,
3058 1057 3281 1114 regnum
3307 1044 3399 1100 Dei

1812 1134 1918 1174 non
1954 1132 2388 1191 consequentur,
2417 1125 2574 1181 valde
2603 1129 2826 1184 cavendi
2855 1139 2982 1185 sunt
3008 1141 3062 1185 et
3085 1132 3162 1190 ,ad
3215 1149 3402 1188 emen-

1813 1208 2102 1278 dationem,
2136 1213 2180 1266 si
2207 1213 2510 1270 voluntarie
2541 1216 2831 1283 noluerint,
2858 1220 3235 1291 compellendi,
3273 1223 3402 1293 quia

1812 1300 2046 1356 infamiae
2071 1304 2298 1360 maculis
2321 1316 2446 1362 sunt
2484 1309 2786 1377 aspersi,et
2824 1309 2877 1363 in
2907 1311 3224 1366 barathrum
3247 1313 3399 1368 dela-

1811 1391 2014 1449 buntur
2059 1397 2163 1452 nisi
2214 1399 2295 1453 eis
2341 1400 2664 1455 sacerdotali
2709 1403 3032 1458 auctoritate
3077 1405 3401 1461 subventum

1812 1481 2008 1549 fuerit;
2061 1485 2334 1551 similiter,
2381 1496 2436 1542 et
2484 1489 2557 1543 illi
2591 1491 2657 1546 de
2709 1492 2906 1560 quibus
2970 1493 3083 1562 ipse
3121 1495 3228 1558 ait,
3276 1511 3400 1551 cum

1811 1573 2119 1642 huiusmodi
2141 1576 2450 1634 hominibus
2473 1596 2573 1634 nec
2603 1581 2784 1636 cibum
2817 1598 3034 1640 sumere
3053 1626 3068 1650 ,
3105 1586 3231 1655 quia
3260 1586 3402 1641 infa-

1781 1663 1920 1751 'mia
1941 1666 2299 1731 suntnotati,
2357 1677 2644 1737 antequam
2701 1673 3026 1728 sacerdotali
3075 1677 3404 1731 auctoritate

1811 1762 2102 1820 sanentur,
2155 1765 2211 1810 et
2271 1756 2323 1812 in
2381 1759 2588 1828 gremio
2629 1770 2832 1816 sancta:
2895 1765 3087 1820 matris
3146 1765 3406 1821 Ecclesia:

1741 1831 1784 1890 Β
1814 1846 2279 1916 redintegrenlur;
2310 1850 2433 1918 quia
2464 1851 2554 1920 qui
2582 1859 2734 1906 extra
2771 1868 2870 1908 nos
2914 1862 3076 1920 sunt,
3122 1857 3402 1912 nobiscqu

1813 1937 2218 1993 communicare
2258 1954 2363 1993 non
2413 1950 2661 2008 possunt.
2719 1941 3063 1998 Manifestum
3115 1957 3199 2000 est
3255 1949 3402 2002 enim

1812 2027 1956 2095 quod
1982 2027 2036 2082 bi
2067 2039 2219 2083 extra
2251 2020 2348 2085 nos
2394 2041 2522 2085 sunt
2551 2041 2608 2086 et
2657 2049 2685 2086 a
2718 2034 2873 2089 nobis
2896 2036 3114 2091 discreti
3159 2053 3280 2093 esse
3311 2042 3404 2094 de.

1810 2117 1980 2183 bent,
2005 2132 2129 2172 cum
2158 2121 2354 2187 quibus
2384 2137 2483 2176 nos
2511 2137 2609 2178 nec
2630 2124 2812 2190 edere,
2849 2141 2947 2181 nec
2975 2128 3154 2183 cibum
3184 2144 3404 2186 sumere

1813 2207 1976 2275 licet;
2020 2209 2273 2266 similiter
2298 2220 2353 2266 et
2403 2225 2592 2268 omnes
2640 2228 2888 2283 persona:
2927 2218 3262 2286 quibuslibet
3291 2230 3406 2274 tur-

1810 2299 2147 2370 pitudinibus
2171 2315 2235 2356 ac
2275 2302 2698 2360 scurrilitatibus
2745 2305 3004 2374 subjectae
3030 2307 3258 2363 infames
3279 2317 3406 2365 sunt

1811 2391 2015 2448 effectae
2035 2432 2051 2458 ,
2077 2401 2131 2446 et
2149 2408 2338 2449 omnes
2378 2394 2469 2464 qui
2498 2397 2758 2452 adversus
2779 2406 2964 2466 patres
2986 2409 3290 2465 armantur,
3322 2401 3399 2455 in-

1811 2483 1983 2540 fames
2003 2484 2327 2540 efﬁciuntur.

1882 2574 2122 2629 Arenam
2149 2590 2279 2630 vero
2304 2584 2358 2629 et
2379 2575 2544 2631 salem
2575 2584 2630 2631 et
2650 2591 2881 2632 massam
2908 2576 3036 2632 ferri
3066 2577 3278 2634 facilius
3317 2588 3400 2634 est

1808 2673 2029 2736 portare
2051 2682 2212 2736 quam
2234 2667 2510 2723 hominem
2545 2669 2942 2739 imprudentem
2965 2679 3020 2725 et
3049 2670 3280 2737 fatuum,
3315 2681 3403 2725 at-

1809 2776 1914 2830 que
1974 2760 2230 2832 impium;
2262 2763 2518 2832 quoniam
2557 2763 2651 2834 qui
2681 2764 2983 2819 minoratur
3010 2766 3172 2820 corde
3201 2767 3405 2836 cogitas

1809 2848 2012 2917 inania,
2027 2851 2498 2921 etvirimprudens
2511 2860 2768 2906 eterrans
2789 2853 3187 2923 cogitatstulta;
3205 2853 3404 2909 multo-

1810 2941 1954 2997 enim
1981 2943 2347 3014 supplantavit
2390 2945 2628 3014 suspicio
2658 2944 2904 3011 illorum,
2956 2954 3012 3002 et
3056 2947 3111 3002 in
3166 2947 3403 3006 vanitate
3489 2938 3492 2941 ’

1809 3034 2042 3090 detinuit
2079 3051 2271 3092 sensus
2297 3035 2532 3091 illorum.
2561 3037 2668 3091 Cor
2690 3038 2883 3092 durum
2915 3038 3053 3094 male
3095 3039 3315 3095 habebit
3345 3042 3400 3096 it.

1813 3129 2132 3193 novissimo,
2164 3139 2221 3185 et
2249 3130 2341 3200 qui
2386 3141 2532 3185 amat
2562 3131 2859 3201 periculum
2914 3132 2968 3187 in
3007 3133 3123 3203 ipso
3168 3134 3402 3204 peribit,

1810 3232 1906 3274 cor
1931 3219 2244 3290 ingrediens
2288 3221 2424 3276 duas
2451 3221 2570 3276 vias
2601 3237 2704 3276 non
2757 3222 2980 3277 habebit
3027 3212 3302 3294 requiem,
3345 3239 3401 3281 et

1811 3312 1965 3382 pravi
2009 3313 2189 3368 cordis
2215 3312 2266 3367 in
2327 3313 2434 3368 illis
2485 3313 2973 3380 seandalizabitur;
3025 3331 3123 3372 cor
3168 3333 3404 3386 nequam

1809 3402 2124 3472 gravabitur
2164 3403 2219 3458 in
2284 3403 2594 3470 doloribus,
2644 3413 2700 3460 et
2746 3414 3002 3475 peccator
3059 3406 3280 3476 adjiciet
3333 3406 3402 3463 ad

1808 3493 2164 3564 peccandum.

1881 3583 2034 3640 Talia
2121 3585 2426 3656 cogitantes
2504 3585 2680 3641 sancti
2764 3586 3025 3656 apostoli,
3107 3602 3406 3658 eorumque

1809 3693 2153 3736 successores
2205 3679 2409 3751 Spiritu
2473 3680 2568 3734 Dei
2630 3679 2853 3750 repleti,
2911 3678 3083 3735 malos
3156 3680 3406 3737 homines

1809 3772 2168 3842 prmvidentes
2189 3780 2243 3828 et
2264 3771 2536 3841 simplices
2562 3772 2989 3836 considerantes,
3018 3768 3282 3826 difﬁcilem
3309 3783 3406 3830 aut

1809 3878 2084 3934 nunquam
2113 3863 2401 3921 voluerunt
2425 3879 2546 3920 esse
2569 3863 2972 3919 accusationem
3020 3863 3362 3918 sacerdotum
3381 3901 3402 3931 ,

1810 3971 1876 4011 ne
1899 3971 1929 4009 a
1962 3955 2120 4010 malis
2155 3956 2458 4026 potuissent
2485 3954 2654 4009 everti
2686 3953 3139 4018 autsubmoveri,
3180 3953 3307 4022 quia
3353 3961 3404 4011 sl

1810 4046 1912 4100 hoc
1933 4045 2090 4100 facile
2118 4044 2509 4099 concederetur
2528 4043 2880 4099 smcularibus
2909 4053 2962 4098 et
2988 4042 3141 4097 malis
3166 4043 3402 4098 homini-

1806 4138 1930 4203 bus,
1955 4145 2046 4192 aut
2071 4135 2248 4191 nullus
2267 4135 2458 4190 autvix
2481 4135 2732 4205 perpauci
2763 4142 3126 4199 remanerent,
3143 4134 3400 4202 quoniam

1808 4241 2022 4297 seraper
2046 4225 2148 4280 fuit
2169 4235 2225 4281 et
2262 4235 2376 4291 est,
2409 4233 2496 4290 et,
2525 4225 2669 4295 quod
2696 4223 2850 4296 pejus
2877 4234 2992 4289 est,
3040 4226 3202 4280 nimis
3221 4227 3396 4296 viget,

1807 4320 2016 4375 utmali
2061 4320 2233 4375 bonos
2261 4327 2684 4388 persequantur,
2715 4325 2771 4370 et
2799 4316 3046 4372 carnales
3084 4317 3398 4389 spirituales

1807 4411 2095 4477 infestent;
2125 4410 2328 4466 idcirco
2353 4449 2370 4475 ,
2408 4416 2469 4463 ut
2512 4407 2827 4478 praedictum
2851 4417 2966 4472 est,
2994 4416 3301 4464 statuerunt
3326 4424 3395 4464 ne

1811 4511 2219 4569 accusarentur,
2263 4509 2358 4556 aut
2395 4501 2440 4556 si
2491 4499 2651 4556 aliter
2707 4499 2823 4554 ﬁeri
2881 4514 2990 4554 non
3043 4498 3402 4570 possit,per-

1807 4595 2034 4652 difﬁcilis
2068 4609 2255 4650 eorum
2289 4593 2446 4649 fieret
2473 4590 2768 4657 accusatio,
2807 4599 2864 4646 et
2901 4606 2929 4646 a
2963 4591 3181 4662 quibus,
3209 4605 3401 4659 supra-

1811 4689 2013 4744 dictum
2053 4694 2168 4748 est,
2219 4699 2324 4739 non
2379 4691 2820 4755 praesumerctur,
2867 4697 3044 4752 neque
3085 4696 3116 4734 a
3164 4679 3400 4750 propriis

1809 4776 2028 4832 sedibus
2054 4785 2149 4829 aut
2193 4773 2448 4829 Ecclesiis
2487 4770 2726 4843 episcopi
2775 4771 3119 4843 ejicercntur;
3165 4767 3308 4838 quod
3352 4768 3398 4822 si

1809 4867 2080 4938 quomodo
2107 4874 2489 4936 praesumptum
2520 4862 2714 4928 fuerit,
2749 4871 3035 4931 antequam
3071 4866 3126 4914 et
3150 4859 3401 4928 proprius

1812 4957 1966 5012 locus
2009 4965 2065 5011 et
2111 4971 2206 5011 sua
2255 4954 2435 5009 omnia
2485 4953 2566 5008 eis
2625 4952 2832 5022 legibus
2873 4948 3395 5018 redintegrarentur,

1811 5054 2116 5110 nullatenus
2166 5067 2196 5106 a
2246 5065 2515 5120 quoquam
2551 5052 2960 5109 accusarentur,
3015 5052 3109 5098 aut
3144 5041 3398 5097 crimina-

1813 5153 2092 5211 rentur,ct
2124 5143 2225 5199 nisi
2256 5152 2446 5213 sponte
2473 5139 2751 5210 elegerint,
2779 5134 3026 5204 cuiquam
3061 5147 3159 5204 pro
3203 5131 3397 5188 talibus

1814 5253 1918 5292 non
1951 5231 2536 5305 rcprehenderent,sed
2564 5238 2866 5299 postquam,
2897 5234 2954 5280 ut
2983 5225 3260 5296 prmﬁxum
3290 5236 3395 5289 est,

1813 5328 2048 5387 restituti
2064 5328 2284 5392 fuerint,
2298 5333 2352 5382 et
2371 5340 2466 5379 sua
2489 5321 2669 5378 omnia
2685 5320 2764 5375 eis
2789 5317 2995 5390 legibus
3012 5318 3393 5388 redintegrata,

1812 5421 2088 5494 dispositis
2148 5417 2514 5486 ordinatisque
2561 5413 2675 5468 suis
2707 5425 2962 5480 magnum
3007 5410 3236 5482 spatium
3287 5413 3372 5459 tra

1813 5513 1996 5570 ctandi
2023 5525 2187 5567 causa
2219 5508 2298 5564 eis
2326 5504 2731 5562 concederetur.
2765 5501 2830 5555 Et
2859 5508 3046 5571 postea
3067 5540 3082 5563 ,
3105 5497 3149 5552 si
3175 5508 3396 5550 necesse

1813 5601 1998 5673 fuerit,
2030 5600 2353 5674 regulariter
2381 5597 2559 5652 vocati
2595 5595 2842 5651 venirent
2877 5593 2943 5647 ad
2977 5603 3216 5653 causam,
3249 5596 3303 5640 et
3348 5585 3396 5639 si

1805 5695 2016 5766 justum
2041 5695 2214 5750 visum
2238 5691 2420 5757 fuerit,
2447 5688 2816 5746 accusantium
2841 5680 3294 5756 propositionibus
3313 5693 3399 5731 su-

1811 5786 2192 5846 stentationem
2217 5783 2444 5840 fratrum
2459 5778 2934 5850 reprehenderent.
2954 5771 3104 5827 Nulla
3120 5769 3262 5827 enim
3277 5781 3399 5836 per-
