3926 6464
149 453 230 510 l6!
560 509 565 510 ί
641 489 674 500 .-
947 457 954 464 ·
1272 429 1709 492 ὈΕΟΒΕΤΑΊΑΙΕ
1720 430 1763 485 Μ
1803 430 2201 491 COLLECT-IO.
3281 443 3384 501 ,θ’

146 573 252 632 (sibi
280 582 432 642 quam
458 565 518 622 in
549 561 668 619 foro
697 574 797 618 suo
840 557 1035 617 audiri.
1070 554 1130 614 Si
1157 555 1281 628 quis
1309 570 1439 610 vero
1459 551 1695 642 judicent
1725 555 1776 613 Α
1795 544 2023 642 iungere
2045 546 2150 605 fide
2177 565 2299 605 cum
2329 548 2440 642 illo.
2467 549 2622 618 Quod
2649 551 2696 608 si
2735 552 3091 613 denudaveris
3117 558 3381 618 abseonaa

145 637 404 720 adversum
438 657 539 713 sibi
589 653 846 718 senserit,
898 664 1087 706 vocem
1137 644 1514 718 appellationis
1539 641 1694 697 exhi-
1797 637 1941 693 illius
1968 654 2075 694 non
2106 641 2448 712 persequeris
2478 650 2599 713 post
2638 657 2781 699 eum.
2831 643 2985 701 Sicut
3021 647 3168 704 enim
3216 651 3382 706 homo

145 757 265 819 beat,
316 748 665 821 appellantem
703 751 796 798 aut
841 757 948 798 non
995 739 1157 796 debet
1204 736 1421 792 afﬂictio
1449 735 1557 789 ulla
1602 741 1696 788 aut
1796 729 1889 800 qui
1910 731 2088 801 perdit
2114 732 2346 786 amicum
2371 747 2568 800 suum,
2601 734 2710 798 sic,
2751 737 2842 806 qui
2867 737 3050 806 perdit
3083 739 3383 795 amicitiam

144 834 700 906 detentionisinjuriari
732 833 997 888 custodia.
1047 829 1156 885 Sed
1183 828 1344 884 liceat
1373 825 1692 898 appellatori
1794 826 2028 896 proximi
2077 826 2183 881 sui.
2217 826 2284 880 Et
2312 827 2451 881 sicut
2507 829 2598 899 qui
2631 829 2857 885 dimittit
2888 847 3046 886 avem
3101 831 3169 888 de
3217 849 3386 888 manu

142 934 352 988 vitiatam
389 944 602 986 causam
660 923 1036 997 appellationis
1080 920 1322 977 remedio
1380 920 1688 975 sublevare.
1795 929 1892 970 sua
1918 956 1933 979 ,
1974 915 2053 970 sic
2103 915 2435 986 dereliquisti
2473 919 2776 987 proximum
2830 931 2981 976 tuum
3005 930 3060 977 et
3104 939 3210 978 non
3258 940 3384 980 cum

143 1022 476 1078 Liceatetiam
502 1021 556 1075 in
593 1019 775 1074 causis
831 1014 1206 1072 criminalibus
1241 1011 1516 1083 appellare
1540 1051 1557 1076 ,
1595 1025 1694 1065 nec
1796 1008 1995 1076 capies.
2026 1005 2141 1062 Non
2183 1007 2330 1062 illiilli
2375 1010 2651 1079 sequeris,
2685 1014 2938 1083 quoniam
2987 1012 3146 1087 longe
3191 1016 3387 1082 abest,

143 1130 225 1168 vox
255 1111 545 1183 appellandi
574 1111 869 1181 denegetur
903 1108 954 1163 ei
989 1121 1148 1178 quem
1173 1104 1443 1177 supplicio
1472 1112 1694 1160 senten-
1796 1095 1981 1166 effugit
2048 1097 2191 1152 enim
2237 1098 2391 1167 quasi
2441 1114 2649 1170 caprzea
2721 1103 2786 1156 de
2855 1101 3080 1172 laqueo,
3126 1105 3388 1175 quoniam

144 1209 202 1259 lia
226 1205 513 1259 destinarit.
541 1201 794 1256 Putsatus
823 1208 951 1255 ante
977 1215 1134 1253 suum
1181 1196 1422 1268 judicent
1469 1208 1694 1250 causam
1798 1185 2079 1241 vulnerata
2127 1198 2211 1243 est
2265 1189 2445 1243 anima
2488 1188 2625 1259 eius.
2661 1189 2806 1245 Ultra
2859 1208 2982 1248 eum
3031 1209 3136 1248 non
3175 1195 3385 1264 poteris

145 1296 282 1360 dicat,
310 1305 360 1349 et
381 1308 487 1348 non
514 1301 644 1347 ante
670 1306 826 1346 suum
851 1289 1089 1359 judicent
1123 1288 1363 1360 pulsatus
1389 1287 1435 1343 si
1464 1284 1694 1341 voluerit

1822 1276 2088 1348 :olligare,
2132 1288 2187 1335 et
2241 1280 2512 1336 maledicti
2559 1291 2642 1338 est
2681 1285 3049 1340 concordatio.
3098 1287 3385 1342 Denudare

144 1395 319 1451 mm,
352 1393 406 1437 ει
442 1394 501 1438 ω
527 1383 754 1454 pulsatis
782 1382 998 1454 quoties
1042 1379 1434 1452 appellaverint
1463 1378 1694 1434 induci-de
1796 1379 1977 1424 autem
2019 1371 2179 1426 amici
2226 1374 2486 1443 mysteria
2525 1375 2835 1445 desperatio
2890 1385 2975 1432 est
3021 1377 3216 1432 animae
3264 1379 3390 1433 inli-

142 1481 324 1533 deutur.
378 1473 434 1531 Si
495 1477 619 1546 quis
661 1490 790 1546 ergo
831 1475 1004 1529 iratus
1054 1474 1264 1528 crimen
1316 1471 1535 1542 aliquod
1582 1469 1696 1524 cui-
1797 1458 1951 1516 delis.
1984 1462 2241 1518 Annuens
2266 1465 2422 1520 oculo
2447 1464 2682 1521 fabricat
2715 1467 2897 1538 iniqua
2926 1509 2944 1535 ,
2975 1477 3030 1524 et
3053 1485 3214 1525 nemo
3259 1485 3386 1526 eum

147 1572 252 1626 libet
272 1579 475 1625 temere
495 1569 780 1638 obiecerit,
833 1566 1140 1623 convicium
1169 1581 1276 1620 non
1301 1572 1386 1618 est
1411 1578 1509 1634 pro
1530 1577 1696 1616 accu-

1822 1551 2042 1621 lbjiCiCl;
2073 1554 2128 1608 in
2159 1565 2449 1624 conspectu
2492 1557 2773 1615 oculorum
2809 1571 3020 1616 tuorum
3052 1562 3393 1619 coneulcabit

142 1665 324 1719 satione
354 1659 686 1726 habendum,
711 1659 804 1714 sed
833 1658 1095 1730 permisso
1124 1655 1391 1711 tractandi
1420 1654 1617 1724 spatio,
1643 1653 1694 1708 id
1796 1660 1858 1700 οε
1905 1661 2098 1713 suum.
2140 1655 2196 1702 ει
2261 1664 2426 1719 super
2477 1665 2756 1706 sermones
2810 1660 2930 1708 ιυυε
2983 1654 3387 1710 ἱιάωίτεὺὶιυτε

141 1753 256 1822 quod
280 1754 443 1807 iratus
473 1752 612 1806 dixit
634 1765 729 1821 per
755 1748 1092 1819 Scripturam
1115 1762 1176 1802 se
1194 1746 1549 1818 probaturum
1575 1757 1697 1799 esse
1797 1733 2099 1792 Νονίδείιηθ
2119 1747 2298 1792 autem
2345 1749 2619 1808 Ρθτνεΐιθῐ
2658 1756 2721 1796 05
2769 1758 2959 1808 suum.
3011 1754 3067 1800 ει
3113 1744 3168 1800 in
3211 1745 3393 1802 verbis

139 1844 360 1910 (matur,
391 1853 450 1898 ut
479 1844 528 1898 si
560 1843 790 1897 fortasse
841 1840 1169 1910 resipiscens
1198 1853 1317 1908 quae
1357 1853 1456 1907 pro
1480 1837 1695 1891 iracun-
1798 1828 1905 1882 tuis
1929 1827 2079 1883 dabit
2107 1829 2438 1885 scandalum.
2467 1830 2630 1887 Multa
2654 1833 2834 1888 audivi
2881 1843 2937 1890 et
2975 1850 3080 1890 non
3109 1836 3392 1907 comquavi

141 1938 207 1990 dia
233 1936 356 1990 dixit
395 1937 602 1990 iterare
637 1943 730 1986 aut
779 1930 1020 1985 scribere
1043 1929 1298 1993 noluerit,
1337 1944 1444 1982 non
1476 1936 1535 1982 ut
1563 1943 1690 1981 reus
1731 1911 1777 1972 Β
1805 1919 1873 1984 ei.
1905 1930 1959 1974 Bt
1979 1919 2241 1977 Dominus
2267 1923 2412 1978 0diet
2435 1923 2607 1978 illum.
2635 1924 2737 1992 Qui
2763 1926 2817 1980 iu
2843 1925 3012 1981 altum
3044 1929 3210 1983 mittit
3251 1929 3394 2000 lupi-

140 2027 347 2081 criminis
385 2035 658 2079 teneatur.
690 2020 879 2077 Omnis
929 2035 1060 2092 ergo
1114 2020 1208 2089 qui
1261 2019 1465 2074 crimen
1506 2017 1695 2088 objicit
1799 2012 1956 2078 dem,
2001 2029 2163 2083 super
2192 2025 2354 2084 caput
2379 2014 2493 2084 ejus
2519 2017 2692 2081 cadit,
2730 2026 2786 2074 et
2828 2020 2985 2090 plaga
3010 2020 3195 2076 dolosa
3218 2020 3390 2077 dolosi

142 2119 308 2173 scribat
355 2132 413 2172 se
465 2117 844 2186 probaturum.
883 2111 1092 2166 Revera
1139 2125 1354 2180 semper
1415 2109 1492 2163 ibi
1531 2123 1695 2162 causa
1798 2102 2002 2159 dividet
2029 2106 2288 2173 vulnera;
2320 2107 2412 2176 qui
2439 2107 2574 2163 fodit
2609 2108 2820 2164 foveam
2851 2111 3064 2167 decidet
3099 2113 3155 2167 in
3189 2113 3334 2169 illam
3367 2153 3386 2182 ,

141 2220 322 2280 agatur,
357 2210 444 2264 ubi
489 2207 701 2264 crimen
731 2205 1059 2260 admittitur.
1111 2202 1178 2256 Et
1209 2202 1300 2273 qui
1331 2215 1438 2255 non
1497 2201 1695 2271 proba-
1799 2203 1855 2248 et
1885 2195 1976 2265 qui
2007 2195 2195 2250 Statuit
2244 2196 2474 2267 lapidem
2524 2201 2770 2268 proximo
2806 2199 3042 2258 offendet
3085 2205 3138 2258 in
3183 2219 3280 2272 eo,
3333 2213 3394 2263 et

141 2302 250 2355 mil
305 2301 444 2372 quod
505 2298 756 2369 objecit,
803 2311 1020 2367 pmuam
1076 2309 1240 2364 quam
1285 2292 1532 2347 intulerit
1584 2293 1699 2362 ipse
1801 2288 1890 2356 qui
1915 2287 2168 2359 laqueum
2199 2288 2290 2343 alii
2318 2290 2472 2360 ponit
2497 2293 2696 2362 peribit
2729 2293 2782 2347 in
2821 2294 2931 2350 illo.
2961 2295 3204 2353 Facienti
3255 2314 3392 2355 con-

140 2394 356 2461 patiatur.
388 2391 608 2446 Placuit
651 2389 815 2444 etiam
861 2396 921 2442 ut
965 2387 1012 2442 si
1061 2385 1348 2456 episcopus
1411 2392 1698 2438 accusatus
1801 2377 1980 2434 silium
2041 2379 2432 2450 nequissimum
2482 2396 2645 2451 super
2696 2383 2872 2453 ipsum
2931 2387 3284 2458 devolvetur,
3337 2401 3395 2448 et

140 2483 448 2554 appellaverit
475 2483 550 2536 ad
589 2479 937 2551 apostolicam
1001 2479 1207 2545 sedem,
1256 2478 1310 2532 id
1347 2474 1696 2532 statuendum
1803 2476 1910 2526 non
1938 2481 2194 2543 agnoscet
2221 2474 2360 2528 unde
2383 2475 2634 2531 adveniet
2661 2476 2754 2532 illi.
2804 2479 2988 2536 lllusio
3016 2490 3071 2536 et
3115 2482 3391 2554 imprope-

140 2579 254 2645 quod
275 2576 512 2646 ejusdem
547 2574 690 2629 sedis
715 2571 956 2644 pontifex
1002 2569 1316 2636 censuerit;
1353 2567 1470 2622 haec
1521 2574 1701 2621 tamen
1802 2560 1944 2615 rium
1977 2563 2332 2633 superborum
2362 2573 2416 2618 et
2453 2565 2690 2621 vindicta
2719 2567 2862 2623 sicut
2904 2569 2989 2626 leo
3041 2571 3390 2629 insidiabitur

138 2666 321 2722 omnino
368 2667 421 2720 in
473 2663 823 2719 sacerdotum
874 2676 1037 2718 causa
1092 2659 1267 2717 forma
1315 2668 1593 2721 servetur,
1635 2671 1703 2710 ne
1804 2649 3062 2724 illis-Laqueol’eribumquiObleClamurcasu
3080 2659 3388 2730 Ῑυδῑοτυηιε

141 2769 421 2825 quemquam
470 2754 746 2810 sententia
773 2767 882 2809 non
932 2768 962 2807 a
992 2766 1092 2808 suo
1136 2750 1323 2821 judice
1367 2749 1513 2805 dicta
1564 2761 1700 2804 con-
1804 2742 1956 2799 dolor
1985 2753 2166 2799 autem
2189 2755 2472 2802 consumet
2496 2747 2614 2802 illos
2635 2757 2928 2820 antequam
2954 2754 3281 2810 moriantur.
3304 2755 3389 2812 Ira

141 2847 358 2918 huius“.
1804 2844 1860 2890 et
1889 2833 2040 2892 furor
2070 2847 2298 2906 utraque
2325 2839 2706 2909 exsecrabilia,
2737 2849 2793 2896 et
2817 2843 2916 2915 vir.
2931 2855 3187 2912 peccator
3215 2849 3390 2906 conti-

193 2935 475 2992 Occurrere
522 2951 739 3007 quoque
774 2935 1005 3005 quisque
1035 2931 1276 2988 ﬁdelium
1313 2931 1487 2986 ruinis
1544 2929 1707 2985 debet
1807 2943 1942 2983 nens
1967 2928 2073 2984 erit
2101 2929 2334 2985 illorum.
2369 2930 2472 2997 Qui
2504 2933 2766 2990 vindicari
2799 2937 2969 2992 vulta
3003 2940 3115 2996 Deo
3152 2942 3397 3003 inveniet

140 3043 490 3098 oppressorum
542 3039 596 3082 et
659 3030 984 3081 miserorum
1024 3024 1300 3090 subsidio,
1353 3039 1460 3094 quo
1489 3022 1708 3075 valeant
1807 3018 2135 3087 vindictam,
2172 3030 2226 3076 et
2245 3031 2472 3092 peccata
2499 3023 2640 3079 illius
2664 3041 2888 3083 servans
2920 3033 3176 3088 servabit.
3205 3033 3392 3091 Relin-

143 3132 190 3170 ει
212 3119 532 3174 relevatione
562 3117 750 3172 aliena:
803 3115 1055 3170 vindictae
1110 3129 1225 3168 asc
1275 3113 1369 3168 Dei
1422 3124 1708 3167 removere
1807 3123 1914 3180 que
1937 3110 2184 3179 proximo
2211 3121 2301 3167 tuo
2359 3115 2576 3170 nocenti
2618 3117 2752 3184 tibi,
2798 3127 2851 3173 et
2903 3129 3028 3177 tunc
3082 3125 3396 3194 deprecanti

143 3210 417 3266 vindictam.
437 3211 601 3264 Libat
622 3207 764 3263 enim
789 3206 1019 3262 Domino
1063 3219 1320 3276 prospera
1350 3203 1443 3276 qui
1474 3201 1542 3256 ab
1575 3200 1711 3255 allli-
1812 3202 1906 3257 tibi
1929 3211 2152 3272 peceata
2181 3204 2474 3260 solventur.
2500 3207 2672 3264 Homo
2701 3211 2903 3266 homini
2950 3225 3129 3271 servat
3162 3217 3297 3273 iram
3337 3231 3396 3277 et

141 3303 216 3357 etis
239 3304 374 3374 pellit
409 3304 667 3367 adversa,
700 3299 840 3355 unde
865 3298 1128 3369 scriptum
1153 3305 1238 3353 est
1264 3312 1279 3350 :
1307 3315 1325 3348 ‹
1373 3294 1565 3349 Frater
1589 3290 1706 3346 fra-
1734 3303 1778 3366 ο
1810 3309 1838 3348 a
1856 3294 1968 3349 Deo
1994 3296 2188 3365 quaerit
2205 3297 2489 3352 medelam.
2509 3297 2567 3352 ln
2599 3300 2874 3358 hominem
2897 3305 2999 3360 sibi
3023 3307 3254 3363 similem
3275 3326 3385 3365 non

142 3403 252 3449 trem
277 3397 544 3467 adjuvans
571 3393 918 3450 exaltabitu'r.
957 3412 975 3444 ι
1007 3390 1245 3446 Ecclesia
1274 3389 1420 3444 enim
1450 3387 1545 3442 Dei
1587 3388 1705 3443 sine
1807 3389 1968 3444 habet
1992 3389 2421 3445 misericordiam
2440 3433 2454 3458 ,
2477 3401 2533 3447 et
2559 3393 2625 3448 de
2655 3397 2893 3464 peccatis
2921 3401 3034 3455 suis
3069 3403 3393 3472 deprecatur

145 3488 318 3542 macula
346 3496 400 3542 et
427 3503 567 3558 ruga
599 3486 757 3540 debet
788 3483 1023 3540 existere
1045 3523 1061 3549 ,
1094 3493 1148 3538 et
1186 3482 1306 3537 ideo
1350 3495 1460 3536 non
1490 3487 1708 3551 Oportet
1805 3479 2168 3534 Altissimum.
2196 3481 2316 3553 Ipse
2347 3483 2471 3538 dum
2501 3501 2629 3540 caro
2653 3486 2724 3540 sit
2758 3500 2938 3544 servat
2964 3491 3100 3547 iram
3123 3504 3178 3548 et
3203 3498 3390 3566 pmpi-

143 3594 290 3634 canta
335 3579 667 3651 quibusdam
723 3577 1032 3634 conculcari
1077 3585 1170 3632 aut
1225 3575 1526 3642 maculari,
1577 3575 1706 3646 quia
1808 3572 2089 3627 tiationem
2111 3575 2247 3643 petit
2287 3589 2318 3628 a
2371 3573 2528 3630 Deo?
2566 3577 2698 3644 Quis
2737 3582 2983 3636 exorabit
3029 3599 3127 3653 pro
3183 3586 3394 3644 delictis

143 3672 367 3743 scriptum
395 3685 509 3738 est,
544 3692 562 3724 ‹
590 3671 705 3728 Una
741 3681 828 3728 est
853 3671 1102 3726 columba
1149 3685 1269 3726 mea
1295 3669 1535 3741 perfecta
1587 3683 1704 3724 mea
1807 3663 1922 3719 suis
1971 3664 1996 3718 ?
2053 3663 2326 3722 Memento
2371 3667 2792 3724 novissimorum
2837 3681 3050 3728 tuorum
3107 3685 3164 3731 et
3209 3677 3396 3735 desine

143 3761 288 3827 (οαηι,
309 3781 383 3832 γι,
405 3767 484 3836 8),
514 3783 532 3816 ,
557 3764 692 3825 ωηο
718 3765 915 3819 item.“
933 3763 1194 3818 Dominus
1217 3763 1283 3816 ad
1315 3761 1554 3834 Moysen;
1585 3761 1663 3817 ait,
1686 3777 1702 3818 ;
1807 3753 2094 3810 inimicari.
2123 3754 2387 3812 Tabitudo
2411 3758 2556 3813 enim
2587 3767 2641 3814 et
2679 3775 2826 3816 mors
2848 3760 3133 3820 imminent
3161 3765 3217 3820 in
3238 3781 3395 3833 man-

144 3873 161 3904 ‹
187 3856 263 3911 Est
285 3857 430 3914 locus
453 3872 628 3929 penes
653 3873 738 3912 me
759 3898 774 3923 ,
811 3866 868 3912 et
902 3855 1071 3912 stabis
1100 3871 1263 3926 super
1289 3864 1443 3926 petra
1504 3853 1700 3925 (Exod.
1807 3849 1970 3904 datis.
2000 3849 2300 3907 Memorare
2326 3851 2574 3909 timorem
2628 3855 2839 3910 Domini
2863 3865 2918 3912 et
2975 3873 3082 3914 non
3136 3859 3395 3918 irascaris

146 3962 312 4015 ixxin,
335 3951 444 4022 21).
474 3970 494 4002 ι
529 3949 661 4017 Quis
691 3958 774 4004 est
802 3948 956 4004 locus
983 3949 1075 4020 qui
1093 3937 1208 4004 non
1233 3949 1304 4004 sit
1324 3947 1535 4002 Domini
1567 3947 1701 4002 dum
1806 3942 2072 4012 proximo.
2100 3942 2402 4002 Memorare
2429 3949 2736 4004 testamenti
2758 3948 3046 4020 Altissimi,
3075 3963 3131 4008 et
3183 3957 3398 4028 despice

143 4047 304 4093 cuncta
331 4040 382 4094 in
407 4041 532 4111 ipso
549 4053 644 4108 per
665 4053 828 4108 quem
851 4047 1034 4094 creata
1060 4048 1184 4093 sunt
1211 4048 1579 4094 continentur.
1609 4036 1706 4093 Est
1808 4032 2166 4101 ignorantiam
2198 4037 2452 4104 proximi.
2501 4038 2729 4095 Abstine
2758 4051 2810 4096 te
2856 4058 2887 4095 a
2938 4042 3030 4099 lite
3079 4053 3136 4100 et
3182 4047 3398 4106 minues

145 4135 292 4184 tamen
331 4131 488 4186 locus
530 4131 672 4199 apud
709 4143 854 4195 eum,
904 4127 1160 4184 videlicet
1197 4139 1401 4184 sanctae
1444 4126 1706 4183 Ecclesiae
1804 4133 2028 4193 peccata
2061 4144 2075 4180 :
2113 4127 2277 4183 homo
2303 4129 2450 4186 enim
2479 4130 2772 4190 iracundus
2823 4135 3062 4193 incendit
3095 4137 3247 4196 litem
3279 4181 3294 4207 ,
3343 4151 3400 4196 et

144 4222 328 4290 unitas,
381 4226 436 4279 in
481 4238 591 4292 qua
639 4237 802 4292 supra
835 4230 1044 4292 petram
1067 4230 1280 4286 statur,
1329 4219 1459 4274 dum
1488 4216 1704 4274 confes.
1807 4227 1868 4271 ut
1896 4226 2152 4288 peccator
2180 4220 2418 4278 turbabit
2474 4224 2714 4292 amicos,
2767 4235 2824 4283 et
2871 4228 2927 4282 in
2965 4231 3144 4288 medio
3200 4248 3395 4303 pacem

145 4313 285 4370 sionis
312 4315 559 4371 soliditas
621 4312 900 4368 humiliter
946 4320 1192 4376 tenetur,
1241 4309 1351 4378 Te,
1389 4311 1599 4377 frater,
1649 4319 1706 4366 et
1808 4309 2122 4367 habentium
2170 4314 2427 4370 immittet
2477 4316 2838 4375 inimicitiam.
2885 4319 3198 4380 Secundum
3241 4327 3410 4382 animi

143 4419 303 4461 Olllnes
352 4406 558 4461 fratres
613 4413 830 4459 nostros
855 4402 1152 4459 Eeclesiam
1185 4402 1389 4458 Christi
1440 4402 1705 4474 sanguine
1805 4400 1950 4472 ligna
1977 4402 2151 4470 silvae,
2181 4405 2262 4460 sic
2288 4405 2430 4476 ignis
2455 4407 2796 4478 exardescet,
2817 4419 2875 4466 et
2899 4415 3195 4470 secundum
3219 4416 3391 4470 virtu-

144 4496 446 4568 redemptam
473 4506 727 4568 regentes
753 4510 1066 4558 monemus,
1097 4506 1159 4550 ut
1197 4511 1388 4552 omnes
1441 4511 1474 4550 a
1513 4494 1706 4566 praeci-
1808 4501 1918 4549 tem
1947 4494 2184 4551 hominis
2218 4496 2493 4553 iracundia
2520 4499 2662 4556 illius
2682 4501 2818 4568 erit,
2851 4511 2908 4559 et
2929 4505 3226 4562 secundum
3264 4506 3396 4562 sub-

145 4586 257 4656 pitio
277 4589 327 4643 in
356 4605 466 4660 quo
495 4588 696 4644 fratres
721 4596 776 4643 et
799 4588 1010 4642 Domini
1029 4587 1342 4658 pastoribus
1369 4587 1707 4642 detrahendo
1809 4584 2065 4639 stantiam
2093 4601 2282 4654 suam,
2319 4587 2397 4642 sic
2423 4588 2684 4644 exaltabit
2707 4591 2847 4646 iram
2884 4608 3059 4649 suam.
3102 4594 3393 4652 Certamen

146 4687 190 4728 et
206 4682 572 4752 persequendo
595 4679 771 4735 verbis
794 4689 849 4734 et
869 4679 1030 4734 factis
1052 4679 1324 4743 labuntur,
1349 4678 1556 4748 laqueis
1589 4677 1708 4749 qui-
1733 4661 1788 4722 D
1811 4674 2126 4732 festinatum
2158 4680 2410 4736 incendet
2432 4682 2610 4753 ignem
2631 4725 2647 4748 ,
2671 4694 2728 4740 et
2751 4685 2819 4742 lis
2845 4685 3109 4743 festinans
3153 4687 3395 4744 eﬂ‘undet

147 4767 228 4824 bus
244 4774 464 4843 potestis
486 4773 852 4839 retentetis,et
876 4772 1105 4828 lacerari
1129 4787 1222 4827 eos
1237 4773 1290 4828 in
1304 4773 1470 4827 hamo
1492 4772 1585 4826 irae
1600 4787 1708 4828 non
1813 4770 2130 4840 sanguinem
2159 4789 2172 4826 :
2205 4783 2259 4828 et
2286 4773 2466 4845 lingua
2498 4776 2794 4832 testificaris
2859 4779 3090 4834 adducet
3138 4788 3372 4834 mortem

147 4866 468 4934 permittatis,
486 4869 612 4938 quia
651 4867 914 4939 scriptum
953 4877 1063 4923 est:
1087 4866 1214 4922 «ira
1243 4869 1388 4923 enim
1411 4867 1517 4923 viri
1555 4866 1710 4937 justi-
1815 4858 1876 4915 Si
1920 4860 2247 4930 Sumaverisv
2279 4865 2333 4920 in
2378 4868 2664 4923 SCimiuam
2709 4870 2865 4940 quasi
2915 4869 3053 4940 ίεηίε
3092 4870 3397 4937 “ardebit.

152 4956 260 5011 ιίειιη
287 4959 380 5015 Dei
430 4976 540 5015 ηοη
569 4971 823 5030 operam,-
871 4960 1039 5032 (λαεη
1070 4977 1110 5026 ι,
1129 4960 1244 5032 20),
1272 4979 1292 5013 ι
1329 4961 1466 5015 mue
1493 4975 1708 5016 rursum
1805 4960 1869 5030 [et
1917 4955 1964 5010 si
2003 4957 2285 5026 exspueris
2311 4973 2472 5029 super
2497 4960 2665 5026 illam,
2691 4961 3070 5030 exstinguelur
3089 4971 3144 5016 et
3168 4970 3400 5030 utraque

150 5047 338 5106 dicitur.
376 5071 394 5105 ι
427 5053 515 5107 Sit
541 5053 717 5108 omnis
753 5053 914 5107 homo
939 5050 1098 5106 velox
1129 5052 1197 5106 ad
1219 5051 1571 5116 audiendum,
1598 5066 1710 5107 tar-
1814 5061 1881 5102 ex
1897 5062 1992 5102 ore
2010 5047 2446 5118 proficiscuntur.
2465 5050 2698 5106 Susurro
2718 5060 2773 5106 et
2794 5050 3046 5121 bilinguis
3059 5053 3393 5111 maledictus.

151 5136 418 5199 dusautem
451 5145 518 5198 ad
546 5144 896 5214 loquendum,
922 5151 977 5197 et
1017 5144 1202 5198 tardus
1230 5144 1297 5199 ad
1319 5144 1453 5198 iram
1477 5141 1643 5215 (Jac.,
1669 5160 1710 5210 ι,

155 5231 246 5304 l9).
268 5255 286 5288 ι
303 5235 427 5292 [hac
457 5247 636 5294 autem
659 5253 756 5293 vos
785 5247 1008 5293 auctore
1029 5237 1143 5291 Deo
1156 5237 1337 5292 omnia
1353 5251 1574 5293 scrvare
1605 5253 1715 5293 non

158 5326 378 5398 ambigo,
427 5331 521 5384 sed
561 5329 846 5384 occasione
887 5327 1274 5383 admonitionis
1322 5337 1512 5385 exorta
1558 5329 1716 5386 bonis

156 5417 328 5472 vestris
355 5419 659 5486 desideriis,
689 5429 747 5475 et
776 5419 1031 5488 operibus
1054 5434 1143 5474 me
1185 5418 1385 5476 furtive
1406 5419 1673 5493 subjungo
1697 5462 1712 5489 ,

160 5515 208 5558 ut
240 5513 373 5578 quod
422 5528 526 5568 non
566 5513 826 5568 admoniti
863 5511 1062 5578 facitis,
1113 5513 1328 5584 quando
1359 5514 1511 5570 vobis
1549 5515 1714 5574 etiam

157 5596 462 5670 admonens,
486 5605 703 5659 additur
727 5645 742 5670 ,
768 5603 882 5677 jam
909 5619 1017 5661 non
1042 5604 1144 5660 soli
1186 5604 1422 5663 faciatis.
1467 5607 1717 5680 Quapro-

162 5694 264 5752 pter
293 5691 488 5749 fratres
512 5704 722 5766 Oportet
750 5712 848 5752 vos
874 5705 929 5752 et
950 5712 1140 5753 omnes
1166 5697 1353 5754 fideles
1375 5700 1599 5772 diligere
1634 5703 1718 5758 in-

164 5779 348 5852 vicem,
394 5797 449 5844 et
487 5805 592 5847 non
621 5790 910 5847 detrahere
936 5800 1028 5846 aut
1055 5807 1315 5849 accusare
1370 5794 1718 5854 alterutrum.

167 5868 419 5948 Scriptum
455 5892 535 5940 est
570 5883 714 5940 enim
755 5900 769 5938 :
830 5903 849 5936 ε
899 5884 1070 5955 Dilige
1107 5885 1415 5956 proximum
1467 5897 1526 5947 et
1589 5907 1719 5950 con-

620 5974 890 6036 Parnm"
938 5974 1203 6037 CXXX.

1819 5140 2015 5196 multos
2047 5142 2190 5196 enim
2217 5143 2453 5197 turbavit
2476 5159 2662 5215 pacem
2686 5140 2969 5200 habentes.
3003 5145 3210 5217 Lingua
3241 5139 3408 5198 tertia

1819 5233 2018 5288 multos
2043 5237 2370 5302 commovit,
2403 5246 2458 5290 et
2491 5237 2748 5307 dispersit
2785 5235 2906 5291 illos
2935 5252 2964 5291 a
3004 5228 3240 5309 gentein
3269 5250 3408 5308 gen-

1821 5329 1947 5379 ιθιη.
1973 5325 2232 5382 Civitates
2257 5338 2497 5384 muratas
2527 5330 2754 5383 divitum
2779 5329 3078 5396 destruxit,
3111 5341 3164 5386 et
3216 5329 3404 5385 domos

1820 5424 2198 5488 magnatorum
2254 5417 2439 5476 effodit
2473 5437 2484 5472 :
2526 5420 2754 5474 virtutes
2797 5419 3116 5491 populorum
3171 5423 3407 5475 concidit

1824 5515 1878 5563 et
1927 5518 2116 5578 gentes
2163 5509 2335 5568 fortes
2384 5513 2647 5570 dissolvit.
2689 5513 2893 5585 Lingua
2957 5517 3112 5568 tertia
3159 5515 3410 5569 mulieres

1823 5604 2091 5660 veridicas
2118 5604 2354 5675 ejecitet
2399 5607 2633 5678 privavit
2658 5605 2778 5662 illas
2814 5607 2880 5660 de
2935 5605 3210 5660 laboribus
3275 5605 3409 5660 suis.

1824 5697 1927 5764 Qui
1959 5697 2178 5768 respicit
2198 5697 2344 5752 illam
2372 5713 2476 5752 non
2508 5699 2730 5754 habebit
2765 5697 3006 5767 requiem
3031 5737 3046 5762 ,
3098 5710 3199 5750 nec
3250 5697 3410 5752 habi-

1827 5788 1961 5844 tabit
1985 5790 2038 5844 in
2063 5790 2267 5860 requie.
2299 5789 2522 5862 Flagelli
2553 5790 2710 5862 plaga
2737 5791 2962 5845 livorem
3019 5788 3148 5842 facit
3180 5827 3195 5853 ,
3246 5788 3400 5858 plaga

1825 5895 2006 5945 autem
2029 5884 2226 5964 lingua:
2249 5883 2569 5942 comminuit
2624 5897 2769 5940 ossa.
2828 5880 2978 5937 Multi
3018 5878 3327 5938 ceciderunt
3350 5878 3398 5939 in
