3926 6482
532 460 663 519 ἹΒΞ

1352 458 1640 515 APPEND.
1682 458 1775 513 AD
1810 456 1982 513 saec.
2025 455 2113 511 IX.
2159 485 2228 495 —
2264 452 2516 512 Ismom
2557 439 3018 511 MERCATORIS.
3692 464 3771 524 ιθι

559 591 653 634 ore
681 574 877 649 gladii,
921 575 1018 633 sed
1078 589 1184 631 non
1249 575 1330 631 sic
1369 572 1641 646 quomodo
1686 574 1778 645 qui
1826 573 2148 629 interierunt
2174 576 2222 635 Α
2251 570 2306 626 in
2337 568 2577 641 potentia
2601 569 2821 625 virtutis
2855 571 3003 641 ejus,
3038 567 3245 625 induite
3295 581 3390 625 vos
3419 570 3563 627 arma
3594 572 3694 641 Dei,
3726 589 3771 634 ut

552 684 654 743 per
688 669 925 742 linguam
954 683 1127 725 suam.
1162 666 1360 724 Beatus
1414 675 1499 723 est
1528 666 1619 737 qui
1646 674 1821 722 tectus
1848 672 1932 721 est
1957 680 1987 719 a
2043 665 2145 719 lin-

552 775 657 831 gua
678 777 943 833 nequam,
969 770 1025 818 et
1049 761 1140 833 qui
1169 760 1223 816 in
1267 760 1605 816 iracundiam
1645 760 1789 816 illius
1842 774 1945 815 non
1975 766 2147 814 trans-

553 855 690 922 ivit,
722 862 777 911 et
829 855 923 926 qui
951 869 1058 911 non
1092 854 1319 909 attraxit
1357 853 1548 924 jugum
1606 851 1758 923 ejus,
1811 861 1866 909 et
1912 851 2145 908 vinculis

552 947 673 1019 ejus
692 962 797 1003 non
830 956 914 1002 est
944 947 1163 1020 ligatus.

625 1041 819 1115 Jugum
849 1042 996 1099 enim
1035 1043 1382 1116 illiusjugum
1411 1042 1643 1101 ferreum
1683 1051 1803 1113 est,
1851 1053 1907 1100 et
1954 1046 2142 1101 vincu-

549 1132 662 1190 lum
695 1134 838 1191 illius
869 1135 1145 1192 vinculum
1193 1152 1394 1194 aereum
1437 1146 1556 1206 est;
1605 1153 1752 1195 mors
1794 1137 1939 1195 illius
1993 1155 2140 1196 mors

548 1227 913 1297 nequissima,
952 1236 1009 1283 et
1064 1228 1211 1284 utilis
1265 1230 1449 1301 potius
1521 1229 1769 1286 infernus
1817 1246 1977 1301 quam
2022 1231 2135 1286 illa.

546 1307 960 1377 Perseverantia
984 1320 1127 1377 illius
1163 1338 1270 1377 non
1301 1322 1685 1394 permanebit,
1743 1324 1836 1380 sed
1873 1323 2141 1380 obtinebit

549 1411 670 1468 vias
704 1412 1067 1483 injustorum,
1099 1422 1155 1470 et
1181 1413 1396 1470 ﬂamma
1436 1430 1535 1471 sua
1580 1431 1687 1472 non
1728 1417 2013 1473 comburet
2043 1416 2135 1488 ju-

536 1510 688 1557 ~stos.
745 1500 847 1570 Qui
876 1504 1258 1576 derelinquunt
1286 1504 1455 1560 Deum
1489 1505 1734 1561 incidunt
1761 1507 1814 1562 in
1845 1507 1992 1562 illam
2022 1547 2038 1574 ,
2082 1515 2140 1563 et

543 1591 865 1649 exardescet
887 1594 943 1649 in
971 1594 1079 1675 illis
1101 1605 1156 1651 et
1187 1610 1295 1650 non
1326 1596 1700 1670 exsting’uetur
1730 1605 1784 1653 et
1812 1595 2136 1656 immittetur

544 1684 602 1739 in
632 1684 754 1765 illos
798 1686 956 1758 quasi
978 1687 1065 1745 leo
1088 1728 1104 1756 ,
1149 1696 1205 1744 et
1237 1688 1395 1759 quasi
1420 1690 1625 1760 pardus
1646 1690 1803 1747 laedet
1830 1692 1972 1749 illos.
2006 1690 2135 1766 Scpi

543 1791 705 1834 aures
728 1787 850 1836 tuas
875 1779 1049 1851 spinis
1068 1785 1124 1835 et
1173 1779 1285 1835 noli
1319 1779 1511 1836 audire
1567 1780 1808 1854 linguam
1854 1798 2130 1856 nequam,

543 1877 601 1923 et
626 1870 708 1924 ori
738 1877 829 1925 tuo
853 1867 1017 1925 facito
1045 1869 1185 1926 ostia
1216 1877 1273 1926 et
1306 1884 1460 1928 seras
1481 1869 1705 1927 auribus
1751 1873 1875 1929 tuis.
1919 1875 2127 1929 Aurum

540 1968 693 2017 tuum
716 1970 773 2018 et
800 1973 1085 2034 argentum
1112 1961 1289 2018 conlla
1310 2003 1326 2029 ,
1365 1970 1421 2019 et
1440 1962 1623 2018 verbis
1651 1963 1757 2019 tuis
1791 1962 1957 2021 facito
2012 1973 2127 2022 sta—

541 2054 712 2107 teram
744 2093 759 2119 ,
790 2060 845 2107 et
883 2050 1069 2108 frenos
1096 2053 1177 2108 ori
1210 2061 1302 2108 tuo
1348 2060 1545 2109 rectos.
1574 2054 1814 2110 Attende
1875 2070 1944 2110 ne
1990 2054 2130 2112 forte

540 2140 744 2197 labaris
765 2142 820 2197 in
855 2142 1037 2212 lingua
1072 2151 1161 2198 tua
1185 2148 1240 2198 et
1265 2142 1429 2198 cadas
1460 2142 1516 2197 in
1546 2150 1845 2213 conspectu
1882 2143 2132 2201 inimico-

540 2246 661 2287 rum
691 2232 1067 2288 insidiantium
1095 2233 1190 2290 tibi
1219 2273 1234 2301 ,
1261 2242 1318 2289 et
1344 2234 1416 2288 sit
1452 2248 1612 2290 casus
1651 2245 1775 2290 tuus
1813 2236 2131 2293 insanabilis

539 2323 598 2378 in
647 2332 879 2380 mortem
930 2324 1121 2397 (Eccli.
1177 2342 1358 2392 xxvn,
1413 2325 1628 2398 xxvin).
1668 2347 1688 2381 ι
1745 2327 1850 2384 [sta
1901 2338 2129 2385 caveant

541 2427 734 2470 omnes
757 2422 813 2470 et
836 2400 1128 2471 cohibeant
1185 2415 1400 2488 linguas
1441 2432 1627 2473 suasa
1678 2418 1854 2484 malo,
1914 2427 1969 2474 et
1995 2419 2136 2485 labia

539 2517 732 2561 eorum
764 2521 832 2563 ne
860 2507 1155 2579 loquantur
1180 2507 1384 2564 dolum.

614 2597 693 2655 De
715 2609 940 2667 caetero,
971 2601 1274 2659 cbarissimi
1302 2601 1709 2673 confortamini,
1740 2606 1793 2661 in
1827 2607 2056 2663 Domino
2081 2618 2137 2664 et

2246 661 2467 732 possitis
2512 671 2658 718 stare
2710 662 2968 717 adversus
3035 660 3256 718 insidias
3295 662 3522 731 diaboli,
3561 669 3773 736 quoniam

2247 766 2353 806 non
2374 759 2458 806 est
2486 751 2642 807 nobis
2688 752 3000 807 colluctatio
3044 752 3306 808 adversus
3341 752 3550 808 carnem
3569 764 3620 811 et
3671 773 3771 815 san-

2246 841 2462 913 guinem
2484 882 2500 908 ,
2531 842 2623 897 sed
2646 843 2908 899 adversus
2938 840 3212 913 principes
3263 852 3318 898 et
3360 852 3664 913 potestates,
3700 848 3774 902 ad-

2244 948 2437 989 versus
2466 935 2650 989 mundi
2691 943 2934 991 rectores
2961 935 3310 991 tenebrarum
3346 934 3560 1000 harum,
3615 948 3773 994 contra

2245 1024 2545 1097 spiritualia
2565 1026 2820 1097 nequitiae
2844 1026 2899 1082 in
2933 1025 3262 1090 caelestibus,
3291 1014 3567 1097 propterea
3587 1029 3774 1100 accipite

2244 1126 2578 1172 armaturam
2610 1116 2703 1173 Dei
2734 1126 2794 1172 ut
2822 1118 3040 1189 possitis
3066 1118 3321 1174 resistere
3349 1118 3403 1171 in
3431 1117 3515 1172 die
3566 1118 3691 1176 malo
3735 1132 3778 1177 et

2243 1208 2298 1264 in
2352 1209 2604 1265 omnibus
2659 1208 2888 1279 perfecti
2952 1218 3120 1265 stare.
3173 1208 3327 1264 State
3380 1223 3507 1279 ergo
3557 1209 3777 1265 succincti

2243 1301 2452 1358 lumbos
2473 1310 2680 1358 vestros
2705 1303 2757 1357 in
2784 1303 3016 1357 veritate
3036 1311 3091 1357 et
3130 1301 3303 1356 induti
3326 1301 3487 1356 lorica
3512 1299 3713 1370 iustitiae
3737 1311 3781 1356 et

2249 1392 2474 1448 calceati
2501 1393 2667 1464 pedes
2698 1393 2750 1448 in
2781 1393 3180 1464 pmparatione
3233 1391 3492 1464 evangelii
3530 1391 3694 1466 pacis,
3736 1392 3778 1447 in

2239 1485 2492 1542 omnibus
2534 1469 2815 1541 sumentes
2870 1494 3081 1540 scutum
3154 1483 3281 1540 ﬁdei
3331 1483 3384 1538 in
3437 1496 3540 1553 quo
3596 1483 3779 1554 possitis

2239 1577 2422 1633 omnia
2472 1577 2575 1631 tela
2631 1575 2951 1646 nequissimi
2991 1575 3147 1647 ignea
3196 1574 3556 1644 exstinguere.
3599 1573 3658 1627 Et
3702 1587 3780 1643 ga-

2238 1665 2379 1743 leam
2411 1665 2603 1721 salutis
2655 1666 2934 1732 assumile,
2993 1673 3050 1721 et
3079 1664 3316 1735 gladium
3362 1662 3590 1734 Spiritus
3632 1663 3778 1717 sancti

2240 1757 2383 1828 quod
2413 1764 2498 1812 est
2533 1756 2758 1812 verbum
2800 1755 2917 1810 Dei.
2956 1754 3084 1810 Haec
3125 1754 3294 1809 frater
3318 1768 3438 1824 quae
3484 1753 3572 1808 tibi
3599 1750 3779 1821 scripsi-

2241 1863 2362 1903 mus
2383 1847 2708 1919 generaliter
2729 1846 2980 1903 omnibus
3009 1854 3137 1901 nota
3168 1845 3286 1901 fieri
3314 1843 3575 1910 volumus,
3604 1851 3659 1897 ut
3682 1855 3777 1912 qua:

2160 1930 2203 1994 Β
2231 1945 2457 1993 caeteros
2501 1940 2762 2008 tangunt,
2801 1937 3052 1992 omnibus
3088 1945 3218 1993 nota
3267 1936 3420 1992 fiant.
3466 1934 3775 2004 Omnipotens

2236 2026 2381 2084 Deus
2422 2036 2495 2095 te,
2521 2027 2713 2095 frater,
2761 2037 2817 2083 et
2859 2027 3098 2097 reliquos
3138 2027 3338 2084 fratres
3387 2033 3595 2083 nostros
3616 2023 3780 2093 ubique

2236 2122 2623 2187 consistentes,
2651 2128 2900 2193 protegat
2925 2122 3100 2192 usque
3134 2121 3187 2176 in
3222 2119 3409 2185 ﬁnem,
3449 2118 3535 2189 qui
3571 2123 3781 2173 cunctum

2236 2213 2499 2268 mundum
2522 2214 2774 2285 dignatus
2795 2222 2879 2269 est
2899 2214 3171 2269 redimere
3191 2211 3350 2269 Jesus
3375 2210 3614 2267 Christus
3636 2205 3782 2264 Domi-

2236 2319 2338 2360 nus
2366 2315 2554 2361 noster
2600 2306 2692 2377 qui
2754 2314 2838 2364 est
2882 2307 3199 2364 benedictus
3249 2307 3306 2362 in
3358 2304 3570 2370 saecula,
3620 2302 3779 2357 Amen.

2241 2400 2376 2456 Data
2421 2417 2534 2456 xvn
2562 2400 2786 2457 Kalend.
2832 2401 3091 2458 Novemb.
3138 2391 3397 2457 Africano
3433 2407 3488 2455 et
3554 2394 3700 2452 Decio
3729 2391 3781 2447 lV

2240 2509 2323 2549 cc.
2361 2495 2573 2551 consul.

551 2738 3772 2775 Mm

1006 2884 1646 2995 INCIPIUNT
1720 2906 2250 2999 DECRETA
2321 2889 2896 3001 CORNELII
2988 2910 3368 3000 PAPIE.

1086 3101 1174 3162 De
1197 3099 1613 3163 translatione
1640 3121 1981 3183 corporum
2008 3101 2470 3184 apostolorum,
2504 3112 2561 3164 et
2590 3101 2961 3184 quibusdam
2993 3102 3332 3167 hwrett'cis.

1447 3270 1626 3341 (Anno
1649 3269 1861 3326 Domini
1887 3270 2018 3337 255,
2043 3269 2209 3326 Decio
2237 3270 2567 3340 imperatore
2596 3271 2902 3340 regnante.)

608 3588 959 3646 Cbarissimis
989 3597 1152 3659 atque
1206 3587 1579 3655 dilectissimis
1635 3588 1897 3644 fratribus
1924 3596 2127 3644 sancta:
2155 3573 2202 3637 (ἶ
2230 3587 2495 3658 praedium
2528 3588 2799 3658 praedictae
2833 3594 3115 3656 matronae,
3154 3588 3242 3644 via
3281 3590 3538 3658 Ostiensi,
3570 3590 3633 3645 ad
3674 3588 3786 3643 latus

537 3683 635 3740 Dei
664 3681 922 3739 Ecclesiae
983 3681 1109 3737 ﬁliis
1152 3690 1207 3736 et
1257 3682 1511 3737 omnibus
1547 3681 1778 3737 Domino
1817 3690 1968 3735 recta
2025 3680 2130 3737 ﬁde

535 3773 945 3841 famulantibus,
973 3772 1277 3829 CORNELIUS
1297 3773 1612 3843 episcopus.

605 3868 810 3924 Videns
837 3866 1119 3923 cliaritatis
1148 3874 1344 3921 vestra:
1378 3865 1809 3921 benevolentiam
1835 3866 1961 3937 quia
2001 3881 2130 3937 apo-

534 3957 798 4014 stolorum
864 3962 1134 4012 amatores
1178 3956 1330 4022 estis,
1386 3969 1684 4026 eorumque
1713 3955 1875 4017 ﬁdem
1928 3968 1985 4013 et
2034 3959 2130 4013 do-

532 4048 766 4105 ctrinam
782 4047 1001 4114 tenetis,
1015 4047 1228 4102 decrevi
1244 4047 1397 4102 vobis
1410 4047 1649 4103 scribere
1664 4047 1891 4105 Domino
1906 4058 2129 4106 auctore

534 4140 784 4211 quaedam
799 4154 864 4195 ex
879 4139 965 4193 llis
975 4153 1095 4207 quae
1109 4150 1252 4193 nunc
1266 4138 1527 4208 temporis
1538 4140 1845 4196 necessaria
1872 4149 2000 4197 sunt
2023 4143 2128 4199 sci-

532 4232 604 4297 ri,
640 4239 697 4287 et
721 4246 843 4302 quae
868 4230 1010 4300 apud
1033 4228 1199 4285 nosin
1213 4228 1455 4284 Ecclesia
1470 4229 1763 4286 auxiliante
1776 4231 2003 4287 Domino
2019 4232 2128 4289 Ro-

532 4338 695 4381 mana
719 4321 931 4379 meritis
954 4318 1319 4391 apostolorum
1335 4335 1506 4391 nuper
1526 4328 1645 4376 acta
1662 4330 1787 4377 sunt
1800 4322 1914 4377 sive
1926 4336 2124 4395 gerun-

531 4426 624 4473 tu‘r
645 4457 659 4483 ,
691 4416 949 4488 quoniam
980 4414 1360 4485 patrocinante
1405 4415 1676 4470 charitate
1718 4416 1879 4471 credo
1905 4431 2003 4471 vos
2032 4432 2126 4487 pa-

530 4519 692 4565 terna
719 4508 896 4581 gratia
926 4507 1133 4579 scripta
1168 4506 1314 4562 sedis
1336 4507 1647 4577 apostolica:
1697 4507 1927 4563 libenter
1955 4509 2125 4564 susci-

530 4616 664 4674 pere
691 4612 746 4658 et
795 4602 1053 4657 mandata
1103 4599 1222 4671 ejus
1253 4615 1513 4671 peragere
1531 4641 1546 4665 ,
1575 4611 1739 4671 atque
1761 4601 1826 4654 de
1852 4601 1969 4670 ejus
1998 4615 2125 4671 pro-

536 4693 771 4751 fectibus
793 4691 1093 4765 gratulari,
1142 4691 1266 4762 quia
1298 4693 1530 4762 quisque
1550 4707 1609 4747 se
1640 4692 1692 4747 in
1722 4692 1906 4748 radice
1945 4692 2123 4748 chari-

536 4788 660 4844 tatis
688 4787 917 4851 inserit,
953 4801 1055 4843 nec
1084 4801 1115 4840 a
1139 4785 1412 4842 viriditate
1434 4785 1635 4853 deficit,
1665 4802 1767 4844 nec
1794 4803 1824 4842 a
1854 4786 2122 4845 fructibus

532 4880 836 4947 fuanescit,
903 4893 1007 4934 nec
1085 4892 1270 4933 amore
1343 4875 1688 4935 fecunditatis
1739 4894 1874 4950 opus
1930 4878 2119 4936 cﬂicax

2235 3679 2323 3735 ubi
2358 3680 2655 3736 decollatus
2700 3689 2803 3736 est.
2831 3680 3025 3737 Postea
3068 3696 3200 3761 vero
3269 3683 3417 3740 beati
3461 3681 3787 3756 apostolorum

2230 3774 2494 3845 principis
2515 3774 2659 3830 Petri
2693 3774 3004 3844 accepimus
3053 3790 3257 3845 corpus
3287 3817 3303 3843 ,
3351 3786 3407 3832 et
3468 3777 3789 3833 condecenter

2229 3866 2509 3938 posuimus
2538 3865 2665 3921 illud
2686 3866 2839 3939 juxta
2881 3865 3057 3921 locum
3087 3867 3179 3922 ubi
3213 3868 3516 3925 cruciﬁxus
3553 3877 3631 3924 est
3673 3867 3787 3921 inter

2229 3972 2457 4029 corpora
2484 3965 2794 4014 sanctorum
2817 3957 3215 4028 episcoporum,
3241 3957 3299 4013 in
3323 3958 3523 4029 templo
3541 3953 3784 4029 Apollinis.

2230 4048 2283 4104 in
2331 4059 2516 4106 monte
2545 4049 2727 4105 Aureo
2773 4050 2827 4104 in
2874 4048 3138 4106 Vaticano
3167 4049 3360 4120 palatii
3388 4050 3614 4108 Nemnis
3654 4046 3789 4102 tertio

2229 4140 2591 4196 Kalendarum
2617 4140 2880 4196 Juliarum
2904 4141 3023 4209 die,
3055 4151 3280 4198 orantes
3317 4143 3488 4199 Deum
3536 4149 3591 4198 et
3638 4136 3788 4195 Domi—

2229 4249 2356 4288 num
2387 4242 2631 4289 nostrum
2662 4232 2845 4290 Jesum
2877 4233 3153 4291 Christum
3180 4275 3195 4301 ,
3252 4244 3314 4291 ut
3364 4230 3788 4293 intercedentibus

2227 4327 2340 4381 suis
2398 4327 2600 4383 sanctis
2653 4327 2909 4398 apostolis
2952 4326 3195 4384 maculas
3249 4339 3561 4386 vestrorum
3627 4329 3789 4397 purse!

2225 4424 2594 4487 peccatorum,
2618 4426 2672 4472 et
2703 4418 2755 4473 in
2784 4433 2880 4473 sua
2911 4435 3005 4474 vos
3046 4429 3337 4476 conservet
3377 4422 3650 4476 voluntate
3693 4415 3788 4471 die-

2224 4511 2326 4566 bus
2348 4511 2473 4565 vitae
2499 4520 2696 4567 vestrze
2720 4553 2733 4579 ,
2765 4520 2819 4567 et
2861 4513 2914 4567 in
2967 4512 3145 4568 fructu
3192 4515 3321 4570 boni
3355 4514 3542 4585 operis
3570 4526 3660 4567 vos
3687 4522 3789 4579 per-

2225 4598 2549 4656 severabiles
2577 4602 2786 4656 reddat.
2844 4600 2953 4658 Vos
2978 4617 3109 4657 vero
3163 4602 3251 4659 his
3303 4604 3640 4676 congaudete
3685 4595 3788 4668 quia

2224 4702 2279 4747 et
2325 4694 2425 4764 ipsi
2480 4693 2650 4750 sancti
2702 4695 2928 4766 apostoli
2994 4696 3062 4751 de
3132 4706 3320 4753 vestro
3371 4694 3790 4770 congratulantur

2223 4787 2436 4855 gaudio.
2483 4785 2592 4842 Vos
2615 4801 2830 4858 semper
2863 4788 3032 4843 Deum
3073 4789 3290 4847 laudate
3327 4802 3388 4848 et
3417 4794 3531 4864 ipse
3555 4788 3789 4865 gloriﬁce-

2224 4886 2314 4932 tur
2355 4879 2408 4933 in
2434 4878 2623 4941 vobis;
2660 4879 2923 4949 scriptum
2949 4881 3196 4936 cstenim
3222 4899 3236 4936 :
3266 4901 3287 4935 ‹
3326 4884 3478 4952 Quid
3524 4883 3789 4939 retribuam

529 4973 749 5028 amittit.
782 4971 901 5043 Ipsa
933 4971 1077 5027 enim
1103 4971 1343 5027 cli'aritas
1372 4980 1592 5028 exercet
1638 4948 1800 5028 corda
1835 4972 2072 5029 fidelium
2103 5014 2119 5040 ,
2146 4948 2200 5009 Ῑ)
2226 4970 2455 5026 Domino
2484 4985 2583 5040 pro
2619 4970 2872 5027 omnibus
2899 4987 3020 5041 qua:
3063 4974 3319 5030 retribuit
3344 4948 3483 5031 mihi
3510 4979 3534 5030 Υ
3581 4973 3788 5031 Calicem

527 5077 721 5119 sensus
765 5063 1115 5129 corroborat,
1164 5072 1224 5117 ut
1249 5062 1384 5118 nihil
1436 5078 1639 5134 grave,
1670 5065 1805 5119 nihil
1860 5064 2076 5123 diﬂicile
2104 5110 2117 5131 ,

527 5150 626 5212 sed
654 5156 750 5211 fiat
787 5163 961 5212 totum
990 5154 1146 5211 dulce
1192 5156 1334 5225 quod
1381 5156 1597 5227 agitur,
1634 5157 1760 5212 dum
1822 5156 1942 5229 ejus
1988 5174 2119 5229 pro-

524 5252 706 5324 prium
737 5252 809 5308 sit
869 5254 1077 5309 nutrire
1119 5253 1499 5320 concordiam,
1544 5270 1765 5311 servare
1814 5255 2073 5311 mandata
2101 5298 2115 5322 ,

528 5354 692 5418 atque
738 5345 1027 5402 dissociata
1089 5346 1456 5421 conjungere,
1516 5364 1681 5421 prava
1733 5349 2002 5421 dirigere,
2062 5358 2117 5404 et

523 5450 757 5497 cmteras
770 5442 1000 5497 virtutes
1019 5441 1368 5512 perfectionis
1390 5460 1502 5500 sum
1530 5444 1829 5500 munimine
1856 5443 2112 5500 solidare.

525 5534 871 5605 Quapropter
904 5549 1035 5606 rogo
1060 5551 1159 5592 vos
1208 5537 1365 5592 nobis
1408 5536 1807 5609 congratulari,
1847 5537 1974 5608 quia
2025 5552 2117 5594 ro-

525 5633 653 5699 gatu
672 5624 952 5694 cujusdam
974 5625 1182 5681 devotae
1206 5625 1421 5681 femina:
1442 5634 1603 5696 atque
1630 5624 1982 5682 nobilissimae
1996 5643 2115 5683 ma-

524 5722 697 5772 tronae
724 5714 943 5771 Lucina:
977 5714 1149 5771 levata
1179 5724 1304 5772 sunt
1325 5729 1553 5786 corpora
1577 5716 1946 5786 apostolorum
1969 5717 2114 5774 Petri

523 5815 581 5863 et
612 5807 767 5864 Pauli
813 5807 881 5865 de
927 5807 1298 5873 Catacumbis;
1353 5816 1409 5864 et
1461 5808 1636 5879 primo
1688 5811 1906 5881 quidem
1969 5812 2114 5868 beati

524 5899 681 5957 Pauli
723 5916 919 5974 corpus
963 5901 1199 5957 levatum
1255 5902 1472 5961 silentio
1531 5917 1596 5958 ac
1632 5904 1869 5974 positum
1920 5913 2005 5961 est
2057 5906 2111 5959 in

2223 5063 2478 5118 salutaris
2505 5062 2765 5132 accipiam
2791 5072 2848 5119 et
2873 5078 3070 5121 nomen
3097 5065 3316 5123 Domini
3345 5068 3612 5124 invocabo
3639 5059 3787 5136 (Psal-

2221 5170 2347 5222 cxv,
2363 5155 2450 5222 12,
2472 5157 2583 5227 15).
2608 5177 2625 5210 ι
2645 5156 2876 5214 Tantum
2900 5159 3045 5214 enim
3069 5172 3099 5213 a
3119 5160 3272 5216 nobis
3294 5161 3537 5233 exigitur
3556 5163 3789 5230 quantum

2221 5262 2507 5318 possumus
2532 5250 2822 5307 famulatus
2874 5250 3046 5308 nostri
3108 5253 3374 5323 obsequio
3433 5249 3789 5309 commodare;

2220 5345 2366 5401 unde
2396 5346 2612 5416 quidem
2644 5356 2795 5404 tanto
2823 5363 2922 5404 nos
2948 5362 3171 5405 necesse
3193 5356 3278 5405 est
3319 5346 3648 5421 importunis
3670 5354 3789 5414 prte—

2223 5436 2588 5493 dicationibus
2617 5437 2887 5505 insistere,
2912 5448 3117 5511 quanto
3145 5438 3300 5494 nobis
3350 5439 3611 5509 perfecta:
3651 5444 3792 5502 nego-

2224 5527 2465 5584 tiationis
2493 5528 2734 5585 creditur
2766 5530 3037 5600 duplicata
3098 5530 3427 5585 talentorum
3478 5522 3757 5599 assignatio
3779 5558 3791 5581 ν

2225 5631 2387 5692 atque
2417 5622 2710 5679 Dominica:
2731 5623 2882 5682 vocis
2913 5624 2982 5679 ad
3001 5620 3406 5694 suscipiendam
3437 5621 3554 5692 ejus
3574 5611 3791 5687 requiem

2224 5717 2413 5773 suadet
2432 5719 2683 5773 assertio.

2296 5808 2421 5865 Haec
2460 5810 2707 5866 invidens
2770 5810 3023 5880 antiquus
3077 5810 3248 5865 ltostis
3315 5803 3605 5863 suscitavit
3655 5796 3790 5854 nobis

2224 5901 2593 5957 adversarium
2642 5900 2929 5969 Novatum,
2973 5912 3134 5958 recta:
3180 5899 3303 5955 fidei
3334 5910 3393 5953 et
3454 5900 3655 5954 sancta:
3707 5887 3787 5943 d0-
