3926 6446
173 388 261 443 165

1320 379 1811 438 DECRETALIUM
1851 379 2005 439 (ζου
2029 383 2249 443 ECTlO.

3306 408 3409 465 {tib

167 501 343 557 ctriutc
380 496 652 561 :emulum,
674 495 764 566 qui
798 502 950 551 extra
977 495 1274 551 Ecclesiam
1304 498 1578 552 ordinavit
1608 499 1705 554 Not

1824 498 2010 593 veniet
2028 508 2083 553 et
2110 518 2213 556 non
2246 504 2480 561 tardabit
2511 508 2698 580 (Ibid,
2730 511 2838 585 37).
2868 534 2886 567 ι
2915 516 3053 573 Ecce
3074 521 3221 576 enim
3243 526 3409 593 judex

166 592 424 645 vatianum
448 631 462 653 ,
491 599 544 645 et
583 590 636 642 in
662 588 840 643 Africa
872 588 1264 658 Nicostratum,
1311 600 1570 662 utrosque
1618 595 1727 649 litt!-

161 679 347 735 retieos
375 678 521 733 sicut
564 678 653 733 ille
694 687 834 734 erat.
875 677 940 732 lli
970 693 1101 733 vero
1151 680 1473 747 conatibus,
1531 684 1726 752 quibus

158 780 477 843 potuerunt,
530 771 727 826 multos
768 786 796 823 a
850 778 998 825 recta
1043 780 1098 825 et
1123 771 1387 827 catholica
1449 773 1553 829 ﬁde
1604 792 1727 831 sua-

160 863 336 918 dentes
370 862 625 918 recedere
658 861 938 929 fecerunt,
969 870 1024 918 et
1050 870 1172 933 post
1212 878 1270 919 se
1301 860 1378 917 in~
1411 880 1723 935 perversam

157 958 204 1004 et
230 952 338 1007 Deo
366 951 621 1006 odibilem
680 951 981 1007 doctrinam
1027 967 1285 1010 corruere
1310 966 1721 1025 persuaserunt.

157 1041 250 1095 Sed
293 1041 438 1096 sicut
482 1043 709 1097 istorum
761 1044 1296 1115 tergiversationibus
1338 1048 1501 1104 nimis
1537 1064 1724 1107 sumus

154 1132 446 1187 contristati
476 1141 534 1189 et
569 1134 636 1188 de
676 1148 862 1189 eorum
900 1136 1203 1206 perditione
1250 1138 1495 1204 contriti,
1530 1140 1608 1194 sic
1657 1141 1724 1197 de

154 1222 365 1277 aliorum
388 1225 806 1282 conversatione
838 1226 1069 1282 Domino
1099 1227 1391 1283 auxiliante
1415 1244 1604 1284 sumus
1630 1230 1722 1285 la:-

152 1315 343 1370 tilicati.
386 1316 534 1373 Deus
558 1327 737 1373 autem
767 1320 1106 1390 omnipotens
1135 1321 1224 1389 qui
1260 1323 1505 1377 tristibus
1533 1324 1725 1379 miscet

151 1406 279 1473 laeta,
303 1409 506 1479 oppido
530 1425 631 1466 nos
657 1410 968 1477 laztiticavit,
997 1427 1102 1483 quo
1126 1414 1344 1482 quidam
1379 1416 1721 1473 confessores

151 1497 231 1566 qui
258 1497 459 1553 dudum
492 1498 709 1555 fuerant
734 1501 939 1567 ﬁdeles,
982 1518 1011 1555 a
1063 1490 1312 1559 nobiset
1356 1520 1385 1559 a
1432 1516 1579 1561 recta
1616 1506 1720 1560 tide

149 1587 344 1643 diabolo
371 1589 672 1663 instigante
696 1606 755 1646 se
788 1602 1119 1663 separanles,
1153 1608 1274 1648 cum
1298 1594 1532 1652 Maximo
1560 1613 1717 1667 presa

147 1679 317 1751 bytero
361 1681 428 1736 ad
479 1683 779 1740 Ecclesiam
826 1682 1169 1741 Catholicam
1205 1694 1260 1741 et
1306 1687 1464 1743 fidem
1512 1699 1716 1745 rectam

147 1780 257 1825 sunt
282 1773 525 1839 reversi,
576 1785 633 1829 et
672 1776 846 1831 denuo
876 1777 1015 1832 sicut
1051 1778 1200 1849 prius
1233 1776 1361 1834 facti
1414 1790 1541 1836 sunt
1588 1797 1713 1836 eon-

1830 596 1957 642 ante
1990 587 2214 656 januam
2260 596 2485 663 assistit,
2531 615 2760 659 coronas
2811 605 3060 664 hilariter
3086 587 3409 681 promittens

1827 680 1915 781 his
1969 684 2061 753 qui
2125 700 2247 757 pro‘
2285 705 2351 745 eo
2395 696 2736 762 passionibus
2786 680 3197 764 submittuntur.
3252 712 3407 781 Quod

1826 771 1871 827 si
1921 776 2252 835 subtraxerit
2292 797 2351 837 se
2396 786 2540 854 quis,
2588 804 2693 844 non
2739 792 2974 862 placebit
3013 799 3208 856 animae
3252 771 3402 868 mere.

1825 863 1919 917 sed
1965 868 2119 923 cadet
2146 870 2212 926 de
2258 876 2615 942 promissione
2650 893 2872 952 propter
2906 891 3265 960 negationem.
3299 863 3408 953 Nos

1826 965 2005 1013 autem
2034 974 2139 1016 non
2170 978 2355 1020 sumus
2384 969 2766 1028 subtractionis
2796 976 2893 1031 lilii
2931 970 2985 1034 in
3020 984 3404 1056 perditionem,

1824 1048 1918 1102 sed
1942 1048 2062 1106 fidei
2090 1052 2142 1106 in
2165 1056 2575 1124 acquisitionem
2591 1064 2802 1121 animm.
2828 1048 3054 1140 Propter
3079 1075 3223 1145 quod
3243 1048 3399 1135 assu:

1823 1138 1956 1194 mite
2003 1156 2151 1197 arma
2202 1145 2316 1212 Dei,
2347 1157 2405 1202 ut
2454 1154 2673 1222 possitis
2718 1138 2972 1215 resistere
3019 1138 3210 1221 invdic
3257 1169 3402 1223 malo

1822 1229 2083 1287 adversus
2103 1249 2291 1292 omnes
2312 1238 2560 1298 inimicos
2585 1254 2788 1301 sancta:
2810 1248 3065 1306 Ecclesia:
3087 1264 3142 1309 et
3167 1269 3397 1325 vestros,

1820 1330 1874 1375 et
1907 1322 2112 1380 induite
2159 1342 2254 1383 vos
2297 1329 2460 1385 lorica
2498 1331 2748 1402 iustitiae,
2793 1348 2849 1393 et
2880 1340 3105 1399 calceati
3150 1349 3317 1417 pedes
3344 1322 3397 1405 in

1819 1416 2210 1483 przeparatione
2229 1418 2502 1494 Evangelii
2524 1426 2697 1495 pacis,
2722 1427 2773 1482 in
2795 1432 3045 1499 omnibus
3065 1443 3403 1496 assumentes
3428 1454 3433 1461 '

1819 1515 2029 1560 scutum
2061 1508 2202 1577 fidei,
2231 1512 2283 1566 in
2308 1530 2414 1584 quo
2434 1518 2653 1586 possitis
2678 1523 2858 1577 omnia
2878 1524 3058 1595 jacula
3085 1534 3399 1601 nequissimi

1820 1597 1984 1666 ignita
2033 1604 2397 1674 exstinguere.
2448 1609 2516 1664 Et
2561 1612 2770 1681 galeam
2816 1617 3008 1675 salutis
3034 1597 3317 1693 assuntite,
3348 1639 3401 1684 ct

1818 1689 2055 1782 gladium
2088 1691 2345 1764 Spiritus,
2374 1701 2517 1769 quod
2540 1711 2624 1757 est
2660 1706 2882 1762 verbum
2915 1709 3032 1776 Dei,
3065 1728 3162 1782 per
3181 1689 3397 1774 omnem

1816 1781 2120 1838 orationem
2166 1795 2220 1840 et
2266 1787 2696 1848 obsecrationem
2738 1796 2963 1853 radicati
3012 1781 3302 1861 etfundati
3342 1808 3398 1862 in

148 1859 373 1919 fessores.
414 1861 629 1920 ﬁdeles.
703 1865 1072 1936 Quapropter,
1130 1868 1458 1936 charissimi,
1528 1871 1713 1928 horta-
1747 1857 1788 1915 Β
1816 1872 2009 1928 solatio
2057 1874 2284 1932 fratrum
2327 1896 2426 1950 pro
2464 1882 2682 1939 Christo
2727 1884 2853 1941 Iesu
2916 1891 3141 1947 Domino

146 1969 251 2008 mur
301 1970 397 2011 vos
449 1963 510 2011 et
572 1957 930 2027 deprecamur
970 1974 1072 2029 per
1121 1960 1406 2016 Dominum
1463 1970 1710 2020 nostrum

146 2044 303 2101 lesum
358 2047 707 2117 Christum,
771 2059 833 2105 ut
913 2060 968 2106 et
1033 2055 1323 2122 pnedictos
1387 2056 1711 2125 haereticos,

145 2148 191 2191 et
234 2154 418 2196 omnes
472 2155 618 2210 quos
665 2156 696 2195 a
750 2151 896 2197 recta
940 2142 1047 2198 ﬁde
1099 2153 1155 2198 et
1215 2145 1461 2200 doctrina
1492 2156 1712 2217 aposta-

146 2234 240 2284 tare
268 2231 659 2301 cognoveritis,
712 2232 1183 2289 exhortationibus
1230 2243 1286 2289 et
1323 2236 1477 2291 bonis
1517 2239 1717 2293 studiis‘

146 2321 318 2377 vestris
368 2324 439 2377 ad
486 2322 816 2378 catholicam
861 2326 1018 2381 tidem
1058 2337 1112 2381 et
1161 2337 1361 2383 rectam
1410 2329 1723 2388 doctrinam-

145 2407 236 2479 38
287 2422 612 2467 convertere
660 2414 998 2480 contendite,
1059 2424 1114 2471 et
1167 2416 1219 2470 in
1272 2417 1366 2472 Dei
1427 2412 1709 2476 voluntate

144 2501 405 2569 persistere
425 2505 677 2561 suadete.
703 2506 769 2560 Et
800 2521 906 2561 non
941 2507 1116 2562 solum
1140 2509 1257 2574 hos,
1286 2510 1379 2566 sed
1402 2516 1706 2584 omnesqui

144 2593 348 2648 nondum
377 2593 552 2649 ﬁdem
595 2605 798 2651 rectam
840 2607 1219 2667 perceperunt,
1265 2599 1332 2655 ad
1380 2602 1705 2658 catholicam

144 2681 278 2738 ﬁdem
297 2688 601 2756 perducere
623 2687 896 2755 festinate,
929 2707 950 2741 ι
980 2691 1108 2761 quia
1131 2706 1306 2761 neque
1331 2708 1707 2765 mors,'neque

144 2772 253 2841 vita,
299 2791 473 2848 neque
525 2778 726 2847 angeli,
760 2795 933 2849 neque
962 2781 1322 2851 principatus,
1369 2798 1547 2855 neque
1620 2786 1701 2840 in-

145 2866 334 2933 stantia,
376 2876 564 2940 neque
602 2868 804 2937 futura,
854 2886 1027 2941 neque
1064 2872 1346 2940 fortitudo,
1384 2884 1558 2946 neque
1583 2877 1705 2932 alti-

146 2956 267 3023 tudo,
294 2973 466 3030 neque
507 2959 856 3030 profundum,
904 2976 1077 3033 neque
1120 2973 1371 3020 creatura
1419 2966 1524 3021 alia
1568 2968 1704 3039 (ma-

146 3047 285 3117 gistro
305 3052 550 3122 gentium
571 3053 819 3126 docente)
844 3057 1041 3124 poterit
1086 3072 1186 3112 nos
1224 3072 1484 3127 separare
1514 3075 1542 3114 a
1567 3061 1701 3115 cha-

147 3134 277 3192 ritate
298 3140 514 3195 Domini
541 3141 710 3197 nostri
739 3139 868 3197 Jesu
899 3143 1124 3211 Cbristi,
1160 3154 1219 3199 ct
1244 3160 1365 3216 quae
1388 3148 1442 3202 in
1468 3148 1583 3218 ipso
1615 3157 1702 3204 cst

151 3239 308 3285 «recta
330 3231 433 3289 [ide
464 3233 645 3306 (Rom.
669 3250 790 3301 vm,
815 3234 905 3301 58,
936 3235 1082 3309 '59).»
1116 3212 1292 3293 Nolite
1322 3212 1505 3311 itaque
1535 3242 1693 3296 amit-
1726 3212 1771 3274 (ἶ

146 3327 239 3377 tere
280 3326 665 3383 conﬁdentiam
715 3338 987 3397 vestram,
1047 3346 1170 3402 qua:
1224 3348 1474 3404 magnam
1537 3335 1699 3391 habet

146 3417 604 3473 remunerationem
655 3417 842 3489 (Hebr.
890 3434 949 3486 δι,
994 3421 1108 3490 35).
1164 3441 1183 3475 ι
1229 3421 1498 3479 Patientia
1553 3423 1695 3479 enim

145 3502 271 3559 nobis
286 3510 594 3565 necessaria
614 3519 700 3565 est
721 3510 789 3566 ad
809 3511 1216 3569 colluetationes
1237 3513 1697 3581 adversariorum,

144 3605 371 3661 quatenus
415 3599 582 3655 fidem
625 3602 1001 3658 intemeratam
1051 3619 1220 3675 usque
1263 3604 1317 3660 in
1361 3604 1522 3660 ﬁnem
1559 3620 1692 3661 con-

144 3698 385 3747 servantes
403 3695 884 3763 repromissionem
917 3698 1277 3768 percipiamus
1304 3714 1469 3769 quam
1497 3714 1692 3769 repro-

145 3777 264 3833 misit
301 3782 380 3838 his
422 3786 522 3856 qui
559 3785 799 3858 legitime
838 3798 1052 3844 certare
1099 3799 1413 3861 properant.
1450 3809 1469 3842 ‹
1503 3790 1693 3847 Adhuc

148 3872 262 3927 enim
321 3879 594 3933 modicum
664 3880 1091 3951 aliquantulum,
1141 3884 1234 3953 qui
1274 3892 1534 3939 venturus
1585 3891 1692 3950 est,

1819 1962 1924 2018 Sed
1952 1974 2188 2035 etnunc,
2222 1969 2440 2037 fratres,
2476 1978 2915 2035 commendamus
2945 1996 3040 2039 vos
3086 1985 3313 2044 Domino
3339 1999 3397 2046 et

1815 2066 2002 2113 omnes
2044 2060 2211 2118 verbo
2252 2065 2440 2132 gratia:
2486 2065 2621 2137 ejus,
2681 2072 2770 2138 qui
2817 2082 2997 2141 potest
3038 2079 3300 2145 perlicere
3342 2092 3399 2139 et

1815 2147 1945 2206 dare
2009 2151 2381 2212 haereditatem
2443 2160 2600 2216 nobis
2658 2179 2781 2219 cum
2850 2170 3102 2226 omnibus
3169 2176 3395 2231 sanctis.

1815 2234 1933 2310 Ipse
1986 2251 2169 2299 autem
2199 2245 2343 2304 Deus
2391 2251 2542 2320 pacis
2571 2261 2628 2309 et
2669 2257 3056 2316 consolationis
3108 2264 3199 2319 det
3245 2268 3398 2324 vobis

1814 2330 2046 2400 idipsum
2094 2350 2286 2406 sapere
2332 2339 2386 2393 in
2443 2342 2790 2413 alterutrum,
2851 2340 2929 2405 ut'
2966 2353 3119 2411 vobis
3162 2356 3395 2414 invicem

1811 2425 2141 2481 succurratis
2172 2434 2227 2482 et
2267 2444 2374 2485 non
2407 2432 2525 2488 sitis
2550 2436 2731 2502 divisi,
2760 2448 2817 2492 ut
2839 2443 3143 2512 unanimes,
3172 2462 3277 2502 uno
3299 2463 3396 2506 ore

1810 2523 1866 2569 et
1908 2530 2018 2570 uno
2063 2519 2228 2574 corde
2248 2520 2617 2582 bonoriﬁcetis
2666 2543 2789 2584 eum
2836 2531 2888 2586 in
2938 2538 3283 2594 concordiam
3335 2551 3394 2597 ct

1808 2608 2235 2667 consolationem
2281 2613 2536 2685 fratrum,
2588 2622 2679 2690 qui
2711 2631 2891 2692 potest
2925 2608 3253 2688 confirmare
3294 2649 3392 2690 vos

1808 2701 2103 2755 secundum
2173 2702 2527 2776 Evangelium
2602 2710 2741 2781 ejus,
2781 2704 2941 2783 juxta
3004 2722 3390 2780 revelationcm

1806 2793 1993 2846 teterni
2026 2796 2289 2864 mysterii,
2336 2802 2668 2871 temporibus
2703 2806 2913 2863 scilicet
2940 2815 3243 2883 perpetuis,
3270 2818 3390 2886 qui-

1805 2887 1906 2943 bus
1969 2889 2120 2945 vobis
2166 2890 2470 2950 futurorum
2530 2899 2848 2970 gaudiorum
2919 2902 3197 2977 largienda
3264 2920 3392 2966 sunt

1805 2984 2050 3033 munera.
2085 2978 2441 3055 Summopere
2457 2988 2803 3047 considerare
2818 2994 2983 3049 etiam
2997 2986 3219 3054 'debctis
3245 2984 3390 3071 quod

1805 3069 1878 3124 illi
1921 3073 2011 3142 qui
2063 3072 2322 3132 fratribus
2395 3078 2638 3137 invident
2681 3099 2883 3156 eosque
2919 3086 3182 3146 damnare
3224 3069 3387 3163 atque

1804 3164 2030 3233 perdere
2050 3167 2290 3237 cupiunt,
2318 3185 2415 3240 per
2435 3186 2492 3227 se
2521 3188 2619 3227 sua
2641 3174 2893 3246 dogmata
2917 3180 3225 3237 destruunt.
3247 3164 3402 3239 Dicit.

1802 3257 1944 3311 enim
1978 3258 2239 3316 Dominus
2268 3281 2280 3317 :
2314 3280 2333 3314 ‹
2361 3262 2533 3320 Omne
2578 3283 2805 3338 regnum
2852 3271 2904 3325 in
2935 3287 2993 3327 se
3019 3274 3248 3330 divisum
3277 3292 3385 3333 non

1801 3349 1968 3402 stabit
2004 3347 2221 3420 (Matth.
2256 3369 2353 3421 ιιι,
2400 3355 2512 3428 25),
2567 3377 2586 3410 ι
2621 3366 2675 3413 et
2709 3362 2887 3417 omnis
2921 3364 3146 3420 scientia
3199 3376 3253 3423 et
3300 3368 3389 3441 lex

1801 3435 2084 3493 adversum
2118 3456 2178 3495 se
2207 3442 2378 3498 divisa
2412 3461 2517 3499 non
2557 3449 2742 3504 stabit.
2776 3449 3009 3523 Ideoque
3036 3470 3260 3512 necesse
3302 3440 3388 3515 est

1800 3537 1858 3581 ut
1890 3530 2231 3587 concorditer
2257 3532 2503 3590 salubres
2529 3539 2837 3609 suscipiatis
2868 3541 3134 3612 hortatus,
3162 3556 3215 3601 et
3250 3548 3385 3621 nihil

1797 3636 1895 3692 per
1928 3624 2329 3681 contentionem
2380 3639 2621 3700 agentes,
2680 3633 2774 3688 sed
2825 3635 2891 3689 ad
2937 3652 3097 3699 omne
3143 3639 3380 3696 studium
3446 3691 3450 3696 .

1797 3713 2100 3772 devotionis
2132 3720 2429 3776 unanimes
2459 3722 2657 3779 divinis
2690 3734 2745 3780 et
2777 3730 3089 3798 apostolicis
3118 3734 3381 3786 constitu-

1800 3809 2034 3867 tionibus
2060 3813 2316 3882 pareatis.
2358 3814 2491 3872 Data
2523 3833 2597 3872 vn
2647 3819 2771 3877 ldus
2810 3821 3169 3893 Septembris,
3216 3826 3381 3883 Decio

1796 3911 1852 3957 et
1878 3902 2110 3961 Maximo
2140 3921 2218 3961 tut
2246 3922 2327 3963 cc.
2382 3906 2388 3911 ’

633 4125 797 4181 ΙΤΕΜ
836 4125 1171 4183 EPISTOLA
1208 4125 1528 4184 CORNELII
1566 4127 1768 4185 PAPIE
1799 4129 2171 4201 ORIENTALI
2194 4132 2525 4190 EPISCOPO
2568 4138 2886 4195 DlRECTA.

722 4241 812 4303 Ne
843 4242 1189 4304 sacerdotes
1220 4243 1477 4305 Domini
1492 4244 1719 4323 jurare
1747 4258 2127 4317 praesumant
2160 4250 2256 4312 vel
2286 4251 2765 4331 compellantur.

170 4373 481 4450 .Conueuus
518 4382 802 4452 episcopus
824 4383 972 4440 [toro
1015 4383 1336 4455 coepiscopo
1379 4400 1432 4439 tn
1463 4384 1691 4441 Domino
1721 4375 1770 4435 Ι)
1797 4370 1951 4447 tenus
1970 4407 2001 4447 a
2026 4392 2254 4474 summis
2298 4394 2670 4450 sacerdotibus
2707 4395 2789 4451 vel
2819 4395 3043 4469 reliquis
3071 4401 3237 4473 exigi,
3276 4405 3379 4459 nisi

144 4469 353 4530 salutem.

1794 4500 1892 4556 pro
1925 4486 2026 4541 lide
2071 4494 2218 4541 recta
2249 4487 2469 4542 minime
2510 4487 2890 4559 cognovimus,
2934 4505 3037 4549 nec
3055 4505 3383 4564 spontaneos

202 4561 357 4636 Exigit
380 4567 598 4623 dilectio
626 4575 736 4632 tua,
768 4566 941 4623 frater
974 4568 1312 4634 charissime,
1344 4576 1484 4623 utex
1506 4579 1693 4625 aucto-
1787 4573 2002 4644 jurasse
2043 4576 2362 4646 reperimus.
2413 4577 2770 4650 Summopere
2811 4595 2940 4654 ergo
2978 4561 3198 4642 sanctus
3225 4584 3384 4643 Jaco-

147 4651 279 4709 ritate
320 4658 461 4714 sedis
505 4658 814 4729 apostolica:
856 4660 960 4714 tuis
991 4659 1315 4715 deberemus
1358 4660 1692 4715 consultibus

148 4748 450 4815 respondere.
498 4749 652 4817 Quod
698 4751 825 4806 licet
852 4766 954 4807 non
986 4751 1216 4821 prolixe,
1268 4752 1362 4807 sed
1408 4753 1686 4809 succincte

147 4844 279 4902 agere
296 4836 669 4895 festinarcmus
694 4850 917 4911 prapter
944 4841 1210 4912 quasdam
1240 4844 1686 4913 importunitates

149 4936 243 4992 qua:
268 4931 458 4985 nostris
497 4931 950 5002 praepedientibus
976 4932 1216 5002 peccatis
1259 4933 1313 4987 in
1355 4947 1456 4988 nos
1496 4949 1686 5005 super-

149 5027 333 5087 veuerc,
360 5023 465 5078 tuis
505 5031 685 5079 tamen
724 5038 823 5094 per
857 5023 1063 5095 reliqua
1113 5034 1428 5081 sanctorum
1473 5037 1688 5098 patrum

150 5102 369 5192 instituta»
409 5116 603 5171 studiis
649 5107 993 5188 perquirere
1022 5118 1209 5185 latius,
1256 5129 1311 5175 et
1365 5121 1689 5192 investigare

151 5190 493 5266 Demittimus.
524 5209 640 5275 Non
666 5212 809 5267 enim
842 5220 1019 5281 potest
1046 5228 1199 5268 mens
1221 5213 1404 5268 attrita
1437 5223 1492 5270 et
1510 5190 1690 5269 oneri-

151 5289 232 5348 bus
275 5308 424 5370 atque
466 5302 960 5373 importunitatibus
1020 5312 1241 5375 gravata
1298 5313 1505 5359 tantum
1561 5304 1687 5359 boni

152 5397 389 5461 Peragere,
450 5404 707 5464 quantum
763 5396 1025 5452 delectata
1108 5406 1164 5452 et
1247 5399 1689 5468 oppressionibus

154 5479 315 5537 soluta.
341 5485 454 5543 Non
485 5504 614 5561 ergo
657 5490 757 5544 ista
783 5490 852 5545 ob
899 5490 951 5544 id
994 5489 1354 5556 prtetttlimus,
1394 5499 1457 5543 ut
1492 5489 1607 5545 htec
1633 5498 1689 5545 ct

159 5570 239 5628 alia
264 5592 369 5647 qua:
404 5582 705 5638 necessaria
750 5582 864 5638 fore
894 5584 1305 5655 cognoverimus
1333 5592 1436 5637 tua:
1471 5582 1686 5637 Sancti-

161 5668 233 5721 tati
256 5674 463 5731 velimus
503 5678 799 5747 denegare,
845 5680 940 5734 sed
988 5680 1130 5749 quod
1177 5680 1264 5734 hic
1310 5679 1488 5735 minus
1532 5678 1685 5733 inve-

164 5758 298 5832 nitur,
327 5767 475 5826 latius
498 5772 861 5843 perquiratur.
906 5772 1317 5829 Sacramentuut
1348 5783 1528 5828 autent
1560 5776 1690 5831 hac-

1794 4668 1895 4724 bus
1907 4667 2182 4740 apostolus
2194 4668 2487 4741 prohibens
2498 4681 2901 4729 sacramentum
2917 4672 3158 4744 loquitur
3170 4677 3375 4733 dicens:

1800 4777 1819 4811 ‹
1855 4757 1996 4814 Ante
2021 4760 2227 4826 omnia,
2256 4758 2456 4816 fratres
2495 4761 2622 4835 mei,
2658 4761 2824 4819 nolite
2846 4762 3053 4832 iurare,
3084 4780 3259 4835 neque
3283 4783 3381 4837 per

1794 4849 2015 4916 caelum,
2039 4864 2215 4921 neque
2227 4865 2325 4922 per
2357 4860 2786 4924 terram,~neque
2820 4854 2964 4909 aliud
3021 4855 3381 4926 quodcunque

1789 4940 2176 5010 juramentum.
2202 4942 2279 4998 Sit
2295 4952 2475 4999 autem
2486 4959 2677 5023 sermo
2693 4952 2891 5008 vester,
2908 4953 3110 5012 estest,
3124 4962 3232 5004 non
3246 4964 3375 5015 non,

1795 5039 1855 5085 ut
1924 5047 2033 5088 non
2105 5032 2205 5088 sub
2244 5031 2451 5102 judicio
2497 5034 2764 5090 decidatis
2810 5033 2956 5107 (Jac.
3002 5052 3056 5102 v,
3110 5036 3221 5111 l2).
3262 5060 3280 5092 ι
3315 5039 3384 5095 Et

1798 5123 2056 5180 Dominus
2086 5123 2138 5179 in
2179 5123 2474 5196 Evangelia
2503 5128 2580 5181 ait
2616 5144 2630 5181 :
2664 5147 2683 5179 ‹
2732 5125 2977 5183 Audistis
3014 5129 3144 5200 quia
3173 5131 3374 5186 dictum

1796 5225 1880 5272 est
1912 5218 2168 5290 antiquis,
2209 5234 2315 5274 non
2358 5218 2685 5290 perjurabis,
2716 5220 2910 5276 reddes
2938 5230 3114 5277 autem
3148 5221 3376 5279 Domino

1791 5309 2097 5380 juramenta
2125 5317 2238 5365 tua.
2283 5309 2396 5379 Ego
2442 5318 2622 5365 autem
2658 5309 2780 5366 dico
2821 5312 2991 5375 vobis,
3040 5328 3148 5367 non
3190 5312 3379 5381 jurare

1797 5400 2048 5466 omnino;
2096 5414 2272 5471 neque
2308 5415 2406 5471 per
2433 5400 2652 5464 ctelum,
2697 5401 2823 5471 quia
2858 5402 3081 5459 thronus
3129 5404 3219 5457 Dei
3269 5413 3371 5468 est,

1796 5505 1971 5560 neque
2006 5505 2105 5563 per
2143 5500 2343 5547 terram
2369 5491 2495 5561 quia
2535 5490 2828 5561 scabellum
2877 5502 2961 5548 cst
2998 5496 3193 5563 pedum
3234 5497 3377 5565 ejus,

1794 5599 1970 5654 neque
1998 5599 2094 5654 per
2141 5582 2587 5653 Hierosolymam,
2611 5584 2739 5654 quia
2778 5584 2970 5639 civitas
3001 5584 3179 5654 magni
3232 5585 3376 5656 regis

1797 5687 1899 5745 est,
1931 5692 2105 5748 neque
2130 5691 2228 5748 per
2250 5683 2411 5746 caput
2439 5685 2588 5731 tuum
2606 5676 2900 5746 Juraveris,
2929 5676 3191 5745 quianon
3220 5686 3374 5746 potes

1799 5789 1965 5828 unum
1992 5771 2245 5842 capillum
2267 5770 2450 5825 album
2480 5769 2659 5825 facere
2689 5778 2781 5824 aut
2817 5767 3051 5837 nigrum.
3086 5766 3169 5821 Sit
3192 5777 3372 5822 autem
