  <div class='ocr_page' id='page_1' title='image "/cluster/home/n/w/nwhite01/storage/ocr_20150623/130/hvd.32044015471717/113.png"; bbox 0 0 3926 6442; ppageno 0'>
   <div class='ocr_carea' id='block_1_1' title="bbox 517 442 626 502">
    <p class='ocr_par' dir='ltr' id='par_1_1' title="bbox 517 442 626 502">
     <span class='ocr_line' id='line_1_1' title="bbox 517 442 626 502; baseline -0.046 0"><span class='ocrx_word' id='word_1_1' title='bbox 517 442 626 502; x_wconf 71' lang='grc'><strong>167</strong></span> 
     </span>
    </p>
   </div>
   <div class='ocr_carea' id='block_1_2' title="bbox 1327 427 2129 497">
    <p class='ocr_par' dir='ltr' id='par_1_2' title="bbox 1327 435 2129 497">
     <span class='ocr_line' id='line_1_2' title="bbox 1327 435 2129 497; baseline -0.006 -2"><span class='ocrx_word' id='word_1_2' title='bbox 1327 438 1617 497; x_wconf 73' lang='lat' dir='ltr'><strong>APPEND.</strong></span> <span class='ocrx_word' id='word_1_3' title='bbox 1661 436 1753 493; x_wconf 78' lang='lat' dir='ltr'><strong>AD</strong></span> <span class='ocrx_word' id='word_1_4' title='bbox 1784 436 1958 494; x_wconf 63' lang='lat' dir='ltr'><strong>SEC.</strong></span> <span class='ocrx_word' id='word_1_5' title='bbox 1985 435 2075 491; x_wconf 80' lang='grc' dir='ltr'>ιιι.</span> <span class='ocrx_word' id='word_1_6' title='bbox 2121 464 2129 475; x_wconf 90' lang='grc'><strong>·</strong></span> 
     </span>
    </p>
   </div>
   <div class='ocr_carea' id='block_1_3' title="bbox 2231 427 3756 497">
    <p class='ocr_par' dir='ltr' id='par_1_3' title="bbox 2231 427 3756 491">
     <span class='ocr_line' id='line_1_3' title="bbox 2231 427 3756 491; baseline 0.002 -4"><span class='ocrx_word' id='word_1_7' title='bbox 2231 432 2467 491; x_wconf 49' lang='grc' dir='ltr'>ιδιυοιιι</span> <span class='ocrx_word' id='word_1_8' title='bbox 2510 427 2951 488; x_wconf 73' lang='lat' dir='ltr'><strong>MERCATOMS</strong></span> <span class='ocrx_word' id='word_1_9' title='bbox 3408 486 3413 491; x_wconf 80' lang='lat'><strong>.</strong></span> <span class='ocrx_word' id='word_1_10' title='bbox 3672 428 3756 490; x_wconf 75' lang='lat' dir='ltr'><strong>I68</strong></span> 
     </span>
    </p>
   </div>
   <div class='ocr_carea' id='block_1_4' title="bbox 522 537 3758 624">
    <p class='ocr_par' dir='ltr' id='par_1_4' title="bbox 522 537 3758 624">
     <span class='ocr_line' id='line_1_4' title="bbox 522 537 3758 624; baseline -0.006 -6"><span class='ocrx_word' id='word_1_11' title='bbox 522 554 706 618; x_wconf 80' lang='lat' dir='ltr'><strong>sermo</strong></span> <span class='ocrx_word' id='word_1_12' title='bbox 743 562 944 624; x_wconf 87' lang='lat' dir='ltr'><strong>vester,</strong></span> <span class='ocrx_word' id='word_1_13' title='bbox 994 563 1078 612; x_wconf 89' lang='lat' dir='ltr'><strong>est</strong></span> <span class='ocrx_word' id='word_1_14' title='bbox 1126 562 1232 621; x_wconf 88' lang='lat' dir='ltr'><strong>est,</strong></span> <span class='ocrx_word' id='word_1_15' title='bbox 1278 568 1385 610; x_wconf 84' lang='lat' dir='ltr'><strong>non</strong></span> <span class='ocrx_word' id='word_1_16' title='bbox 1437 568 1566 608; x_wconf 91' lang='lat' dir='ltr'><strong>non.</strong></span> <span class='ocrx_word' id='word_1_17' title='bbox 1595 549 1750 619; x_wconf 85' lang='lat' dir='ltr'><strong>Quod</strong></span> <span class='ocrx_word' id='word_1_18' title='bbox 1798 557 1982 605; x_wconf 88' lang='lat' dir='ltr'><strong>autem</strong></span> <span class='ocrx_word' id='word_1_19' title='bbox 2028 547 2113 605; x_wconf 90' lang='lat' dir='ltr'><strong>his</strong></span> <span class='ocrx_word' id='word_1_20' title='bbox 2141 552 2189 612; x_wconf 76' lang='grc' dir='ltr'>Α</span> <span class='ocrx_word' id='word_1_21' title='bbox 2215 550 2429 615; x_wconf 90' lang='lat' dir='ltr'><strong>oportet</strong></span> <span class='ocrx_word' id='word_1_22' title='bbox 2458 558 2556 600; x_wconf 89' lang='lat' dir='ltr'><strong>vos</strong></span> <span class='ocrx_word' id='word_1_23' title='bbox 2592 558 2713 599; x_wconf 90' lang='lat' dir='ltr'><strong>esse</strong></span> <span class='ocrx_word' id='word_1_24' title='bbox 2744 544 2798 597; x_wconf 91' lang='lat' dir='ltr'><strong>in</strong></span> <span class='ocrx_word' id='word_1_25' title='bbox 2834 541 3039 597; x_wconf 78' lang='lat' dir='ltr'><strong>sanctis</strong></span> <span class='ocrx_word' id='word_1_26' title='bbox 3079 537 3567 596; x_wconf 87' lang='lat' dir='ltr'><strong>conversationibus</strong></span> <span class='ocrx_word' id='word_1_27' title='bbox 3600 549 3650 596; x_wconf 84' lang='lat' dir='ltr'><strong>et</strong></span> <span class='ocrx_word' id='word_1_28' title='bbox 3667 542 3758 614; x_wconf 87' lang='lat' dir='ltr'><strong>pie-</strong></span> 
     </span>
    </p>
   </div>
   <div class='ocr_carea' id='block_1_5' title="bbox 526 636 2113 714">
    <p class='ocr_par' dir='ltr' id='par_1_5' title="bbox 526 636 2113 714">
     <span class='ocr_line' id='line_1_5' title="bbox 526 636 2113 714; baseline -0.009 -7"><span class='ocrx_word' id='word_1_29' title='bbox 526 646 893 707; x_wconf 82' lang='lat' dir='ltr'><strong>abundantius</strong></span> <span class='ocrx_word' id='word_1_30' title='bbox 917 653 1022 711; x_wconf 93' lang='lat' dir='ltr'><strong>est,</strong></span> <span class='ocrx_word' id='word_1_31' title='bbox 1046 663 1078 700; x_wconf 87' lang='lat' dir='ltr'><strong>a</strong></span> <span class='ocrx_word' id='word_1_32' title='bbox 1107 643 1247 699; x_wconf 90' lang='lat' dir='ltr'><strong>malo</strong></span> <span class='ocrx_word' id='word_1_33' title='bbox 1269 651 1354 698; x_wconf 91' lang='lat' dir='ltr'><strong>est</strong></span> <span class='ocrx_word' id='word_1_34' title='bbox 1377 641 1598 714; x_wconf 78' lang='lat' dir='ltr'><strong>(Matth.</strong></span> <span class='ocrx_word' id='word_1_35' title='bbox 1645 657 1702 707; x_wconf 89' lang='lat' dir='ltr'><strong>v,</strong></span> <span class='ocrx_word' id='word_1_36' title='bbox 1734 639 1947 712; x_wconf 76' lang='lat'><strong>“55-57),</strong></span> <span class='ocrx_word' id='word_1_37' title='bbox 2002 658 2021 691; x_wconf 79' lang='grc' dir='ltr'><strong>ι</strong></span> <span class='ocrx_word' id='word_1_38' title='bbox 2057 636 2113 693; x_wconf 97' lang='lat' dir='ltr'><strong>id</strong></span> 
     </span>
    </p>
   </div>
   <div class='ocr_carea' id='block_1_6' title="bbox 527 730 2112 809">
    <p class='ocr_par' dir='ltr' id='par_1_6' title="bbox 527 730 2112 809">
     <span class='ocr_line' id='line_1_6' title="bbox 527 730 2112 809; baseline -0.008 -14"><span class='ocrx_word' id='word_1_39' title='bbox 527 749 615 796; x_wconf 86' lang='lat' dir='ltr'><strong>est</strong></span> <span class='ocrx_word' id='word_1_40' title='bbox 638 740 707 794; x_wconf 88' lang='lat' dir='ltr'><strong>ab</strong></span> <span class='ocrx_word' id='word_1_41' title='bbox 730 740 981 809; x_wconf 75' lang='lat' dir='ltr'><strong>exigente</strong></span> <span class='ocrx_word' id='word_1_42' title='bbox 1002 746 1058 792; x_wconf 90' lang='lat' dir='ltr'><strong>et</strong></span> <span class='ocrx_word' id='word_1_43' title='bbox 1090 751 1119 789; x_wconf 91' lang='lat' dir='ltr'><strong>a</strong></span> <span class='ocrx_word' id='word_1_44' title='bbox 1134 732 1375 803; x_wconf 85' lang='lat' dir='ltr'><strong>jurante.</strong></span> <span class='ocrx_word' id='word_1_45' title='bbox 1406 732 1552 798; x_wconf 58' lang='lat' dir='ltr'><strong>Haec,</strong></span> <span class='ocrx_word' id='word_1_46' title='bbox 1579 730 1747 788; x_wconf 79' lang='lat' dir='ltr'><strong>frater</strong></span> <span class='ocrx_word' id='word_1_47' title='bbox 1773 730 2112 794; x_wconf 88' lang='lat' dir='ltr'><strong>charissime,</strong></span> 
     </span>
    </p>
   </div>
   <div class='ocr_carea' id='block_1_7' title="bbox 528 822 2114 901">
    <p class='ocr_par' dir='ltr' id='par_1_7' title="bbox 528 822 2114 901">
     <span class='ocr_line' id='line_1_7' title="bbox 528 822 2114 901; baseline -0.008 -15"><span class='ocrx_word' id='word_1_48' title='bbox 528 830 646 901; x_wconf 89' lang='lat' dir='ltr'><strong>ipse</strong></span> <span class='ocrx_word' id='word_1_49' title='bbox 693 829 950 884; x_wconf 84' lang='lat' dir='ltr'><strong>Dominus</strong></span> <span class='ocrx_word' id='word_1_50' title='bbox 985 825 1256 897; x_wconf 84' lang='lat' dir='ltr'><strong>prohibet,</strong></span> <span class='ocrx_word' id='word_1_51' title='bbox 1305 824 1359 878; x_wconf 90' lang='lat' dir='ltr'><strong>id</strong></span> <span class='ocrx_word' id='word_1_52' title='bbox 1401 834 1487 879; x_wconf 90' lang='lat' dir='ltr'><strong>est</strong></span> <span class='ocrx_word' id='word_1_53' title='bbox 1528 839 1635 878; x_wconf 92' lang='lat' dir='ltr'><strong>non</strong></span> <span class='ocrx_word' id='word_1_54' title='bbox 1672 822 1868 878; x_wconf 82' lang='lat' dir='ltr'><strong>debere</strong></span> <span class='ocrx_word' id='word_1_55' title='bbox 1903 822 2114 892; x_wconf 89' lang='lat' dir='ltr'><strong>jurare,</strong></span> 
     </span>
    </p>
   </div>
   <div class='ocr_carea' id='block_1_8' title="bbox 529 913 2117 990">
    <p class='ocr_par' dir='ltr' id='par_1_8' title="bbox 529 913 2117 990">
     <span class='ocr_line' id='line_1_8' title="bbox 529 913 2117 990; baseline -0.007 -14"><span class='ocrx_word' id='word_1_56' title='bbox 529 921 647 976; x_wconf 69' lang='lat' dir='ltr'><strong>hazc</strong></span> <span class='ocrx_word' id='word_1_57' title='bbox 673 918 901 990; x_wconf 84' lang='lat' dir='ltr'><strong>apostoli</strong></span> <span class='ocrx_word' id='word_1_58' title='bbox 949 917 1186 973; x_wconf 79' lang='lat' dir='ltr'><strong>maxime</strong></span> <span class='ocrx_word' id='word_1_59' title='bbox 1226 932 1439 981; x_wconf 90' lang='lat' dir='ltr'><strong>omnes,</strong></span> <span class='ocrx_word' id='word_1_60' title='bbox 1490 916 1605 970; x_wconf 82' lang='lat' dir='ltr'><strong>haec</strong></span> <span class='ocrx_word' id='word_1_61' title='bbox 1647 914 1822 971; x_wconf 84' lang='lat' dir='ltr'><strong>sancti</strong></span> <span class='ocrx_word' id='word_1_62' title='bbox 1853 913 1954 968; x_wconf 91' lang='lat' dir='ltr'><strong>viri</strong></span> <span class='ocrx_word' id='word_1_63' title='bbox 1981 926 2117 982; x_wconf 69' lang='lat' dir='ltr'><strong>pra:-</strong></span> 
     </span>
    </p>
   </div>
   <div class='ocr_carea' id='block_1_9' title="bbox 529 1002 2112 1077">
    <p class='ocr_par' dir='ltr' id='par_1_9' title="bbox 529 1002 2112 1077">
     <span class='ocr_line' id='line_1_9' title="bbox 529 1002 2112 1077; baseline -0.006 -11"><span class='ocrx_word' id='word_1_64' title='bbox 529 1012 843 1067; x_wconf 87' lang='lat' dir='ltr'><strong>decessores</strong></span> <span class='ocrx_word' id='word_1_65' title='bbox 864 1007 1035 1063; x_wconf 80' lang='lat' dir='ltr'><strong>nostri</strong></span> <span class='ocrx_word' id='word_1_66' title='bbox 1059 1006 1153 1077; x_wconf 87' lang='lat' dir='ltr'><strong>qui</strong></span> <span class='ocrx_word' id='word_1_67' title='bbox 1186 1007 1313 1062; x_wconf 87' lang='lat' dir='ltr'><strong>huic</strong></span> <span class='ocrx_word' id='word_1_68' title='bbox 1339 1014 1541 1062; x_wconf 73' lang='lat' dir='ltr'><strong>sanctre</strong></span> <span class='ocrx_word' id='word_1_69' title='bbox 1567 1002 1856 1060; x_wconf 78' lang='lat' dir='ltr'><strong>universali</strong></span> <span class='ocrx_word' id='word_1_70' title='bbox 1889 1010 2112 1073; x_wconf 89' lang='lat' dir='ltr'><strong>aposto-</strong></span> 
     </span>
    </p>
   </div>
   <div class='ocr_carea' id='block_1_10' title="bbox 526 1095 2119 1169">
    <p class='ocr_par' dir='ltr' id='par_1_10' title="bbox 526 1095 2119 1169">
     <span class='ocr_line' id='line_1_10' title="bbox 526 1095 2119 1169; baseline -0.006 -14"><span class='ocrx_word' id='word_1_71' title='bbox 526 1100 644 1157; x_wconf 66' lang='lat' dir='ltr'><strong>lica!</strong></span> <span class='ocrx_word' id='word_1_72' title='bbox 670 1099 927 1155; x_wconf 72' lang='lat' dir='ltr'><strong>Ecclesiae</strong></span> <span class='ocrx_word' id='word_1_73' title='bbox 952 1096 1286 1169; x_wconf 69' lang='lat' dir='ltr'><strong>praefuerunt</strong></span> <span class='ocrx_word' id='word_1_74' title='bbox 1324 1104 1448 1151; x_wconf 87' lang='lat' dir='ltr'><strong>ante</strong></span> <span class='ocrx_word' id='word_1_75' title='bbox 1477 1111 1598 1161; x_wconf 90' lang='lat' dir='ltr'><strong>nos,</strong></span> <span class='ocrx_word' id='word_1_76' title='bbox 1630 1096 1746 1151; x_wconf 73' lang='lat' dir='ltr'><strong>haec</strong></span> <span class='ocrx_word' id='word_1_77' title='bbox 1767 1095 2043 1165; x_wconf 70' lang='lat' dir='ltr'><strong>propheta:</strong></span> <span class='ocrx_word' id='word_1_78' title='bbox 2063 1100 2119 1147; x_wconf 91' lang='lat' dir='ltr'><strong>et</strong></span> 
     </span>
    </p>
   </div>
   <div class='ocr_carea' id='block_1_11' title="bbox 528 1185 2118 1262">
    <p class='ocr_par' dir='ltr' id='par_1_11' title="bbox 528 1185 2118 1262">
     <span class='ocr_line' id='line_1_11' title="bbox 528 1185 2118 1262; baseline -0.005 -16"><span class='ocrx_word' id='word_1_79' title='bbox 528 1192 722 1262; x_wconf 81' lang='lat' dir='ltr'><strong>reliqui</strong></span> <span class='ocrx_word' id='word_1_80' title='bbox 771 1189 944 1247; x_wconf 88' lang='lat' dir='ltr'><strong>sancti</strong></span> <span class='ocrx_word' id='word_1_81' title='bbox 1006 1190 1259 1244; x_wconf 88' lang='lat' dir='ltr'><strong>doctores</strong></span> <span class='ocrx_word' id='word_1_82' title='bbox 1319 1203 1418 1260; x_wconf 91' lang='lat' dir='ltr'><strong>per</strong></span> <span class='ocrx_word' id='word_1_83' title='bbox 1475 1188 1791 1243; x_wconf 90' lang='lat' dir='ltr'><strong>universum</strong></span> <span class='ocrx_word' id='word_1_84' title='bbox 1859 1185 2118 1240; x_wconf 90' lang='lat' dir='ltr'><strong>mundum</strong></span> 
     </span>
    </p>
   </div>
   <div class='ocr_carea' id='block_1_12' title="bbox 530 1275 2115 1351">
    <p class='ocr_par' dir='ltr' id='par_1_12' title="bbox 530 1275 2115 1351">
     <span class='ocr_line' id='line_1_12' title="bbox 530 1275 2115 1351; baseline -0.008 -15"><span class='ocrx_word' id='word_1_85' title='bbox 530 1281 757 1351; x_wconf 86' lang='lat' dir='ltr'><strong>dispersi</strong></span> <span class='ocrx_word' id='word_1_86' title='bbox 804 1280 873 1335; x_wconf 90' lang='lat' dir='ltr'><strong>ad</strong></span> <span class='ocrx_word' id='word_1_87' title='bbox 923 1279 1346 1351; x_wconf 62' lang='lat' dir='ltr'><strong>praedicandum,</strong></span> <span class='ocrx_word' id='word_1_88' title='bbox 1383 1278 1690 1349; x_wconf 89' lang='lat' dir='ltr'><strong>juramenta</strong></span> <span class='ocrx_word' id='word_1_89' title='bbox 1744 1275 1864 1330; x_wconf 86' lang='lat' dir='ltr'><strong>fieri</strong></span> <span class='ocrx_word' id='word_1_90' title='bbox 1911 1283 2115 1330; x_wconf 82' lang='lat' dir='ltr'><strong>vetant.</strong></span> 
     </span>
    </p>
   </div>
   <div class='ocr_carea' id='block_1_13' title="bbox 508 1369 2117 1450">
    <p class='ocr_par' dir='ltr' id='par_1_13' title="bbox 508 1369 2117 1450">
     <span class='ocr_line' id='line_1_13' title="bbox 508 1369 2117 1450; baseline -0.001 -25"><span class='ocrx_word' id='word_1_91' title='bbox 508 1372 772 1450; x_wconf 38' lang='lat' dir='ltr'><strong>‘Quorum</strong></span> <span class='ocrx_word' id='word_1_92' title='bbox 789 1386 886 1427; x_wconf 90' lang='lat' dir='ltr'><strong>nos</strong></span> <span class='ocrx_word' id='word_1_93' title='bbox 910 1370 1157 1442; x_wconf 88' lang='lat' dir='ltr'><strong>exempla</strong></span> <span class='ocrx_word' id='word_1_94' title='bbox 1178 1372 1224 1427; x_wconf 90' lang='lat' dir='ltr'><strong>si</strong></span> <span class='ocrx_word' id='word_1_95' title='bbox 1240 1370 1568 1442; x_wconf 63' lang='lat' dir='ltr'><strong>coeperimus</strong></span> <span class='ocrx_word' id='word_1_96' title='bbox 1582 1385 1924 1433; x_wconf 87' lang='lat' dir='ltr'><strong>enumerare,</strong></span> <span class='ocrx_word' id='word_1_97' title='bbox 1949 1378 2042 1424; x_wconf 95' lang='lat' dir='ltr'><strong>aut</strong></span> <span class='ocrx_word' id='word_1_98' title='bbox 2064 1369 2117 1423; x_wconf 93' lang='lat' dir='ltr'><strong>in</strong></span> 
     </span>
    </p>
   </div>
   <div class='ocr_carea' id='block_1_14' title="bbox 531 1460 2117 1531">
    <p class='ocr_par' dir='ltr' id='par_1_14' title="bbox 531 1460 2117 1531">
     <span class='ocr_line' id='line_1_14' title="bbox 531 1460 2117 1531; baseline -0.002 -13"><span class='ocrx_word' id='word_1_99' title='bbox 531 1461 786 1518; x_wconf 89' lang='lat' dir='ltr'><strong>schedula</strong></span> <span class='ocrx_word' id='word_1_100' title='bbox 814 1463 917 1518; x_wconf 86' lang='lat' dir='ltr'><strong>hac</strong></span> <span class='ocrx_word' id='word_1_101' title='bbox 946 1462 1211 1529; x_wconf 87' lang='lat' dir='ltr'><strong>inserere,</strong></span> <span class='ocrx_word' id='word_1_102' title='bbox 1235 1472 1361 1517; x_wconf 89' lang='lat' dir='ltr'><strong>ante</strong></span> <span class='ocrx_word' id='word_1_103' title='bbox 1382 1460 1637 1518; x_wconf 79' lang='lat' dir='ltr'><strong>deﬁceret</strong></span> <span class='ocrx_word' id='word_1_104' title='bbox 1666 1462 1799 1517; x_wconf 89' lang='lat' dir='ltr'><strong>hora</strong></span> <span class='ocrx_word' id='word_1_105' title='bbox 1831 1461 1935 1516; x_wconf 91' lang='lat' dir='ltr'><strong>diei</strong></span> <span class='ocrx_word' id='word_1_106' title='bbox 1956 1474 2117 1531; x_wconf 90' lang='lat' dir='ltr'><strong>quam</strong></span> 
     </span>
    </p>
   </div>
   <div class='ocr_carea' id='block_1_15' title="bbox 540 1550 2118 1622">
    <p class='ocr_par' dir='ltr' id='par_1_15' title="bbox 540 1550 2118 1622">
     <span class='ocr_line' id='line_1_15' title="bbox 540 1550 2118 1622; baseline -0.003 -14"><span class='ocrx_word' id='word_1_107' title='bbox 540 1567 728 1608; x_wconf 84' lang='lat' dir='ltr'><strong>eorum</strong></span> <span class='ocrx_word' id='word_1_108' title='bbox 755 1551 999 1622; x_wconf 84' lang='lat' dir='ltr'><strong>exempla</strong></span> <span class='ocrx_word' id='word_1_109' title='bbox 1042 1553 1109 1608; x_wconf 87' lang='lat' dir='ltr'><strong>de</strong></span> <span class='ocrx_word' id='word_1_110' title='bbox 1160 1553 1264 1608; x_wconf 87' lang='lat' dir='ltr'><strong>bac</strong></span> <span class='ocrx_word' id='word_1_111' title='bbox 1310 1566 1474 1608; x_wconf 89' lang='lat' dir='ltr'><strong>causa</strong></span> <span class='ocrx_word' id='word_1_112' title='bbox 1502 1552 1792 1622; x_wconf 86' lang='lat' dir='ltr'><strong>prohibita.</strong></span> <span class='ocrx_word' id='word_1_113' title='bbox 1843 1550 1973 1618; x_wconf 55' lang='lat' dir='ltr'><strong>Quae</strong></span> <span class='ocrx_word' id='word_1_114' title='bbox 2017 1564 2118 1605; x_wconf 89' lang='lat' dir='ltr'><strong>nos</strong></span> 
     </span>
    </p>
   </div>
   <div class='ocr_carea' id='block_1_16' title="bbox 530 1642 2121 1716">
    <p class='ocr_par' dir='ltr' id='par_1_16' title="bbox 530 1642 2121 1716">
     <span class='ocr_line' id='line_1_16' title="bbox 530 1642 2121 1716; baseline -0.003 -16"><span class='ocrx_word' id='word_1_115' title='bbox 530 1654 846 1700; x_wconf 85' lang='lat' dir='ltr'><strong>sanctorum</strong></span> <span class='ocrx_word' id='word_1_116' title='bbox 892 1651 1184 1714; x_wconf 87' lang='lat' dir='ltr'><strong>sequentes</strong></span> <span class='ocrx_word' id='word_1_117' title='bbox 1237 1642 1604 1716; x_wconf 85' lang='lat' dir='ltr'><strong>apostolorum</strong></span> <span class='ocrx_word' id='word_1_118' title='bbox 1650 1657 1950 1713; x_wconf 88' lang='lat' dir='ltr'><strong>eorumque</strong></span> <span class='ocrx_word' id='word_1_119' title='bbox 1997 1655 2121 1696; x_wconf 88' lang='lat' dir='ltr'><strong>suc-</strong></span> 
     </span>
    </p>
   </div>
   <div class='ocr_carea' id='block_1_17' title="bbox 516 1734 2119 1805">
    <p class='ocr_par' dir='ltr' id='par_1_17' title="bbox 516 1734 2119 1805">
     <span class='ocr_line' id='line_1_17' title="bbox 516 1734 2119 1805; baseline -0.002 -13"><span class='ocrx_word' id='word_1_120' title='bbox 516 1751 811 1792; x_wconf 76' lang='lat' dir='ltr'><strong>cessorum</strong></span> <span class='ocrx_word' id='word_1_121' title='bbox 850 1734 974 1805; x_wconf 87' lang='lat' dir='ltr'><strong>jura</strong></span> <span class='ocrx_word' id='word_1_122' title='bbox 1016 1736 1333 1802; x_wconf 84' lang='lat' dir='ltr'><strong>firmamus,</strong></span> <span class='ocrx_word' id='word_1_123' title='bbox 1377 1745 1435 1792; x_wconf 91' lang='lat' dir='ltr'><strong>et</strong></span> <span class='ocrx_word' id='word_1_124' title='bbox 1508 1744 1850 1791; x_wconf 89' lang='lat' dir='ltr'><strong>sacramenta</strong></span> <span class='ocrx_word' id='word_1_125' title='bbox 1898 1736 2119 1789; x_wconf 87' lang='lat' dir='ltr'><strong>incauta</strong></span> 
     </span>
    </p>
   </div>
   <div class='ocr_carea' id='block_1_18' title="bbox 534 1824 2120 1898">
    <p class='ocr_par' dir='ltr' id='par_1_18' title="bbox 534 1824 2120 1898">
     <span class='ocr_line' id='line_1_18' title="bbox 534 1824 2120 1898; baseline 0 -17"><span class='ocrx_word' id='word_1_126' title='bbox 534 1827 654 1883; x_wconf 83' lang='lat' dir='ltr'><strong>ﬁeri</strong></span> <span class='ocrx_word' id='word_1_127' title='bbox 697 1826 1067 1898; x_wconf 85' lang='lat' dir='ltr'><strong>prohibemus.</strong></span> <span class='ocrx_word' id='word_1_128' title='bbox 1101 1826 1252 1883; x_wconf 86' lang='lat' dir='ltr'><strong>Unde</strong></span> <span class='ocrx_word' id='word_1_129' title='bbox 1279 1836 1334 1882; x_wconf 91' lang='lat' dir='ltr'><strong>et</strong></span> <span class='ocrx_word' id='word_1_130' title='bbox 1376 1827 1493 1898; x_wconf 93' lang='lat' dir='ltr'><strong>ipse</strong></span> <span class='ocrx_word' id='word_1_131' title='bbox 1523 1826 1786 1882; x_wconf 88' lang='lat' dir='ltr'><strong>Dominus</strong></span> <span class='ocrx_word' id='word_1_132' title='bbox 1826 1826 1881 1881; x_wconf 91' lang='lat' dir='ltr'><strong>in</strong></span> <span class='ocrx_word' id='word_1_133' title='bbox 1924 1824 2120 1881; x_wconf 90' lang='lat' dir='ltr'><strong>tabulis</strong></span> 
     </span>
    </p>
   </div>
   <div class='ocr_carea' id='block_1_19' title="bbox 2220 632 3758 706">
    <p class='ocr_par' dir='ltr' id='par_1_19' title="bbox 2220 632 3758 706">
     <span class='ocr_line' id='line_1_19' title="bbox 2220 632 3758 706; baseline 0 -14"><span class='ocrx_word' id='word_1_134' title='bbox 2220 636 2441 702; x_wconf 91' lang='lat' dir='ltr'><strong>tatibus,</strong></span> <span class='ocrx_word' id='word_1_135' title='bbox 2470 643 2849 706; x_wconf 83' lang='lat' dir='ltr'><strong>exspectantes</strong></span> <span class='ocrx_word' id='word_1_136' title='bbox 2871 641 3291 704; x_wconf 89' lang='lat' dir='ltr'><strong>etproperantes</strong></span> <span class='ocrx_word' id='word_1_137' title='bbox 3305 632 3358 687; x_wconf 91' lang='lat' dir='ltr'><strong>in</strong></span> <span class='ocrx_word' id='word_1_138' title='bbox 3380 632 3654 689; x_wconf 82' lang='lat' dir='ltr'><strong>adventum</strong></span> <span class='ocrx_word' id='word_1_139' title='bbox 3672 637 3758 692; x_wconf 89' lang='lat' dir='ltr'><strong>diei</strong></span> 
     </span>
    </p>
   </div>
   <div class='ocr_carea' id='block_1_20' title="bbox 2217 723 3759 799">
    <p class='ocr_par' dir='ltr' id='par_1_20' title="bbox 2217 723 3759 799">
     <span class='ocr_line' id='line_1_20' title="bbox 2217 723 3759 799; baseline 0.001 -17"><span class='ocrx_word' id='word_1_140' title='bbox 2217 743 2314 799; x_wconf 92' lang='lat' dir='ltr'><strong>per</strong></span> <span class='ocrx_word' id='word_1_141' title='bbox 2373 742 2533 797; x_wconf 87' lang='lat' dir='ltr'><strong>quem</strong></span> <span class='ocrx_word' id='word_1_142' title='bbox 2586 726 2710 782; x_wconf 72' lang='grc' dir='ltr'><strong>ρωιί</strong></span> <span class='ocrx_word' id='word_1_143' title='bbox 2770 726 3025 780; x_wconf 87' lang='lat' dir='ltr'><strong>ardentes</strong></span> <span class='ocrx_word' id='word_1_144' title='bbox 3081 723 3382 790; x_wconf 82' lang='lat' dir='ltr'><strong>solventur,</strong></span> <span class='ocrx_word' id='word_1_145' title='bbox 3434 733 3488 780; x_wconf 91' lang='lat' dir='ltr'><strong>et</strong></span> <span class='ocrx_word' id='word_1_146' title='bbox 3531 725 3759 784; x_wconf 82' lang='lat' dir='ltr'><strong>elementa</strong></span> 
     </span>
    </p>
   </div>
   <div class='ocr_carea' id='block_1_21' title="bbox 2218 813 3761 888">
    <p class='ocr_par' dir='ltr' id='par_1_21' title="bbox 2218 813 3761 888">
     <span class='ocr_line' id='line_1_21' title="bbox 2218 813 3761 888; baseline 0.001 -16"><span class='ocrx_word' id='word_1_147' title='bbox 2218 817 2357 888; x_wconf 80' lang='lat' dir='ltr'><strong>ignis</strong></span> <span class='ocrx_word' id='word_1_148' title='bbox 2383 817 2578 871; x_wconf 89' lang='lat' dir='ltr'><strong>ardore</strong></span> <span class='ocrx_word' id='word_1_149' title='bbox 2631 816 2913 871; x_wconf 91' lang='lat' dir='ltr'><strong>tabescent</strong></span> <span class='ocrx_word' id='word_1_150' title='bbox 2949 813 3036 887; x_wconf 90' lang='lat' dir='ltr'><strong>(II</strong></span> <span class='ocrx_word' id='word_1_151' title='bbox 3086 814 3228 870; x_wconf 84' lang='lat' dir='ltr'><strong>Petr.</strong></span> <span class='ocrx_word' id='word_1_152' title='bbox 3281 830 3365 880; x_wconf 87' lang='grc' dir='ltr'>ιιι,</span> <span class='ocrx_word' id='word_1_153' title='bbox 3410 813 3579 886; x_wconf 73' lang='lat'><strong>8-12).</strong></span> <span class='ocrx_word' id='word_1_154' title='bbox 3613 835 3631 868; x_wconf 74' lang='grc' dir='ltr'><strong>ι</strong></span> <span class='ocrx_word' id='word_1_155' title='bbox 3673 817 3761 874; x_wconf 77' lang='lat' dir='ltr'><strong>Vos</strong></span> 
     </span>
    </p>
   </div>
   <div class='ocr_carea' id='block_1_22' title="bbox 2218 907 3761 976">
    <p class='ocr_par' dir='ltr' id='par_1_22' title="bbox 2218 907 3761 976">
     <span class='ocr_line' id='line_1_22' title="bbox 2218 907 3761 976; baseline 0 -12"><span class='ocrx_word' id='word_1_156' title='bbox 2218 920 2420 975; x_wconf 90' lang='lat' dir='ltr'><strong>autem,</strong></span> <span class='ocrx_word' id='word_1_157' title='bbox 2451 908 2785 972; x_wconf 89' lang='lat' dir='ltr'><strong>charissimi,</strong></span> <span class='ocrx_word' id='word_1_158' title='bbox 2822 908 2960 962; x_wconf 89' lang='lat' dir='ltr'><strong>dixit</strong></span> <span class='ocrx_word' id='word_1_159' title='bbox 2982 907 3152 963; x_wconf 81' lang='lat' dir='ltr'><strong>Judas</strong></span> <span class='ocrx_word' id='word_1_160' title='bbox 3189 907 3484 976; x_wconf 87' lang='lat' dir='ltr'><strong>apostolus,</strong></span> <span class='ocrx_word' id='word_1_161' title='bbox 3529 923 3761 964; x_wconf 90' lang='lat' dir='ltr'><strong>memores</strong></span> 
     </span>
    </p>
   </div>
   <div class='ocr_carea' id='block_1_23' title="bbox 2217 998 3761 1072">
    <p class='ocr_par' dir='ltr' id='par_1_23' title="bbox 2217 998 3761 1072">
     <span class='ocr_line' id='line_1_23' title="bbox 2217 998 3761 1072; baseline -0.003 -13"><span class='ocrx_word' id='word_1_162' title='bbox 2217 1013 2391 1059; x_wconf 90' lang='lat' dir='ltr'><strong>estote</strong></span> <span class='ocrx_word' id='word_1_163' title='bbox 2441 1004 2728 1057; x_wconf 84' lang='lat' dir='ltr'><strong>verborum</strong></span> <span class='ocrx_word' id='word_1_164' title='bbox 2768 1016 2890 1072; x_wconf 73' lang='lat' dir='ltr'><strong>qua:</strong></span> <span class='ocrx_word' id='word_1_165' title='bbox 2928 1000 3187 1071; x_wconf 78' lang='lat' dir='ltr'><strong>pnedicta</strong></span> <span class='ocrx_word' id='word_1_166' title='bbox 3236 1009 3363 1054; x_wconf 92' lang='lat' dir='ltr'><strong>sunt</strong></span> <span class='ocrx_word' id='word_1_167' title='bbox 3437 998 3503 1054; x_wconf 88' lang='lat' dir='ltr'><strong>ab</strong></span> <span class='ocrx_word' id='word_1_168' title='bbox 3544 1000 3761 1071; x_wconf 84' lang='lat' dir='ltr'><strong>apostolis</strong></span> 
     </span>
    </p>
   </div>
   <div class='ocr_carea' id='block_1_24' title="bbox 2221 1090 3758 1162">
    <p class='ocr_par' dir='ltr' id='par_1_24' title="bbox 2221 1090 3758 1162">
     <span class='ocr_line' id='line_1_24' title="bbox 2221 1090 3758 1162; baseline -0.003 -12"><span class='ocrx_word' id='word_1_169' title='bbox 2221 1095 2433 1152; x_wconf 90' lang='lat' dir='ltr'><strong>Domini</strong></span> <span class='ocrx_word' id='word_1_170' title='bbox 2487 1094 2659 1150; x_wconf 86' lang='lat' dir='ltr'><strong>nostri</strong></span> <span class='ocrx_word' id='word_1_171' title='bbox 2704 1092 2832 1149; x_wconf 79' lang='lat' dir='ltr'><strong>Jesu</strong></span> <span class='ocrx_word' id='word_1_172' title='bbox 2883 1091 3123 1158; x_wconf 82' lang='lat' dir='ltr'><strong>Christi,</strong></span> <span class='ocrx_word' id='word_1_173' title='bbox 3179 1091 3269 1162; x_wconf 91' lang='lat' dir='ltr'><strong>qui</strong></span> <span class='ocrx_word' id='word_1_174' title='bbox 3318 1090 3566 1147; x_wconf 86' lang='lat' dir='ltr'><strong>dicebant</strong></span> <span class='ocrx_word' id='word_1_175' title='bbox 3604 1091 3758 1154; x_wconf 80' lang='lat' dir='ltr'><strong>vobis,</strong></span> 
     </span>
    </p>
   </div>
   <div class='ocr_carea' id='block_1_25' title="bbox 2218 1180 3763 1257">
    <p class='ocr_par' dir='ltr' id='par_1_25' title="bbox 2218 1180 3763 1257">
     <span class='ocr_line' id='line_1_25' title="bbox 2218 1180 3763 1257; baseline -0.001 -18"><span class='ocrx_word' id='word_1_176' title='bbox 2218 1187 2473 1257; x_wconf 78' lang='lat' dir='ltr'><strong>quoniam</strong></span> <span class='ocrx_word' id='word_1_177' title='bbox 2522 1187 2578 1240; x_wconf 89' lang='lat' dir='ltr'><strong>in</strong></span> <span class='ocrx_word' id='word_1_178' title='bbox 2640 1185 2937 1240; x_wconf 88' lang='lat' dir='ltr'><strong>novissimo</strong></span> <span class='ocrx_word' id='word_1_179' title='bbox 2984 1192 3229 1252; x_wconf 88' lang='lat' dir='ltr'><strong>tempore</strong></span> <span class='ocrx_word' id='word_1_180' title='bbox 3284 1182 3502 1236; x_wconf 83' lang='lat' dir='ltr'><strong>venient</strong></span> <span class='ocrx_word' id='word_1_181' title='bbox 3552 1180 3763 1237; x_wconf 87' lang='lat' dir='ltr'><strong>illusores</strong></span> 
     </span>
    </p>
   </div>
   <div class='ocr_carea' id='block_1_26' title="bbox 2220 1269 3763 1341">
    <p class='ocr_par' dir='ltr' id='par_1_26' title="bbox 2220 1269 3763 1341">
     <span class='ocr_line' id='line_1_26' title="bbox 2220 1269 3763 1341; baseline -0.004 -8"><span class='ocrx_word' id='word_1_182' title='bbox 2220 1277 2518 1333; x_wconf 89' lang='lat' dir='ltr'><strong>secundum</strong></span> <span class='ocrx_word' id='word_1_183' title='bbox 2563 1290 2660 1331; x_wconf 88' lang='lat' dir='ltr'><strong>sua</strong></span> <span class='ocrx_word' id='word_1_184' title='bbox 2690 1274 2960 1330; x_wconf 88' lang='lat' dir='ltr'><strong>desideria</strong></span> <span class='ocrx_word' id='word_1_185' title='bbox 2992 1272 3329 1328; x_wconf 87' lang='lat' dir='ltr'><strong>ambulantes</strong></span> <span class='ocrx_word' id='word_1_186' title='bbox 3360 1271 3691 1341; x_wconf 87' lang='lat' dir='ltr'><strong>impietatum.</strong></span> <span class='ocrx_word' id='word_1_187' title='bbox 3711 1269 3763 1327; x_wconf 79' lang='lat' dir='ltr'><strong>lli</strong></span> 
     </span>
    </p>
   </div>
   <div class='ocr_carea' id='block_1_27' title="bbox 2221 1361 3763 1439">
    <p class='ocr_par' dir='ltr' id='par_1_27' title="bbox 2221 1361 3763 1439">
     <span class='ocr_line' id='line_1_27' title="bbox 2221 1361 3763 1439; baseline -0.004 -17"><span class='ocrx_word' id='word_1_188' title='bbox 2221 1378 2346 1423; x_wconf 90' lang='lat' dir='ltr'><strong>sunt</strong></span> <span class='ocrx_word' id='word_1_189' title='bbox 2367 1367 2458 1439; x_wconf 91' lang='lat' dir='ltr'><strong>qui</strong></span> <span class='ocrx_word' id='word_1_190' title='bbox 2481 1375 2770 1438; x_wconf 79' lang='lat' dir='ltr'><strong>segregant</strong></span> <span class='ocrx_word' id='word_1_191' title='bbox 2825 1366 3169 1434; x_wconf 86' lang='lat' dir='ltr'><strong>semetipsos,</strong></span> <span class='ocrx_word' id='word_1_192' title='bbox 3220 1361 3514 1428; x_wconf 89' lang='lat' dir='ltr'><strong>animales,</strong></span> <span class='ocrx_word' id='word_1_193' title='bbox 3552 1361 3763 1433; x_wconf 86' lang='lat' dir='ltr'><strong>spiritum</strong></span> 
     </span>
    </p>
   </div>
   <div class='ocr_carea' id='block_1_28' title="bbox 2221 1454 3765 1527">
    <p class='ocr_par' dir='ltr' id='par_1_28' title="bbox 2221 1454 3765 1527">
     <span class='ocr_line' id='line_1_28' title="bbox 2221 1454 3765 1527; baseline -0.005 -11"><span class='ocrx_word' id='word_1_194' title='bbox 2221 1475 2327 1516; x_wconf 91' lang='lat' dir='ltr'><strong>non</strong></span> <span class='ocrx_word' id='word_1_195' title='bbox 2374 1460 2657 1516; x_wconf 89' lang='lat' dir='ltr'><strong>habentes.</strong></span> <span class='ocrx_word' id='word_1_196' title='bbox 2706 1457 2813 1513; x_wconf 83' lang='lat' dir='ltr'><strong>Vos</strong></span> <span class='ocrx_word' id='word_1_197' title='bbox 2849 1467 3055 1523; x_wconf 89' lang='lat' dir='ltr'><strong>autem,</strong></span> <span class='ocrx_word' id='word_1_198' title='bbox 3100 1456 3435 1521; x_wconf 83' lang='lat' dir='ltr'><strong>charissimi,</strong></span> <span class='ocrx_word' id='word_1_199' title='bbox 3482 1454 3765 1527; x_wconf 65' lang='lat' dir='ltr'><strong>superadm-</strong></span> 
     </span>
    </p>
   </div>
   <div class='ocr_carea' id='block_1_29' title="bbox 2223 1546 3763 1621">
    <p class='ocr_par' dir='ltr' id='par_1_29' title="bbox 2223 1546 3763 1621">
     <span class='ocr_line' id='line_1_29' title="bbox 2223 1546 3763 1621; baseline -0.005 -14"><span class='ocrx_word' id='word_1_200' title='bbox 2223 1562 2410 1609; x_wconf 90' lang='lat' dir='ltr'><strong>cantes</strong></span> <span class='ocrx_word' id='word_1_201' title='bbox 2471 1552 2831 1621; x_wconf 80' lang='lat' dir='ltr'><strong>vosmetipsos</strong></span> <span class='ocrx_word' id='word_1_202' title='bbox 2891 1548 3252 1605; x_wconf 69' lang='lat' dir='ltr'><strong>sanctissima:</strong></span> <span class='ocrx_word' id='word_1_203' title='bbox 3306 1556 3501 1603; x_wconf 64' lang='lat' dir='ltr'><strong>vestrae</strong></span> <span class='ocrx_word' id='word_1_204' title='bbox 3550 1546 3662 1602; x_wconf 82' lang='lat' dir='ltr'><strong>fidei</strong></span> <span class='ocrx_word' id='word_1_205' title='bbox 3720 1546 3763 1601; x_wconf 87' lang='lat' dir='ltr'><strong>in</strong></span> 
     </span>
    </p>
   </div>
   <div class='ocr_carea' id='block_1_30' title="bbox 2224 1638 3766 1716">
    <p class='ocr_par' dir='ltr' id='par_1_30' title="bbox 2224 1638 3766 1716">
     <span class='ocr_line' id='line_1_30' title="bbox 2224 1638 3766 1716; baseline -0.003 -16"><span class='ocrx_word' id='word_1_206' title='bbox 2224 1644 2433 1716; x_wconf 90' lang='lat' dir='ltr'><strong>Spiritu</strong></span> <span class='ocrx_word' id='word_1_207' title='bbox 2467 1653 2658 1700; x_wconf 87' lang='lat' dir='ltr'><strong>sancto</strong></span> <span class='ocrx_word' id='word_1_208' title='bbox 2684 1651 2903 1699; x_wconf 89' lang='lat' dir='ltr'><strong>orantes</strong></span> <span class='ocrx_word' id='word_1_209' title='bbox 2929 1644 3073 1713; x_wconf 90' lang='lat' dir='ltr'><strong>ipsos</strong></span> <span class='ocrx_word' id='word_1_210' title='bbox 3096 1657 3194 1697; x_wconf 93' lang='lat' dir='ltr'><strong>vos</strong></span> <span class='ocrx_word' id='word_1_211' title='bbox 3264 1642 3318 1696; x_wconf 92' lang='lat' dir='ltr'><strong>in</strong></span> <span class='ocrx_word' id='word_1_212' title='bbox 3376 1639 3647 1695; x_wconf 87' lang='lat' dir='ltr'><strong>dilectione</strong></span> <span class='ocrx_word' id='word_1_213' title='bbox 3690 1638 3766 1695; x_wconf 85' lang='lat' dir='ltr'><strong>Dei</strong></span> 
     </span>
    </p>
   </div>
   <div class='ocr_carea' id='block_1_31' title="bbox 2231 1733 3765 1808">
    <p class='ocr_par' dir='ltr' id='par_1_31' title="bbox 2231 1733 3765 1808">
     <span class='ocr_line' id='line_1_31' title="bbox 2231 1733 3765 1808; baseline -0.005 -14"><span class='ocrx_word' id='word_1_214' title='bbox 2231 1747 2467 1803; x_wconf 87' lang='lat' dir='ltr'><strong>servate,</strong></span> <span class='ocrx_word' id='word_1_215' title='bbox 2518 1746 2897 1808; x_wconf 83' lang='lat' dir='ltr'><strong>exspectantes</strong></span> <span class='ocrx_word' id='word_1_216' title='bbox 2967 1735 3400 1792; x_wconf 85' lang='lat' dir='ltr'><strong>misericordiam</strong></span> <span class='ocrx_word' id='word_1_217' title='bbox 3450 1733 3648 1789; x_wconf 88' lang='lat' dir='ltr'><strong>Domini</strong></span> <span class='ocrx_word' id='word_1_218' title='bbox 3686 1747 3765 1787; x_wconf 90' lang='lat' dir='ltr'><strong>no-</strong></span> 
     </span>
    </p>
   </div>
   <div class='ocr_carea' id='block_1_32' title="bbox 2224 1822 3768 1894">
    <p class='ocr_par' dir='ltr' id='par_1_32' title="bbox 2224 1822 3768 1894">
     <span class='ocr_line' id='line_1_32' title="bbox 2224 1822 3768 1894; baseline -0.005 -9"><span class='ocrx_word' id='word_1_219' title='bbox 2224 1831 2322 1885; x_wconf 88' lang='lat' dir='ltr'><strong>stri</strong></span> <span class='ocrx_word' id='word_1_220' title='bbox 2368 1828 2496 1885; x_wconf 82' lang='lat' dir='ltr'><strong>Jesu</strong></span> <span class='ocrx_word' id='word_1_221' title='bbox 2534 1828 2736 1884; x_wconf 83' lang='lat' dir='ltr'><strong>Christi</strong></span> <span class='ocrx_word' id='word_1_222' title='bbox 2780 1828 2834 1882; x_wconf 92' lang='lat' dir='ltr'><strong>in</strong></span> <span class='ocrx_word' id='word_1_223' title='bbox 2883 1827 3049 1881; x_wconf 90' lang='lat' dir='ltr'><strong>vitam</strong></span> <span class='ocrx_word' id='word_1_224' title='bbox 3070 1835 3354 1881; x_wconf 62' lang='lat' dir='ltr'><strong>internum.</strong></span> <span class='ocrx_word' id='word_1_225' title='bbox 3380 1825 3445 1880; x_wconf 84' lang='lat' dir='ltr'><strong>Et</strong></span> <span class='ocrx_word' id='word_1_226' title='bbox 3468 1823 3563 1879; x_wconf 92' lang='lat' dir='ltr'><strong>hos</strong></span> <span class='ocrx_word' id='word_1_227' title='bbox 3585 1822 3768 1894; x_wconf 85' lang='lat' dir='ltr'><strong>quidem</strong></span> 
     </span>
    </p>
   </div>
   <div class='ocr_carea' id='block_1_33' title="bbox 532 1914 3767 1992">
    <p class='ocr_par' dir='ltr' id='par_1_33' title="bbox 532 1914 3767 1992">
     <span class='ocr_line' id='line_1_33' title="bbox 532 1914 3767 1992; baseline -0.001 -21"><span class='ocrx_word' id='word_1_228' title='bbox 532 1917 761 1987; x_wconf 83' lang='lat' dir='ltr'><strong>lapideis</strong></span> <span class='ocrx_word' id='word_1_229' title='bbox 807 1932 945 1987; x_wconf 91' lang='lat' dir='ltr'><strong>quas</strong></span> <span class='ocrx_word' id='word_1_230' title='bbox 989 1916 1160 1990; x_wconf 84' lang='lat' dir='ltr'><strong>Moysi</strong></span> <span class='ocrx_word' id='word_1_231' title='bbox 1191 1917 1359 1984; x_wconf 89' lang='lat' dir='ltr'><strong>dedit,</strong></span> <span class='ocrx_word' id='word_1_232' title='bbox 1405 1918 1623 1989; x_wconf 88' lang='lat' dir='ltr'><strong>propria</strong></span> <span class='ocrx_word' id='word_1_233' title='bbox 1670 1932 1830 1972; x_wconf 89' lang='lat' dir='ltr'><strong>manu</strong></span> <span class='ocrx_word' id='word_1_234' title='bbox 1880 1917 2119 1986; x_wconf 86' lang='lat' dir='ltr'><strong>scripsit,</strong></span> <span class='ocrx_word' id='word_1_235' title='bbox 2150 1929 2196 1990; x_wconf 71' lang='grc' dir='ltr'><strong>Β</strong></span> <span class='ocrx_word' id='word_1_236' title='bbox 2224 1921 2433 1992; x_wconf 76' lang='lat' dir='ltr'><strong>arguite</strong></span> <span class='ocrx_word' id='word_1_237' title='bbox 2454 1919 2753 1989; x_wconf 87' lang='lat' dir='ltr'><strong>judicatos,</strong></span> <span class='ocrx_word' id='word_1_238' title='bbox 2797 1917 2919 1973; x_wconf 88' lang='lat' dir='ltr'><strong>illos</strong></span> <span class='ocrx_word' id='word_1_239' title='bbox 2958 1932 3085 1974; x_wconf 90' lang='lat' dir='ltr'><strong>vero</strong></span> <span class='ocrx_word' id='word_1_240' title='bbox 3106 1916 3313 1973; x_wconf 88' lang='lat' dir='ltr'><strong>salvate</strong></span> <span class='ocrx_word' id='word_1_241' title='bbox 3349 1916 3417 1971; x_wconf 91' lang='lat' dir='ltr'><strong>de</strong></span> <span class='ocrx_word' id='word_1_242' title='bbox 3447 1917 3563 1987; x_wconf 77' lang='lat' dir='ltr'><strong>igne</strong></span> <span class='ocrx_word' id='word_1_243' title='bbox 3587 1914 3767 1985; x_wconf 89' lang='lat' dir='ltr'><strong>rapien-</strong></span> 
     </span>
    </p>
   </div>
   <div class='ocr_carea' id='block_1_34' title="bbox 532 2005 2121 2063">
    <p class='ocr_par' dir='ltr' id='par_1_34' title="bbox 532 2005 2121 2063">
     <span class='ocr_line' id='line_1_34' title="bbox 532 2005 2121 2063; baseline 0 -2"><span class='ocrx_word' id='word_1_244' title='bbox 532 2007 739 2062; x_wconf 89' lang='lat' dir='ltr'><strong>dicens.</strong></span> <span class='ocrx_word' id='word_1_245' title='bbox 806 2024 826 2059; x_wconf 82' lang='grc' dir='ltr'><strong>ι</strong></span> <span class='ocrx_word' id='word_1_246' title='bbox 864 2006 998 2062; x_wconf 80' lang='lat' dir='ltr'><strong>Vide</strong></span> <span class='ocrx_word' id='word_1_247' title='bbox 1022 2022 1092 2061; x_wconf 92' lang='lat' dir='ltr'><strong>ne</strong></span> <span class='ocrx_word' id='word_1_248' title='bbox 1112 2022 1359 2063; x_wconf 86' lang='lat' dir='ltr'><strong>assumas</strong></span> <span class='ocrx_word' id='word_1_249' title='bbox 1392 2022 1588 2062; x_wconf 89' lang='lat' dir='ltr'><strong>nomen</strong></span> <span class='ocrx_word' id='word_1_250' title='bbox 1612 2006 1705 2062; x_wconf 91' lang='lat' dir='ltr'><strong>Dei</strong></span> <span class='ocrx_word' id='word_1_251' title='bbox 1738 2005 1815 2060; x_wconf 90' lang='lat' dir='ltr'><strong>tui</strong></span> <span class='ocrx_word' id='word_1_252' title='bbox 1843 2005 1898 2061; x_wconf 92' lang='lat' dir='ltr'><strong>in</strong></span> <span class='ocrx_word' id='word_1_253' title='bbox 1923 2021 2121 2061; x_wconf 89' lang='lat' dir='ltr'><strong>vanum</strong></span> 
     </span>
    </p>
   </div>
   <div class='ocr_carea' id='block_1_35' title="bbox 534 2096 2123 2169">
    <p class='ocr_par' dir='ltr' id='par_1_35' title="bbox 534 2096 2123 2169">
     <span class='ocr_line' id='line_1_35' title="bbox 534 2096 2123 2169; baseline 0 -17"><span class='ocrx_word' id='word_1_254' title='bbox 534 2097 735 2169; x_wconf 71' lang='lat' dir='ltr'><strong>(Exod.</strong></span> <span class='ocrx_word' id='word_1_255' title='bbox 785 2113 881 2165; x_wconf 82' lang='lat' dir='ltr'><strong>xx,</strong></span> <span class='ocrx_word' id='word_1_256' title='bbox 916 2098 998 2169; x_wconf 88' lang='lat'><strong>7),</strong></span> <span class='ocrx_word' id='word_1_257' title='bbox 1036 2116 1053 2150; x_wconf 83' lang='grc' dir='ltr'><strong>ι</strong></span> <span class='ocrx_word' id='word_1_258' title='bbox 1088 2106 1145 2153; x_wconf 90' lang='lat' dir='ltr'><strong>et</strong></span> <span class='ocrx_word' id='word_1_259' title='bbox 1190 2097 1420 2168; x_wconf 87' lang='lat' dir='ltr'><strong>reliqua.</strong></span> <span class='ocrx_word' id='word_1_260' title='bbox 1465 2097 1575 2153; x_wconf 84' lang='lat' dir='ltr'><strong>Nos</strong></span> <span class='ocrx_word' id='word_1_261' title='bbox 1612 2108 1793 2153; x_wconf 91' lang='lat' dir='ltr'><strong>autem</strong></span> <span class='ocrx_word' id='word_1_262' title='bbox 1840 2097 1924 2169; x_wconf 93' lang='lat' dir='ltr'><strong>(ut</strong></span> <span class='ocrx_word' id='word_1_263' title='bbox 1964 2096 2123 2168; x_wconf 90' lang='lat' dir='ltr'><strong>paulo</strong></span> 
     </span>
    </p>
   </div>
   <div class='ocr_carea' id='block_1_36' title="bbox 533 2188 2124 2262">
    <p class='ocr_par' dir='ltr' id='par_1_36' title="bbox 533 2188 2124 2262">
     <span class='ocr_line' id='line_1_36' title="bbox 533 2188 2124 2262; baseline -0.003 -15"><span class='ocrx_word' id='word_1_264' title='bbox 533 2192 786 2262; x_wconf 87' lang='lat' dir='ltr'><strong>superius</strong></span> <span class='ocrx_word' id='word_1_265' title='bbox 815 2189 1240 2262; x_wconf 65' lang='lat' dir='ltr'><strong>praelibavimus)</strong></span> <span class='ocrx_word' id='word_1_266' title='bbox 1271 2198 1674 2245; x_wconf 89' lang='lat' dir='ltr'><strong>sacramentum</strong></span> <span class='ocrx_word' id='word_1_267' title='bbox 1716 2188 1987 2260; x_wconf 90' lang='lat' dir='ltr'><strong>episcopis</strong></span> <span class='ocrx_word' id='word_1_268' title='bbox 2030 2203 2124 2243; x_wconf 83' lang='lat' dir='ltr'><strong>ne-</strong></span> 
     </span>
    </p>
   </div>
   <div class='ocr_carea' id='block_1_37' title="bbox 533 2278 2123 2349">
    <p class='ocr_par' dir='ltr' id='par_1_37' title="bbox 533 2278 2123 2349">
     <span class='ocr_line' id='line_1_37' title="bbox 533 2278 2123 2349; baseline -0.004 -12"><span class='ocrx_word' id='word_1_269' title='bbox 533 2282 739 2338; x_wconf 89' lang='lat' dir='ltr'><strong>scimus</strong></span> <span class='ocrx_word' id='word_1_270' title='bbox 764 2281 1027 2346; x_wconf 89' lang='lat' dir='ltr'><strong>oblatum,</strong></span> <span class='ocrx_word' id='word_1_271' title='bbox 1071 2294 1171 2335; x_wconf 85' lang='lat' dir='ltr'><strong>nec</strong></span> <span class='ocrx_word' id='word_1_272' title='bbox 1201 2294 1439 2349; x_wconf 89' lang='lat' dir='ltr'><strong>unquam</strong></span> <span class='ocrx_word' id='word_1_273' title='bbox 1488 2279 1603 2334; x_wconf 85' lang='lat' dir='ltr'><strong>fieri</strong></span> <span class='ocrx_word' id='word_1_274' title='bbox 1639 2280 1821 2345; x_wconf 86' lang='lat' dir='ltr'><strong>debet,</strong></span> <span class='ocrx_word' id='word_1_275' title='bbox 1866 2278 2123 2349; x_wconf 87' lang='lat' dir='ltr'><strong>quoniam</strong></span> 
     </span>
    </p>
   </div>
   <div class='ocr_carea' id='block_1_38' title="bbox 534 2371 2124 2446">
    <p class='ocr_par' dir='ltr' id='par_1_38' title="bbox 534 2371 2124 2446">
     <span class='ocr_line' id='line_1_38' title="bbox 534 2371 2124 2446; baseline -0.002 -18"><span class='ocrx_word' id='word_1_276' title='bbox 534 2376 619 2446; x_wconf 80' lang='lat' dir='ltr'><strong>(ut</strong></span> <span class='ocrx_word' id='word_1_277' title='bbox 660 2388 824 2444; x_wconf 90' lang='lat' dir='ltr'><strong>supra</strong></span> <span class='ocrx_word' id='word_1_278' title='bbox 866 2381 1227 2428; x_wconf 90' lang='lat' dir='ltr'><strong>memoratum</strong></span> <span class='ocrx_word' id='word_1_279' title='bbox 1269 2371 1374 2436; x_wconf 88' lang='lat' dir='ltr'><strong>est)</strong></span> <span class='ocrx_word' id='word_1_280' title='bbox 1403 2382 1734 2442; x_wconf 72' lang='lat' dir='ltr'><strong>praeceptum</strong></span> <span class='ocrx_word' id='word_1_281' title='bbox 1773 2380 1857 2427; x_wconf 90' lang='lat' dir='ltr'><strong>est</strong></span> <span class='ocrx_word' id='word_1_282' title='bbox 1897 2371 2056 2426; x_wconf 91' lang='lat' dir='ltr'><strong>nobis</strong></span> <span class='ocrx_word' id='word_1_283' title='bbox 2091 2385 2124 2425; x_wconf 89' lang='lat' dir='ltr'><strong>a</strong></span> 
     </span>
    </p>
   </div>
   <div class='ocr_carea' id='block_1_39' title="bbox 538 2462 2126 2536">
    <p class='ocr_par' dir='ltr' id='par_1_39' title="bbox 538 2462 2126 2536">
     <span class='ocr_line' id='line_1_39' title="bbox 538 2462 2126 2536; baseline -0.002 -15"><span class='ocrx_word' id='word_1_284' title='bbox 538 2466 769 2521; x_wconf 88' lang='lat' dir='ltr'><strong>Domino</strong></span> <span class='ocrx_word' id='word_1_285' title='bbox 824 2481 929 2520; x_wconf 92' lang='lat' dir='ltr'><strong>non</strong></span> <span class='ocrx_word' id='word_1_286' title='bbox 968 2463 1298 2534; x_wconf 89' lang='lat' dir='ltr'><strong>jurandum,</strong></span> <span class='ocrx_word' id='word_1_287' title='bbox 1343 2479 1519 2536; x_wconf 90' lang='lat' dir='ltr'><strong>neque</strong></span> <span class='ocrx_word' id='word_1_288' title='bbox 1563 2480 1662 2535; x_wconf 91' lang='lat' dir='ltr'><strong>per</strong></span> <span class='ocrx_word' id='word_1_289' title='bbox 1704 2464 1936 2530; x_wconf 77' lang='lat' dir='ltr'><strong>ctelum,</strong></span> <span class='ocrx_word' id='word_1_290' title='bbox 1998 2462 2126 2533; x_wconf 87' lang='lat' dir='ltr'><strong>quia</strong></span> 
     </span>
    </p>
   </div>
   <div class='ocr_carea' id='block_1_40' title="bbox 545 2554 2125 2627">
    <p class='ocr_par' dir='ltr' id='par_1_40' title="bbox 545 2554 2125 2627">
     <span class='ocr_line' id='line_1_40' title="bbox 545 2554 2125 2627; baseline -0.003 -15"><span class='ocrx_word' id='word_1_291' title='bbox 545 2556 773 2611; x_wconf 88' lang='lat' dir='ltr'><strong>thronus</strong></span> <span class='ocrx_word' id='word_1_292' title='bbox 798 2555 891 2609; x_wconf 88' lang='lat' dir='ltr'><strong>Dei</strong></span> <span class='ocrx_word' id='word_1_293' title='bbox 920 2561 1023 2620; x_wconf 89' lang='lat' dir='ltr'><strong>est,</strong></span> <span class='ocrx_word' id='word_1_294' title='bbox 1055 2570 1231 2625; x_wconf 90' lang='lat' dir='ltr'><strong>neque</strong></span> <span class='ocrx_word' id='word_1_295' title='bbox 1272 2570 1373 2627; x_wconf 88' lang='lat' dir='ltr'><strong>per</strong></span> <span class='ocrx_word' id='word_1_296' title='bbox 1413 2564 1639 2620; x_wconf 92' lang='lat' dir='ltr'><strong>terram,</strong></span> <span class='ocrx_word' id='word_1_297' title='bbox 1680 2556 1807 2626; x_wconf 91' lang='lat' dir='ltr'><strong>quia</strong></span> <span class='ocrx_word' id='word_1_298' title='bbox 1829 2554 2125 2610; x_wconf 91' lang='lat' dir='ltr'><strong>scabellum</strong></span> 
     </span>
    </p>
   </div>
   <div class='ocr_carea' id='block_1_41' title="bbox 536 2644 2127 2718">
    <p class='ocr_par' dir='ltr' id='par_1_41' title="bbox 536 2644 2127 2718">
     <span class='ocr_line' id='line_1_41' title="bbox 536 2644 2127 2718; baseline -0.001 -17"><span class='ocrx_word' id='word_1_299' title='bbox 536 2657 622 2703; x_wconf 90' lang='lat' dir='ltr'><strong>est</strong></span> <span class='ocrx_word' id='word_1_300' title='bbox 650 2646 845 2718; x_wconf 90' lang='lat' dir='ltr'><strong>pedum</strong></span> <span class='ocrx_word' id='word_1_301' title='bbox 875 2644 1015 2715; x_wconf 82' lang='lat' dir='ltr'><strong>ejus,</strong></span> <span class='ocrx_word' id='word_1_302' title='bbox 1046 2661 1222 2717; x_wconf 89' lang='lat' dir='ltr'><strong>neque</strong></span> <span class='ocrx_word' id='word_1_303' title='bbox 1250 2662 1349 2718; x_wconf 91' lang='lat' dir='ltr'><strong>per</strong></span> <span class='ocrx_word' id='word_1_304' title='bbox 1371 2654 1536 2717; x_wconf 91' lang='lat' dir='ltr'><strong>caput</strong></span> <span class='ocrx_word' id='word_1_305' title='bbox 1572 2661 1755 2713; x_wconf 91' lang='lat' dir='ltr'><strong>suum,</strong></span> <span class='ocrx_word' id='word_1_306' title='bbox 1782 2646 1911 2717; x_wconf 89' lang='lat' dir='ltr'><strong>quia</strong></span> <span class='ocrx_word' id='word_1_307' title='bbox 1943 2645 2127 2700; x_wconf 90' lang='lat' dir='ltr'><strong>nullus</strong></span> 
     </span>
    </p>
   </div>
   <div class='ocr_carea' id='block_1_42' title="bbox 532 2738 2125 2811">
    <p class='ocr_par' dir='ltr' id='par_1_42' title="bbox 532 2738 2125 2811">
     <span class='ocr_line' id='line_1_42' title="bbox 532 2738 2125 2811; baseline -0.001 -16"><span class='ocrx_word' id='word_1_308' title='bbox 532 2748 714 2811; x_wconf 88' lang='lat' dir='ltr'><strong>potest</strong></span> <span class='ocrx_word' id='word_1_309' title='bbox 766 2755 932 2795; x_wconf 87' lang='lat' dir='ltr'><strong>unum</strong></span> <span class='ocrx_word' id='word_1_310' title='bbox 978 2738 1230 2809; x_wconf 86' lang='lat' dir='ltr'><strong>capillum</strong></span> <span class='ocrx_word' id='word_1_311' title='bbox 1282 2754 1490 2796; x_wconf 89' lang='lat' dir='ltr'><strong>creare.</strong></span> <span class='ocrx_word' id='word_1_312' title='bbox 1547 2739 1930 2811; x_wconf 85' lang='lat' dir='ltr'><strong>Unusquisque</strong></span> <span class='ocrx_word' id='word_1_313' title='bbox 1981 2741 2125 2795; x_wconf 89' lang='lat' dir='ltr'><strong>enim</strong></span> 
     </span>
    </p>
   </div>
   <div class='ocr_carea' id='block_1_43' title="bbox 534 2830 2129 2904">
    <p class='ocr_par' dir='ltr' id='par_1_43' title="bbox 534 2830 2129 2904">
     <span class='ocr_line' id='line_1_43' title="bbox 534 2830 2129 2904; baseline -0.001 -16"><span class='ocrx_word' id='word_1_314' title='bbox 534 2834 677 2889; x_wconf 85' lang='lat' dir='ltr'><strong>sicut</strong></span> <span class='ocrx_word' id='word_1_315' title='bbox 701 2839 829 2887; x_wconf 91' lang='lat' dir='ltr'><strong>ante</strong></span> <span class='ocrx_word' id='word_1_316' title='bbox 853 2830 1023 2888; x_wconf 88' lang='lat' dir='ltr'><strong>altare</strong></span> <span class='ocrx_word' id='word_1_317' title='bbox 1044 2840 1196 2888; x_wconf 90' lang='lat' dir='ltr'><strong>stans</strong></span> <span class='ocrx_word' id='word_1_318' title='bbox 1225 2831 1321 2887; x_wconf 90' lang='lat' dir='ltr'><strong>Dei</strong></span> <span class='ocrx_word' id='word_1_319' title='bbox 1351 2832 1603 2889; x_wconf 85' lang='lat' dir='ltr'><strong>timorem</strong></span> <span class='ocrx_word' id='word_1_320' title='bbox 1634 2833 1801 2888; x_wconf 89' lang='lat' dir='ltr'><strong>habet</strong></span> <span class='ocrx_word' id='word_1_321' title='bbox 1822 2847 1933 2904; x_wconf 71' lang='lat' dir='ltr'><strong>pra:</strong></span> <span class='ocrx_word' id='word_1_322' title='bbox 1954 2831 2129 2888; x_wconf 89' lang='lat' dir='ltr'><strong>oculis</strong></span> 
     </span>
    </p>
   </div>
   <div class='ocr_carea' id='block_1_44' title="bbox 539 2914 2127 2999">
    <p class='ocr_par' dir='ltr' id='par_1_44' title="bbox 539 2914 2127 2999">
     <span class='ocr_line' id='line_1_44' title="bbox 539 2914 2127 2999; baseline 0.001 -19"><span class='ocrx_word' id='word_1_323' title='bbox 539 2935 595 2981; x_wconf 91' lang='lat' dir='ltr'><strong>et</strong></span> <span class='ocrx_word' id='word_1_324' title='bbox 644 2914 1378 2999; x_wconf 54' lang='lat' dir='ltr'><strong>propriam.&#39;conscientiam</strong></span> <span class='ocrx_word' id='word_1_325' title='bbox 1439 2928 1697 2983; x_wconf 89' lang='lat' dir='ltr'><strong>mundam</strong></span> <span class='ocrx_word' id='word_1_326' title='bbox 1769 2936 1953 2983; x_wconf 86' lang='lat' dir='ltr'><strong>servat</strong></span> <span class='ocrx_word' id='word_1_327' title='bbox 1993 2928 2127 2994; x_wconf 90' lang='lat' dir='ltr'><strong>Deo,</strong></span> 
     </span>
    </p>
   </div>
   <div class='ocr_carea' id='block_1_45' title="bbox 534 3019 2129 3089">
    <p class='ocr_par' dir='ltr' id='par_1_45' title="bbox 534 3019 2129 3089">
     <span class='ocr_line' id='line_1_45' title="bbox 534 3019 2129 3089; baseline 0.001 -17"><span class='ocrx_word' id='word_1_328' title='bbox 534 3019 681 3089; x_wconf 86' lang='lat' dir='ltr'><strong>quod</strong></span> <span class='ocrx_word' id='word_1_329' title='bbox 710 3021 765 3075; x_wconf 91' lang='lat' dir='ltr'><strong>in</strong></span> <span class='ocrx_word' id='word_1_330' title='bbox 796 3022 1113 3077; x_wconf 88' lang='lat' dir='ltr'><strong>memoriam</strong></span> <span class='ocrx_word' id='word_1_331' title='bbox 1140 3021 1360 3089; x_wconf 86' lang='lat' dir='ltr'><strong>retinet,</strong></span> <span class='ocrx_word' id='word_1_332' title='bbox 1395 3021 1708 3077; x_wconf 87' lang='lat' dir='ltr'><strong>nullatenus</strong></span> <span class='ocrx_word' id='word_1_333' title='bbox 1749 3022 1916 3077; x_wconf 85' lang='lat' dir='ltr'><strong>habet</strong></span> <span class='ocrx_word' id='word_1_334' title='bbox 1956 3022 2129 3076; x_wconf 90' lang='lat' dir='ltr'><strong>inter-</strong></span> 
     </span>
    </p>
   </div>
   <div class='ocr_carea' id='block_1_46' title="bbox 528 3111 2127 3184">
    <p class='ocr_par' dir='ltr' id='par_1_46' title="bbox 528 3111 2127 3184">
     <span class='ocr_line' id='line_1_46' title="bbox 528 3111 2127 3184; baseline 0.001 -18"><span class='ocrx_word' id='word_1_335' title='bbox 528 3111 776 3179; x_wconf 79' lang='lat' dir='ltr'><strong>mittere,</strong></span> <span class='ocrx_word' id='word_1_336' title='bbox 808 3112 1065 3183; x_wconf 87' lang='lat' dir='ltr'><strong>quoniam</strong></span> <span class='ocrx_word' id='word_1_337' title='bbox 1088 3128 1151 3169; x_wconf 94' lang='lat' dir='ltr'><strong>os</strong></span> <span class='ocrx_word' id='word_1_338' title='bbox 1177 3112 1323 3184; x_wconf 93' lang='lat' dir='ltr'><strong>quod</strong></span> <span class='ocrx_word' id='word_1_339' title='bbox 1353 3113 1613 3169; x_wconf 88' lang='lat' dir='ltr'><strong>mentitur</strong></span> <span class='ocrx_word' id='word_1_340' title='bbox 1634 3112 1835 3170; x_wconf 91' lang='lat' dir='ltr'><strong>occidit</strong></span> <span class='ocrx_word' id='word_1_341' title='bbox 1864 3113 2127 3168; x_wconf 89' lang='lat' dir='ltr'><strong>animam.</strong></span> 
     </span>
    </p>
   </div>
   <div class='ocr_carea' id='block_1_47' title="bbox 535 3202 2127 3275">
    <p class='ocr_par' dir='ltr' id='par_1_47' title="bbox 535 3202 2127 3275">
     <span class='ocr_line' id='line_1_47' title="bbox 535 3202 2127 3275; baseline 0.001 -18"><span class='ocrx_word' id='word_1_342' title='bbox 535 3202 615 3258; x_wconf 86' lang='lat' dir='ltr'><strong>.Et</strong></span> <span class='ocrx_word' id='word_1_343' title='bbox 643 3202 931 3274; x_wconf 85' lang='lat' dir='ltr'><strong>Apostolus</strong></span> <span class='ocrx_word' id='word_1_344' title='bbox 956 3204 1035 3260; x_wconf 85' lang='lat' dir='ltr'><strong>ait</strong></span> <span class='ocrx_word' id='word_1_345' title='bbox 1075 3222 1088 3258; x_wconf 91' lang='lat'>:</span> <span class='ocrx_word' id='word_1_346' title='bbox 1125 3222 1145 3256; x_wconf 85' lang='grc' dir='ltr'><strong>ι</strong></span> <span class='ocrx_word' id='word_1_347' title='bbox 1187 3203 1496 3275; x_wconf 88' lang='lat' dir='ltr'><strong>Loquimini</strong></span> <span class='ocrx_word' id='word_1_348' title='bbox 1523 3203 1806 3261; x_wconf 90' lang='lat' dir='ltr'><strong>veritatem</strong></span> <span class='ocrx_word' id='word_1_349' title='bbox 1834 3204 2127 3274; x_wconf 89' lang='lat' dir='ltr'><strong>unusquis-</strong></span> 
     </span>
    </p>
   </div>
   <div class='ocr_carea' id='block_1_48' title="bbox 2225 2006 3768 2073">
    <p class='ocr_par' dir='ltr' id='par_1_48' title="bbox 2225 2006 3768 2073">
     <span class='ocr_line' id='line_1_48' title="bbox 2225 2006 3768 2073; baseline -0.005 -6"><span class='ocrx_word' id='word_1_350' title='bbox 2225 2020 2327 2067; x_wconf 89' lang='lat' dir='ltr'><strong>tes.</strong></span> <span class='ocrx_word' id='word_1_351' title='bbox 2373 2011 2508 2066; x_wconf 79' lang='lat' dir='ltr'><strong>Aliis</strong></span> <span class='ocrx_word' id='word_1_352' title='bbox 2558 2017 2741 2064; x_wconf 89' lang='lat' dir='ltr'><strong>autem</strong></span> <span class='ocrx_word' id='word_1_353' title='bbox 2788 2007 3124 2064; x_wconf 87' lang='lat' dir='ltr'><strong>miseremini</strong></span> <span class='ocrx_word' id='word_1_354' title='bbox 3171 2008 3225 2062; x_wconf 90' lang='lat' dir='ltr'><strong>in</strong></span> <span class='ocrx_word' id='word_1_355' title='bbox 3286 2007 3509 2073; x_wconf 85' lang='lat' dir='ltr'><strong>timore,</strong></span> <span class='ocrx_word' id='word_1_356' title='bbox 3557 2006 3768 2061; x_wconf 84' lang='lat' dir='ltr'><strong>odientes</strong></span> 
     </span>
    </p>
   </div>
   <div class='ocr_carea' id='block_1_49' title="bbox 2223 2096 3769 2174">
    <p class='ocr_par' dir='ltr' id='par_1_49' title="bbox 2223 2096 3769 2174">
     <span class='ocr_line' id='line_1_49' title="bbox 2223 2096 3769 2174; baseline -0.006 -14"><span class='ocrx_word' id='word_1_357' title='bbox 2223 2120 2344 2161; x_wconf 91' lang='lat' dir='ltr'><strong>eam</strong></span> <span class='ocrx_word' id='word_1_358' title='bbox 2384 2119 2504 2174; x_wconf 73' lang='lat' dir='ltr'><strong>qua:</strong></span> <span class='ocrx_word' id='word_1_359' title='bbox 2529 2102 2767 2158; x_wconf 87' lang='lat' dir='ltr'><strong>carnalis</strong></span> <span class='ocrx_word' id='word_1_360' title='bbox 2810 2110 2895 2156; x_wconf 90' lang='lat' dir='ltr'><strong>est</strong></span> <span class='ocrx_word' id='word_1_361' title='bbox 2936 2100 3266 2156; x_wconf 89' lang='lat' dir='ltr'><strong>maculatam</strong></span> <span class='ocrx_word' id='word_1_362' title='bbox 3313 2100 3566 2156; x_wconf 89' lang='lat' dir='ltr'><strong>tunicam.</strong></span> <span class='ocrx_word' id='word_1_363' title='bbox 3611 2096 3769 2152; x_wconf 81' lang='lat' dir='ltr'><strong>Nullus</strong></span> 
     </span>
    </p>
   </div>
   <div class='ocr_carea' id='block_1_50' title="bbox 2223 2187 3771 2250">
    <p class='ocr_par' dir='ltr' id='par_1_50' title="bbox 2223 2187 3771 2250">
     <span class='ocr_line' id='line_1_50' title="bbox 2223 2187 3771 2250; baseline -0.007 0"><span class='ocrx_word' id='word_1_364' title='bbox 2223 2196 2370 2250; x_wconf 90' lang='lat' dir='ltr'><strong>enim</strong></span> <span class='ocrx_word' id='word_1_365' title='bbox 2411 2192 2753 2249; x_wconf 88' lang='lat' dir='ltr'><strong>sacerdotum</strong></span> <span class='ocrx_word' id='word_1_366' title='bbox 2800 2206 3022 2246; x_wconf 89' lang='lat' dir='ltr'><strong>causam</strong></span> <span class='ocrx_word' id='word_1_367' title='bbox 3073 2206 3229 2245; x_wconf 90' lang='lat' dir='ltr'><strong>suam</strong></span> <span class='ocrx_word' id='word_1_368' title='bbox 3279 2190 3455 2246; x_wconf 91' lang='lat' dir='ltr'><strong>alieno</strong></span> <span class='ocrx_word' id='word_1_369' title='bbox 3509 2187 3771 2244; x_wconf 77' lang='lat' dir='ltr'><strong>committat</strong></span> 
     </span>
    </p>
   </div>
   <div class='ocr_carea' id='block_1_51' title="bbox 2222 2275 3767 2354">
    <p class='ocr_par' dir='ltr' id='par_1_51' title="bbox 2222 2275 3767 2354">
     <span class='ocr_line' id='line_1_51' title="bbox 2222 2275 3767 2354; baseline -0.006 -14"><span class='ocrx_word' id='word_1_370' title='bbox 2222 2284 2453 2354; x_wconf 81' lang='lat' dir='ltr'><strong>judicio,</strong></span> <span class='ocrx_word' id='word_1_371' title='bbox 2488 2283 2593 2338; x_wconf 89' lang='lat' dir='ltr'><strong>nisi</strong></span> <span class='ocrx_word' id='word_1_372' title='bbox 2641 2282 2710 2336; x_wconf 91' lang='lat' dir='ltr'><strong>ad</strong></span> <span class='ocrx_word' id='word_1_373' title='bbox 2740 2282 2925 2336; x_wconf 91' lang='lat' dir='ltr'><strong>sedem</strong></span> <span class='ocrx_word' id='word_1_374' title='bbox 2965 2280 3322 2352; x_wconf 82' lang='lat' dir='ltr'><strong>apostolicam</strong></span> <span class='ocrx_word' id='word_1_375' title='bbox 3363 2278 3525 2334; x_wconf 89' lang='lat' dir='ltr'><strong>fuerit</strong></span> <span class='ocrx_word' id='word_1_376' title='bbox 3568 2275 3767 2347; x_wconf 82' lang='lat' dir='ltr'><strong>appella-</strong></span> 
     </span>
    </p>
   </div>
   <div class='ocr_carea' id='block_1_52' title="bbox 2227 2368 3770 2443">
    <p class='ocr_par' dir='ltr' id='par_1_52' title="bbox 2227 2368 3770 2443">
     <span class='ocr_line' id='line_1_52' title="bbox 2227 2368 3770 2443; baseline -0.01 -9"><span class='ocrx_word' id='word_1_377' title='bbox 2227 2391 2372 2443; x_wconf 90' lang='lat' dir='ltr'><strong>tum,</strong></span> <span class='ocrx_word' id='word_1_378' title='bbox 2415 2376 2510 2432; x_wconf 90' lang='lat' dir='ltr'><strong>sed</strong></span> <span class='ocrx_word' id='word_1_379' title='bbox 2553 2373 2925 2443; x_wconf 86' lang='lat' dir='ltr'><strong>unusquisque</strong></span> <span class='ocrx_word' id='word_1_380' title='bbox 2973 2371 3464 2442; x_wconf 89' lang='lat' dir='ltr'><strong>comprovinciales</strong></span> <span class='ocrx_word' id='word_1_381' title='bbox 3504 2368 3697 2439; x_wconf 88' lang='lat' dir='ltr'><strong>judices</strong></span> <span class='ocrx_word' id='word_1_382' title='bbox 3724 2374 3770 2419; x_wconf 89' lang='lat' dir='ltr'><strong>et</strong></span> 
     </span>
    </p>
   </div>
   <div class='ocr_carea' id='block_1_53' title="bbox 2228 2459 3769 2535">
    <p class='ocr_par' dir='ltr' id='par_1_53' title="bbox 2228 2459 3769 2535">
     <span class='ocr_line' id='line_1_53' title="bbox 2228 2459 3769 2535; baseline -0.007 -11"><span class='ocrx_word' id='word_1_383' title='bbox 2228 2480 2385 2524; x_wconf 89' lang='lat' dir='ltr'><strong>notos</strong></span> <span class='ocrx_word' id='word_1_384' title='bbox 2419 2468 2634 2533; x_wconf 89' lang='lat' dir='ltr'><strong>habeat,</strong></span> <span class='ocrx_word' id='word_1_385' title='bbox 2677 2466 2782 2521; x_wconf 90' lang='lat' dir='ltr'><strong>nisi</strong></span> <span class='ocrx_word' id='word_1_386' title='bbox 2830 2465 3067 2535; x_wconf 86' lang='lat' dir='ltr'><strong>aliquam</strong></span> <span class='ocrx_word' id='word_1_387' title='bbox 3101 2466 3212 2519; x_wconf 92' lang='lat' dir='ltr'><strong>vim</strong></span> <span class='ocrx_word' id='word_1_388' title='bbox 3246 2459 3769 2521; x_wconf 65' lang='lat' dir='ltr'><strong>temerariremultitu-</strong></span> 
     </span>
    </p>
   </div>
   <div class='ocr_carea' id='block_1_54' title="bbox 2229 2550 3768 2628">
    <p class='ocr_par' dir='ltr' id='par_1_54' title="bbox 2229 2550 3768 2628">
     <span class='ocr_line' id='line_1_54' title="bbox 2229 2550 3768 2628; baseline -0.009 -10"><span class='ocrx_word' id='word_1_389' title='bbox 2229 2562 2368 2618; x_wconf 78' lang='lat' dir='ltr'><strong>diuis</strong></span> <span class='ocrx_word' id='word_1_390' title='bbox 2408 2561 2516 2617; x_wconf 89' lang='lat' dir='ltr'><strong>illic</strong></span> <span class='ocrx_word' id='word_1_391' title='bbox 2540 2561 2802 2627; x_wconf 90' lang='lat' dir='ltr'><strong>timuerit,</strong></span> <span class='ocrx_word' id='word_1_392' title='bbox 2830 2568 2924 2614; x_wconf 92' lang='lat' dir='ltr'><strong>aut</strong></span> <span class='ocrx_word' id='word_1_393' title='bbox 2963 2559 3213 2625; x_wconf 90' lang='lat' dir='ltr'><strong>infestos,</strong></span> <span class='ocrx_word' id='word_1_394' title='bbox 3245 2568 3340 2613; x_wconf 88' lang='lat' dir='ltr'><strong>aut</strong></span> <span class='ocrx_word' id='word_1_395' title='bbox 3370 2563 3638 2628; x_wconf 87' lang='lat' dir='ltr'><strong>suspectos</strong></span> <span class='ocrx_word' id='word_1_396' title='bbox 3662 2550 3768 2607; x_wconf 89' lang='lat' dir='ltr'><strong>inihi</strong></span> 
     </span>
    </p>
   </div>
   <div class='ocr_carea' id='block_1_55' title="bbox 2222 2647 3768 2729">
    <p class='ocr_par' dir='ltr' id='par_1_55' title="bbox 2222 2647 3768 2729">
     <span class='ocr_line' id='line_1_55' title="bbox 2222 2647 3768 2729; baseline -0.009 -15"><span class='ocrx_word' id='word_1_397' title='bbox 2222 2657 2434 2727; x_wconf 87' lang='lat' dir='ltr'><strong>judices</strong></span> <span class='ocrx_word' id='word_1_398' title='bbox 2489 2658 2772 2723; x_wconf 87' lang='lat' dir='ltr'><strong>habuerit,</strong></span> <span class='ocrx_word' id='word_1_399' title='bbox 2829 2672 2929 2729; x_wconf 90' lang='lat' dir='ltr'><strong>pro</strong></span> <span class='ocrx_word' id='word_1_400' title='bbox 2987 2655 3185 2726; x_wconf 90' lang='lat' dir='ltr'><strong>quibus</strong></span> <span class='ocrx_word' id='word_1_401' title='bbox 3246 2654 3427 2710; x_wconf 84' lang='lat' dir='ltr'><strong>causis</strong></span> <span class='ocrx_word' id='word_1_402' title='bbox 3477 2653 3542 2708; x_wconf 90' lang='lat' dir='ltr'><strong>ad</strong></span> <span class='ocrx_word' id='word_1_403' title='bbox 3585 2647 3768 2719; x_wconf 78' lang='lat' dir='ltr'><strong>majori:</strong></span> 
     </span>
    </p>
   </div>
   <div class='ocr_carea' id='block_1_56' title="bbox 2230 2736 3769 2819">
    <p class='ocr_par' dir='ltr' id='par_1_56' title="bbox 2230 2736 3769 2819">
     <span class='ocr_line' id='line_1_56' title="bbox 2230 2736 3769 2819; baseline -0.005 -16"><span class='ocrx_word' id='word_1_404' title='bbox 2230 2748 2570 2803; x_wconf 85' lang='lat' dir='ltr'><strong>auctoritatis</strong></span> <span class='ocrx_word' id='word_1_405' title='bbox 2607 2748 2841 2819; x_wconf 89' lang='lat' dir='ltr'><strong>judices,</strong></span> <span class='ocrx_word' id='word_1_406' title='bbox 2873 2755 2930 2802; x_wconf 85' lang='lat' dir='ltr'><strong>et</strong></span> <span class='ocrx_word' id='word_1_407' title='bbox 2972 2746 3040 2802; x_wconf 91' lang='lat' dir='ltr'><strong>ad</strong></span> <span class='ocrx_word' id='word_1_408' title='bbox 3083 2745 3220 2800; x_wconf 88' lang='lat' dir='ltr'><strong>alias</strong></span> <span class='ocrx_word' id='word_1_409' title='bbox 3272 2743 3574 2817; x_wconf 87' lang='lat' dir='ltr'><strong>provincias</strong></span> <span class='ocrx_word' id='word_1_410' title='bbox 3618 2736 3769 2809; x_wconf 82' lang='lat' dir='ltr'><strong>appel-</strong></span> 
     </span>
    </p>
   </div>
   <div class='ocr_carea' id='block_1_57' title="bbox 2230 2833 3771 2902">
    <p class='ocr_par' dir='ltr' id='par_1_57' title="bbox 2230 2833 3771 2902">
     <span class='ocr_line' id='line_1_57' title="bbox 2230 2833 3771 2902; baseline -0.005 -10"><span class='ocrx_word' id='word_1_411' title='bbox 2230 2838 2343 2894; x_wconf 90' lang='lat' dir='ltr'><strong>lare</strong></span> <span class='ocrx_word' id='word_1_412' title='bbox 2389 2847 2443 2894; x_wconf 92' lang='lat' dir='ltr'><strong>et</strong></span> <span class='ocrx_word' id='word_1_413' title='bbox 2495 2838 2683 2893; x_wconf 89' lang='lat' dir='ltr'><strong>venire</strong></span> <span class='ocrx_word' id='word_1_414' title='bbox 2733 2851 3051 2893; x_wconf 88' lang='lat' dir='ltr'><strong>concessum</strong></span> <span class='ocrx_word' id='word_1_415' title='bbox 3100 2844 3205 2891; x_wconf 91' lang='lat' dir='ltr'><strong>est.</strong></span> <span class='ocrx_word' id='word_1_416' title='bbox 3265 2833 3460 2892; x_wconf 88' lang='lat' dir='ltr'><strong>Omnia</strong></span> <span class='ocrx_word' id='word_1_417' title='bbox 3518 2846 3637 2902; x_wconf 75' lang='lat' dir='ltr'><strong>ergo</strong></span> <span class='ocrx_word' id='word_1_418' title='bbox 3675 2839 3771 2899; x_wconf 69' lang='lat' dir='ltr'><strong>qua:</strong></span> 
     </span>
    </p>
   </div>
   <div class='ocr_carea' id='block_1_58' title="bbox 2231 2927 3773 2999">
    <p class='ocr_par' dir='ltr' id='par_1_58' title="bbox 2231 2927 3773 2999">
     <span class='ocr_line' id='line_1_58' title="bbox 2231 2927 3773 2999; baseline -0.008 -13"><span class='ocrx_word' id='word_1_419' title='bbox 2231 2932 2491 2987; x_wconf 87' lang='lat' dir='ltr'><strong>adversus</strong></span> <span class='ocrx_word' id='word_1_420' title='bbox 2531 2932 2787 2986; x_wconf 89' lang='lat' dir='ltr'><strong>absentes</strong></span> <span class='ocrx_word' id='word_1_421' title='bbox 2835 2931 2889 2985; x_wconf 91' lang='lat' dir='ltr'><strong>in</strong></span> <span class='ocrx_word' id='word_1_422' title='bbox 2920 2930 3067 2985; x_wconf 91' lang='lat' dir='ltr'><strong>omni</strong></span> <span class='ocrx_word' id='word_1_423' title='bbox 3100 2929 3318 2999; x_wconf 76' lang='lat' dir='ltr'><strong>negotio</strong></span> <span class='ocrx_word' id='word_1_424' title='bbox 3346 2936 3439 2983; x_wconf 89' lang='lat' dir='ltr'><strong>aut</strong></span> <span class='ocrx_word' id='word_1_425' title='bbox 3481 2927 3594 2982; x_wconf 90' lang='lat' dir='ltr'><strong>loco</strong></span> <span class='ocrx_word' id='word_1_426' title='bbox 3635 2936 3773 2992; x_wconf 74' lang='lat' dir='ltr'><strong>agun-</strong></span> 
     </span>
    </p>
   </div>
   <div class='ocr_carea' id='block_1_59' title="bbox 2234 3015 3772 3095">
    <p class='ocr_par' dir='ltr' id='par_1_59' title="bbox 2234 3015 3772 3095">
     <span class='ocr_line' id='line_1_59' title="bbox 2234 3015 3772 3095; baseline -0.005 -17"><span class='ocrx_word' id='word_1_427' title='bbox 2234 3032 2321 3078; x_wconf 93' lang='lat' dir='ltr'><strong>tur</strong></span> <span class='ocrx_word' id='word_1_428' title='bbox 2333 3034 2427 3078; x_wconf 90' lang='lat' dir='ltr'><strong>aut</strong></span> <span class='ocrx_word' id='word_1_429' title='bbox 2441 3024 2752 3095; x_wconf 70' lang='lat' dir='ltr'><strong>iudicantur</strong></span> <span class='ocrx_word' id='word_1_430' title='bbox 2772 3024 2995 3079; x_wconf 90' lang='lat' dir='ltr'><strong>omnino</strong></span> <span class='ocrx_word' id='word_1_431' title='bbox 3017 3032 3336 3087; x_wconf 88' lang='lat' dir='ltr'><strong>vacuentur,</strong></span> <span class='ocrx_word' id='word_1_432' title='bbox 3354 3019 3599 3092; x_wconf 88' lang='lat' dir='ltr'><strong>quoniam</strong></span> <span class='ocrx_word' id='word_1_433' title='bbox 3613 3015 3772 3071; x_wconf 70' lang='lat' dir='ltr'><strong>absa-</strong></span> 
     </span>
    </p>
   </div>
   <div class='ocr_carea' id='block_1_60' title="bbox 2237 3110 3773 3182">
    <p class='ocr_par' dir='ltr' id='par_1_60' title="bbox 2237 3110 3773 3182">
     <span class='ocr_line' id='line_1_60' title="bbox 2237 3110 3773 3182; baseline -0.007 -11"><span class='ocrx_word' id='word_1_434' title='bbox 2237 3126 2341 3171; x_wconf 90' lang='lat' dir='ltr'><strong>tem</strong></span> <span class='ocrx_word' id='word_1_435' title='bbox 2368 3117 2545 3172; x_wconf 91' lang='lat' dir='ltr'><strong>nullus</strong></span> <span class='ocrx_word' id='word_1_436' title='bbox 2568 3116 2794 3182; x_wconf 86' lang='lat' dir='ltr'><strong>addicit,</strong></span> <span class='ocrx_word' id='word_1_437' title='bbox 2826 3131 2929 3171; x_wconf 88' lang='lat' dir='ltr'><strong>nec</strong></span> <span class='ocrx_word' id='word_1_438' title='bbox 2950 3115 3055 3170; x_wconf 91' lang='lat' dir='ltr'><strong>ulla</strong></span> <span class='ocrx_word' id='word_1_439' title='bbox 3092 3115 3180 3170; x_wconf 85' lang='lat' dir='ltr'><strong>lex</strong></span> <span class='ocrx_word' id='word_1_440' title='bbox 3211 3117 3455 3180; x_wconf 89' lang='lat' dir='ltr'><strong>damnat,</strong></span> <span class='ocrx_word' id='word_1_441' title='bbox 3488 3110 3634 3167; x_wconf 78' lang='lat' dir='ltr'><strong>facile</strong></span> <span class='ocrx_word' id='word_1_442' title='bbox 3668 3117 3773 3175; x_wconf 73' lang='lat' dir='ltr'><strong>ergo</strong></span> 
     </span>
    </p>
   </div>
   <div class='ocr_carea' id='block_1_61' title="bbox 2236 3200 3770 3276">
    <p class='ocr_par' dir='ltr' id='par_1_61' title="bbox 2236 3200 3770 3276">
     <span class='ocr_line' id='line_1_61' title="bbox 2236 3200 3770 3276; baseline -0.003 -14"><span class='ocrx_word' id='word_1_443' title='bbox 2236 3207 2397 3262; x_wconf 90' lang='lat' dir='ltr'><strong>homo</strong></span> <span class='ocrx_word' id='word_1_444' title='bbox 2449 3205 2722 3262; x_wconf 89' lang='lat' dir='ltr'><strong>hominem</strong></span> <span class='ocrx_word' id='word_1_445' title='bbox 2754 3206 2943 3262; x_wconf 87' lang='lat' dir='ltr'><strong>fallere</strong></span> <span class='ocrx_word' id='word_1_446' title='bbox 2983 3214 3195 3276; x_wconf 89' lang='lat' dir='ltr'><strong>potest,</strong></span> <span class='ocrx_word' id='word_1_447' title='bbox 3225 3221 3334 3261; x_wconf 90' lang='lat' dir='ltr'><strong>non</strong></span> <span class='ocrx_word' id='word_1_448' title='bbox 3381 3215 3556 3259; x_wconf 90' lang='lat' dir='ltr'><strong>tamen</strong></span> <span class='ocrx_word' id='word_1_449' title='bbox 3605 3200 3770 3258; x_wconf 69' lang='lat' dir='ltr'><strong>Deum.</strong></span> 
     </span>
    </p>
   </div>
   <div class='ocr_carea' id='block_1_62' title="bbox 539 3287 3774 3372">
    <p class='ocr_par' dir='ltr' id='par_1_62' title="bbox 539 3287 3774 3372">
     <span class='ocr_line' id='line_1_62' title="bbox 539 3287 3774 3372; baseline -0.001 -22"><span class='ocrx_word' id='word_1_450' title='bbox 539 3311 650 3366; x_wconf 90' lang='lat' dir='ltr'><strong>que</strong></span> <span class='ocrx_word' id='word_1_451' title='bbox 695 3312 819 3352; x_wconf 92' lang='lat' dir='ltr'><strong>cum</strong></span> <span class='ocrx_word' id='word_1_452' title='bbox 864 3298 1112 3369; x_wconf 89' lang='lat' dir='ltr'><strong>proximo</strong></span> <span class='ocrx_word' id='word_1_453' title='bbox 1159 3313 1289 3364; x_wconf 92' lang='lat' dir='ltr'><strong>suo,</strong></span> <span class='ocrx_word' id='word_1_454' title='bbox 1342 3299 1600 3368; x_wconf 91' lang='lat' dir='ltr'><strong>quoniam</strong></span> <span class='ocrx_word' id='word_1_455' title='bbox 1656 3314 1847 3355; x_wconf 91' lang='lat' dir='ltr'><strong>sumus</strong></span> <span class='ocrx_word' id='word_1_456' title='bbox 1895 3298 2127 3354; x_wconf 89' lang='lat' dir='ltr'><strong>invicem</strong></span> <span class='ocrx_word' id='word_1_457' title='bbox 2158 3301 2201 3363; x_wconf 89' lang='lat' dir='ltr'><strong>C</strong></span> <span class='ocrx_word' id='word_1_458' title='bbox 2234 3295 2388 3372; x_wconf 82' lang='lat' dir='ltr'><strong>cujus</strong></span> <span class='ocrx_word' id='word_1_459' title='bbox 2429 3300 2602 3357; x_wconf 88' lang='lat' dir='ltr'><strong>oculis</strong></span> <span class='ocrx_word' id='word_1_460' title='bbox 2637 3301 2821 3356; x_wconf 88' lang='lat' dir='ltr'><strong>omnia</strong></span> <span class='ocrx_word' id='word_1_461' title='bbox 2848 3301 2991 3356; x_wconf 88' lang='lat' dir='ltr'><strong>nuda</strong></span> <span class='ocrx_word' id='word_1_462' title='bbox 3030 3309 3158 3355; x_wconf 91' lang='lat' dir='ltr'><strong>sunt</strong></span> <span class='ocrx_word' id='word_1_463' title='bbox 3185 3309 3245 3354; x_wconf 90' lang='lat' dir='ltr'><strong>et</strong></span> <span class='ocrx_word' id='word_1_464' title='bbox 3287 3306 3493 3369; x_wconf 87' lang='lat' dir='ltr'><strong>aperta.</strong></span> <span class='ocrx_word' id='word_1_465' title='bbox 3542 3292 3681 3351; x_wconf 84' lang='lat' dir='ltr'><strong>Unde</strong></span> <span class='ocrx_word' id='word_1_466' title='bbox 3713 3287 3774 3343; x_wconf 61' lang='lat' dir='ltr'><strong>aii</strong></span> 
     </span>
    </p>
   </div>
   <div class='ocr_carea' id='block_1_63' title="bbox 538 3386 2130 3461">
    <p class='ocr_par' dir='ltr' id='par_1_63' title="bbox 538 3386 2130 3461">
     <span class='ocr_line' id='line_1_63' title="bbox 538 3386 2130 3461; baseline 0.001 -19"><span class='ocrx_word' id='word_1_467' title='bbox 538 3386 784 3443; x_wconf 88' lang='lat' dir='ltr'><strong>membra</strong></span> <span class='ocrx_word' id='word_1_468' title='bbox 807 3386 1024 3461; x_wconf 81' lang='lat' dir='ltr'><strong>(Ephes.</strong></span> <span class='ocrx_word' id='word_1_469' title='bbox 1055 3404 1129 3453; x_wconf 85' lang='lat' dir='ltr'><strong>tv,</strong></span> <span class='ocrx_word' id='word_1_470' title='bbox 1157 3388 1272 3461; x_wconf 83' lang='lat'><strong>25).</strong></span> <span class='ocrx_word' id='word_1_471' title='bbox 1311 3409 1330 3442; x_wconf 77' lang='grc' dir='ltr'><strong>ι</strong></span> <span class='ocrx_word' id='word_1_472' title='bbox 1360 3388 1425 3443; x_wconf 78' lang='lat' dir='ltr'><strong>Et</strong></span> <span class='ocrx_word' id='word_1_473' title='bbox 1444 3388 1571 3446; x_wconf 91' lang='lat' dir='ltr'><strong>alibi</strong></span> <span class='ocrx_word' id='word_1_474' title='bbox 1606 3407 1620 3444; x_wconf 87' lang='lat'><strong>:</strong></span> <span class='ocrx_word' id='word_1_475' title='bbox 1651 3409 1670 3441; x_wconf 80' lang='grc' dir='ltr'><strong>ι</strong></span> <span class='ocrx_word' id='word_1_476' title='bbox 1697 3388 1876 3445; x_wconf 84' lang='lat' dir='ltr'><strong>Nolite</strong></span> <span class='ocrx_word' id='word_1_477' title='bbox 1904 3389 2130 3445; x_wconf 88' lang='lat' dir='ltr'><strong>mentiri</strong></span> 
     </span>
    </p>
   </div>
   <div class='ocr_carea' id='block_1_64' title="bbox 542 3478 2135 3553">
    <p class='ocr_par' dir='ltr' id='par_1_64' title="bbox 542 3478 2135 3553">
     <span class='ocr_line' id='line_1_64' title="bbox 542 3478 2135 3553; baseline 0.001 -20"><span class='ocrx_word' id='word_1_478' title='bbox 542 3479 774 3535; x_wconf 87' lang='lat' dir='ltr'><strong>invicem</strong></span> <span class='ocrx_word' id='word_1_479' title='bbox 819 3478 956 3551; x_wconf 83' lang='lat' dir='ltr'><strong>(Col.</strong></span> <span class='ocrx_word' id='word_1_480' title='bbox 993 3496 1075 3546; x_wconf 89' lang='grc' dir='ltr'>ιιι,</span> <span class='ocrx_word' id='word_1_481' title='bbox 1100 3480 1180 3553; x_wconf 90' lang='grc'><strong>9).</strong></span> <span class='ocrx_word' id='word_1_482' title='bbox 1222 3499 1241 3533; x_wconf 76' lang='grc' dir='ltr'><strong>ι</strong></span> <span class='ocrx_word' id='word_1_483' title='bbox 1290 3480 1420 3537; x_wconf 69' lang='lat' dir='ltr'><strong>Haec</strong></span> <span class='ocrx_word' id='word_1_484' title='bbox 1458 3490 1586 3538; x_wconf 92' lang='lat' dir='ltr'><strong>sunt</strong></span> <span class='ocrx_word' id='word_1_485' title='bbox 1616 3491 1899 3553; x_wconf 75' lang='lat' dir='ltr'><strong>praecepta</strong></span> <span class='ocrx_word' id='word_1_486' title='bbox 1942 3480 2135 3537; x_wconf 86' lang='lat' dir='ltr'><strong>Salva-</strong></span> 
     </span>
    </p>
   </div>
   <div class='ocr_carea' id='block_1_65' title="bbox 549 3570 2137 3644">
    <p class='ocr_par' dir='ltr' id='par_1_65' title="bbox 549 3570 2137 3644">
     <span class='ocr_line' id='line_1_65' title="bbox 549 3570 2137 3644; baseline 0.001 -19"><span class='ocrx_word' id='word_1_487' title='bbox 549 3570 708 3638; x_wconf 87' lang='lat' dir='ltr'><strong>toris,</strong></span> <span class='ocrx_word' id='word_1_488' title='bbox 767 3571 884 3628; x_wconf 61' lang='lat' dir='ltr'><strong>haec</strong></span> <span class='ocrx_word' id='word_1_489' title='bbox 930 3572 1355 3644; x_wconf 87' lang='lat' dir='ltr'><strong>prophetarum,</strong></span> <span class='ocrx_word' id='word_1_490' title='bbox 1404 3573 1522 3630; x_wconf 76' lang='lat' dir='ltr'><strong>haec</strong></span> <span class='ocrx_word' id='word_1_491' title='bbox 1548 3583 1864 3631; x_wconf 91' lang='lat' dir='ltr'><strong>sanctorum</strong></span> <span class='ocrx_word' id='word_1_492' title='bbox 1912 3573 2137 3629; x_wconf 85' lang='lat' dir='ltr'><strong>Patrum</strong></span> 
     </span>
    </p>
   </div>
   <div class='ocr_carea' id='block_1_66' title="bbox 497 3661 2140 3735">
    <p class='ocr_par' dir='ltr' id='par_1_66' title="bbox 497 3661 2140 3735">
     <span class='ocr_line' id='line_1_66' title="bbox 497 3661 2140 3735; baseline 0.002 -18"><span class='ocrx_word' id='word_1_493' title='bbox 497 3681 501 3685; x_wconf 63' lang='grc'><strong>’</strong></span> <span class='ocrx_word' id='word_1_494' title='bbox 560 3662 810 3720; x_wconf 90' lang='lat' dir='ltr'><strong>nstituta.</strong></span> <span class='ocrx_word' id='word_1_495' title='bbox 865 3661 997 3732; x_wconf 76' lang='lat' dir='ltr'><strong>Qua:</strong></span> <span class='ocrx_word' id='word_1_496' title='bbox 1018 3663 1065 3718; x_wconf 90' lang='lat' dir='ltr'><strong>si</strong></span> <span class='ocrx_word' id='word_1_497' title='bbox 1093 3664 1215 3735; x_wconf 90' lang='lat' dir='ltr'><strong>quis</strong></span> <span class='ocrx_word' id='word_1_498' title='bbox 1252 3664 1308 3720; x_wconf 88' lang='lat' dir='ltr'><strong>in</strong></span> <span class='ocrx_word' id='word_1_499' title='bbox 1338 3681 1537 3721; x_wconf 90' lang='lat' dir='ltr'><strong>vanum</strong></span> <span class='ocrx_word' id='word_1_500' title='bbox 1582 3665 1821 3732; x_wconf 87' lang='lat' dir='ltr'><strong>duxerit,</strong></span> <span class='ocrx_word' id='word_1_501' title='bbox 1854 3666 2029 3721; x_wconf 91' lang='lat' dir='ltr'><strong>hostis</strong></span> <span class='ocrx_word' id='word_1_502' title='bbox 2055 3675 2140 3721; x_wconf 88' lang='lat' dir='ltr'><strong>est</strong></span> 
     </span>
    </p>
   </div>
   <div class='ocr_carea' id='block_1_67' title="bbox 542 3754 2139 3827">
    <p class='ocr_par' dir='ltr' id='par_1_67' title="bbox 542 3754 2139 3827">
     <span class='ocr_line' id='line_1_67' title="bbox 542 3754 2139 3827; baseline 0.003 -19"><span class='ocrx_word' id='word_1_503' title='bbox 542 3754 741 3810; x_wconf 69' lang='lat' dir='ltr'><strong>animae</strong></span> <span class='ocrx_word' id='word_1_504' title='bbox 784 3769 917 3820; x_wconf 67' lang='lat' dir='ltr'><strong>suae,</strong></span> <span class='ocrx_word' id='word_1_505' title='bbox 971 3754 1100 3825; x_wconf 91' lang='lat' dir='ltr'><strong>quia</strong></span> <span class='ocrx_word' id='word_1_506' title='bbox 1159 3769 1321 3812; x_wconf 91' lang='lat' dir='ltr'><strong>nemo</strong></span> <span class='ocrx_word' id='word_1_507' title='bbox 1368 3766 1560 3812; x_wconf 91' lang='lat' dir='ltr'><strong>contra</strong></span> <span class='ocrx_word' id='word_1_508' title='bbox 1612 3758 1930 3827; x_wconf 86' lang='lat' dir='ltr'><strong>prophetas,</strong></span> <span class='ocrx_word' id='word_1_509' title='bbox 1978 3771 2139 3812; x_wconf 89' lang='lat' dir='ltr'><strong>nemo</strong></span> 
     </span>
    </p>
   </div>
   <div class='ocr_carea' id='block_1_68' title="bbox 544 3845 2141 3920">
    <p class='ocr_par' dir='ltr' id='par_1_68' title="bbox 544 3845 2141 3920">
     <span class='ocr_line' id='line_1_68' title="bbox 544 3845 2141 3920; baseline 0.003 -20"><span class='ocrx_word' id='word_1_510' title='bbox 544 3854 737 3901; x_wconf 89' lang='lat' dir='ltr'><strong>contra</strong></span> <span class='ocrx_word' id='word_1_511' title='bbox 793 3845 1122 3916; x_wconf 88' lang='lat' dir='ltr'><strong>apostolum,</strong></span> <span class='ocrx_word' id='word_1_512' title='bbox 1171 3862 1332 3903; x_wconf 92' lang='lat' dir='ltr'><strong>nemo</strong></span> <span class='ocrx_word' id='word_1_513' title='bbox 1380 3858 1573 3905; x_wconf 90' lang='lat' dir='ltr'><strong>contra</strong></span> <span class='ocrx_word' id='word_1_514' title='bbox 1622 3848 1974 3920; x_wconf 68' lang='lat' dir='ltr'><strong>Evangelium</strong></span> <span class='ocrx_word' id='word_1_515' title='bbox 2008 3850 2141 3906; x_wconf 89' lang='lat' dir='ltr'><strong>facit</strong></span> 
     </span>
    </p>
   </div>
   <div class='ocr_carea' id='block_1_69' title="bbox 547 3939 2140 4015">
    <p class='ocr_par' dir='ltr' id='par_1_69' title="bbox 547 3939 2140 4015">
     <span class='ocr_line' id='line_1_69' title="bbox 547 3939 2140 4015; baseline 0.001 -20"><span class='ocrx_word' id='word_1_516' title='bbox 547 3939 755 4011; x_wconf 73' lang='lat' dir='ltr'><strong>aliquid</strong></span> <span class='ocrx_word' id='word_1_517' title='bbox 796 3940 1006 4011; x_wconf 89' lang='lat' dir='ltr'><strong>absque</strong></span> <span class='ocrx_word' id='word_1_518' title='bbox 1050 3941 1315 4013; x_wconf 90' lang='lat' dir='ltr'><strong>periculo.</strong></span> <span class='ocrx_word' id='word_1_519' title='bbox 1356 3942 1423 3997; x_wconf 88' lang='lat' dir='ltr'><strong>Et</strong></span> <span class='ocrx_word' id='word_1_520' title='bbox 1461 3958 1805 4014; x_wconf 86' lang='lat' dir='ltr'><strong>summopere</strong></span> <span class='ocrx_word' id='word_1_521' title='bbox 1836 3944 2140 4015; x_wconf 65' lang='lat' dir='ltr'><strong>praeviden-</strong></span> 
     </span>
    </p>
   </div>
   <div class='ocr_carea' id='block_1_70' title="bbox 542 4034 2140 4108">
    <p class='ocr_par' dir='ltr' id='par_1_70' title="bbox 542 4034 2140 4108">
     <span class='ocr_line' id='line_1_70' title="bbox 542 4034 2140 4108; baseline 0.001 -18"><span class='ocrx_word' id='word_1_522' title='bbox 542 4034 674 4090; x_wconf 85' lang='lat' dir='ltr'><strong>dum</strong></span> <span class='ocrx_word' id='word_1_523' title='bbox 711 4043 818 4100; x_wconf 91' lang='lat' dir='ltr'><strong>est,</strong></span> <span class='ocrx_word' id='word_1_524' title='bbox 849 4050 918 4090; x_wconf 91' lang='lat' dir='ltr'><strong>ne</strong></span> <span class='ocrx_word' id='word_1_525' title='bbox 956 4043 1231 4106; x_wconf 90' lang='lat' dir='ltr'><strong>pastorem</strong></span> <span class='ocrx_word' id='word_1_526' title='bbox 1260 4050 1420 4091; x_wconf 90' lang='lat' dir='ltr'><strong>suum</strong></span> <span class='ocrx_word' id='word_1_527' title='bbox 1447 4051 1579 4093; x_wconf 90' lang='lat' dir='ltr'><strong>oves</strong></span> <span class='ocrx_word' id='word_1_528' title='bbox 1606 4052 1727 4108; x_wconf 64' lang='lat' dir='ltr'><strong>quae</strong></span> <span class='ocrx_word' id='word_1_529' title='bbox 1756 4036 1806 4092; x_wconf 90' lang='lat' dir='ltr'><strong>ei</strong></span> <span class='ocrx_word' id='word_1_530' title='bbox 1833 4037 2140 4092; x_wconf 58' lang='lat' dir='ltr'><strong>commissae</strong></span> 
     </span>
    </p>
   </div>
   <div class='ocr_carea' id='block_1_71' title="bbox 550 4126 2138 4201">
    <p class='ocr_par' dir='ltr' id='par_1_71' title="bbox 550 4126 2138 4201">
     <span class='ocr_line' id='line_1_71' title="bbox 550 4126 2138 4201; baseline 0.001 -19"><span class='ocrx_word' id='word_1_531' title='bbox 550 4126 767 4182; x_wconf 75' lang='lat' dir='ltr'><strong>fuerant</strong></span> <span class='ocrx_word' id='word_1_532' title='bbox 828 4126 1227 4197; x_wconf 89' lang='lat' dir='ltr'><strong>reprehendere</strong></span> <span class='ocrx_word' id='word_1_533' title='bbox 1277 4128 1413 4198; x_wconf 90' lang='lat' dir='ltr'><strong>(nisi</strong></span> <span class='ocrx_word' id='word_1_534' title='bbox 1464 4145 1495 4185; x_wconf 89' lang='lat' dir='ltr'><strong>a</strong></span> <span class='ocrx_word' id='word_1_535' title='bbox 1554 4128 1659 4186; x_wconf 83' lang='lat' dir='ltr'><strong>fide</strong></span> <span class='ocrx_word' id='word_1_536' title='bbox 1714 4129 2138 4201; x_wconf 81' lang='lat' dir='ltr'><strong>exorbitaverit)</strong></span> 
     </span>
    </p>
   </div>
   <div class='ocr_carea' id='block_1_72' title="bbox 549 4221 2142 4292">
    <p class='ocr_par' dir='ltr' id='par_1_72' title="bbox 549 4221 2142 4292">
     <span class='ocr_line' id='line_1_72' title="bbox 549 4221 2142 4292; baseline 0.002 -20"><span class='ocrx_word' id='word_1_537' title='bbox 549 4231 729 4287; x_wconf 89' lang='lat' dir='ltr'><strong>neque</strong></span> <span class='ocrx_word' id='word_1_538' title='bbox 755 4232 1016 4275; x_wconf 88' lang='lat' dir='ltr'><strong>accusare</strong></span> <span class='ocrx_word' id='word_1_539' title='bbox 1052 4228 1409 4289; x_wconf 76' lang='lat' dir='ltr'><strong>praesumant,</strong></span> <span class='ocrx_word' id='word_1_540' title='bbox 1438 4222 1696 4292; x_wconf 90' lang='lat' dir='ltr'><strong>quoniam</strong></span> <span class='ocrx_word' id='word_1_541' title='bbox 1748 4221 1884 4277; x_wconf 85' lang='lat' dir='ltr'><strong>tales</strong></span> <span class='ocrx_word' id='word_1_542' title='bbox 1912 4236 2142 4277; x_wconf 83' lang='lat' dir='ltr'><strong>accusa-</strong></span> 
     </span>
    </p>
   </div>
   <div class='ocr_carea' id='block_1_73' title="bbox 550 4310 2138 4383">
    <p class='ocr_par' dir='ltr' id='par_1_73' title="bbox 550 4310 2138 4383">
     <span class='ocr_line' id='line_1_73' title="bbox 550 4310 2138 4383; baseline 0.004 -21"><span class='ocrx_word' id='word_1_543' title='bbox 550 4311 731 4366; x_wconf 88' lang='lat' dir='ltr'><strong>tiones</strong></span> <span class='ocrx_word' id='word_1_544' title='bbox 759 4310 867 4365; x_wconf 87' lang='lat' dir='ltr'><strong>vim</strong></span> <span class='ocrx_word' id='word_1_545' title='bbox 891 4325 998 4366; x_wconf 92' lang='lat' dir='ltr'><strong>non</strong></span> <span class='ocrx_word' id='word_1_546' title='bbox 1032 4311 1255 4378; x_wconf 86' lang='lat' dir='ltr'><strong>habent,</strong></span> <span class='ocrx_word' id='word_1_547' title='bbox 1286 4327 1463 4383; x_wconf 88' lang='lat' dir='ltr'><strong>neque</strong></span> <span class='ocrx_word' id='word_1_548' title='bbox 1500 4314 1581 4369; x_wconf 91' lang='lat' dir='ltr'><strong>eis</strong></span> <span class='ocrx_word' id='word_1_549' title='bbox 1634 4328 1835 4370; x_wconf 90' lang='lat' dir='ltr'><strong>nocere</strong></span> <span class='ocrx_word' id='word_1_550' title='bbox 1893 4321 2138 4383; x_wconf 77' lang='lat' dir='ltr'><strong>possunt.</strong></span> 
     </span>
    </p>
   </div>
   <div class='ocr_carea' id='block_1_74' title="bbox 559 4398 2143 4475">
    <p class='ocr_par' dir='ltr' id='par_1_74' title="bbox 559 4398 2143 4475">
     <span class='ocr_line' id='line_1_74' title="bbox 559 4398 2143 4475; baseline 0.004 -24"><span class='ocrx_word' id='word_1_551' title='bbox 559 4419 577 4450; x_wconf 77' lang='grc' dir='ltr'><strong>ι</strong></span> <span class='ocrx_word' id='word_1_552' title='bbox 603 4398 780 4455; x_wconf 88' lang='lat' dir='ltr'><strong>Unum</strong></span> <span class='ocrx_word' id='word_1_553' title='bbox 803 4413 954 4468; x_wconf 91' lang='lat' dir='ltr'><strong>vero,</strong></span> <span class='ocrx_word' id='word_1_554' title='bbox 975 4401 1304 4469; x_wconf 87' lang='lat' dir='ltr'><strong>charissimi,</strong></span> <span class='ocrx_word' id='word_1_555' title='bbox 1326 4421 1346 4457; x_wconf 81' lang='grc' dir='ltr'><strong>ι</strong></span> <span class='ocrx_word' id='word_1_556' title='bbox 1368 4414 1426 4457; x_wconf 84' lang='grc' dir='ltr'><strong>ιιι</strong></span> <span class='ocrx_word' id='word_1_557' title='bbox 1447 4403 1524 4458; x_wconf 85' lang='lat' dir='ltr'><strong>ait</strong></span> <span class='ocrx_word' id='word_1_558' title='bbox 1542 4403 1733 4459; x_wconf 91' lang='lat' dir='ltr'><strong>beatus</strong></span> <span class='ocrx_word' id='word_1_559' title='bbox 1744 4404 2022 4475; x_wconf 90' lang='lat' dir='ltr'><strong>apostolus</strong></span> <span class='ocrx_word' id='word_1_560' title='bbox 2044 4403 2143 4458; x_wconf 90' lang='lat' dir='ltr'><strong>Pe-</strong></span> 
     </span>
    </p>
   </div>
   <div class='ocr_carea' id='block_1_75' title="bbox 555 4491 2141 4565">
    <p class='ocr_par' dir='ltr' id='par_1_75' title="bbox 555 4491 2141 4565">
     <span class='ocr_line' id='line_1_75' title="bbox 555 4491 2141 4565; baseline 0.003 -22"><span class='ocrx_word' id='word_1_561' title='bbox 555 4500 695 4557; x_wconf 87' lang='lat' dir='ltr'><strong>trus,</strong></span> <span class='ocrx_word' id='word_1_562' title='bbox 716 4508 736 4543; x_wconf 82' lang='grc' dir='ltr'><strong>ι</strong></span> <span class='ocrx_word' id='word_1_563' title='bbox 760 4506 866 4547; x_wconf 91' lang='lat' dir='ltr'><strong>non</strong></span> <span class='ocrx_word' id='word_1_564' title='bbox 881 4491 1048 4549; x_wconf 90' lang='lat' dir='ltr'><strong>lateat</strong></span> <span class='ocrx_word' id='word_1_565' title='bbox 1069 4508 1188 4561; x_wconf 93' lang='lat' dir='ltr'><strong>vos,</strong></span> <span class='ocrx_word' id='word_1_566' title='bbox 1204 4494 1328 4565; x_wconf 90' lang='lat' dir='ltr'><strong>quia</strong></span> <span class='ocrx_word' id='word_1_567' title='bbox 1354 4509 1494 4550; x_wconf 90' lang='lat' dir='ltr'><strong>unus</strong></span> <span class='ocrx_word' id='word_1_568' title='bbox 1520 4495 1635 4550; x_wconf 89' lang='lat' dir='ltr'><strong>dies</strong></span> <span class='ocrx_word' id='word_1_569' title='bbox 1658 4495 1800 4565; x_wconf 90' lang='lat' dir='ltr'><strong>apud</strong></span> <span class='ocrx_word' id='word_1_570' title='bbox 1826 4494 2141 4560; x_wconf 92' lang='lat' dir='ltr'><strong>Dominum,</strong></span> 
     </span>
    </p>
   </div>
   <div class='ocr_carea' id='block_1_76' title="bbox 554 4582 2141 4650">
    <p class='ocr_par' dir='ltr' id='par_1_76' title="bbox 554 4582 2141 4650">
     <span class='ocr_line' id='line_1_76' title="bbox 554 4582 2141 4650; baseline 0.001 -13"><span class='ocrx_word' id='word_1_571' title='bbox 554 4584 697 4639; x_wconf 88' lang='lat' dir='ltr'><strong>sicut</strong></span> <span class='ocrx_word' id='word_1_572' title='bbox 724 4582 871 4639; x_wconf 89' lang='lat' dir='ltr'><strong>mille</strong></span> <span class='ocrx_word' id='word_1_573' title='bbox 897 4585 1045 4650; x_wconf 89' lang='lat' dir='ltr'><strong>anni,</strong></span> <span class='ocrx_word' id='word_1_574' title='bbox 1076 4594 1133 4641; x_wconf 90' lang='lat' dir='ltr'><strong>et</strong></span> <span class='ocrx_word' id='word_1_575' title='bbox 1174 4585 1320 4641; x_wconf 90' lang='lat' dir='ltr'><strong>mille</strong></span> <span class='ocrx_word' id='word_1_576' title='bbox 1355 4586 1480 4641; x_wconf 89' lang='lat' dir='ltr'><strong>anni</strong></span> <span class='ocrx_word' id='word_1_577' title='bbox 1510 4586 1651 4641; x_wconf 89' lang='lat' dir='ltr'><strong>sicut</strong></span> <span class='ocrx_word' id='word_1_578' title='bbox 1680 4602 1818 4641; x_wconf 89' lang='lat' dir='ltr'><strong>unus</strong></span> <span class='ocrx_word' id='word_1_579' title='bbox 1847 4585 1981 4641; x_wconf 91' lang='lat' dir='ltr'><strong>dies.</strong></span> <span class='ocrx_word' id='word_1_580' title='bbox 2025 4584 2141 4642; x_wconf 87' lang='lat' dir='ltr'><strong>Non</strong></span> 
     </span>
    </p>
   </div>
   <div class='ocr_carea' id='block_1_77' title="bbox 2236 3381 3773 3463">
    <p class='ocr_par' dir='ltr' id='par_1_77' title="bbox 2236 3381 3773 3463">
     <span class='ocr_line' id='line_1_77' title="bbox 2236 3381 3773 3463; baseline -0.01 -16"><span class='ocrx_word' id='word_1_581' title='bbox 2236 3392 2495 3463; x_wconf 85' lang='lat' dir='ltr'><strong>propheta</strong></span> <span class='ocrx_word' id='word_1_582' title='bbox 2541 3410 2555 3446; x_wconf 91' lang='lat'><strong>:</strong></span> <span class='ocrx_word' id='word_1_583' title='bbox 2601 3409 2619 3443; x_wconf 89' lang='grc' dir='ltr'><strong>ι</strong></span> <span class='ocrx_word' id='word_1_584' title='bbox 2659 3392 2920 3447; x_wconf 91' lang='lat' dir='ltr'><strong>Dominus</strong></span> <span class='ocrx_word' id='word_1_585' title='bbox 2962 3390 3491 3462; x_wconf 79' lang='lat' dir='ltr'><strong>novitcogitationes</strong></span> <span class='ocrx_word' id='word_1_586' title='bbox 3534 3381 3773 3441; x_wconf 75' lang='lat' dir='ltr'><strong>hominum</strong></span> 
     </span>
    </p>
   </div>
   <div class='ocr_carea' id='block_1_78' title="bbox 2237 3480 3774 3558">
    <p class='ocr_par' dir='ltr' id='par_1_78' title="bbox 2237 3480 3774 3558">
     <span class='ocr_line' id='line_1_78' title="bbox 2237 3480 3774 3558; baseline -0.007 -18"><span class='ocrx_word' id='word_1_587' title='bbox 2237 3487 2490 3556; x_wconf 90' lang='lat' dir='ltr'><strong>quoniam</strong></span> <span class='ocrx_word' id='word_1_588' title='bbox 2519 3501 2670 3540; x_wconf 78' lang='lat' dir='ltr'><strong>vana:</strong></span> <span class='ocrx_word' id='word_1_589' title='bbox 2695 3494 2823 3541; x_wconf 91' lang='lat' dir='ltr'><strong>sunt</strong></span> <span class='ocrx_word' id='word_1_590' title='bbox 2849 3484 2904 3558; x_wconf 90' lang='lat' dir='ltr'><strong>(I</strong></span> <span class='ocrx_word' id='word_1_591' title='bbox 2947 3483 3073 3540; x_wconf 87' lang='lat' dir='ltr'><strong>Cor.</strong></span> <span class='ocrx_word' id='word_1_592' title='bbox 3107 3500 3191 3549; x_wconf 85' lang='lat' dir='ltr'><strong>ut,</strong></span> <span class='ocrx_word' id='word_1_593' title='bbox 3221 3484 3338 3558; x_wconf 82' lang='lat'><strong>20).</strong></span> <span class='ocrx_word' id='word_1_594' title='bbox 3373 3503 3394 3537; x_wconf 76' lang='grc' dir='ltr'><strong>ι</strong></span> <span class='ocrx_word' id='word_1_595' title='bbox 3431 3480 3648 3551; x_wconf 88' lang='lat' dir='ltr'><strong>Sapiens</strong></span> <span class='ocrx_word' id='word_1_596' title='bbox 3671 3484 3774 3541; x_wconf 74' lang='lat' dir='ltr'><strong>ergo</strong></span> 
     </span>
    </p>
   </div>
   <div class='ocr_carea' id='block_1_79' title="bbox 2239 3560 3776 3647">
    <p class='ocr_par' dir='ltr' id='par_1_79' title="bbox 2239 3560 3776 3647">
     <span class='ocr_line' id='line_1_79' title="bbox 2239 3560 3776 3647; baseline -0.005 -17"><span class='ocrx_word' id='word_1_597' title='bbox 2239 3593 2345 3631; x_wconf 90' lang='lat' dir='ltr'><strong>non</strong></span> <span class='ocrx_word' id='word_1_598' title='bbox 2386 3586 2470 3632; x_wconf 86' lang='lat' dir='ltr'><strong>est</strong></span> <span class='ocrx_word' id='word_1_599' title='bbox 2512 3577 2604 3647; x_wconf 92' lang='lat' dir='ltr'><strong>qui</strong></span> <span class='ocrx_word' id='word_1_600' title='bbox 2666 3585 2847 3643; x_wconf 85' lang='lat' dir='ltr'><strong>nocet,</strong></span> <span class='ocrx_word' id='word_1_601' title='bbox 2907 3592 3007 3633; x_wconf 90' lang='lat' dir='ltr'><strong>nec</strong></span> <span class='ocrx_word' id='word_1_602' title='bbox 3059 3576 3357 3647; x_wconf 85' lang='lat' dir='ltr'><strong>quidquam</strong></span> <span class='ocrx_word' id='word_1_603' title='bbox 3399 3572 3523 3629; x_wconf 90' lang='lat' dir='ltr'><strong>mali</strong></span> <span class='ocrx_word' id='word_1_604' title='bbox 3560 3567 3662 3626; x_wconf 90' lang='lat' dir='ltr'><strong>vult</strong></span> <span class='ocrx_word' id='word_1_605' title='bbox 3702 3560 3776 3633; x_wconf 81' lang='lat' dir='ltr'><strong>qui</strong></span> 
     </span>
    </p>
   </div>
   <div class='ocr_carea' id='block_1_80' title="bbox 2240 3666 3599 3739">
    <p class='ocr_par' dir='ltr' id='par_1_80' title="bbox 2240 3666 3599 3739">
     <span class='ocr_line' id='line_1_80' title="bbox 2240 3666 3599 3739; baseline -0.004 -17"><span class='ocrx_word' id='word_1_606' title='bbox 2240 3667 2411 3723; x_wconf 86' lang='lat' dir='ltr'><strong>fidelis</strong></span> <span class='ocrx_word' id='word_1_607' title='bbox 2443 3677 2551 3733; x_wconf 87' lang='lat' dir='ltr'><strong>est,</strong></span> <span class='ocrx_word' id='word_1_608' title='bbox 2573 3676 2667 3722; x_wconf 90' lang='lat' dir='ltr'><strong>aut</strong></span> <span class='ocrx_word' id='word_1_609' title='bbox 2696 3668 2949 3739; x_wconf 89' lang='lat' dir='ltr'><strong>cuiquam</strong></span> <span class='ocrx_word' id='word_1_610' title='bbox 2977 3668 3206 3724; x_wconf 88' lang='lat' dir='ltr'><strong>insidias</strong></span> <span class='ocrx_word' id='word_1_611' title='bbox 3245 3666 3599 3724; x_wconf 87' lang='lat' dir='ltr'><strong>machinatur.</strong></span> 
     </span>
    </p>
   </div>
   <div class='ocr_carea' id='block_1_81' title="bbox 2309 3752 3774 3826">
    <p class='ocr_par' dir='ltr' id='par_1_81' title="bbox 2309 3752 3774 3826">
     <span class='ocr_line' id='line_1_81' title="bbox 2309 3752 3774 3826; baseline -0.01 -13"><span class='ocrx_word' id='word_1_612' title='bbox 2309 3757 2627 3826; x_wconf 73' lang='lat' dir='ltr'><strong>Hortamur,</strong></span> <span class='ocrx_word' id='word_1_613' title='bbox 2657 3758 2851 3826; x_wconf 79' lang='lat' dir='ltr'><strong>frater,</strong></span> <span class='ocrx_word' id='word_1_614' title='bbox 2880 3769 2938 3815; x_wconf 92' lang='lat' dir='ltr'><strong>et</strong></span> <span class='ocrx_word' id='word_1_615' title='bbox 2966 3775 3252 3816; x_wconf 87' lang='lat' dir='ltr'><strong>monemus</strong></span> <span class='ocrx_word' id='word_1_616' title='bbox 3289 3770 3435 3815; x_wconf 87' lang='lat' dir='ltr'><strong>tuam</strong></span> <span class='ocrx_word' id='word_1_617' title='bbox 3455 3752 3774 3813; x_wconf 81' lang='lat' dir='ltr'><strong>dilectionem,</strong></span> 
     </span>
    </p>
   </div>
   <div class='ocr_carea' id='block_1_82' title="bbox 2241 3842 3773 3921">
    <p class='ocr_par' dir='ltr' id='par_1_82' title="bbox 2241 3842 3773 3921">
     <span class='ocr_line' id='line_1_82' title="bbox 2241 3842 3773 3921; baseline -0.004 -16"><span class='ocrx_word' id='word_1_618' title='bbox 2241 3857 2300 3905; x_wconf 95' lang='lat' dir='ltr'><strong>ut</strong></span> <span class='ocrx_word' id='word_1_619' title='bbox 2325 3864 2515 3906; x_wconf 90' lang='lat' dir='ltr'><strong>omnes</strong></span> <span class='ocrx_word' id='word_1_620' title='bbox 2544 3864 2784 3921; x_wconf 92' lang='lat' dir='ltr'><strong>semper,</strong></span> <span class='ocrx_word' id='word_1_621' title='bbox 2815 3859 2977 3921; x_wconf 89' lang='lat' dir='ltr'><strong>prout</strong></span> <span class='ocrx_word' id='word_1_622' title='bbox 3010 3850 3207 3906; x_wconf 88' lang='lat' dir='ltr'><strong>melius</strong></span> <span class='ocrx_word' id='word_1_623' title='bbox 3250 3848 3512 3921; x_wconf 86' lang='lat' dir='ltr'><strong>potueris,</strong></span> <span class='ocrx_word' id='word_1_624' title='bbox 3561 3842 3773 3912; x_wconf 63' lang='lat' dir='ltr'><strong>adiuves,</strong></span> 
     </span>
    </p>
   </div>
   <div class='ocr_carea' id='block_1_83' title="bbox 2242 3930 3777 4009">
    <p class='ocr_par' dir='ltr' id='par_1_83' title="bbox 2242 3930 3777 4009">
     <span class='ocr_line' id='line_1_83' title="bbox 2242 3930 3777 4009; baseline -0.005 -12"><span class='ocrx_word' id='word_1_625' title='bbox 2242 3941 2518 3997; x_wconf 87' lang='lat' dir='ltr'><strong>confortes</strong></span> <span class='ocrx_word' id='word_1_626' title='bbox 2540 3954 2595 3998; x_wconf 90' lang='lat' dir='ltr'><strong>et</strong></span> <span class='ocrx_word' id='word_1_627' title='bbox 2614 3941 2933 4009; x_wconf 91' lang='lat' dir='ltr'><strong>consoleris,</strong></span> <span class='ocrx_word' id='word_1_628' title='bbox 2974 3948 3030 3997; x_wconf 91' lang='lat' dir='ltr'><strong>et</strong></span> <span class='ocrx_word' id='word_1_629' title='bbox 3072 3950 3415 3998; x_wconf 90' lang='lat' dir='ltr'><strong>sacramenta</strong></span> <span class='ocrx_word' id='word_1_630' title='bbox 3438 3950 3593 4009; x_wconf 87' lang='lat' dir='ltr'><strong>super</strong></span> <span class='ocrx_word' id='word_1_631' title='bbox 3616 3930 3777 4003; x_wconf 79' lang='lat' dir='ltr'><strong>quibus</strong></span> 
     </span>
    </p>
   </div>
   <div class='ocr_carea' id='block_1_84' title="bbox 2241 4023 3777 4090">
    <p class='ocr_par' dir='ltr' id='par_1_84' title="bbox 2241 4023 3777 4090">
     <span class='ocr_line' id='line_1_84' title="bbox 2241 4023 3777 4090; baseline -0.007 -2"><span class='ocrx_word' id='word_1_632' title='bbox 2241 4033 2383 4088; x_wconf 85' lang='lat' dir='ltr'><strong>hanc</strong></span> <span class='ocrx_word' id='word_1_633' title='bbox 2424 4042 2667 4088; x_wconf 88' lang='lat' dir='ltr'><strong>sanctam</strong></span> <span class='ocrx_word' id='word_1_634' title='bbox 2706 4031 3010 4088; x_wconf 82' lang='lat' dir='ltr'><strong>Romanam</strong></span> <span class='ocrx_word' id='word_1_635' title='bbox 3040 4048 3103 4089; x_wconf 90' lang='lat' dir='ltr'><strong>ac</strong></span> <span class='ocrx_word' id='word_1_636' title='bbox 3133 4032 3493 4090; x_wconf 82' lang='lat' dir='ltr'><strong>universalem</strong></span> <span class='ocrx_word' id='word_1_637' title='bbox 3521 4023 3777 4084; x_wconf 84' lang='lat' dir='ltr'><strong>Ecclesiam</strong></span> 
     </span>
    </p>
   </div>
   <div class='ocr_carea' id='block_1_85' title="bbox 2241 4122 3779 4197">
    <p class='ocr_par' dir='ltr' id='par_1_85' title="bbox 2241 4122 3779 4197">
     <span class='ocr_line' id='line_1_85' title="bbox 2241 4122 3779 4197; baseline -0.012 -16"><span class='ocrx_word' id='word_1_638' title='bbox 2241 4125 2525 4181; x_wconf 87' lang='lat' dir='ltr'><strong>consulere</strong></span> <span class='ocrx_word' id='word_1_639' title='bbox 2570 4125 2813 4191; x_wconf 91' lang='lat' dir='ltr'><strong>voluisti,</strong></span> <span class='ocrx_word' id='word_1_640' title='bbox 2847 4124 2965 4181; x_wconf 86' lang='lat' dir='ltr'><strong>fieri</strong></span> <span class='ocrx_word' id='word_1_641' title='bbox 2990 4126 3283 4197; x_wconf 88' lang='lat' dir='ltr'><strong>prohibeas</strong></span> <span class='ocrx_word' id='word_1_642' title='bbox 3326 4132 3381 4180; x_wconf 90' lang='lat' dir='ltr'><strong>et</strong></span> <span class='ocrx_word' id='word_1_643' title='bbox 3417 4122 3668 4178; x_wconf 90' lang='lat' dir='ltr'><strong>neminem</strong></span> <span class='ocrx_word' id='word_1_644' title='bbox 3701 4125 3779 4165; x_wconf 87' lang='lat' dir='ltr'><strong>un-</strong></span> 
     </span>
    </p>
   </div>
   <div class='ocr_carea' id='block_1_86' title="bbox 2242 4205 3779 4287">
    <p class='ocr_par' dir='ltr' id='par_1_86' title="bbox 2242 4205 3779 4287">
     <span class='ocr_line' id='line_1_86' title="bbox 2242 4205 3779 4287; baseline -0.005 -18"><span class='ocrx_word' id='word_1_645' title='bbox 2242 4232 2404 4287; x_wconf 90' lang='lat' dir='ltr'><strong>quam</strong></span> <span class='ocrx_word' id='word_1_646' title='bbox 2432 4214 2680 4281; x_wconf 88' lang='lat' dir='ltr'><strong>infestes,</strong></span> <span class='ocrx_word' id='word_1_647' title='bbox 2719 4224 2816 4270; x_wconf 91' lang='lat' dir='ltr'><strong>aut</strong></span> <span class='ocrx_word' id='word_1_648' title='bbox 2856 4230 3072 4271; x_wconf 85' lang='lat' dir='ltr'><strong>noceas.</strong></span> <span class='ocrx_word' id='word_1_649' title='bbox 3116 4214 3261 4280; x_wconf 66' lang='lat' dir='ltr'><strong>llaec,</strong></span> <span class='ocrx_word' id='word_1_650' title='bbox 3297 4212 3467 4270; x_wconf 80' lang='lat' dir='ltr'><strong>frater</strong></span> <span class='ocrx_word' id='word_1_651' title='bbox 3488 4211 3555 4266; x_wconf 89' lang='lat' dir='ltr'><strong>ad</strong></span> <span class='ocrx_word' id='word_1_652' title='bbox 3582 4205 3779 4271; x_wconf 72' lang='lat' dir='ltr'><strong>reliquo&#39;</strong></span> 
     </span>
    </p>
   </div>
   <div class='ocr_carea' id='block_1_87' title="bbox 2245 4296 3776 4377">
    <p class='ocr_par' dir='ltr' id='par_1_87' title="bbox 2245 4296 3776 4377">
     <span class='ocr_line' id='line_1_87' title="bbox 2245 4296 3776 4377; baseline -0.01 -12"><span class='ocrx_word' id='word_1_653' title='bbox 2245 4326 2363 4365; x_wconf 90' lang='lat' dir='ltr'><strong>rum</strong></span> <span class='ocrx_word' id='word_1_654' title='bbox 2392 4309 2620 4364; x_wconf 78' lang='lat' dir='ltr'><strong>fratrum</strong></span> <span class='ocrx_word' id='word_1_655' title='bbox 2650 4309 2896 4364; x_wconf 90' lang='lat' dir='ltr'><strong>notitiam</strong></span> <span class='ocrx_word' id='word_1_656' title='bbox 2922 4318 3013 4363; x_wconf 92' lang='lat' dir='ltr'><strong>tua</strong></span> <span class='ocrx_word' id='word_1_657' title='bbox 3039 4309 3205 4365; x_wconf 84' lang='lat' dir='ltr'><strong>faciat</strong></span> <span class='ocrx_word' id='word_1_658' title='bbox 3229 4309 3491 4365; x_wconf 89' lang='lat' dir='ltr'><strong>sanctitas</strong></span> <span class='ocrx_word' id='word_1_659' title='bbox 3512 4296 3776 4377; x_wconf 80' lang='lat' dir='ltr'><strong>pervenire.</strong></span> 
     </span>
    </p>
   </div>
   <div class='ocr_carea' id='block_1_88' title="bbox 2246 4387 3781 4469">
    <p class='ocr_par' dir='ltr' id='par_1_88' title="bbox 2246 4387 3781 4469">
     <span class='ocr_line' id='line_1_88' title="bbox 2246 4387 3781 4469; baseline -0.007 -14"><span class='ocrx_word' id='word_1_660' title='bbox 2246 4412 2304 4455; x_wconf 90' lang='lat' dir='ltr'><strong>ut</strong></span> <span class='ocrx_word' id='word_1_661' title='bbox 2339 4416 2530 4457; x_wconf 90' lang='lat' dir='ltr'><strong>omnes</strong></span> <span class='ocrx_word' id='word_1_662' title='bbox 2570 4402 2687 4456; x_wconf 66' lang='lat' dir='ltr'><strong>haec</strong></span> <span class='ocrx_word' id='word_1_663' title='bbox 2728 4401 2868 4455; x_wconf 90' lang='lat' dir='ltr'><strong>mala</strong></span> <span class='ocrx_word' id='word_1_664' title='bbox 2910 4410 3170 4469; x_wconf 87' lang='lat' dir='ltr'><strong>caveant,</strong></span> <span class='ocrx_word' id='word_1_665' title='bbox 3218 4412 3273 4457; x_wconf 91' lang='lat' dir='ltr'><strong>et</strong></span> <span class='ocrx_word' id='word_1_666' title='bbox 3318 4400 3462 4457; x_wconf 90' lang='lat' dir='ltr'><strong>sicut</strong></span> <span class='ocrx_word' id='word_1_667' title='bbox 3498 4387 3781 4469; x_wconf 64' lang='lat' dir='ltr'><strong>generaliter</strong></span> 
     </span>
    </p>
   </div>
   <div class='ocr_carea' id='block_1_89' title="bbox 2248 4471 3781 4563">
    <p class='ocr_par' dir='ltr' id='par_1_89' title="bbox 2248 4471 3781 4563">
     <span class='ocr_line' id='line_1_89' title="bbox 2248 4471 3781 4563; baseline -0.001 -17"><span class='ocrx_word' id='word_1_668' title='bbox 2248 4501 2354 4546; x_wconf 91' lang='lat' dir='ltr'><strong>tam</strong></span> <span class='ocrx_word' id='word_1_669' title='bbox 2399 4492 2466 4546; x_wconf 89' lang='lat' dir='ltr'><strong>ab</strong></span> <span class='ocrx_word' id='word_1_670' title='bbox 2497 4492 2614 4563; x_wconf 92' lang='lat' dir='ltr'><strong>ipso</strong></span> <span class='ocrx_word' id='word_1_671' title='bbox 2679 4491 2909 4547; x_wconf 91' lang='lat' dir='ltr'><strong>Domino</strong></span> <span class='ocrx_word' id='word_1_672' title='bbox 2965 4507 3128 4563; x_wconf 90' lang='lat' dir='ltr'><strong>quam</strong></span> <span class='ocrx_word' id='word_1_673' title='bbox 3170 4508 3200 4546; x_wconf 89' lang='lat' dir='ltr'><strong>a</strong></span> <span class='ocrx_word' id='word_1_674' title='bbox 3249 4491 3453 4547; x_wconf 90' lang='lat' dir='ltr'><strong>sanctis</strong></span> <span class='ocrx_word' id='word_1_675' title='bbox 3503 4494 3555 4543; x_wconf 89' lang='lat' dir='ltr'><strong>et</strong></span> <span class='ocrx_word' id='word_1_676' title='bbox 3592 4471 3781 4544; x_wconf 71' lang='lat' dir='ltr'><strong>reli‘l‘lis</strong></span> 
     </span>
    </p>
   </div>
   <div class='ocr_carea' id='block_1_90' title="bbox 2247 4567 3779 4656">
    <p class='ocr_par' dir='ltr' id='par_1_90' title="bbox 2247 4567 3779 4656">
     <span class='ocr_line' id='line_1_90' title="bbox 2247 4567 3779 4656; baseline -0.008 -19"><span class='ocrx_word' id='word_1_677' title='bbox 2247 4583 2555 4654; x_wconf 82' lang='lat' dir='ltr'><strong>apostolicis</strong></span> <span class='ocrx_word' id='word_1_678' title='bbox 2600 4584 2749 4650; x_wconf 83' lang='lat' dir='ltr'><strong>viris,</strong></span> <span class='ocrx_word' id='word_1_679' title='bbox 2796 4595 2851 4639; x_wconf 94' lang='lat' dir='ltr'><strong>et</strong></span> <span class='ocrx_word' id='word_1_680' title='bbox 2881 4585 3092 4639; x_wconf 67' lang='lat' dir='ltr'><strong>caeteris</strong></span> <span class='ocrx_word' id='word_1_681' title='bbox 3114 4584 3361 4656; x_wconf 89' lang='lat' dir='ltr'><strong>patribus</strong></span> <span class='ocrx_word' id='word_1_682' title='bbox 3386 4589 3508 4637; x_wconf 92' lang='lat' dir='ltr'><strong>sunt</strong></span> <span class='ocrx_word' id='word_1_683' title='bbox 3528 4567 3779 4650; x_wconf 75' lang='lat' dir='ltr'><strong>prohibita.</strong></span> 
     </span>
    </p>
   </div>
   <div class='ocr_carea' id='block_1_91' title="bbox 551 4656 3783 4751">
    <p class='ocr_par' dir='ltr' id='par_1_91' title="bbox 551 4656 3783 4751">
     <span class='ocr_line' id='line_1_91' title="bbox 551 4656 3783 4751; baseline -0.006 -20"><span class='ocrx_word' id='word_1_684' title='bbox 551 4677 734 4733; x_wconf 89' lang='lat' dir='ltr'><strong>tardat</strong></span> <span class='ocrx_word' id='word_1_685' title='bbox 761 4677 1023 4733; x_wconf 88' lang='lat' dir='ltr'><strong>Dominus</strong></span> <span class='ocrx_word' id='word_1_686' title='bbox 1049 4679 1355 4749; x_wconf 91' lang='lat' dir='ltr'><strong>promissis,</strong></span> <span class='ocrx_word' id='word_1_687' title='bbox 1378 4680 1474 4735; x_wconf 89' lang='lat' dir='ltr'><strong>sed</strong></span> <span class='ocrx_word' id='word_1_688' title='bbox 1496 4680 1768 4751; x_wconf 88' lang='lat' dir='ltr'><strong>patienter</strong></span> <span class='ocrx_word' id='word_1_689' title='bbox 1788 4679 1900 4751; x_wconf 70' lang='lat' dir='ltr'><strong>agit</strong></span> <span class='ocrx_word' id='word_1_690' title='bbox 1922 4687 2144 4750; x_wconf 86' lang='lat' dir='ltr'><strong>propter</strong></span> <span class='ocrx_word' id='word_1_691' title='bbox 2170 4656 2221 4716; x_wconf 84' lang='grc' dir='ltr'>Ῑ)</span> <span class='ocrx_word' id='word_1_692' title='bbox 2250 4674 2324 4728; x_wconf 86' lang='lat' dir='ltr'><strong>ita</strong></span> <span class='ocrx_word' id='word_1_693' title='bbox 2347 4676 2675 4745; x_wconf 85' lang='lat' dir='ltr'><strong>generaliter</strong></span> <span class='ocrx_word' id='word_1_694' title='bbox 2694 4672 2761 4729; x_wconf 92' lang='lat' dir='ltr'><strong>ab</strong></span> <span class='ocrx_word' id='word_1_695' title='bbox 2780 4676 3029 4731; x_wconf 90' lang='lat' dir='ltr'><strong>omnibus</strong></span> <span class='ocrx_word' id='word_1_696' title='bbox 3055 4676 3449 4731; x_wconf 72' lang='lat' dir='ltr'><strong>custodiantur.</strong></span> <span class='ocrx_word' id='word_1_697' title='bbox 3480 4670 3614 4726; x_wconf 88' lang='lat' dir='ltr'><strong>Bene</strong></span> <span class='ocrx_word' id='word_1_698' title='bbox 3634 4659 3783 4717; x_wconf 85' lang='lat' dir='ltr'><strong>valere</strong></span> 
     </span>
    </p>
   </div>
   <div class='ocr_carea' id='block_1_92' title="bbox 550 4766 2142 4843">
    <p class='ocr_par' dir='ltr' id='par_1_92' title="bbox 550 4766 2142 4843">
     <span class='ocr_line' id='line_1_92' title="bbox 550 4766 2142 4843; baseline 0.003 -24"><span class='ocrx_word' id='word_1_699' title='bbox 550 4780 649 4843; x_wconf 77' lang='lat' dir='ltr'><strong>vos</strong></span> <span class='ocrx_word' id='word_1_700' title='bbox 671 4806 687 4833; x_wconf 95' lang='lat'><strong>,</strong></span> <span class='ocrx_word' id='word_1_701' title='bbox 762 4766 953 4823; x_wconf 90' lang='lat' dir='ltr'><strong>nolens</strong></span> <span class='ocrx_word' id='word_1_702' title='bbox 980 4767 1191 4838; x_wconf 89' lang='lat' dir='ltr'><strong>aliquos</strong></span> <span class='ocrx_word' id='word_1_703' title='bbox 1227 4768 1407 4839; x_wconf 85' lang='lat' dir='ltr'><strong>perire</strong></span> <span class='ocrx_word' id='word_1_704' title='bbox 1430 4809 1446 4836; x_wconf 96' lang='lat'><strong>,</strong></span> <span class='ocrx_word' id='word_1_705' title='bbox 1502 4769 1597 4824; x_wconf 89' lang='lat' dir='ltr'><strong>sed</strong></span> <span class='ocrx_word' id='word_1_706' title='bbox 1622 4783 1813 4825; x_wconf 85' lang='lat' dir='ltr'><strong>omnes</strong></span> <span class='ocrx_word' id='word_1_707' title='bbox 1860 4769 1928 4823; x_wconf 90' lang='lat' dir='ltr'><strong>ad</strong></span> <span class='ocrx_word' id='word_1_708' title='bbox 1965 4769 2142 4839; x_wconf 68' lang='lat' dir='ltr'><strong>poeni-</strong></span> 
     </span>
    </p>
   </div>
   <div class='ocr_carea' id='block_1_93' title="bbox 551 4859 2144 4919">
    <p class='ocr_par' dir='ltr' id='par_1_93' title="bbox 551 4859 2144 4919">
     <span class='ocr_line' id='line_1_93' title="bbox 551 4859 2144 4919; baseline 0.004 -6"><span class='ocrx_word' id='word_1_709' title='bbox 551 4859 779 4914; x_wconf 86' lang='lat' dir='ltr'><strong>tentiam</strong></span> <span class='ocrx_word' id='word_1_710' title='bbox 820 4860 1044 4916; x_wconf 89' lang='lat' dir='ltr'><strong>reverti.</strong></span> <span class='ocrx_word' id='word_1_711' title='bbox 1088 4860 1355 4917; x_wconf 83' lang='lat' dir='ltr'><strong>Adveniet</strong></span> <span class='ocrx_word' id='word_1_712' title='bbox 1402 4873 1584 4919; x_wconf 86' lang='lat' dir='ltr'><strong>antem</strong></span> <span class='ocrx_word' id='word_1_713' title='bbox 1659 4863 1775 4919; x_wconf 90' lang='lat' dir='ltr'><strong>dies</strong></span> <span class='ocrx_word' id='word_1_714' title='bbox 1823 4863 2036 4919; x_wconf 90' lang='lat' dir='ltr'><strong>Domini</strong></span> <span class='ocrx_word' id='word_1_715' title='bbox 2085 4874 2144 4919; x_wconf 90' lang='lat' dir='ltr'><strong>ut</strong></span> 
     </span>
    </p>
   </div>
   <div class='ocr_carea' id='block_1_94' title="bbox 553 4949 2141 5027">
    <p class='ocr_par' dir='ltr' id='par_1_94' title="bbox 553 4949 2141 5027">
     <span class='ocr_line' id='line_1_94' title="bbox 553 4949 2141 5027; baseline 0.004 -22"><span class='ocrx_word' id='word_1_716' title='bbox 553 4949 660 5017; x_wconf 92' lang='lat' dir='ltr'><strong>fur,</strong></span> <span class='ocrx_word' id='word_1_717' title='bbox 690 4951 745 5007; x_wconf 86' lang='lat' dir='ltr'><strong>in</strong></span> <span class='ocrx_word' id='word_1_718' title='bbox 775 4968 883 5023; x_wconf 88' lang='lat' dir='ltr'><strong>qua</strong></span> <span class='ocrx_word' id='word_1_719' title='bbox 908 4952 1031 5010; x_wconf 64' lang='lat' dir='ltr'><strong>caeli</strong></span> <span class='ocrx_word' id='word_1_720' title='bbox 1066 4969 1268 5027; x_wconf 76' lang='lat' dir='ltr'><strong>magno</strong></span> <span class='ocrx_word' id='word_1_721' title='bbox 1306 4955 1508 5025; x_wconf 90' lang='lat' dir='ltr'><strong>impetu</strong></span> <span class='ocrx_word' id='word_1_722' title='bbox 1542 4956 1833 5022; x_wconf 90' lang='lat' dir='ltr'><strong>transient,</strong></span> <span class='ocrx_word' id='word_1_723' title='bbox 1872 4956 2141 5013; x_wconf 87' lang='lat' dir='ltr'><strong>elementa</strong></span> 
     </span>
    </p>
   </div>
   <div class='ocr_carea' id='block_1_95' title="bbox 550 5043 2169 5119">
    <p class='ocr_par' dir='ltr' id='par_1_95' title="bbox 550 5043 2169 5119">
     <span class='ocr_line' id='line_1_95' title="bbox 550 5043 2169 5119; baseline 0.011 -24"><span class='ocrx_word' id='word_1_724' title='bbox 550 5057 683 5098; x_wconf 90' lang='lat' dir='ltr'><strong>vero</strong></span> <span class='ocrx_word' id='word_1_725' title='bbox 709 5043 891 5101; x_wconf 87' lang='lat' dir='ltr'><strong>calore</strong></span> <span class='ocrx_word' id='word_1_726' title='bbox 940 5045 1235 5103; x_wconf 87' lang='lat' dir='ltr'><strong>solventur.</strong></span> <span class='ocrx_word' id='word_1_727' title='bbox 1274 5045 1408 5103; x_wconf 91' lang='lat' dir='ltr'><strong>Cum</strong></span> <span class='ocrx_word' id='word_1_728' title='bbox 1437 5048 1554 5103; x_wconf 63' lang='lat' dir='ltr'><strong>haec</strong></span> <span class='ocrx_word' id='word_1_729' title='bbox 1584 5048 1751 5119; x_wconf 75' lang='lat' dir='ltr'><strong>igitur</strong></span> <span class='ocrx_word' id='word_1_730' title='bbox 1795 5049 1979 5104; x_wconf 89' lang='lat' dir='ltr'><strong>omnia</strong></span> <span class='ocrx_word' id='word_1_731' title='bbox 2034 5049 2169 5112; x_wconf 85' lang='lat' dir='ltr'><strong>dis-.</strong></span> 
     </span>
    </p>
   </div>
   <div class='ocr_carea' id='block_1_96' title="bbox 549 5138 2143 5213">
    <p class='ocr_par' dir='ltr' id='par_1_96' title="bbox 549 5138 2143 5213">
     <span class='ocr_line' id='line_1_96' title="bbox 549 5138 2143 5213; baseline 0.005 -20"><span class='ocrx_word' id='word_1_732' title='bbox 549 5138 807 5193; x_wconf 82' lang='lat' dir='ltr'><strong>solvenda</strong></span> <span class='ocrx_word' id='word_1_733' title='bbox 843 5147 993 5206; x_wconf 88' lang='lat' dir='ltr'><strong>sunt,</strong></span> <span class='ocrx_word' id='word_1_734' title='bbox 1047 5152 1117 5195; x_wconf 91' lang='lat' dir='ltr'><strong>ex</strong></span> <span class='ocrx_word' id='word_1_735' title='bbox 1172 5139 1257 5196; x_wconf 93' lang='lat' dir='ltr'><strong>his</strong></span> <span class='ocrx_word' id='word_1_736' title='bbox 1299 5142 1528 5213; x_wconf 89' lang='lat' dir='ltr'><strong>potestis</strong></span> <span class='ocrx_word' id='word_1_737' title='bbox 1558 5141 1906 5199; x_wconf 87' lang='lat' dir='ltr'><strong>considerare</strong></span> <span class='ocrx_word' id='word_1_738' title='bbox 1955 5142 2143 5213; x_wconf 89' lang='lat' dir='ltr'><strong>quales</strong></span> 
     </span>
    </p>
   </div>
   <div class='ocr_carea' id='block_1_97' title="bbox 2245 4751 3783 4839">
    <p class='ocr_par' dir='ltr' id='par_1_97' title="bbox 2245 4751 3783 4839">
     <span class='ocr_line' id='line_1_97' title="bbox 2245 4751 3783 4839; baseline -0.013 -18"><span class='ocrx_word' id='word_1_739' title='bbox 2245 4766 2634 4821; x_wconf 87' lang='lat' dir='ltr'><strong>beatitudinem</strong></span> <span class='ocrx_word' id='word_1_740' title='bbox 2665 4775 2811 4821; x_wconf 89' lang='lat' dir='ltr'><strong>tuam</strong></span> <span class='ocrx_word' id='word_1_741' title='bbox 2844 4783 3059 4838; x_wconf 88' lang='lat' dir='ltr'><strong>semper</strong></span> <span class='ocrx_word' id='word_1_742' title='bbox 3088 4778 3364 4839; x_wconf 89' lang='lat' dir='ltr'><strong>optamus,</strong></span> <span class='ocrx_word' id='word_1_743' title='bbox 3413 4777 3468 4821; x_wconf 90' lang='lat' dir='ltr'><strong>et</strong></span> <span class='ocrx_word' id='word_1_744' title='bbox 3505 4759 3661 4819; x_wconf 84' lang='lat' dir='ltr'><strong>sacris</strong></span> <span class='ocrx_word' id='word_1_745' title='bbox 3692 4751 3783 4804; x_wconf 86' lang='lat' dir='ltr'><strong>vir-</strong></span> 
     </span>
    </p>
   </div>
   <div class='ocr_carea' id='block_1_98' title="bbox 2247 4844 3783 4929">
    <p class='ocr_par' dir='ltr' id='par_1_98' title="bbox 2247 4844 3783 4929">
     <span class='ocr_line' id='line_1_98' title="bbox 2247 4844 3783 4929; baseline -0.008 -17"><span class='ocrx_word' id='word_1_746' title='bbox 2247 4857 2450 4912; x_wconf 90' lang='lat' dir='ltr'><strong>tutibus</strong></span> <span class='ocrx_word' id='word_1_747' title='bbox 2493 4858 2758 4929; x_wconf 85' lang='lat' dir='ltr'><strong>proficere</strong></span> <span class='ocrx_word' id='word_1_748' title='bbox 2798 4868 2849 4915; x_wconf 91' lang='lat' dir='ltr'><strong>te</strong></span> <span class='ocrx_word' id='word_1_749' title='bbox 2879 4860 3273 4926; x_wconf 85' lang='lat' dir='ltr'><strong>desideramus,</strong></span> <span class='ocrx_word' id='word_1_750' title='bbox 3308 4860 3472 4914; x_wconf 87' lang='lat' dir='ltr'><strong>frater</strong></span> <span class='ocrx_word' id='word_1_751' title='bbox 3509 4844 3783 4910; x_wconf 69' lang='lat' dir='ltr'><strong>charissime</strong></span> 
     </span>
    </p>
   </div>
   <div class='ocr_carea' id='block_1_99' title="bbox 2247 4937 3783 5019">
    <p class='ocr_par' dir='ltr' id='par_1_99' title="bbox 2247 4937 3783 5019">
     <span class='ocr_line' id='line_1_99' title="bbox 2247 4937 3783 5019; baseline -0.003 -16"><span class='ocrx_word' id='word_1_752' title='bbox 2247 4958 2407 5019; x_wconf 88' lang='lat' dir='ltr'><strong>atque</strong></span> <span class='ocrx_word' id='word_1_753' title='bbox 2428 4952 2818 5009; x_wconf 89' lang='lat' dir='ltr'><strong>amantissime.</strong></span> <span class='ocrx_word' id='word_1_754' title='bbox 2854 4954 2987 5010; x_wconf 88' lang='lat' dir='ltr'><strong>Data</strong></span> <span class='ocrx_word' id='word_1_755' title='bbox 3018 4971 3073 5010; x_wconf 72' lang='grc' dir='ltr'><strong>ιι</strong></span> <span class='ocrx_word' id='word_1_756' title='bbox 3104 4954 3377 5011; x_wconf 79' lang='lat' dir='ltr'><strong>Kalendas</strong></span> <span class='ocrx_word' id='word_1_757' title='bbox 3408 4950 3567 5015; x_wconf 84' lang='lat' dir='ltr'><strong>Junii,</strong></span> <span class='ocrx_word' id='word_1_758' title='bbox 3588 4937 3783 5000; x_wconf 67' lang='lat' dir='ltr'><strong>Maximo</strong></span> 
     </span>
    </p>
   </div>
   <div class='ocr_carea' id='block_1_100' title="bbox 2246 5041 2969 5101">
    <p class='ocr_par' dir='ltr' id='par_1_100' title="bbox 2246 5041 2969 5101">
     <span class='ocr_line' id='line_1_100' title="bbox 2246 5041 2969 5101; baseline 0.004 -3"><span class='ocrx_word' id='word_1_759' title='bbox 2246 5049 2302 5098; x_wconf 91' lang='lat' dir='ltr'><strong>et</strong></span> <span class='ocrx_word' id='word_1_760' title='bbox 2329 5041 2494 5099; x_wconf 90' lang='lat' dir='ltr'><strong>Decio</strong></span> <span class='ocrx_word' id='word_1_761' title='bbox 2532 5043 2603 5101; x_wconf 86' lang='lat' dir='ltr'><strong>lV</strong></span> <span class='ocrx_word' id='word_1_762' title='bbox 2628 5045 2969 5101; x_wconf 89' lang='lat' dir='ltr'><strong>consulibus.</strong></span> 
     </span>
    </p>
   </div>
   <div class='ocr_carea' id='block_1_101' title="bbox 559 5250 3782 5288">
    <p class='ocr_par' dir='ltr' id='par_1_101' title="bbox 559 5250 3782 5288">
     <span class='ocr_line' id='line_1_101' title="bbox 559 5250 3782 5288; baseline -0.002 -11"><span class='ocrx_word' id='word_1_763' title='bbox 559 5250 3782 5288; x_wconf 42' lang='grc' dir='ltr'><strong>’,ΜΨ-,Μα-</strong></span> 
     </span>
    </p>
   </div>
   <div class='ocr_carea' id='block_1_102' title="bbox 1142 5334 3241 5449">
    <p class='ocr_par' dir='ltr' id='par_1_102' title="bbox 1142 5334 3241 5449">
     <span class='ocr_line' id='line_1_102' title="bbox 1142 5334 3241 5449; baseline 0.003 -8"><span class='ocrx_word' id='word_1_764' title='bbox 1142 5355 1781 5447; x_wconf 83' lang='lat' dir='ltr'><strong>INCIPIUNT</strong></span> <span class='ocrx_word' id='word_1_765' title='bbox 1853 5356 2395 5448; x_wconf 85' lang='lat' dir='ltr'><strong>DECRETA</strong></span> <span class='ocrx_word' id='word_1_766' title='bbox 2450 5334 2789 5449; x_wconf 12' lang='lat' dir='ltr'><strong>[LUCII</strong></span> <span class='ocrx_word' id='word_1_767' title='bbox 2868 5359 3241 5448; x_wconf 73' lang='lat' dir='ltr'><strong>PAP/E.</strong></span> 
     </span>
    </p>
   </div>
   <div class='ocr_carea' id='block_1_103' title="bbox 1295 5500 3089 5579">
    <p class='ocr_par' dir='ltr' id='par_1_103' title="bbox 1295 5500 3089 5579">
     <span class='ocr_line' id='line_1_103' title="bbox 1295 5500 3089 5579; baseline 0.004 -24"><span class='ocrx_word' id='word_1_768' title='bbox 1295 5500 1471 5571; x_wconf 79' lang='lat' dir='ltr'><strong>(Anno</strong></span> <span class='ocrx_word' id='word_1_769' title='bbox 1508 5502 1720 5558; x_wconf 90' lang='lat' dir='ltr'><strong>Domini</strong></span> <span class='ocrx_word' id='word_1_770' title='bbox 1757 5501 1886 5570; x_wconf 74' lang='lat'><strong>238,</strong></span> <span class='ocrx_word' id='word_1_771' title='bbox 1919 5500 2075 5558; x_wconf 88' lang='lat' dir='ltr'><strong>Gallo</strong></span> <span class='ocrx_word' id='word_1_772' title='bbox 2100 5500 2395 5559; x_wconf 84' lang='lat' dir='ltr'><strong>Hosuliauo</strong></span> <span class='ocrx_word' id='word_1_773' title='bbox 2425 5503 2754 5575; x_wconf 88' lang='lat' dir='ltr'><strong>imperatore</strong></span> <span class='ocrx_word' id='word_1_774' title='bbox 2784 5508 3089 5579; x_wconf 84' lang='lat' dir='ltr'><strong>regnante.)</strong></span> 
     </span>
    </p>
   </div>
   <div class='ocr_carea' id='block_1_104' title="bbox 558 5667 2146 5771">
    <p class='ocr_par' dir='ltr' id='par_1_104' title="bbox 558 5667 2146 5771">
     <span class='ocr_line' id='line_1_104' title="bbox 558 5667 2146 5771; baseline 0.001 -31"><span class='ocrx_word' id='word_1_775' title='bbox 558 5667 571 5675; x_wconf 69' lang='grc'><em>’</em></span> <span class='ocrx_word' id='word_1_776' title='bbox 625 5682 1003 5771; x_wconf 79' lang='lat' dir='ltr'><strong>Dilectissimis</strong></span> <span class='ocrx_word' id='word_1_777' title='bbox 1032 5681 1290 5738; x_wconf 88' lang='lat' dir='ltr'><strong>fratribus</strong></span> <span class='ocrx_word' id='word_1_778' title='bbox 1318 5683 1565 5745; x_wconf 84' lang='lat' dir='ltr'><strong>omnibus</strong></span> <span class='ocrx_word' id='word_1_779' title='bbox 1605 5684 1877 5755; x_wconf 89' lang='lat' dir='ltr'><strong>episcopis</strong></span> <span class='ocrx_word' id='word_1_780' title='bbox 1904 5685 1957 5739; x_wconf 91' lang='lat' dir='ltr'><strong>in</strong></span> <span class='ocrx_word' id='word_1_781' title='bbox 1982 5688 2146 5756; x_wconf 88' lang='lat' dir='ltr'><strong>parti-</strong></span> 
     </span>
    </p>
   </div>
   <div class='ocr_carea' id='block_1_105' title="bbox 554 5773 2144 5846">
    <p class='ocr_par' dir='ltr' id='par_1_105' title="bbox 554 5773 2144 5846">
     <span class='ocr_line' id='line_1_105' title="bbox 554 5773 2144 5846; baseline 0.003 -17"><span class='ocrx_word' id='word_1_782' title='bbox 554 5776 659 5830; x_wconf 86' lang='lat' dir='ltr'><strong>bus</strong></span> <span class='ocrx_word' id='word_1_783' title='bbox 679 5773 1104 5831; x_wconf 87' lang='lat' dir='ltr'><strong>occidentalibus</strong></span> <span class='ocrx_word' id='word_1_784' title='bbox 1140 5783 1248 5830; x_wconf 89' lang='lat' dir='ltr'><strong>tam</strong></span> <span class='ocrx_word' id='word_1_785' title='bbox 1276 5773 1446 5831; x_wconf 85' lang='lat' dir='ltr'><strong>Gallis</strong></span> <span class='ocrx_word' id='word_1_786' title='bbox 1473 5790 1636 5846; x_wconf 89' lang='lat' dir='ltr'><strong>quam</strong></span> <span class='ocrx_word' id='word_1_787' title='bbox 1661 5785 1716 5831; x_wconf 88' lang='lat' dir='ltr'><strong>et</strong></span> <span class='ocrx_word' id='word_1_788' title='bbox 1737 5775 1990 5846; x_wconf 82' lang='lat' dir='ltr'><strong>Hispanis</strong></span> <span class='ocrx_word' id='word_1_789' title='bbox 2017 5793 2144 5835; x_wconf 84' lang='lat' dir='ltr'><strong>con-</strong></span> 
     </span>
    </p>
   </div>
   <div class='ocr_carea' id='block_1_106' title="bbox 558 5866 2027 5941">
    <p class='ocr_par' dir='ltr' id='par_1_106' title="bbox 558 5866 2027 5941">
     <span class='ocr_line' id='line_1_106' title="bbox 558 5866 2027 5941; baseline 0.002 -17"><span class='ocrx_word' id='word_1_790' title='bbox 558 5866 888 5934; x_wconf 76' lang='lat' dir='ltr'><strong>sistezitibus,</strong></span> <span class='ocrx_word' id='word_1_791' title='bbox 908 5867 1105 5924; x_wconf 73' lang='lat' dir='ltr'><strong>Locros</strong></span> <span class='ocrx_word' id='word_1_792' title='bbox 1127 5868 1410 5941; x_wconf 70' lang='lat' dir='ltr'><strong>episcopus</strong></span> <span class='ocrx_word' id='word_1_793' title='bbox 1443 5869 1494 5925; x_wconf 90' lang='lat' dir='ltr'><strong>in</strong></span> <span class='ocrx_word' id='word_1_794' title='bbox 1517 5867 1747 5926; x_wconf 87' lang='lat' dir='ltr'><strong>Domino</strong></span> <span class='ocrx_word' id='word_1_795' title='bbox 1773 5868 2027 5929; x_wconf 86' lang='lat' dir='ltr'><strong>salutem.</strong></span> 
     </span>
    </p>
   </div>
   <div class='ocr_carea' id='block_1_107' title="bbox 2320 5659 3784 5763">
    <p class='ocr_par' dir='ltr' id='par_1_107' title="bbox 2320 5659 3784 5763">
     <span class='ocr_line' id='line_1_107' title="bbox 2320 5659 3784 5763; baseline 0.001 -21"><span class='ocrx_word' id='word_1_796' title='bbox 2320 5687 2556 5744; x_wconf 87' lang='lat' dir='ltr'><strong>Litteras</strong></span> <span class='ocrx_word' id='word_1_797' title='bbox 2607 5688 2914 5744; x_wconf 87' lang='lat' dir='ltr'><strong>dilectionis</strong></span> <span class='ocrx_word' id='word_1_798' title='bbox 2960 5698 3158 5743; x_wconf 76' lang='lat' dir='ltr'><strong>vestrae</strong></span> <span class='ocrx_word' id='word_1_799' title='bbox 3197 5702 3334 5758; x_wconf 88' lang='lat' dir='ltr'><strong>quas</strong></span> <span class='ocrx_word' id='word_1_800' title='bbox 3376 5682 3442 5738; x_wconf 86' lang='lat' dir='ltr'><strong>ad</strong></span> <span class='ocrx_word' id='word_1_801' title='bbox 3493 5674 3627 5763; x_wconf 54' lang='lat' dir='ltr'><strong>beati</strong></span> <span class='ocrx_word' id='word_1_802' title='bbox 3663 5659 3784 5763; x_wconf 33' lang='lat' dir='ltr'><strong>‘p‘fm</strong></span> 
     </span>
    </p>
   </div>
   <div class='ocr_carea' id='block_1_108' title="bbox 2248 5757 3784 5849">
    <p class='ocr_par' dir='ltr' id='par_1_108' title="bbox 2248 5757 3784 5849">
     <span class='ocr_line' id='line_1_108' title="bbox 2248 5757 3784 5849; baseline -0.025 -2"><span class='ocrx_word' id='word_1_803' title='bbox 2248 5776 2475 5846; x_wconf 66' lang='grc' dir='ltr'><strong>θροειοιὶ</strong></span> <span class='ocrx_word' id='word_1_804' title='bbox 2532 5777 2715 5832; x_wconf 78' lang='lat' dir='ltr'><strong>sedem</strong></span> <span class='ocrx_word' id='word_1_805' title='bbox 2757 5793 2856 5849; x_wconf 85' lang='lat' dir='ltr'><strong>pro</strong></span> <span class='ocrx_word' id='word_1_806' title='bbox 2915 5777 3078 5832; x_wconf 80' lang='lat' dir='ltr'><strong>vestri</strong></span> <span class='ocrx_word' id='word_1_807' title='bbox 3112 5757 3279 5832; x_wconf 80' lang='lat' dir='ltr'><strong>causa</strong></span> <span class='ocrx_word' id='word_1_808' title='bbox 3332 5769 3525 5843; x_wconf 81' lang='lat' dir='ltr'><strong>negotii</strong></span> <span class='ocrx_word' id='word_1_809' title='bbox 3569 5757 3784 5849; x_wconf 38' lang='lat' dir='ltr'><strong>misistis:</strong></span> 
     </span>
    </p>
   </div>
   <div class='ocr_carea' id='block_1_109' title="bbox 2251 5841 3787 5938">
    <p class='ocr_par' dir='ltr' id='par_1_109' title="bbox 2251 5841 3787 5938">
     <span class='ocr_line' id='line_1_109' title="bbox 2251 5841 3787 5938; baseline -0.018 -16"><span class='ocrx_word' id='word_1_810' title='bbox 2251 5868 2484 5924; x_wconf 88' lang='lat' dir='ltr'><strong>libenter</strong></span> <span class='ocrx_word' id='word_1_811' title='bbox 2536 5841 2896 5938; x_wconf 76' lang='lat' dir='ltr'><strong>suscepimus,</strong></span> <span class='ocrx_word' id='word_1_812' title='bbox 2946 5867 3043 5924; x_wconf 88' lang='lat' dir='ltr'><strong>sed</strong></span> <span class='ocrx_word' id='word_1_813' title='bbox 3089 5865 3156 5923; x_wconf 87' lang='lat' dir='ltr'><strong>de</strong></span> <span class='ocrx_word' id='word_1_814' title='bbox 3205 5841 3423 5922; x_wconf 60' lang='lat' dir='ltr'><strong>vestris</strong></span> <span class='ocrx_word' id='word_1_815' title='bbox 3456 5841 3787 5914; x_wconf 70' lang='lat' dir='ltr'><strong>afﬂictionibus</strong></span> 
     </span>
    </p>
   </div>
  </div>
