3926 6450
156 396 248 456 169

1326 381 1811 445 uecnerauuu
1854 370 2261 441 COLLECTIo.‘

3318 385 3439 442 {20'

149 526 250 564 non
295 504 509 562 modice
553 500 863 559 contristati
917 515 1124 557 sumus.
1175 499 1539 571 Significastis
1577 500 1722 553 enim
1752 496 1800 556 Α
1830 498 1932 552 ιιίει
1965 507 2227 567 quantum
2267 499 2334 553 ad
2363 510 2607 568 propnas
2645 497 2881 566 pertinet
2927 496 3230 567 parochias,
3258 507 3429 569 agant

150 613 240 652 vos
263 606 373 651 tam
401 609 432 649 a
471 592 789 658 quibusdam
817 607 925 648 non
949 598 1153 648 rectam
1191 591 1350 647 fidem
1396 589 1726 654 tenentibus,

149 690 234 747 sed
273 689 553 745 erroribus
590 685 898 756 implicitis,
930 701 1091 757 quam
1132 694 1187 741 et
1216 687 1285 741 ab
1326 684 1448 739 aliis
1480 699 1574 739 eos
1609 682 1731 737 imi-

150 780 380 835 tantibus
430 794 527 833 vos
574 777 826 849 persequi
875 785 928 830 ct
985 775 1262 841 infamari,
1309 786 1472 846 alque
1519 782 1730 829 vestras

146 869 399 926 ecclesias
425 869 539 923 suis
580 868 819 931 dotibus,
865 876 920 922 et
961 868 1201 922 fidelium
1237 866 1602 921 oblationibus
1630 879 1726 919 ex-

146 962 383 1034 spoliari,
440 968 757 1032 vestrosque
783 961 1064 1015 ministros
1088 960 1251 1014 nimis
1282 959 1498 1024 vexari,
1526 967 1583 1012 et
1609 956 1728 1012 ideo

147 1051 335 1107 mullos
371 1068 403 1106 a
431 1052 587 1106 vobis
616 1059 669 1106 et
704 1067 733 1105 a
782 1060 926 1107 recta
977 1051 1081 1106 fide
1121 1050 1433 1115 discedere,
1469 1048 1727 1119 quoniam

145 1143 217 1197 eis
237 1156 341 1196 non
370 1142 603 1212 potestis
641 1141 1010 1197 defensionem
1056 1142 1370 1212 impendere
1393 1155 1495 1196 nec
1519 1155 1581 1195 ea
1608 1154 1729 1211 qua:

145 1233 447 1290 necessaria
479 1241 606 1287 sunt
632 1232 967 1289 ministrare.
1000 1232 1177 1289 Nolite
1201 1232 1408 1297 mirari,
1436 1230 1655 1297 fratres,
1680 1229 1727 1285 si

144 1341 233 1381 vos
285 1324 540 1380 malevoli
589 1334 646 1380 et
673 1326 821 1396 impii
881 1335 1312 1397 persequuntur,
1371 1340 1493 1382 cum
1550 1324 1723 1395 ipsum

145 1417 414 1473 Christum
464 1426 629 1490 caput
672 1427 920 1475 nostrum
971 1420 1081 1474 sint
1125 1418 1429 1490 persecuti,
1480 1417 1625 1472 unde
1670 1425 1726 1472 et

146 1508 549 1564 consolatricem
600 1511 769 1581 ipsam
825 1511 1040 1567 habetis
1082 1509 1402 1577 Veritatem,
1440 1525 1560 1580 quae
1607 1509 1722 1564 ait:

151 1616 168 1649 ι
201 1597 253 1653 Si
299 1598 753 1670 patremfamilias
792 1599 1084 1657 Belzebth
1126 1609 1476 1665 vocaverunt,
1521 1608 1723 1670 quanto

145 1691 305 1761 magis
335 1690 666 1747 domesticos
692 1690 809 1760 ejus
839 1693 1060 1764 (Matth.
1085 1710 1144 1760 κ,
1167 1694 1289 1765 25)!
1328 1713 1348 1746 ι
1374 1694 1492 1763 ipsa
1524 1693 1719 1749 iterum

145 1782 428 1839 consolans
455 1799 573 1848 nos,
600 1784 842 1856 loquitur
864 1787 1070 1843 dicens.
1112 1806 1131 1839 ι
1170 1787 1226 1842 Si
1267 1788 1334 1842 de
1371 1787 1477 1844 hoc
1519 1784 1721 1841 mundo

1820 586 1976 657 juxta
2005 597 2316 644 sanctorum
2355 589 2648 644 constituta
2676 598 2915 659 patrum,
2957 595 3019 644 ut
3052 605 3162 645 uno
3210 591 3415 659 animo,

1827 698 1936 738 uno
1962 696 2058 738 ore
2087 683 2433 738 concorditer
2487 690 2678 737 sancta
2730 681 3064 753 glorificetur
3090 682 3333 739 Trinitas
3364 682 3417 737 in

1830 774 2047 831 saecula.
2080 772 2344 830 Similiter
2396 775 2728 831 auctoritate
2750 774 2867 830 fulti
2927 774 3249 847 apostolica,
3280 789 3424 844 prm-

1829 869 2078 939 cipimus,
2101 876 2164 923 ut
2201 867 2380 923 nullus
2406 868 2855 939 metropolitanus
2885 868 3171 940 episcopus
3214 869 3421 936 absque

1829 968 2148 1017 cancrorum
2185 960 2427 1015 omnium
2459 959 3000 1030 comprovincialium
3035 961 3418 1030 episcoporum

1828 1050 2087 1106 instantia
2131 1048 2435 1119 aliquorum
2490 1051 2675 1106 audiat
2707 1067 2901 1107 causas
2951 1066 3159 1114 eorum,
3188 1050 3318 1123 quia
3347 1051 3421 1106 ir-

1828 1143 1932 1198 rita
1960 1149 2142 1209 erunt,
2171 1149 2227 1198 et
2271 1142 2385 1214 ipse
2413 1157 2634 1199 causam
2660 1157 2759 1214 pro
2790 1140 2938 1199 facto
2966 1142 3135 1200 dabit.
3168 1140 3420 1214 Episcopi

1826 1250 1957 1291 vero
1985 1250 2085 1305 per
2110 1234 2352 1305 singulas
2393 1236 2702 1306 provincias
2731 1235 3025 1292 observent
3050 1251 3120 1291 ne
3149 1235 3419 1307 posterio-

1827 1340 1917 1381 res
1945 1340 2005 1381 se
2033 1324 2314 1397 prioribus
2346 1324 2458 1381 suis
2485 1324 2798 1396 praeferant,
2840 1341 2943 1383 nec
2972 1325 3052 1383 eis
3078 1324 3423 1388 inconsultis,

1824 1416 1931 1472 nisi
1988 1426 2247 1486 quantum
2303 1416 2369 1472 ad
2419 1417 2693 1488 propriam
2749 1416 2989 1489 pertinet
3080 1416 3421 1488 parochiam,

1831 1506 2036 1578 aliquid
2092 1515 2289 1579 agant,
2335 1507 2428 1563 sed
2483 1522 2673 1563 omnes
2708 1506 2777 1563 de
2813 1507 3188 1563 communibus
3232 1520 3421 1561 eorum

1823 1598 2003 1655 causis
2055 1613 2344 1655 consonam
2391 1600 2713 1654 sententiam
2766 1599 3046 1672 proferant
3088 1605 3144 1655 et
3163 1598 3423 1655 determi-‘

1823 1693 2234 1762 nent,quoniam
2260 1692 2420 1748 aliter
2449 1701 2567 1747 acta
2603 1692 2778 1749 nullas
2800 1693 2945 1750 vires
2973 1692 3273 1759 habebunt,
3321 1706 3422 1747 nec

1826 1783 2202 1839 ecclesiastica
2236 1784 2657 1853 reputabuntur.

146 1870 398 1940 fuissetis,
430 1855 833 1947 mundusquod
861 1894 1017 1933 suum
1049 1879 1453 1951 eratdiligeret,
1478 1879 1572 1935 sed
1600 1879 1726 1948 quia
1759 1855 1807 1918 Β
1902 1876 2109 1931 Bonum
2138 1883 2304 1941 esset,
2334 1875 2558 1943 fratres,
2583 1884 2639 1932 et
2670 1875 2830 1933 valde
2878 1876 3049 1933 Deum
3082 1874 3420 1937 timentibus,

146 1976 243 2017 non
273 1965 413 2019 estis
433 1965 499 2021 de
527 1966 631 2021 hoc
655 1968 875 2033 mundo,
898 1968 990 2024 sed
1012 1984 1111 2039 ego
1138 1969 1274 2041 elegi
1298 1985 1393 2025 vos
1418 1970 1484 2024 de
1505 1969 1730 2039 mundo,

147 2062 425 2124 propterea
457 2055 572 2111 odit
594 2072 693 2113 vos
723 2060 959 2116 mundus
984 2060 1165 2133 (Joan.
1192 2061 1419 2131 “,19).
1450 2081 1469 2116 ι
1504 2060 1733 2133 Propter

151 2145 290 2210 tales,
318 2146 545 2213 fratres,
578 2148 863 2207 hortamur
892 2168 990 2208 vos
1034 2155 1175 2211 sicut
1211 2164 1266 2211 et
1302 2156 1355 2211 in
1388 2156 1491 2212 hac
1543 2164 1731 2213 sancta

150 2235 381 2295 Ecclesia
411 2242 765 2299 constitutum
790 2244 1071 2312 habemus,
1095 2256 1154 2303 ut
1179 2263 1395 2319 semper
1420 2257 1585 2305 testes
1631 2265 1731 2305 vo-

150 2327 344 2385 biscum
377 2333 687 2390 sacerdotes
709 2342 763 2388 ct
791 2336 1046 2393 diaconos
1074 2339 1338 2405 habeatis,
1360 2348 1415 2395 et
1444 2340 1570 2396 licet
1602 2356 1731 2396 con-

152 2421 421 2478 scientiam
461 2425 708 2484 sutlicere
753 2429 921 2499 possit
972 2431 1190 2500 propria
1218 2472 1233 2499 ,
1297 2442 1476 2488 tamen
1512 2441 1732 2504 propter

153 2512 453 2576 malevolos.
476 2516 628 2587 juxta
659 2520 960 2589 apostolum
1002 2523 1164 2577 etiam
1211 2523 1578 2579 testimonium
1633 2538 1731 2580 vos

153 2606 572 2673 oportethabere
600 2610 801 2668 bonum
830 2614 1008 2671 abhis
1030 2616 1121 2684 qui
1146 2612 1277 2670 foris
1303 2626 1450 2672 sunt.
1467 2616 1730 2683 Quoniam

153 2700 201 2755 in
244 2700 352 2759 hac
391 2712 577 2759 sancta
622 2704 749 2760 sede
797 2706 1155 2760 constitutum
1201 2706 1481 2772 habemus,
1524 2715 1585 2761 ut
1627 2707 1731 2763 duo

155 2792 471 2864 presbyteri,
494 2793 580 2850 vel
612 2803 722 2851 tres
743 2796 954 2852 diaconi
989 2797 1042 2851 in
1070 2797 1217 2853 omni
1248 2798 1370 2854 loco
1415 2799 1728 2870 episcopum

156 2896 247 2938 non
271 2885 528 2943 deserant
585 2898 809 2960 propter
863 2890 1232 2946 testimonium
1280 2893 1727 2948 ecclesiasticum.

158 2972 393 3048 Episcopi
422 2995 553 3050 ergo
577 2996 683 3037 non
715 2991 842 3038 sunt
867 2982 1064 3040 leviter
1091 2987 1380 3041 accusandi
1425 2986 1508 3040 vel
1552 2986 1731 3041 dctra-

157 3065 331 3130 bendi,
357 3070 477 3139 quia
510 3070 705 3140 injuria
734 3088 922 3129 eorum
955 3074 1020 3128 ad
1049 3073 1326 3131 Christum
1354 3077 1606 3146 pertinet,
1631 3091 1729 3132 cu-

146 3152 224 3223 jus
261 3158 371 3214 vice
391 3170 448 3214 et
468 3160 735 3233 legatione
756 3161 1052 3235 funguntur
1076 3166 1128 3221 in
1158 3166 1419 3223 Ecclesia.
1455 3166 1607 3222 Unde
1634 3182 1729 3222 vo-

1834 1973 1888 2023 et
1908 1966 1995 2038 pie
2022 1966 2206 2022 vivere
2224 1966 2532 2023 volentibus
2559 1966 2950 2032 necessarium,
2981 1965 3030 2022 si
3060 1965 3206 2022 intra
3228 1964 3422 2021 catho-

1832 2055 1994 2112 licam
2025 2056 2324 2113 Ecclesiam
2348 2056 2546 2113 nullius
2574 2057 2702 2114 mali
2730 2066 2823 2113 aut
2851 2055 3217 2114 infestationis
3250 2053 3421 2111 alicu-

1825 2145 1917 2217 jus
1942 2164 2068 2221 erga
2093 2148 2308 2204 Domini
2356 2147 2670 2206 sacerdotes
2698 2158 2791 2205 aut
2811 2148 2957 2218 juste
2982 2155 3037 2205 et
3062 2147 3152 2220 pie
3177 2146 3426 2204 volentes

1831 2239 2015 2295 vivere
2041 2255 2261 2312 germen
2301 2247 2642 2311 exsurgeret.
2692 2237 2798 2296 Sed
2828 2239 2956 2311 quia
2977 2237 3308 2311 praevalente
3333 2237 3419 2292 iu-

1831 2332 1999 2396 vidia,
2030 2332 2174 2403 quod
2202 2332 2442 2387 deterius
2467 2341 2582 2397 est,
2626 2331 2801 2403 surgit
2829 2339 2885 2387 et
2916 2330 3117 2387 crescit
3145 2338 3311 2402 atque
3336 2329 3437 2384 ni-

1833 2425 1938 2481 mis
1964 2439 2022 2480 se
2066 2424 2118 2480 in
2160 2438 2351 2480 omnes
2403 2431 2590 2495 partes
2630 2424 2894 2489 extendit,
2948 2422 3153 2495 idcirm
3198 2435 3437 2479 necesse—

1833 2526 1919 2573 est
1965 2516 2094 2572 illud
2148 2516 2525 2573 ecclesiastico
2552 2524 2607 2572 et
2647 2514 2947 2587 apostolico
3008 2514 3252 2571 abscindi
3305 2529 3427 2569 mu-

1832 2622 2116 2675 crone,ue
2151 2622 2339 2663 servos
2386 2607 2479 2663 Dei
2534 2621 2601 2663 ac
2648 2605 2864 2662 Domini
2915 2604 3293 2661 sacerdotibus
3324 2620 3423 2659 va-

1832 2702 1942 2759 leat
1978 2717 2175 2758 nocere
2200 2709 2293 2757 aut
2321 2701 2570 2772 perdere.
2600 2720 2619 2752 σ
2652 2699 3027 2756 Exhonoravit
3049 2699 3195 2755 enim
3239 2698 3422 2755 Domi-

1834 2810 1955 2859 nus,
2000 2814 2020 2848 ι
2048 2794 2183 2850 utin
2213 2793 2598 2850 Ecclesiastico
2626 2791 2823 2865 legitur
2868 2791 3086 2857 libro,»
3122 2797 3424 2847 conventus

1833 2886 2122 2951 malorum,
2153 2894 2206 2943 et
2235 2885 2502 2940 destruxit
2528 2885 2674 2940 Deus
2700 2899 2794 2939 eos
2823 2898 2996 2954 usque
3022 2883 3076 2938 in
3110 2881 3294 2938 finem.
3321 2881 3420 2938 Se-

1833 2981 1930 3037 des
1957 2980 2154 3036 ducum
2203 2978 2560 3050 superborum
2607 2976 2879 3034 destruxit
2932 2974 3100 3041 Deus,
3132 2982 3188 3030 et
3229 2975 3424 3030 sedere
3477 2978 3483 2984 ’

1832 3070 2148 3128 fecitmites
2189 3084 2290 3141 pro
2332 3068 2432 3125 eis.
2490 3067 2727 3123 Radices
2776 3066 3017 3139 gentium
3064 3065 3423 3135 superbarum

1834 3160 2059 3217 arcfecit
2100 3160 2261 3225 Deus,
2305 3167 2361 3215 et
2388 3158 2656 3231 plantavit
2695 3157 2931 3214 lmmiles
2958 3172 3026 3214 ex
3063 3156 3196 3229 ipsis
3238 3156 3421 3228 genti-

150 3244 233 3303 bis
260 3252 498 3308 omnibus
523 3262 581 3308 et
605 3253 697 3325 qui
728 3255 1007 3311 vobiscum
1032 3266 1161 3313 sunt
1198 3258 1251 3313 in
1280 3268 1465 3313 nostro
1518 3257 1726 3324 solatio,
1758 3241 1802 3304 C
1833 3256 1956 3312 bus.
2000 3255 2199 3311 Terras
2229 3253 2472 3325 gentium
2509 3252 2706 3309 evertit
2757 3251 3041 3316 Dominus,
3075 3258 3130 3306 et
3182 3248 3424 3320 perdidit

155 3340 292 3395 sicut
312 3352 363 3398 et
390 3343 517 3399 olim
542 3343 748 3402 factum
779 3346 1107 3414 invenimus,
1142 3350 1397 3404 constitui
1422 3349 1643 3420 placuit,
1668 3357 1729 3405 ut

157 3431 549 3491 criminationes
571 3435 836 3505 majorum
860 3446 989 3495 natu
1018 3455 1115 3509 per
1134 3439 1268 3496 alios
1288 3456 1394 3496 non
1439 3441 1590 3513 flant,
1625 3441 1727 3497 nisi

154 3535 251 3592 per
298 3522 436 3594 ipsos
491 3527 582 3597 qui
643 3529 872 3586 crimina
913 3530 1236 3599 intendunt,
1288 3533 1331 3587 si
1385 3541 1564 3589 tamen
1623 3534 1725 3606 ipsi

157 3624 211 3669 et
247 3616 377 3688 digni
417 3628 473 3674 et
512 3620 1018 3692 irreprehensibiles
1071 3626 1439 3696 apparuerint,
1498 3636 1554 3682 et
1590 3628 1728 3684 actis

161 3707 423 3765 docuerint
454 3713 706 3784 publicis,
744 3716 890 3771 omni
913 3730 972 3772 se
996 3731 1184 3773 carere
1219 3716 1526 3788 suspicione
1563 3729 1729 3789 atque

161 3803 443 3870 inimicitia,
483 3817 540 3863 et
579 3809 1104 3882 irreprehensibilem
1136 3810 1296 3868 ﬁdem
1337 3827 1401 3868 ac
1432 3828 1727 3870 conversa-

162 3892 344 3950 tionem
386 3896 498 3967 39
530 3898 749 3953 ducere.
784 3897 938 3955 Unde
986 3900 1187 3971 placuit
1213 3909 1271 3955 ut
1311 3917 1339 3956 a
1393 3902 1727 3971 quibuscun-

162 3998 256 4052 que
294 3986 561 4055 judrctbus
608 3987 994 4045 ecclesiasticis
1039 3992 1106 4045 ad
1160 3991 1297 4047 alios
1312 3991 1524 4062 judices
1552 3993 1729 4051 eccle-

164 4074 419 4144 siasticos,
451 4080 542 4135 ubi
567 4087 652 4134 est
702 4081 879 4151 major
906 4083 1201 4139 auctoritas
1233 4083 1300 4153 (si
1335 4081 1497 4140 fuerit
1530 4100 1728 4155 provo-

165 4169 660 4241 catum),audicntia
711 4187 818 4227 non
850 4183 1100 4244 negetur.
1159 4174 1292 4230 Item
1343 4177 1726 4235 constituimus

166 4258 285 4315 sicut
306 4273 360 4318 et
380 4278 409 4317 a
447 4264 652 4319 sanctis
678 4264 958 4335 apostolis,
997 4280 1296 4339 eorumque
1316 4269 1725 4326 successoribus

166 4351 416 4410 decretum
464 4356 812 4426 reperimus:
854 4358 899 4412 si
930 4358 1052 4428 quis
1108 4361 1560 4431 metropolitanus
1612 4360 1725 4432 epi-

167 4459 341 4517 scopus
367 4449 469 4504 nisi
503 4449 650 4519 quod
700 4450 1037 4506 solummodo
1067 4451 1133 4506 ad
1161 4452 1434 4524 propriam
1486 4454 1726 4524 pertinet

164 4539 446 4604 parochiam
482 4541 604 4596 sine
632 4540 861 4597 consilio
885 4553 940 4598 et
964 4543 1248 4599 voluntate
1298 4544 1542 4600 omnium
1572 4554 1751 4601 com-‘

165 4631 550 4697 provincialium
614 4634 992 4704 episcoporum
1063 4643 1221 4691 extra
1279 4635 1484 4707 aliquid
1561 4652 1722 4708 agere

167 4724 447 4787 tentaverit,
496 4724 699 4796 gradus
747 4726 830 4780 sui
858 4726 1100 4798 periculo
1131 4727 1454 4799 subjacebit,
1491 4736 1547 4782 et
1576 4729 1721 4799 quod

164 4814 308 4881 egerit
336 4815 550 4871 irritum
594 4814 858 4871 habeatur
907 4824 964 4872 et
1012 4798 1263 4872 vacuum.
1317 4817 1423 4872 Sed
1459 4798 1743 4889 quidquid,

166 4900 220 4957 de
251 4906 784 4977 comprovincialium
812 4908 1258 4982 coepiscoporum
1286 4911 1467 4966 causis
1498 4926 1721 4967 eorum-

163 5007 250 5063 que
280 4999 630 5055 ecclesiarum
682 5009 739 5056 et
786 5000 1108 5057 clericorum
1168 5011 1327 5072 atque
1379 5003 1718 5060 szecularium

162 5091 574 5158 necessitatibus,
629 5099 722 5146 aut
767 5091 836 5147 de
885 5093 1296 5165 quibuscunque
1341 5096 1722 5152 communibus

161 5182 316 5238 causis
341 5198 504 5255 agere
528 5192 623 5239 aut
646 5184 935 5255 disponere
966 5200 1193 5242 necesse
1245 5187 1431 5253 fuerit,
1463 5189 1567 5244 hoc
1592 5204 1716 5244 cum

161 5274 375 5331 omnium
398 5290 672 5331 consensu
712 5278 1233 5347 conproviucialium
1285 5289 1478 5351 agatur
1501 5279 1721 5351 pontifi-

159 5377 286 5434 cum,
316 5383 421 5424 non
452 5368 638 5439 aliquo
690 5369 1079 5426 dominationis
1122 5370 1286 5436 fastu,
1317 5373 1411 5427 sed
1461 5373 1719 5429 concordi

161 5465 208 5510 et
243 5456 533 5515 humillima
588 5459 1078 5525 administratione,
1112 5460 1251 5516 sicut
1278 5460 1540 5518 Dominus
1598 5464 1715 5519 ait:

166 5560 183 5596 ι
203 5543 309 5604 Non
326 5550 447 5605 veni
470 5549 788 5613 ministrari,
820 5551 913 5606 sed
936 5550 1249 5607 ministrare
1271 5550 1467 5624 (Marc.
1491 5568 1549 5619 ι,
1570 5553 1664 5625 45)
1694 5574 1714 5608 ι

157 5634 220 5703 Et
238 5639 356 5697 alibi
388 5657 403 5698 :
442 5660 462 5693 ι
501 5642 605 5711 Qui
642 5640 818 5710 major
867 5652 953 5717 est
994 5652 1256 5708 vestrum,
1313 5645 1421 5701 erit
1473 5646 1721 5702 minister

160 5739 316 5788 vester
331 5730 549 5804 (Matth.
580 5748 741 5797 χχιιι,
762 5734 871 5806 ll),
896 5754 913 5787 ι
934 5742 986 5790 ει
1007 5734 1232 5804 reliqua.
1249 5733 1513 5791 Similiter
1538 5747 1592 5792 et
1617 5737 1717 5807 ipsi

159 5825 617 5896 comprovinciales
652 5826 887 5902 cpiscOpi
921 5836 1117 5884 cuncta
1143 5844 1262 5884 cum
1293 5829 1410 5907 ejus
1469 5830 1714 5902 consilio,

1833 3364 1928 3407 eas
1979 3363 2152 3418 usque
2202 3347 2268 3402 ad
2319 3344 2750 3401 fundamentum.
2798 3343 3036 3399 Arefecit
3091 3359 3157 3399 ex
3204 3342 3337 3412 ipsis
3367 3349 3424 3396 et

1832 3443 2153 3515 disperdidit
2182 3456 2298 3505 eos,
2327 3449 2384 3497 ει
2410 3455 2628 3497 cessare
2677 3439 2807 3495 fecit
2856 3439 3174 3496 memoriam
3229 3454 3422 3496 eorum

1831 3535 1898 3592 de
1932 3544 2098 3591 terra.
2129 3533 2372 3590 Perdidit
2401 3534 2543 3588 Deus
2582 3532 2902 3587 memoriam
2957 3531 3338 3602 superborum,
3367 3541 3423 3586 et

1828 3628 2050 3699 reliquit
2074 3625 2393 3683 memoriam
2429 3623 2711 3680 humilium
2742 3638 2927 3678 sensu.
2960 3623 3077 3678 Non
3109 3632 3193 3679 est
3232 3633 3419 3679 creata

1829 3718 2141 3777 hominibus
2173 3716 2423 3787 superbia
2457 3729 2634 3785 neque
2659 3712 2939 3769 iracundia
2980 3711 3186 3767 nationi
3217 3712 3411 3768 mulie-

1831 3828 1972 3867 rum.
2002 3808 2199 3866 Semen
2227 3808 2507 3865 hominum
2538 3804 2897 3862 honorabitur
2942 3804 3046 3860 hoc
3073 3802 3215 3873 quod
3264 3803 3421 3859 timet

1828 3903 2021 3964 Deum.
2050 3916 2233 3957 semen
2275 3907 2456 3956 autem
2506 3897 2611 3953 hoc
2660 3893 3090 3952 exhonorabitur
3132 3893 3416 3949 hominum

1828 3997 1970 4068 quod
2001 3995 2245 4068 praeterit
2295 3992 2550 4049 mandata
2602 3991 2842 4048 Domini.
2869 3990 2927 4046 ln
2955 3990 3136 4046 medio
3186 3988 3423 4046 fratrum

1826 4098 2012 4147 rector
2046 4088 2262 4144 illorum
2308 4087 2362 4143 in
2394 4087 2627 4151 honore,
2655 4093 2709 4139 et
2733 4083 2824 4156 qui
2855 4083 3054 4140 timent
3104 4083 3423 4150 Dominum,

1827 4181 2067 4237 eruntin
2116 4178 2287 4234 oculis
2338 4176 2476 4248 ejus.
2525 4175 2708 4231 Gloria
2761 4174 2986 4230 divitum
3025 4173 3414 4229 honoratorum

1825 4279 1882 4328 et
1903 4286 2199 4342 pauperum
2227 4270 2388 4324 timor
2413 4267 2507 4324 Dei
2534 4275 2657 4322 est:
2684 4265 2793 4323 noli
2816 4265 3095 4335 despicere
3139 4261 3419 4320 hominem

1819 4362 2027 4435 justum
2062 4375 2379 4435 pauperem,
2429 4368 2486 4417 et
2530 4357 2640 4414 noli
2694 4356 3048 4431 magnificare
3081 4356 3260 4411 virum
3291 4368 3418 4425 pec-

1827 4465 2069 4513 catorem
2126 4456 2370 4512 divitem.
2444 4452 2675 4525 Magnus
2730 4460 2817 4508 est
2858 4451 3055 4517 Iudex,
3129 4459 3185 4506 et
3229 4456 3427 4521 potens

1829 4557 1914 4605 est
1982 4548 2211 4613 honore,
2272 4557 2328 4600 et
2378 4558 2487 4601 non
2545 4552 2630 4599 est
2696 4542 2872 4613 major
2930 4541 3024 4598 illo
3092 4540 3185 4612 qui
3258 4538 3417 4594 timet

1750 4607 1801 4668 Β
1824 4642 2014 4697 Deum.
2050 4607 2220 4696 Servo
2275 4648 2492 4693 scnsato
2545 4636 2700 4692 liberi
2750 4607 3016 4699 serviunt,
3063 4607 3127 4690 et
3159 4632 3411 4704 virpru-

1825 4730 1960 4787 deus
1990 4737 2047 4784 et
2102 4727 2480 4798 disciplinatus
2526 4742 2634 4782 non
2692 4722 3060 4781 murmurabit
3107 4730 3417 4792 correptus,

1825 4827 1883 4876 et
1931 4818 2136 4874 inscius
2182 4834 2289 4874 non
2347 4816 2722 4874 honorabitur.
2774 4814 2893 4871 Noli
2946 4822 2999 4870 te
3036 4811 3301 4868 extollere
3358 4812 3412 4867 in

1824 4910 2073 4967 faciendo
2122 4926 2288 4981 opera
2344 4918 2460 4977 tua,
2518 4918 2574 4966 et
2621 4908 2730 4965 noli
2780 4906 3026 4964 cunctari
3078 4906 3132 4961 in
3167 4914 3416 4976 tempore

1825 5002 2107 5073 angustiae.
2167 5000 2359 5058 Melior
2408 5009 2495 5057 est
2548 5000 2639 5070 qui
2693 5006 2951 5071 operatur
2987 5006 3039 5054 et
3091 4997 3331 5055 abundat
3359 4999 3413 5053 in

1826 5093 2081 5150 omnibus
2106 5109 2269 5165 quam
2324 5094 2416 5164 qui
2452 5092 2721 5165 gloriatur.
2744 5099 2800 5147 et
2838 5099 2960 5161 eget
3006 5106 3166 5161 pane.
3198 5089 3326 5157 Fili,
3359 5090 3414 5147 in

1827 5186 2242 5242 mansuetudine
2281 5201 2436 5241 serva
2487 5185 2724 5239 animam
2755 5190 2900 5238 tuam
2932 5186 2989 5237 ει
3023 5183 3089 5239 da
3120 5182 3193 5238 illi
3242 5182 3416 5238 hono-

1828 5290 1943 5333 rem
1973 5276 2267 5332 secundum
2324 5274 2574 5331 meritum
2625 5289 2805 5329 suum.
2857 5272 3181 5329 Peccantem
3209 5274 3261 5328 in
3297 5272 3417 5327 ani-

1828 5384 1972 5425 mam
2000 5384 2154 5425 suam
2177 5367 2300 5440 quis
2321 5365 2698 5437 justificahit?
2750 5373 2805 5422 et
2862 5365 2985 5437 quis
3024 5358 3415 5423 honorificahit

1802 5460 2256 5517 exhonorantem
2334 5459 2572 5514 animam
2630 5457 2834 5513 suam?
2883 5456 3097 5530 Pauper.
3156 5456 3415 5528 gloriatur

1820 5568 1920 5623 per
1960 5552 2298 5624 disciplinam
2328 5559 2382 5608 et
2407 5552 2655 5606 timorem
2695 5566 2874 5617 suum,
2912 5552 3071 5606 etfest
3125 5544 3289 5604 homo
3310 5548 3406 5620 qui

1822 5645 2212 5701 honorificatur
2235 5652 2457 5716 propter
2484 5644 2838 5700 substantiam
2874 5658 3048 5698 suam.
3078 5630 3178 5710 Qui
3209 5642 3407 5714 gloria-

1820 5744 1911 5793 tur
1940 5738 1991 5792 in
2024 5746 2360 5810 paupertate,
2408 5744 2613 5809 quanto
2666 5737 2840 5810 magis
2880 5736 3275 5793 iusubstantia
3301 5737 3325 5791 i
3353 5745 3410 5793 et

1822 5832 1915 5907 qui
1951 5832 2216 5908 gloriatur
2251 5831 2303 5887 in
2344 5832 2669 5899 substantia,
2715 5836 3087 5903 paupertatem
3136 5837 3419 5887 voventium.
