3926 6452
531 404 627 462 171

1276 410 1567 468 ΑΡΡΕΝΙ).
1609 414 1701 469 AD
1740 410 1913 471 SIEC.
1949 413 2039 468 lX.
2080 446 2147 456 -—
2176 414 2425 470 lSlDURl
2463 386 2905 475 MERCATOIUS

3670 440 3754 497 172

525 519 801 592 Sapientia
836 522 1102 578 liumiliati
1125 524 1386 580 exaltabit
1427 524 1743 595 caputeius,
1765 534 1821 580 et
1845 526 1900 579 in
1931 524 2106 579 medio
2134 512 2180 568 Α
2210 524 2589 595 alienigenam,
2617 536 2671 582 et
2697 528 2974 583 subvertet
3002 537 3053 583 te
3079 527 3131 581 in
3184 530 3415 597 turbine,
3443 544 3493 591 et
3520 539 3753 601 abaliena-

526 618 899 689 magnatorum
947 613 1231 670 considere
1282 614 1432 670 illum
1488 615 1673 671 faciet.
1747 615 1863 671 Non
1917 614 2106 671 laudes

526 703 702 758 virum
750 703 803 759 in
832 705 1012 775 specie
1069 721 1188 771 sua,
1239 721 1416 776 neque
1462 722 1692 778 spernas
1739 707 2011 763 hominem
2051 707 2103 761 in

522 786 637 847 visu
668 809 786 849 suo.
830 795 1015 851 Brevis
1054 798 1107 852 in
1145 798 1457 855 volatilibus
1482 808 1567 854 est
1618 799 1767 870 apis,
1795 808 1869 872 pet
1891 801 2105 855 initium

524 884 758 942 dulcoris
805 887 967 943 habet
1002 889 1210 947 fructus
1241 891 1404 949 illius.
1433 892 1491 947 lu
1521 893 1715 947 vestitu
1744 908 1812 949 ne
1859 893 2107 967 glorieris

532 991 787 1046 unquam,
819 997 920 1036 nec
958 982 1010 1036 in
1051 983 1137 1039 die
1169 984 1388 1042 honoris
1413 986 1489 1040 tui
1522 985 1821 1053 extollaris,
1850 986 2103 1057 quoniam

530 1067 796 1125 mirabilia
865 1086 1028 1143 opera
1090 1074 1351 1130 Altissimi
1409 1076 1593 1140 solius,
1651 1085 1705 1134 et
1770 1076 2005 1148 gloriosa
2051 1084 2103 1129 et

528 1156 788 1213 abscousa
815 1169 870 1214 et
904 1162 1075 1217 invisa
1104 1178 1270 1234 opera
1298 1165 1459 1221 illius.
1509 1165 1660 1221 Mulli
1699 1167 1913 1239 tyranni
1947 1165 2100 1221 sede-

526 1257 651 1303 runt
683 1249 736 1304 in
779 1252 995 1321 throno,
1044 1264 1098 1311 et
1142 1257 1540 1329 insuspicabilis
1566 1260 1804 1328 portavit
1833 1258 2099 1314 diadema.

519 1338 671 1396 Multi
698 1354 950 1412 potentes
996 1349 1243 1417 oppressi
1282 1359 1409 1405 sunt
1442 1350 1635 1417 valide,
1664 1359 1721 1405 et
1743 1350 1963 1423 gloriosi
1996 1360 2105 1406 tra-

518 1431 617 1487 diti
648 1436 854 1491 suntin
885 1454 1080 1495 manus
1129 1440 1446 1497 alterorum.
1501 1441 1826 1514 Priusquam
1866 1444 2102 1500 interro-

517 1541 630 1596 ges,
671 1544 737 1583 ne
768 1529 1043 1600 vituperes
1071 1548 1418 1607 quemquam,
1443 1547 1636 1592 etcum
1659 1536 2102 1610 interrogaveris,

518 1614 731 1698 corripe
790 1618 957 1686 juste.
1013 1620 1332 1692 Priusquam
1390 1626 1606 1693 audias,
1643 1642 1728 1702 ne
1772 1628 2104 1699 respondeas

520 1707 763 1775 verbum,
788 1720 843 1766 et
870 1712 923 1766 in
950 1714 1125 1768 medio
1149 1715 1425 1794 seniorum
1468 1735 1534 1775 ne
1558 1717 1787 1789 adjicias
1830 1719 1998 1790 loqui.
2030 1721 2104 1775 De

517 1816 579 1851 ea
612 1815 668 1855 re
696 1818 814 1871 qua:
845 1811 895 1860 te
923 1822 1029 1860 non
1056 1806 1311 1867 molestat
1337 1826 1403 1863 ne
1441 1812 1690 1874 certaris,
1723 1819 1779 1866 et
1809 1812 1864 1866 in
1898 1811 2102 1880 judicio

520 1892 856 1956 peccantium
885 1911 951 1950 ne
989 1898 1278 1955 consistas.
1303 1899 1404 1955 Fili
1447 1902 1540 1966 mi,
1574 1918 1642 1956 ne
1683 1903 1738 1956 in
1780 1903 1963 1960 multis
1990 1904 2101 1958 sint

517 1990 672 2037 actus
697 1984 794 2049 tui,
821 1987 944 2041 etsi
981 1986 1131 2046 dives
1163 1990 1329 2045 fueris
1373 2008 1477 2046 non
1511 1993 1619 2049 eris
1665 1993 1921 2050 immunis
1949 2012 1977 2049 a
2008 1995 2101 2049 de-

516 2069 663 2127 licto.
704 2073 759 2128 Si
784 2076 929 2131 enim
962 2090 1181 2136 secutus
1236 2081 1405 2138 fueris
1453 2099 1559 2139 non
1612 2086 2005 2155 apprehendes,
2049 2094 2103 2141 et

517 2176 625 2216 non
663 2163 886 2236 effugies
916 2168 962 2222 si
993 2172 1431 2238 prazcucurreris.
1486 2174 1581 2230 Est
1634 2176 1796 2232 homo
1850 2177 2101 2232 laborans

517 2260 572 2307 et
602 2253 867 2313 festinans
888 2268 943 2316 et
975 2261 1165 2319 dolens
1215 2265 1435 2335 impius,
1483 2276 1537 2323 et
1585 2276 1735 2324 tanto
1781 2270 1954 2341 magis
1993 2287 2099 2326 non

518 2341 774 2402 abundat.
802 2349 898 2404 Est
927 2352 1088 2415 homo
1120 2356 1414 2423 marcidus,
1465 2374 1629 2432 egens
1671 2363 2100 2431 recuperationc,

517 2436 637 2506 plus
688 2436 945 2498 detinens
976 2445 1190 2512 virtute,
1221 2457 1274 2502 et
1328 2449 1609 2507 abundans
1654 2461 1973 2524 paupertate
2006 2473 2018 2509 :
2049 2462 2105 2508 et

518 2527 707 2583 oculus
738 2529 831 2586 Dei
869 2536 1107 2604 respexit
1133 2536 1283 2592 illum
1333 2539 1389 2593 in
1448 2540 1613 2605 bono,
1664 2551 1719 2597 et
1747 2543 1923 2597 erexit
1954 2543 2102 2598 illum

520 2620 587 2674 ab
644 2622 949 2680 humilitate
995 2628 1166 2697 ipsius
1225 2640 1279 2685 et
1334 2632 1595 2689 exaltabit
1641 2644 1804 2706 caput
1859 2633 1998 2703 ejus,
2051 2645 2107 2692 et

519 2714 701 2769 mirati
752 2728 876 2773 sunt
932 2719 984 2773 in
1038 2721 1130 2775 illo
1160 2723 1314 2777 inulti
1356 2733 1410 2783 et
1457 2726 1861 2784 bonoraVerunt
1914 2729 2102 2784 Deum.

520 2804 669 2861 Bona
702 2818 757 2864 et
786 2810 945 2876 mala,
980 2814 1088 2869 vita
1126 2823 1181 2870 et
1228 2832 1394 2884 mors,
1448 2831 1741 2891 paupertas
1771 2831 1825 2877 et
1849 2823 2107 2879 honestas

519 2918 548 2955 a
575 2903 686 2957 Deo
716 2915 859 2959 sunt.
890 2906 1047 2962 Datio
1081 2909 1176 2964 Dei
1205 2923 1487 2980 permanet
1518 2912 1701 2983 justis,
1730 2925 1785 2970 et
1833 2916 2109 2986 profectus

516 2993 663 3049 illius
689 3010 972 3054 successus
1002 2999 1282 3057 habebunt
1323 3003 1376 3057 in
1404 3014 1687 3060 zelen-num.
1718 3007 1812 3063 Est
1838 3009 1928 3078 qui
1960 3008 2108 3063 locu-

520 3085 759 3157 ple-tatur
794 3103 957 3159 parce
1000 3091 1229 3163 agendo,
1260 3103 1315 3149 et
1338 3095 1454 3150 hinc
1478 3112 1608 3166 pars
1644 3098 1911 3154 mercedis
1965 3098 2111 3153 illius

521 3176 575 3229 in
607 3192 670 3230 co
693 3179 837 3247 quod
867 3180 999 3236 dicit
1032 3199 1043 3234 :
1084 3201 1103 3233 ‹
1139 3183 1321 3239 Inveni
1380 3172 1627 3256 requiem
1676 3188 1832 3256 mihi,
1891 3197 1947 3244 et
2002 3204 2107 3243 non

2206 614 2283 668 bit
2319 624 2369 669 te
2396 630 2427 668 a
2461 615 2566 670 tuis
2593 617 2826 685 propriis
2858 613 3050 687 (Eccli.
3084 631 3138 684 x,
3168 616 3267 689 xl).
3303 637 3322 670 ι

2281 722 2300 755 ι
2331 704 2510 772 Tales,
2535 706 2864 772 cbarissimi,
2894 705 3050 761 valde
3077 716 3201 761 sunt
3223 710 3449 766 cavendi
3474 728 3632 784 usque
3649 719 3754 776 dum

2206 803 2296 849 aut
2344 804 2750 864 convertantur,
2811 805 2902 852 aut
2959 798 3348 854 abseindantur
3396 802 3555 859 verbo
3598 806 3755 866 divino

2212 906 2228 937 ς
2261 887 2457 944 Beatus
2524 896 2703 944 autem
2752 898 2836 944 est
2886 889 2975 944 ille
3029 890 3123 961 qui
3196 906 3303 945 non
3373 902 3455 949 est
3510 895 3675 967 lapsus
3712 901 3755 955 in

2208 979 2370 1034 verbo
2396 994 2464 1034 ex
2491 995 2585 1035 ore
2613 995 2734 1046 suo,
2765 990 2820 1035 ct
2841 997 2946 1037 non
2971 991 3054 1036 est
3099 981 3409 1038 stimulatus
3461 985 3513 1040 in
3564 988 3755 1045 tristitia

2206 1071 2404 1127 delicti.
2450 1071 2599 1128 Felix
2651 1074 2741 1143 qui
2808 1089 2913 1141 non
2945 1075 3108 1130 habet
3142 1075 3309 1130 animi
3357 1079 3438 1137 sui
3488 1080 3754 1147 tristitiam,

2205 1170 2258 1217 et
2304 1178 2408 1217 nou
2465 1164 2706 1219 abscedit
2753 1164 2821 1219 ab
2882 1179 2978 1237 Spe
3016 1181 3111 1219 sua
3151 1164 3343 1237 (Eccli.
3402 1183 3508 1232 xw,
3560 1169 3679 1224 l-Si.
3735 1192 3751 1222 ›

2206 1254 2480 1327 Scriptum
2537 1266 2621 1313 est
2666 1259 2808 1313 enim
2862 1276 2875 1314 :
2952 1278 2969 1311 ι
3007 1259 3193 1316 Melior
3247 1271 3331 1316 est
3386 1278 3523 1319 unus
3595 1265 3757 1322 timens

2206 1349 2371 1403 Deum
2423 1366 2585 1421 quam
2634 1351 2779 1407 mille
2809 1352 2958 1422 impii
2994 1351 3182 1425 (Eccli.
3216 1370 3332 1421 xvr,
3373 1355 3449 1427 5).
3485 1376 3502 1407 ι
3557 1356 3755 1428 Sapiens

2205 1455 2335 1496 vero
2355 1456 2458 1494 non
2483 1450 2566 1496 est
2587 1442 2762 1498 omnis
2775 1443 2866 1513 qui
2890 1451 3066 1500 nocet.
3091 1443 3200 1501 Res
3217 1461 3431 1516 quoque
3446 1447 3755 1504 ecclesiarum

2206 1539 2507 1586 vestrarum
2538 1541 2593 1588 et
2615 1532 2918 1589 oblationes
2954 1527 3193 1590 fidelium
3217 1550 3354 1605 quas
3391 1535 3709 1607 signiﬁcastis
3734 1556 3757 1592 a

2204 1620 2524 1689 quibusdam
2566 1622 2902 1679 irruentibus
2947 1623 3156 1690 vexari,
3184 1625 3448 1694 vobisque
3473 1634 3526 1679 et
3551 1627 3759 1681 ecclesiis

2208 1712 2403 1766 vestris
2450 1711 2676 1777 auferri,
2731 1714 3104 1789 indubitanter
3157 1716 3459 1770 maximum
3492 1723 3569 1771 est
3601 1732 3759 1785 pecea-

2207 1812 2341 1870 tum,
2366 1813 2602 1859 testante
2657 1805 2771 1875 ipsa
2816 1804 3122 1877 Scriptura,
3153 1822 3276 1878 quae
3315 1807 3390 1862 ait
3421 1825 3433 1860 :
3468 1807 3564 1874 Qui
3602 1808 3759 1863 abstu-

2208 1893 2328 1948 lerit
2353 1894 2554 1965 aliquid
2580 1896 2719 1964 patri
2764 1890 2847 1951 vel
2900 1898 3084 1964 matri,
3117 1907 3172 1953 et
3208 1898 3343 1952 dicit
3393 1898 3493 1952 hoc
3530 1913 3628 1952 non
3656 1912 3756 1951 esse

2208 1997 2513 2055 peceanun,
2582 1987 2869 2043 homicidae
2897 1989 3171 2060 particeps
3213 1997 3318 2044 est.
3362 1988 3523 2045 Pater
3546 2004 3663 2060 ergo
3686 2006 3761 2043 nu-

2206 2084 2320 2129 ster
2346 2076 2463 2130 sine
2489 2076 2651 2132 dubio
2676 2076 2821 2133 Deus
2861 2088 2964 2145 est,
3003 2081 3096 2151 qui
3152 2096 3251 2135 nos
3292 2080 3517 2145 creavit,
3548 2089 3597 2135 et
3616 2088 3760 2134 mater

2208 2176 2391 2224 nostra
2450 2169 2692 2225 Ecclesia
2748 2187 2867 2240 qua:
2894 2173 3077 2226 nosin
3121 2174 3392 2245 baptismo
3447 2170 3761 2242 spiritualitcr

2206 2263 2505 2331 generavit.
2535 2263 2600 2318 Et
2640 2264 2761 2321 ideo
2793 2268 2883 2336 qui
2929 2266 3132 2323 Citriin
3166 2269 3430 2340 pecunias
3464 2277 3515 2323 et
3542 2265 3759 2321 Ecclesia:

2208 2352 2404 2419 aufert,
2438 2354 2650 2411 fraudat
2675 2360 2911 2429 etrapit,
2947 2361 3223 2417 homicida
3254 2363 3310 2417 in
3340 2369 3621 2431 conspectu
3651 2358 3758 2431 justi

2202 2440 2408 2512 judicis
2443 2462 2563 2501 esse
2615 2448 2982 2519 deputabitur,
3034 2454 3180 2509 unde
3235 2452 3498 2524 scriptum
3523 2456 3600 2505 est
3632 2467 3643 2502 :
3675 2443 3758 2514 Qui

2212 2536 2351 2605 rapit
2398 2539 2689 2608 pecuniam
2719 2542 2954 2611 proximi
2998 2544 3084 2598 sui
3117 2544 3463 2617 iniquitatem
3510 2540 3651 2607 facit.
3682 2536 3756 2608 (ἰαί

2210 2638 2389 2684 autem
2447 2633 2707 2702 pecunias
2763 2636 2845 2689 vel
2895 2651 2982 2691 res
3035 2637 3293 2694 Ecclesia:
3339 2632 3632 2697 abstulerit,
3685 2646 3758 2684 sa-

2211 2722 2492 2793 crilegium
2537 2724 2687 2780 facit.
2736 2727 2890 2784 Unde
2914 2738 2969 2783 et
2996 2728 3163 2786 Judas
3209 2729 3305 2802 qui
3349 2726 3621 2800 pecuniam
3643 2721 3741 2776 frau

2214 2815 2384 2883 davit,
2414 2832 2536 2886 qua:
2564 2819 2749 2874 usibus
2779 2819 3056 2887 Ecclesiae,
3098 2822 3152 2877 id
3180 2831 3266 2878 est
3312 2817 3627 2893 pauperibus
3651 2826 3760 2882 quos

2214 2905 2450 2961 Ecclesia
2478 2924 2704 2978 pascere
2731 2911 2910 2978 debet,
2935 2910 3529 2980 dislrilmebaturjussu
3557 2904 3760 2961 Salvato-

2216 2997 2311 3063 ris,
2342 3000 2495 3071 cujus
2524 3002 2701 3057 vicem
2730 3004 2968 3074 episcopi
3000 3014 3202 3069 tenent,
3236 3021 3343 3062 non
3372 3003 3542 3059 solum
3566 2998 3658 3062 fur,
3683 2998 3759 3049 sed

2213 3086 2301 3141 fur
2337 3096 2392 3143 et
2428 3089 2729 3162 sacrilegus
2783 3092 2962 3150 factus
3005 3102 3109 3150 est.
3163 3093 3244 3152 De
3295 3094 3490 3150 talibus
3528 3087 3677 3152 cnim,
3716 3081 3758 3136 id

2214 3188 2318 3245 est,
2365 3181 2456 3251 qui
2481 3181 2766 3240 facultates
2790 3182 3049 3240 Ecclesia:
3102 3186 3345 3256 rapiunt,
3404 3180 3657 3242 fraudant,
3693 3168 3760 3226 vel

520 3270 857 3327 ttttlltducabo
893 3272 960 3328 de
989 3273 1147 3330 bonis
1176 3275 1313 3332 lueis
1341 3252 1488 3333 solus
1516 3274 1668 3348 (Luc.
1696 3252 1919 3351 mnta)
1949 3295 1964 3346 ;
1999 3299 2018 3332 ι
2052 3287 2106 3333 et
2137 3252 2179 3313 (ἶ
2213 3268 2486 3338 auferunt.
2526 3273 2788 3330 Dominus
2826 3275 3170 3330 comminans
3219 3274 3491 3339 omnibus,
3521 3283 3610 3341 Pet
3650 3278 3758 3335 νιο-

518 3364 692 3420 nescit
738 3365 880 3435 quod
931 3375 1143 3439 tempus
1175 3379 1466 3439 praetereat
1511 3371 1680 3437 illum,
1733 3380 1789 3428 et
1830 3373 2103 3445 relinquet

518 3454 697 3510 otnnia
725 3455 845 3512 aliis
872 3465 927 3512 et
957 3459 1239 3516 morietur.
1297 3458 1394 3517 Sta
1433 3462 1489 3517 in
1538 3470 1864 3525 testamento
1907 3474 2019 3531 tuo,
2050 3474 2107 3521 et

519 3548 573 3603 in
609 3549 700 3605 illo
739 3551 1047 3623 colloquere
1075 3562 1131 3609 et
1166 3555 1221 3611 in
1249 3571 1415 3629 opera
1462 3558 1844 3615 mandatorum
1889 3568 2102 3615 tuorum

519 3649 820 3711 veterasce.
871 3643 950 3700 Ne
992 3647 1261 3702 manseris
1316 3648 1372 3702 in
1420 3648 1677 3718 operibus
1733 3658 2102 3720 peccatorum.

517 3722 740 3790 COnlide
783 3745 962 3790 autem
994 3737 1047 3791 in
1100 3737 1230 3804 Deo,
1264 3747 1318 3794 et
1346 3755 1504 3795 mane
1532 3740 1588 3794 in
1618 3740 1739 3796 loco
1792 3749 1918 3805 tuo;
1949 3739 2108 3794 facile

516 3833 600 3878 est
637 3826 785 3880 enim
813 3828 1064 3883 inoculis
1097 3829 1191 3884 Dei
1218 3831 1397 3886 subito
1442 3832 1742 3887 honestare
1787 3846 2103 3902 pauperem.

520 3915 830 3973 Benedictio
895 3921 986 3975 Dei
1047 3922 1101 3976 in
1148 3924 1453 3979 mercedem
1506 3908 1657 3992 justi
1690 3922 1936 3989 festinat,
1968 3932 2022 3979 et
2052 3924 2106 3978 in

521 4009 725 4065 honore
774 4011 943 4067 veloci
978 4029 1270 4084 processus
1312 4016 1456 4071 illius
1476 4015 1764 4088 justiﬁeat.
1799 4015 1878 4072 Ne
1913 4016 2063 4071 dicas
2092 4033 2105 4069 :

520 4098 658 4166 Quid
686 4109 770 4156 est
796 4104 927 4157 mihi
958 4120 1094 4175 opus
1115 4115 1171 4160 et
1204 4122 1324 4175 quae
1347 4114 1509 4160 erunt
1548 4106 1681 4161 mihi
1709 4121 1776 4161 ex
1804 4106 1907 4162 hoc
1932 4105 2108 4160 bona?

524 4190 599 4245 Ne
630 4190 783 4247 dicas
818 4211 829 4247 :
858 4192 1140 4251 Sullicicns
1181 4196 1312 4250 mihi
1343 4213 1464 4253 sum
1494 4208 1548 4253 et
1576 4196 1704 4267 quid
1729 4212 1798 4252 ex
1837 4197 1942 4253 hoc
1982 4211 2108 4265 pes-

521 4281 758 4338 simabor
777 4284 803 4337 ?
829 4284 885 4339 In
909 4286 995 4341 die
1018 4286 1284 4343 bonorum
1313 4304 1381 4343 ne
1409 4289 1697 4345 immemor
1722 4289 1797 4345 sis
1820 4289 2109 4359 malorum,

522 4381 576 4426 et
605 4372 659 4427 in
689 4374 774 4429 die
809 4375 1072 4434 malorum
1115 4394 1182 4436 ne
1226 4379 1515 4436 immemor
1540 4381 1617 4437 sis
1644 4382 1931 4446 benorum,
1979 4398 2112 4453 quo-

522 4466 669 4521 niam
721 4468 881 4525 facile
924 4481 1008 4527 est
1037 4488 1219 4527 coram
1245 4472 1354 4529 Deo
1379 4474 1432 4529 in
1464 4474 1551 4529 die
1575 4474 1756 4529 obitus
1812 4474 2113 4531 retribuere

525 4558 815 4630 unicuique
841 4563 1135 4616 secundum
1166 4563 1282 4619 vias
1311 4580 1457 4621 suas.
1494 4562 1696 4618 Malitia
1718 4564 1866 4620 hora:
1885 4565 2104 4621 oblivio-

525 4667 649 4707 nem
673 4652 807 4708 facit
832 4652 1062 4709 luxuriae
1110 4670 1339 4727 magum,
1369 4666 1425 4712 et
1446 4657 1498 4711 in
1530 4656 1637 4713 line
1667 4658 1905 4714 hominis
1948 4659 2113 4715 denu-

524 4745 668 4801 datio
682 4761 907 4816 operum
932 4746 1090 4803 illius.
1119 4749 1259 4803 Ante
1288 4758 1514 4805 mortem
1532 4766 1600 4805 ne
1621 4750 1811 4806 laudes
1835 4751 2109 4807 hominem

525 4854 873 4910 quemquam,
900 4843 1156 4913 quoniam
1202 4842 1257 4899 in
1314 4842 1436 4898 filiis
1475 4843 1591 4899 suis
1633 4843 1949 4915 agnoscitur
2002 4844 2108 4898 vir.

526 4929 638 4985 Non
694 4947 911 4987 omnem
964 4933 1240 4989 hominem
1289 4933 1515 4989 inducas
1569 4933 1621 4988 in
1674 4934 1892 4989 domum
1940 4942 2106 4999 tuam,

526 5022 705 5078 multa:
741 5023 885 5078 enim
923 5023 1133 5081 insidiae
1180 5035 1306 5080 sunt
1354 5025 1546 5083 dolosi.
1603 5025 1755 5082 Sicut
1790 5026 1937 5081 enim
1987 5040 2109 5080 eru-

523 5123 673 5170 clant
702 5110 1023 5187 prmeordia~
1058 5118 1365 5174 faetentium
1416 5126 1471 5173 et
1515 5118 1656 5181 sicut
1682 5117 1868 5188 perdix
1900 5116 2107 5171 induci-

527 5222 614 5263 tur
643 5210 698 5263 in
730 5225 971 5275 caveam,
1001 5221 1055 5267 et
1089 5221 1147 5266 ut
1169 5227 1363 5283 caprea
1410 5211 1466 5265 in
1512 5210 1788 5281 laqueum,
1820 5210 1900 5265 sic
1933 5217 1989 5264 et
2014 5224 2110 5265 eor

525 5301 905 5371 superborum.
958 5312 1015 5358 et
1086 5303 1229 5359 sicut
1294 5312 1612 5374 prospector
1671 5301 1861 5356 videns
1924 5316 2110 5356 casum

524 5393 753 5462 proximi
808 5396 913 5450 sdi.
972 5395 1118 5451 Bona
1163 5394 1219 5450 iu
1256 5393 1458 5449 malum
1497 5392 1766 5450 convertit
1803 5392 2107 5457 insidiator,

523 5485 653 5539 etin
684 5485 874 5542 electis
904 5486 1133 5556 imponit
1159 5484 1445 5539 maculam.
1474 5484 1518 5538 A
1550 5482 1787 5539 scintilla
1818 5498 1923 5537 una
1953 5481 2132 5554 auge-’

528 5587 615 5629 tur
644 5577 803 5648 ignis,
832 5586 886 5631 et
915 5576 983 5632 ab
1009 5591 1115 5630 uno
1148 5575 1337 5632 doloso
1368 5583 1595 5645 augetur
1640 5573 1884 5645 sanguis.
1940 5572 2114 5629 Homo

530 5683 654 5723 vero
693 5678 949 5739 peccator
1002 5668 1255 5740 sanguini
1309 5668 1619 5725 insidiatur.
1669 5664 1904 5721 Attende
1951 5662 2114 5718 tibia

527 5760 804 5829 pestifero,
831 5761 1065 5817 fabricat
1092 5762 1235 5816 enim
1271 5761 1412 5816 mala
1443 5776 1509 5815 ne
1535 5759 1676 5815 forte
1699 5758 1924 5814 inducat
1952 5771 2114 5828 super

530 5861 580 5906 te
609 5854 1093 5911 subsanuationem
1152 5856 1206 5911 in
1258 5865 1599 5927 perpetuum.
1662 5851 1905 5912 Admitte
1952 5850 2022 5907 ad
2062 5858 2112 5905 te

2208 3363 2428 3433 phetam
2456 3364 2718 3436 loquitur,
2751 3366 2940 3423 dicens
2973 3384 2986 3420 :
3021 3384 3039 3418 r
3074 3366 3236 3434 Deus,
3264 3383 3335 3423 ne
3365 3377 3539 3420 taceas
3574 3355 3681 3421 tibi.
3707 3364 3761 3405 “9

2210 3454 2372 3511 sileas
2402 3464 2456 3510 et
2494 3471 2598 3510 non
2632 3456 2902 3525 quiescas,
2937 3455 3102 3524 Deus,
3152 3458 3282 3528 quia
3313 3470 3439 3512 ecce
3468 3446 3655 3507 inimici
3699 3455 3762 3496 tut

2213 3547 2519 3601 tumultuati
2545 3556 2691 3614 sunt,
2723 3556 2779 3604 et
2815 3549 2907 3619 qui
2932 3547 3167 3604 oderunt
3192 3557 3245 3604 te
3268 3547 3575 3603 levaverunt
3599 3540 3754 3605 capul-

2210 3638 2409 3692 Contra
2481 3640 2736 3709 populum
2789 3649 2942 3696 tuum
2991 3643 3249 3712 nequiter
3302 3636 3672 3695 tractaverunt.
3716 3629 3762 3677 εί

2217 3731 2458 3785 inierunt
2500 3733 2786 3788 consilium
2832 3734 3094 3791 adversus
3140 3748 3401 3789 arcanum
3437 3739 3595 3790 tuum,
3639 3719 3763 3817 dixe:

2213 3831 2362 3889 ruat,
2404 3825 2584 3878 venite
2609 3833 2665 3880 et
2712 3835 3060 3882 couteramus
3084 3841 3180 3882 eos
3219 3827 3286 3882 de
3315 3832 3490 3897 gente,
3515 3826 3564 3873 et
3592 3828 3683 3869 non
3704 3812 3762 3862 si!

2215 3911 2477 3966 memoria
2507 3913 2743 3969 nominis
2778 3914 2947 3969 Israel
2977 3916 3137 3970 ultra.
3190 3914 3454 3985 Quoniam
3511 3902 3761 3962 tacuerunt

2218 4004 2402 4068 corde,
2436 4005 2645 4076 pariter
2678 4018 2867 4063 contra
2902 4007 3076 4063 fmdus
3105 4009 3426 4081 pepigerunt
3456 3988 3760 4081 tabernacula

2212 4093 2461 4150 lduaimae
2489 4107 2541 4151 et
2563 4097 2984 4165 ismaclitarnm,
3018 4078 3195 4166 Moab,
3221 4078 3279 4157 et
3303 4092 3555 4169 Agareni,
3598 4078 3758 4144 Gebab

2215 4195 2269 4241 et
2295 4186 2545 4253 Ammon,
2571 4198 2623 4242 et
2649 4188 2930 4253 Amalech,
2966 4189 3237 4245 Palestina
3264 4205 3384 4247 eum
3411 4173 3760 4241 habitatoribus

2215 4277 2369 4348 Tyri.
2396 4278 2504 4333 Sed
2533 4287 2588 4333 et
2616 4279 2790 4334 Assur
2808 4280 2992 4351 juniit
3019 4295 3078 4336 se
3096 4297 3220 4336 cum
3246 4281 3348 4346 eis,
3379 4274 3503 4331 facti
3529 4263 3761 4367 suntbra:

2219 4373 2660 4429 chiumliliorum
2683 4373 2844 4430 Loth.
2872 4374 2983 4430 Fac
3025 4373 3130 4430 illis
3183 4375 3325 4431 sicut
3378 4366 3602 4427 Madian,
3646 4357 3759 4412 sicut

2219 4464 2405 4522 Sisare
2428 4507 2443 4533 ,
2470 4466 2612 4522 sicut
2644 4464 2798 4523 Jabin
2832 4468 2885 4523 in
2914 4477 3156 4524 torrente
3195 4467 3379 4524 Cison.
3423 4450 3636 4518 Contriti
3658 4452 3757 4502 sunt

2220 4556 2271 4611 in
2297 4557 2499 4623 Endor,
2544 4557 2761 4613 fuerunt
2787 4559 2942 4628 quasi
2991 4557 3393 4628 Sterquilinium
3447 4539 3757 4605 IernePone

2217 4650 2381 4705 duces
2434 4665 2622 4705 eorum
2679 4650 2819 4705 sicut
2868 4649 3010 4705 Oreb
3062 4659 3117 4704 et
3156 4649 3288 4715 Zeh,
3336 4647 3474 4703 sicut
3518 4634 3759 4693 Zebee,el

2218 4740 2499 4797 Salmana.
2559 4742 2763 4798 Omnes
2815 4741 3089 4812 principes
3133 4756 3322 4796 eorum
3376 4733 3466 4806 qui
3520 4723 3758 4784 dixerunt,

2215 4833 2590 4903 possideamus
2630 4831 2787 4887 nobis
2811 4831 3270 4901 pulchritudinem
3297 4828 3413 4885 Dei.
3442 4823 3577 4878 Deus
3601 4821 3755 4913 infusi

2217 4941 2355 4995 pone
2408 4924 2527 4979 illos
2551 4934 2610 4978 ut
2654 4933 2861 4992 rotam,
2907 4926 3061 4994 quasi
3111 4923 3362 4995 stipulam
3422 4924 3543 4972 ante
3597 4907 3757 4961 iaCiem

2216 5015 2380 5071 venti.
2402 5014 2683 5082 Quomodo
2703 5016 2838 5087 ignis
2860 5015 3129 5070 comburit
3150 5014 3337 5069 silvam
3363 5006 3559 5065 etsicut
3576 4997 3757 5087 ﬂamma

2220 5109 2446 5165 devorat
2487 5084 2833 5170 montes,vsie
2864 5107 3207 5177 persequeris
3251 5119 3344 5159 eos
3386 5101 3437 5155 in
3480 5084 3757 5160 tempestate

2222 5210 2310 5254 tua
2348 5201 2478 5255 etin
2529 5200 2745 5255 turbine
2789 5199 3033 5255 turbabis
3065 5214 3174 5254 eos.
3205 5196 3369 5267 Imple
3416 5187 3575 5244 facies
3596 5179 3756 5267 eorum

2223 5289 2545 5362 ignominia,
2576 5299 2631 5346 et
2657 5299 2904 5362 qumrent
2934 5305 3130 5345 nomen
3155 5297 3325 5353 tuum,
3350 5279 3587 5339 Domine.
3632 5266 3752 5362 Con:

2222 5355 2616 5440 fundanturvet
2665 5355 3057 5439 conturbentur
3116 5397 3285 5455 usque
3331 5379 3384 5434 in
3430 5355 3755 5429 uernum.“

2222 5479 2568 5545 erubescant,
2594 5486 2648 5534 et
2674 5486 2922 5548 pereant,
2959 5487 3014 5533 et
3043 5476 3219 5533 sciant
3244 5472 3393 5545 quia,
3421 5473 3605 5522 nomen
3629 5456 3751 5507 tuum

2224 5568 2504 5635 Dominus,
2556 5570 2703 5625 solus
2755 5578 2807 5623 tu
2857 5570 3107 5624 excelsus
3136 5581 3300 5638 super
3326 5570 3531 5617 omnem
3563 5550 3749 5603 terram-

2220 5661 2346 5716 llmc
2390 5662 2507 5717 fieri
2536 5663 2831 5733 prOphetae,
2871 5661 2987 5717 haec
3022 5660 3271 5732 apostoli,
3316 5656 3425 5710 hate
3454 5639 3752 5733 Successorfs

2218 5768 2405 5809 eorum
2433 5763 2486 5809 et
2514 5718 2755 5809 omnium
2783 5718 3173 5808 catholicoi‘um
3221 5750 3441 5808 Patrum
3475 5718 3751 5832 velaritng

2218 5854 2388 5913 creta,
2452 5853 2509 5901 et
2569 5845 2704 5901 tales
2762 5845 3212 5916 prtesumplioncs
3277 5817 3749 5922 sacrilegum}ii“:sc
