3926 6484
154 387 275 442 175·

1382 379 1871 437 DECRETALIUM
1898 382 2308 479 ‘COLLEC'I'IO.

3347 388 3455 451 174,

152 498 484 572 diiudicant
547 497 789 567 Quorum
832 511 934 553 nos
966 504 1256 567 sequentes
1285 497 1530 569 exempla
1574 512 1764 554 omnes
1790 500 1847 558 Α
1868 504 2004 579 ᾳιέὶη
2039 504 2146 560 ﬁde
2196 516 2364 573 recta,
2420 515 2585 577 atque
2625 505 2899 562 haereticis
2927 515 2984 562 et
3005 503 3214 560 :emulis
3240 502 3449 559 Christi

155 591 289 647 tales
348 596 791 661 praesumptores
842 596 901 644 et
952 586 1213 644 Ecclesia:
1262 597 1561 658 raptores,.
1599 595 1761 656 atque

155 696 388 738 suarum
414 680 751 736 facultatum
775 680 1126 747 alienatores,
1174 696 1281 736 una
1310 679 1593 753 nobiscum
1624 694 1653 733 a
1696 678 1762 733 li-

154 773 397 828 minibus
464 780 678 831 sancta:
728 772 922 828 matris
997 770 1255 828 Ecclesia:
1324 769 1759 826 anathematiza-

155 875 234 921 tos
271 864 598 934 apostolica
639 865 969 921 auctoritate
997 864 1253 936 pellimus
1303 871 1358 920 et
1416 863 1760 927 damnamus,

153 963 314 1023 atque
342 955 660 1026 sacrilegos
690 970 813 1012 esse
833 954 1165 1026 iudicamus,
1204 963 1261 1011 et
1300 969 1409 1011 non
1432 953 1604 1009 solum
1643 967 1754 1018 eos,

152 1046 239 1101 sed
260 1060 469 1102 omnes
531 1048 945 1103 consentientes
979 1047 1087 1114 eis,
1122 1047 1253 1118 quia
1281 1061 1391 1102 non
1441 1044 1614 1101 solum
1667 1044 1759 1114 qui

154 1139 360 1194 faciunt
397 1141 485 1195 rei
535 1140 871 1212 judicantur,
916 1141 1011 1198 sed
1064 1142 1228 1198 etiam
1281 1141 1372 1211 qui
1417 1139 1763 1197 consentiunt

154 1229 514 1296 facientibus,
559 1245 658 1300 par
684 1231 830 1287 enim
880 1247 1042 1303 pmna
1072 1241 1130 1288 et
1165 1240 1388 1305 agentes
1432 1239 1487 1287 et
1530 1245 1764 1286 consen-

156 1326 349 1380 tientes
380 1325 832 1397 comprehendit.
862 1327 974 1383 Vos
1004 1341 1155 1398 ergo,
1205 1325 1424 1392 fratres,
1455 1324 1673 1397 vigilate
1707 1333 1764 1379 et

154 1425 320 1482 orate,
355 1418 610 1474 viriliter
633 1418 778 1491 agite
806 1428 861 1476 et
901 1420 1288 1477 confortamini
1342 1420 1397 1476 in
1426 1418 1674 1483 Domino,
1706 1425 1763 1473 et

155 1510 331 1565 omnia
364 1523 560 1567 vestra
595 1512 752 1583 juxta
796 1511 1134 1583 Apostolum,
1186 1511 1242 1567 in
1290 1511 1556 1567 charitate
1606 1509 1756 1564 ﬁant.

154 1603 198 1658 A
224 1613 381 1660 recta
409 1620 557 1677 ergo
588 1605 695 1661 fide
726 1616 783 1663 et
821 1605 1124 1677 apostolico
1169 1605 1388 1660 tramite
1413 1613 1640 1674 propter
1669 1602 1757 1657 ul—

158 1693 259 1749 lam
290 1696 779 1765 perturbationem
825 1696 994 1752 nolite
1029 1696 1315 1759 recedere,
1369 1695 1603 1751 scientes
1633 1694 1760 1764 quia

152 1784 300 1853 juxta
328 1785 652 1844 Salvatoris
674 1789 1021 1856 sententiam,
1054 1789 1201 1845 beati
1227 1795 1353 1844 sunt
1380 1788 1470 1858 qui
1500 1802 1759 1858 persecu-

1846 585 2187 667 'repugnare,
2228 606 2283 653 et
2341 613 2619 669 nunquam
2650 597 2957 653 averitatis
3010 596 3230 651 tramite
3282 594 3449 650 decli-

1864 703 2018 754 nare,
2048 689 2304 758 quoniam
2360 689 2620 747 Dominus
2645 696 2699 745 et
2723 687 2971 744 Salvator
3015 685 3257 743 omnium
3290 683 3451 753 cujus

1862 777 1998 836 ﬁdes
2026 788 2134 846 est,
2157 780 2249 850 qui
2299 795 2399 850 pro
2425 780 2582 836 nobis
2606 778 2745 835 mori
2768 793 2876 833 non
2905 774 3191 839 dubitavit,
3231 782 3287 828 ct
3321 787 3451 843 pro-

1860 870 1979 943 prio
2003 886 2102 927 nos
2126 886 2225 927 suo
2253 871 2486 927 redemit
2521 871 2809 942 sanguine,
2840 869 2932 939 qui
2981 867 3141 923 ﬁdem
3171 866 3319 921 beati
3346 863 3445 918 Pc-

1863 961 1932 1016 tri
1984 978 2093 1017 non
2156 961 2492 1023 defecturam
2543 961 2811 1034 promisit,
2854 968 2907 1015 et
2937 957 3263 1015 confirmare
3321 970 3446 1012 eum

1862 1050 2060 1108 fratres
2097 1066 2224 1108 suos
2248 1052 2547 1117 admonuit,
2595 1052 2741 1124 quod
2779 1049 3109 1124 apostolicos
3159 1046 3446 1119 pontiﬁces

1862 1161 1995 1201 meae
2018 1146 2331 1218 exiguitatis
2375 1147 2805 1217 prmdecessores
2859 1142 3198 1201 conﬁdenter
3247 1138 3446 1196 fecisse

1861 1251 2076 1309 semper
2100 1238 2312 1295 cunctis
2333 1246 2419 1294 est
2446 1238 2739 1310 cognitum.
2787 1236 3029 1304 Quorum
3075 1243 3134 1290 et
3173 1231 3444 1306 pusillitas

1860 1348 2004 1398 mea,
2032 1331 2161 1388 licet
2206 1332 2384 1404 impar
2429 1340 2486 1389 et
2516 1331 2761 1399 minima,
2812 1345 2915 1402 pro
2955 1336 3206 1399 suscepto
3260 1334 3459 1382 tamen

1861 1423 2042 1481 divina
2083 1424 2395 1496 dignatione
2433 1422 2737 1479 ministerio
2773 1422 3093 1495 pedissequa
3133 1420 3281 1490 cupit
3329 1418 3445 1475 exi-

1862 1524 2025 1573 stere.
2055 1517 2150 1573 Vae
2180 1517 2324 1573 enim
2355 1518 2461 1573 erit
2483 1517 2639 1573 nobis
2666 1516 2758 1588 qui
2790 1516 2950 1588 hujus
2976 1513 3265 1571 ministerii
3297 1527 3435 1568 onus

1861 1617 2172 1681 susceptum
2202 1609 2487 1675 habemus,
2520 1611 2563 1665 si
2593 1609 2879 1667 veritatem
2937 1606 3242 1664 Salvatoris
3269 1605 3441 1661 nostri

1858 1700 1982 1758 Jesu
2006 1702 2379 1773 Christiquam
2408 1700 2637 1772 apostoli
2666 1701 3121 1771 praedicaverunt,
3145 1697 3444 1769 praedicare

1860 1794 2278 1866 neglexerimus,
2329 1809 2408 1848 va:
2432 1794 2539 1849 erit
2590 1792 2746 1848 nobis
2800 1791 2848 1848 si
2895 1789 3112 1847 silentio
3159 1788 3450 1844 veritatem

164 1878 355 1933 tionem
385 1879 684 1949 patiuntur
730 1888 953 1952 propter
996 1854 1265 1951 justitiam
1312 1854 1530 1952 (Manli.
1561 1896 1620 1956 v,_
1638 1877 1750 1950 10).
1786 1854 1831 1915 Β
1860 1854 2310 1955 oppresserimus,
2333 1899 2495 1954 quam
2517 1898 2741 1952 erogare
2763 1879 3140 1938 nummulariis
3164 1878 3463 1948 jubemur,.

159 1969 276 2024 Ilaec
312 1979 404 2025 est
443 1972 826 2041 apostolorum
852 1972 977 2027 viva
1031 1972 1271 2039 traditio,
1316 1973 1434 2028 haec
1461 1986 1588 2028 vera
1620 1972 1754 2027 cha-

163 2061 288 2116 ritas
317 2076 446 2132 quae
470 2064 823 2133 prmdicanda
868 2072 975 2130 est,
1007 2072 1062 2119 et
1086 2063 1361 2135 praecipue
1389 2062 1660 2134 diligenda
1680 2076 1755 2117 ac

161 2149 382 2207 fovenda
408 2160 586 2224 atque
613 2154 942 2211 fiducialiter
967 2155 1035 2211 ab
1064 2154 1320 2210 omnibus
1348 2155 1600 2210 tenenda.
1628 2151 1753 2209 Haec

163 2248 337 2297 sancta
380 2251 441 2298 et
486 2244 790 2313 apostolica
847 2254 1024 2301 mater
1075 2245 1319 2301 omnium
1380 2244 1751 2301 Eeclesiarum

164 2331 351 2389 Christi
383 2335 641 2391 Ecclesia
672 2352 792 2406 qua:
823 2351 921 2408 per
959 2337 1053 2393 Dei
1081 2338 1472 2409 omnipotentis
1520 2336 1752 2408 gratiam

164 2426 435 2482 atramite
495 2427 811 2499 apostolica:
860 2430 1169 2486 traditionis
1214 2445 1487 2502 nunquam
1534 2444 1753 2487 errasse

164 2517 439 2586 probatur,
515 2534 622 2574 nec
679 2520 952 2577 haereticis
1002 2521 1336 2578 novitatibus
1408 2522 1753 2595 depravanda

164 2610 460 2674 succubuit,
505 2610 608 2666 sed
636 2620 697 2665 ut
725 2611 780 2667 in
827 2612 1056 2670 exordio
1083 2629 1333 2671 normam
1367 2614 1492 2671 ﬁdei
1535 2623 1753 2686 aposto-

166 2697 271 2754 lica:
291 2704 548 2774 percepit
574 2705 644 2760 ab
666 2706 984 2761 auctoribus
1012 2707 1146 2772 suis,
1175 2708 1550 2778 apostolorum
1592 2709 1752 2766 Chri-

165 2791 226 2845 sti
250 2794 599 2867 principibus
644 2795 847 2853 illibata
900 2797 1169 2854 ﬁnetenus
1220 2807 1405 2855 manet
1450 2801 1749 2856 secundum

170 2880 321 2952 ipsius
356 2885 585 2943 Domini
637 2888 934 2945 Salvatoris
980 2890 1221 2946 divinam
1271 2874 1747 2962 pollicitationem,

168 2974 250 3041 qui
273 2975 674 3049 discipulorum
715 2995 937 3036 suorum
964 2981 1194 3051 principi
1245 2981 1299 3036 in
1338 2981 1453 3038 suis
1477 2981 1622 3038 fatus
1666 2991 1749 3038 est

170 3062 463 3138 Evangeliis
498 3084 514 3123 :
549 3089 566 3121 ι
600 3069 783 3138 Petre,
810 3072 1082 3143 inquiens,
1111 3087 1238 3128 ecce
1269 3071 1438 3128 Satan
1464 3074 1742 3145 expetivit,

170 3164 221 3206 ut
245 3158 514 3215 cribraret
536 3176 636 3216 vos
659 3162 801 3218 sicut
822 3163 913 3234 qui
959 3164 1168 3219 cribrat
1217 3164 1483 3232 triticum,
1526 3181 1627 3237 ego
1652 3182 1747 3220 au-

1858 1976 1912 2032 id
1940 1986 2047 2041 est,
2077 1976 2407 2032 christianos
2445 1974 2671 2046 populos
2698 1974 2942 2030 imbuere
2972 1980 3028 2028 et
3050 1972 3265 2027 docere.
3296 1967 3441 2035 Quid

1857 2070 1913 2125 in
1942 2069 2112 2140 ipsius
2154 2067 2353 2125 Christi
2380 2066 2561 2123 futuro
2581 2066 2773 2123 dicturi
2797 2064 3105 2138 wsumus
3120 2060 3370 2118 examine
3395 2058 3445 2113 si

1856 2175 2168 2216 sermonum
2202 2159 2319 2231 ejus
2347 2159 2631 2213 veritatem
2685 2144 3069 2213 confundimur
3100 2151 3396 2225 praedicare
3417 2150 3444 2204 ?

1867 2252 2007 2322 Quid
2025 2253 2133 2309 erit
2153 2253 2218 2308 de
2247 2252 2404 2308 nobis
2431 2267 2553 2308 cum
2584 2251 2653 2307 de
2678 2248 2983 2330 commissis
3030 2246 3187 2302 nobis
3236 2245 3447 2300 anima-

1855 2346 1977 2410 bus,
2010 2354 2067 2401 et
2112 2345 2180 2401 de
2209 2344 2387 2400 ofﬁcio
2440 2350 2692 2414 suscepto
2755 2340 3022 2419 rationem
3071 2339 3251 2419 justus
3278 2335 3445 2409 judex

1856 2437 2108 2494 Christus
2178 2437 2443 2494 Dominus
2522 2446 2713 2490 noster
2778 2433 3085 2489 districtam
3154 2426 3445 2501 exegerit?

1854 2530 2001 2597 Ideo,
2042 2528 2257 2594 fratres,
2292 2528 2483 2583 hortor
2530 2525 2873 2582 dilectionem
2908 2530 3171 2585 vestram,
3198 2521 3443 2576 obtestor

1855 2630 1911 2678 et
1943 2636 2158 2687 moneo,
2191 2629 2376 2690 utqua
2430 2618 2641 2674 debetis
2696 2624 2753 2673 et
2799 2614 3029 2687 potestis
3075 2610 3441 2668 sollicitudine

1854 2714 2091 2786 vigiletis
2140 2713 2207 2767 ad
2252 2709 2660 2780 investigandos
2723 2706 3009 2763 bmreticos
3075 2711 3130 2760 et
3180 2700 3437 2758 inimicos

1853 2816 2057 2862 sancta:
2085 2803 2177 2859 Dci
2225 2800 2500 2865 Ecclesim,
2530 2809 2584 2856 et
2611 2816 2641 2853 a
2671 2798 2822 2853 sanis
2877 2795 3153 2851 mentibus
3178 2808 3248 2848 ne
3272 2790 3444 2862 pestis

1852 2897 1971 2952 lucc
2011 2894 2174 2950 latius
2208 2892 2530 2962 divulgetur,
2580 2887 2892 2951 severitate,
2922 2900 3030 2957 qua
3068 2882 3303 2955 potestis
3343 2894 3442 2951 pro

1851 2988 2061 3044 viribus
2087 2985 2391 3055 extirpetis.
2423 2982 2691 3052 Quoniam
2730 2988 2789 3035 ut
2812 2978 3035 3035 habebit
3064 2992 3093 3032 a
3125 2975 3240 3031 Deo
3270 2973 3445 3044 digna:

1851 3076 2312 3133 remunerationis
2337 3074 2620 3146 praemium
2662 3070 2757 3143 qui
2813 3067 3127 3140 diligentius
3181 3064 3325 3135 quod
3373 3062 3441 3117 ad

1852 3169 2084 3226 salutem
2111 3167 2415 3224 commissae
2457 3165 2559 3221 sibi
2586 3162 2759 3235 plebis
2786 3160 3060 3235 proficiat,
3088 3156 3255 3213 fuerit
3278 3168 3436 3211 exse-

175 3255 267 3303 tem
294 3265 391 3320 pro
429 3260 486 3307 te
510 3254 718 3325 rogavi,
749 3264 808 3310 ut
840 3232 968 3312 non
1023 3256 1240 3312 deficiat
1294 3257 1430 3313 fides
1474 3232 1587 3325 tua,
1610 3269 1664 3314 et
1693 3267 1746 3313 tu
1775 3232 1821 3295 Ο
1854 3270 2033 3327 cutus,
2064 3262 2140 3317 ita
2163 3270 2291 3316 ante
2334 3232 2820 3315 tribunal—Domini
2853 3256 2920 3312 de
2955 3264 3111 3310 reatu
3158 3250 3437 3322 negligen-

170 3338 441 3410 aliquando
468 3360 768 3404 conversus
788 3348 1047 3404 confirma
1070 3348 1267 3406 fratres
1297 3357 1417 3406 tuos
1438 3349 1588 3424 (Luc.
1612 3367 1745 3419 χιιι,

171 3428 248 3497 58,
273 3435 382 3506 se).
418 3456 441 3491 ι

230 3521 549 3584 Consideret
574 3530 757 3600 itaque
770 3540 951 3586 vestra
974 3530 1246 3587 excellens
1269 3530 1554 3603 prudentia
1580 3548 1743 3602 quam

172 3611 349 3671 bonum
379 3619 774 3697 sit'persistere
811 3620 863 3675 in
900 3621 1302 3692 dispensatione
1326 3621 1480 3677 vobis
1510 3622 1741 3689 credita,

1858 3354 1945 3410 tite
1965 3368 2025 3410 se
2049 3368 2160 3409 non
2186 3352 2386 3424 poterit
2405 3365 2670 3407 excusare
2701 3348 3013 3419 quicunque
3038 3344 3250 3416 plebem
3280 3356 3437 3400 suam

1851 3454 2045 3504 contra
2079 3444 2360 3515 sacrilegae
2388 3442 2760 3515 persuasionis
2782 3447 3034 3495 auctores
3076 3435 3306 3492 noluerit
3350 3450 3441 3489 cu-

1852 3536 2076 3594 stodire.
2106 3535 2244 3590 Data
2271 3532 2462 3588 Kalen.
2508 3530 2711 3602 Aprilis
2763 3527 2939 3585 Gallio
2964 3535 3020 3584 et
3046 3524 3337 3581 Volusiano
3369 3520 3439 3577 Ν

1852 3642 1935 3684 cc.
1959 3624 2167 3683 consul.

183 3737 3424 3786 ___—_W_____—_——_J

615 3918 1255 4010 INCIPIUNT
1326 3917 1863 4011 DECRETA
1932 3914 2524 4008 STEPHANI
2600 3912 2977 4004 PAPIE.

234 4104 397 4177 (Anno
422 4108 641 4165 Domini
663 4107 904 4164 26Lllic
935 4109 1201 4165 destruxit
1232 4107 1489 4178 templum
1517 4106 2034 4174 Martis,Valeriano
2055 4115 2113 4161 et
2134 4104 2338 4163 Caleno
2368 4082 2781 4172 imperantibus,
2799 4101 3005 4157 utdieit
3034 4099 3366 4171 Bauderus,)

237 4423 593 4484 Dilectissimo
629 4423 788 4480 fratri
817 4433 981 4494 atque
1012 4423 1268 4478 familiari
1302 4424 1478 4479 amico
1507 4420 1737 4485 lltunto

180 4508 470 4573 Summus
496 4515 784 4587 episcopus
811 4515 1016 4570 intimae
1060 4515 1351 4571 cbaritatis
1377 4514 1630 4570 salutem.

234 4603 538 4678 Quanquam
562 4620 774 4676 sperem
795 4606 1135 4662 dilectionem
1161 4615 1305 4662 tuam
1332 4608 1399 4663 ad
1423 4621 1584 4663 omne
1602 4622 1746 4678 opus

178 4689 347 4752 bonum
395 4714 520 4755 esse
564 4699 849 4764 devotam,
883 4705 1061 4755 tamen
1090 4714 1188 4769 pro
1216 4699 1587 4755 familiaritate
1628 4715 1736 4771 qua

1845 4425 2032 4483 scinde
2061 4438 2179 4480 eam
2202 4465 2217 4492 ,
2244 4430 2300 4479 et
2322 4421 2528 4494 projice
2563 4420 2660 4477 abs
2694 4429 2765 4476 te.
2795 4418 3059 4476 Similiter
3099 4426 3156 4474 et
3185 4419 3253 4474 de
3294 4419 3447 4491 pede

1846 4516 2112 4587 agendum
2137 4524 2251 4582 est,
2280 4514 2408 4585 quia
2433 4511 2626 4569 melius
2652 4520 2738 4568 est
2778 4512 2876 4567 tibi
2924 4512 3134 4567 luscum
3161 4510 3432 4567 aut'clau—

1845 4607 1971 4664 dum
2003 4608 2208 4663 intrare
2240 4608 2294 4662 in
2322 4622 2547 4678 regnum
2577 4604 2838 4661 caelorum
2860 4619 3021 4676 quam
3050 4602 3186 4661 duos
3220 4603 3431 4670 oculos,

1845 4709 1938 4757 aut
1963 4701 2099 4758 duas
2124 4716 2350 4766 manus,
2382 4707 2477 4754 aut
2505 4699 2639 4755 duos
2664 4700 2829 4770 pedes
2863 4698 3151 4754 habentem
3194 4698 3430 4771 mitti.in

179 4786 307 4873 nobis
331 4790 653 4862 conjunctus
682 4805 804 4846 esse
828 4789 1202 4862 cognosceris,
1233 4800 1291 4846 ut
1333 4799 1423 4847 tua
1467 4789 1739 4847 efﬁcacior
1766 4813 1816 4873 ι)
1842 4795 2146 4867 gehennam
2176 4793 2317 4866 ignis
2363 4791 2575 4863 (Matth.
2606 4808 2658 4858 v,
2684 4791 2799 4864 29).
2834 4791 2902 4846 Et
2948 4791 3001 4846 in
3047 4789 3430 4873 Ecclesiastico

181 4870 253 4931 ﬁat
275 4878 532 4937 industria
556 4921 570 4947 ,
598 4896 894 4952 congruum
929 4882 1086 4937 nobis
1129 4883 1306 4938 visum
1337 4891 1449 4950 est,
1483 4884 1587 4939 has
1624 4883 1735 4939 fra-

180 4973 421 5033 ternitatis
438 4976 648 5033 litteras
677 4984 781 5030 tua:
804 4975 1077 5032 dilectioni
1107 4976 1305 5032 debere
1326 4975 1583 5047 dirigere.
1618 4974 1734 5032 Mo-

180 5072 339 5121 nemus
368 5075 440 5134 te,
470 5066 809 5133 cbarissime,
835 5082 1052 5138 semper
1077 5066 1132 5121 in
1160 5065 1320 5122 bonis
1353 5080 1598 5132 manere,
1625 5075 1679 5122 et
1697 5082 1729 5122 a

181 5153 307 5211 malis
333 5172 544 5214 cavere.
595 5157 727 5213 Cum
770 5158 927 5213 bonis
971 5166 1026 5212 et
1065 5166 1226 5213 rectae
1260 5158 1383 5213 ﬁdei
1416 5173 1481 5213 ac
1527 5165 1729 5214 sanctte

182 5248 577 5309 conversationis
601 5249 907 5305 hominibus
943 5247 1161 5304 assidue
1184 5263 1337 5315 esse,
1367 5256 1421 5304 et
1450 5262 1481 5302 a
1509 5263 1729 5318 perver-

181 5329 241 5385 sis
263 5350 317 5393 ac
349 5338 580 5395 fratrum
618 5340 1027 5396 insidiatoribus
1073 5340 1178 5396 nisi
1207 5349 1265 5395 ut
1290 5355 1385 5397 eos
1410 5350 1729 5405 convertas,

181 5429 226 5473 ei
248 5428 303 5481 ad
328 5432 669 5487 concordiam
700 5433 956 5500 reducas,
989 5434 1255 5504 separari.
1292 5453 1310 5484 ι
1345 5434 1644 5501 Quoniam,
1676 5443 1736 5490 ut

181 5508 241 5565 ait
277 5517 587 5590 Apostolus,
622 5531 978 5593 corrumpunt
1011 5540 1189 5580 mores
1241 5526 1414 5580 bonos
1463 5526 1731 5598 colloquia

184 5606 294 5665 mala
316 5612 364 5684 (1
392 5612 514 5670 Cor.
548 5629 638 5681 xv,
665 5614 778 5685 55).
815 5634 835 5667 ι
870 5615 939 5669 Ει
962 5615 1077 5685 ipsa
1108 5630 1206 5685 per
1225 5630 1284 5671 se
1313 5614 1528 5673 Veritas
1557 5616 1731 5672 dicit:

184 5690 229 5793 §i
250 5704 421 5763 oculus
450 5715 572 5764 tuus
611 5707 1062 5767 scandalizaverit
1088 5718 1169 5776 te,
1200 5725 1331 5766 erue
1360 5725 1485 5766 eum
1516 5718 1572 5767 et
1601 5726 1730 5782 pro-

184 5786 264 5847 iitte
288 5796 376 5856 abs
406 5808 476 5857 te.
507 5798 570 5855 Et
607 5799 652 5855 si
700 5815 891 5855 manus
919 5808 1006 5856 tua
1038 5801 1494 5859 scandalizaverit
1524 5808 1607 5870 te,
1636 5803 1732 5860 ab-

1841 4885 2150 4956 invenietur
2184 4883 2324 4940 libro
2354 4902 2367 4939 :
2418 4902 2437 4936 ί
2473 4882 2530 4938 In
2562 4882 2719 4939 bonis
2753 4882 2855 4937 viri
2900 4880 3106 4937 inimici
3154 4868 3326 4946 illius,
3373 4880 3431 4935 in

1840 4976 2057 5032 tristitia
2083 4991 2214 5032 vero
2237 4983 2291 5032 et
2319 4975 2373 5030 in
2405 4974 2611 5031 malitia
2648 4974 2827 5041 illius,
2854 4974 3062 5029 amicus
3086 4973 3301 5045 agnitus
3320 4981 3426 5030 est.

1835 5067 1894 5124 In
1926 5068 2086 5125 labiis
2111 5069 2225 5125 suis
2254 5068 2494 5124 indulcat
2519 5067 2809 5132 inimicus,
2840 5074 2898 5121 et
2926 5066 2982 5121 in
3028 5065 3193 5122 corde
3224 5081 3323 5122 suo
3351 5066 3430 5122 in-

1834 5161 2084 5229 sidiatur,
2121 5171 2181 5218 ut
2206 5162 2487 5218 subvertat
2514 5168 2565 5215 te
2593 5160 2646 5214 in
2691 5158 2925 5215 foveam.
2956 5157 3025 5213 Et
3053 5159 3144 5229 qui
3191 5159 3432 5229 tetigerit

1831 5253 2029 5324 picem,
2045 5253 2419 5326 inquinabitur
2438 5253 2507 5308 ab
2526 5267 2607 5308 ea.
2626 5251 2695 5306 Et
2712 5251 2807 5323 qui
2828 5250 3312 5308 communicaverit
3336 5267 3429 5308 su-

1805 5348 1811 5357 ‘
1838 5345 2006 5417 perbo
2028 5345 2284 5401 induetur
2312 5343 2563 5416 superbia
2583 5382 2599 5410 ,
2628 5342 2839 5412 pondus
2873 5358 3037 5414 super
3078 5357 3139 5399 se
3171 5340 3307 5398 tollit
3332 5341 3426 5412 qui

1837 5438 2136 5494 honestiori
2166 5454 2225 5493 se
2244 5434 2627 5498 communicat,
2658 5433 2841 5490 ditiori
2865 5444 2919 5491 te
2942 5449 3009 5491 ne
3030 5433 3199 5489 fueris
3219 5432 3420 5489 socius.

1835 5528 1973 5597 Quid
2021 5524 2445 5584 communicabit
2473 5522 2708 5580 caeabus
2751 5524 2818 5579 ad
2872 5522 3070 5579 ollam?
3100 5521 3326 5590 Quando
3364 5534 3425 5576 se

1828 5617 2162 5687 colliserint,
2191 5615 2583 5686 confringetur.
2633 5614 2793 5671 Dives
2822 5612 3020 5685 injuste
3046 5619 3170 5683 aget
3213 5618 3269 5666 et
3314 5608 3424 5667 fre-

1834 5718 1976 5775 met,
2001 5724 2207 5780 pauper
2235 5717 2418 5765 autem
2453 5709 2612 5768 laesus
2642 5714 2863 5770 tacebit.
2892 5713 2952 5768 Si
2978 5710 3212 5791 largitus
3230 5708 3281 5791 ei
3306 5707 3424 5765 fue-

1835 5803 1941 5871 ris,
1968 5812 2204 5860 assumet
2234 5811 2285 5859 te
2304 5842 2319 5869 ,
2350 5811 2407 5859 ct
2437 5803 2482 5860 si
2520 5820 2626 5862 non
2657 5804 2949 5872 habueris,
2975 5790 3315 5874 derelinquet
3342 5807 3433 5858 tea
