3908 5434
522 331 628 402 {75'

1295 338 1586 404 APPEND.
1625 339 1717 403 AD
1755 347 1925 406 SEC.
1958 347 2046 402 IX.
2088 380 2155 390 -—
2189 349 2438 409 lSlDORl
2472 341 2910 411 MERCATORIS
3672 351 3758 415 116

521 455 578 519 Si
622 455 822 527 habes,
848 461 1095 516 convivct
1124 471 1335 528 tecum,
1381 471 1436 518 et
1469 462 1752 518 evacuabit
1777 470 1862 529 te,
1891 471 1944 518 et
1987 463 2099 532 ipse
2131 471 2173 530 Α
2201 461 2487 535 fugientes.
2526 463 2594 519 Et
2637 465 2728 534 qui
2777 465 2996 537 indigna
3037 463 3140 520 sibi
3171 472 3362 537 petunt
3403 461 3523 525 loca
3566 475 3754 532 tenere,

519 569 628 608 non
661 553 862 607 dolebit
886 567 1047 624 super
1075 561 1146 607 te.
1173 551 1228 607 Si
1264 554 1606 608 necessarius
1637 553 1712 607 illi
1745 553 1943 617 fueris,
1976 568 2103 622 sup—

521 635 789 716 plautabit
832 653 884 699 te
904 686 918 710 ,
949 653 1005 699 et
1048 645 1329 700 subridens
1359 660 1507 714 spem
1538 645 1715 710 dabit,
1749 661 1975 700 narrans
2006 645 2098 700 tibi

520 735 661 790 bona
683 775 697 798 ,
722 745 778 789 et
803 725 944 789 dicet
969 749 984 788 :
1011 733 1147 802 Quid
1177 750 1310 804 opus
1349 734 1588 790 esttibi?
1623 737 1691 790 Et
1727 735 2019 791 confundet
2052 749 2102 791 te

524 828 582 880 in
618 818 754 882 cibis
782 828 924 892 suis,
956 828 1124 881 donec
1169 836 1220 880 te
1261 822 1538 882 exinaniat
1585 823 1666 881 bis
1704 838 1759 881 et
1805 836 1907 892 ter,
1954 838 2009 882 et
2048 829 2100 883 in

521 917 820 971 novissimo
844 916 1107 971 deridebit
1133 925 1202 971 te.
1233 916 1424 971 Postea
1450 912 1638 970 videns
1665 916 2002 987 derelinquet
2026 926 2100 981 te,

519 1015 574 1062 et
603 1015 764 1077 caput
805 1022 958 1061 suum
1004 1008 1241 1062 movebit
1292 1008 1358 1062 ad
1405 1017 1476 1062 te.
1519 1006 1814 1062 Humiliare
1856 1005 2000 1072 Deo,
2048 1017 2104 1062 et

521 1107 773 1168 exspecta
801 1113 990 1152 manus
1016 1098 1149 1168 ejus.
1180 1098 1408 1152 Attende
1433 1112 1498 1152 ne
1519 1099 1771 1153 seductus
1795 1100 1844 1152 in
1876 1099 2101 1153 stultitia

523 1183 843 1243 humilieris.
886 1187 1005 1244 Noli
1054 1205 1173 1244 esse
1219 1189 1439 1244 humilis
1483 1189 1536 1243 in
1583 1189 1846 1259 sapientia
1879 1199 2005 1255 tua,
2037 1204 2102 1242 ne

522 1274 837 1336 humiliatus
871 1282 921 1336 in
952 1281 1236 1335 stultitiam
1259 1283 1556 1336 seducaris.
1590 1281 1896 1337 Advocatus
1938 1297 1967 1335 a
2014 1297 2106 1350 po-

522 1374 754 1428 tentiore
779 1364 1024 1439 discede,
1074 1385 1136 1428 ex
1188 1373 1290 1429 hoc
1335 1375 1478 1429 enim
1510 1374 1683 1447 magis
1713 1385 1766 1428 te
1795 1372 2096 1428 advocabit.

524 1461 602 1518 Ne
639 1464 919 1535 improbus
944 1466 1021 1519 sis
1041 1506 1054 1531 ,
1084 1481 1152 1519 ne
1192 1465 1506 1535 impingaris
1526 1507 1540 1531 ,
1571 1474 1626 1520 et
1647 1481 1714 1519 ne.
1737 1464 1894 1534 longe
1928 1463 2004 1518 sis
2033 1461 2100 1516 ab

525 1569 614 1621 eo,
644 1565 696 1610 et
721 1571 816 1612 eas
851 1557 903 1611 in
933 1556 1274 1612 oblivionem.
1303 1556 1380 1612 Ne
1403 1558 1635 1612 retineas
1676 1571 1740 1612 ex
1776 1570 1929 1625 aequo
1955 1553 2097 1623 loqui

526 1661 647 1700 cum
679 1645 802 1712 illo,
827 1653 970 1702 etne
999 1647 1190 1702 credas
1216 1647 1398 1702 multis
1427 1647 1604 1701 verbis
1632 1647 1807 1700 illius:
1839 1661 1903 1700 ex
1931 1646 2096 1699 multa

525 1738 668 1792 enim
698 1735 906 1808 loquela
955 1738 1210 1802 tentabit,
1248 1745 1302 1792 et
1345 1737 1628 1792 subridens
1670 1735 2020 1805 interrogabit
2047 1744 2098 1789 te

2206 564 2300 610 aut
2346 553 2637 612 facultates
2674 555 2928 632 Ecclesia:
2983 557 3304 613 abstrahunt
3336 558 3563 630 injuste,
3607 570 3658 615 et
3682 561 3759 631 qui

2204 643 2405 702 fratres
2439 647 2860 715 calumniantur,
2886 657 2980 702 aut
3005 659 3292 715 accusant,
3320 661 3376 706 et
3399 667 3506 706 non
3531 650 3759 722 probant.

2204 735 2288 790 vel
2322 735 2414 805 qui
2445 745 2634 791 contra
2663 737 2982 794 innocentes
3007 740 3311 810 principum
3335 741 3546 795 animos
3577 743 3641 796 ad
3673 743 3762 796 ira-

2203 825 2453 881 cundiam
2485 835 2816 896 provocant,
2849 839 2904 884 et
2931 844 3119 885 omnes
3155 832 3669 898 anathematizatos,
3692 835 3761 888 vel

2202 929 2300 984 pro
2328 915 2441 969 suis
2481 916 2779 972 sceleribus
2822 919 2889 972 ab
2939 918 3175 974 Ecclesia
3224 921 3441 990 pulsos,
3493 931 3551 976 et
3597 938 3763 980 omnes

2203 1019 2336 1074 quos
2363 1006 2744 1063 ecclesiastica:
2769 1008 2852 1062 vel
2881 1011 3060 1064 szeculi
3094 999 3238 1083 leges
3266 1012 3502 1067 infames
3539 1029 3760 1082 pronun—

2204 1093 2356 1148 tiant.
2375 1093 2481 1149 Hos
2497 1108 2624 1149 vero
2640 1111 2745 1150 non
2771 1096 2836 1150 ad
2861 1111 3044 1152 saeros
3065 1099 3283 1154 ordines
3305 1099 3762 1169 licetpromorere,

2202 1197 2304 1239 nec
2332 1199 2519 1240 servos
2548 1194 2673 1242 ante
2704 1185 2985 1258 ligitimam
3019 1189 3320 1244 libertatem
3342 1232 3356 1255 ,
3386 1206 3490 1246 nec
3522 1191 3765 1261 paenitet»

2203 1283 2321 1343 tes,
2352 1293 2454 1333 nec
2481 1279 2758 1348 bigamos,
2805 1297 2906 1336 nec
2950 1298 3044 1337 eos
3091 1284 3180 1352 qui
3228 1285 3394 1339 curiae
3441 1285 3763 1348 deserviunt,

2199 1369 2287 1425 vel
2314 1371 2407 1442 qui
2436 1385 2542 1426 non
2574 1379 2698 1426 sunt
2726 1371 2918 1443 integri
2949 1389 3199 1444 corpore,
3225 1382 3317 1428 aut
3341 1390 3532 1430 sanam
3563 1390 3666 1429 non
3689 1375 3766 1428 ha-

2200 1461 2330 1517 bent
2392 1472 2660 1530 mentem,
2709 1464 2794 1520 vel
2843 1465 3209 1533 intellectum,
3261 1476 3355 1522 aut
3418 1469 3768 1524 inobedientes

2203 1562 2518 1610 sanctorum
2544 1557 2777 1612 decretis
2797 1558 3030 1614 existqu
3049 1601 3064 1626 ,
3089 1571 3183 1615 aut
3210 1560 3399 1616 furiosi
3428 1561 3766 1616 manifestan-

2199 1651 2304 1697 tur.
2339 1642 2405 1697 Hi
2452 1658 2640 1699 omnes
2682 1659 2781 1700 nec
2811 1647 2876 1700 ad
2922 1662 3112 1702 sacros
3158 1649 3357 1720 gradus
3417 1651 3615 1704 debent
3666 1667 3769 1720 pro-

2203 1733 2352 1799 vehi,
2370 1747 2473 1788 nec
2495 1733 2603 1796 isti,
2630 1748 2730 1789 nec
2755 1735 2955 1802 liberti,
2981 1753 3155 1806 neque
3183 1740 3438 1808 suspecti,
3463 1755 3566 1794 nee
3591 1749 3767 1794 rectam

525 1832 591 1887 de
620 1826 947 1885 absconditis
979 1831 1106 1885 tuis.
1136 1831 1363 1885 Immitis
1391 1831 1604 1884 animus
1633 1829 1778 1884 illius
1806 1843 2095 1884 conserva-
2127 1831 2169 1890 Β
2197 1823 2360 1879 ﬁdem
2415 1824 2499 1880 vel
2545 1825 2762 1897 dignam
2803 1830 3264 1886 conversationem
3335 1847 3441 1886 non
3491 1833 3767 1893 habentes,

524 1922 603 1976 bit
634 1923 795 1978 verba
827 1931 950 1987 tua,
993 1930 1050 1977 et
1089 1937 1195 1976 non
1232 1931 1419 1992 parcet
1445 1922 1511 1976 de
1555 1920 1785 1984 malitia,
1819 1928 1875 1974 et
1899 1919 1964 1974 de
1987 1920 2105 1974 vin-

525 2013 680 2068 culis.
730 2013 874 2069 Cave
914 2014 1046 2080 tibi,
1098 2022 1152 2069 et
1185 2014 1401 2068 attende
1429 2013 1714 2084 diligenter
1741 2012 1944 2066 auditui
1979 2022 2101 2075 tuo,

523 2105 780 2174 quoniam
809 2106 862 2160 in
891 2105 1242 2160 subversione
1281 2113 1370 2159 tua
1417 2105 1682 2159 ambulas.
1710 2103 1948 2159 Audiens
1976 2119 2105 2158 vero

524 2192 618 2248 illa
661 2196 812 2263 quasi
863 2195 916 2249 in
953 2195 1187 2261 somnis,
1234 2195 1354 2251 vide
1397 2204 1452 2251 et
1487 2195 1751 2265 vigilabis.
1795 2194 1953 2250 Omni
1993 2194 2100 2248 vita

526 2288 620 2337 tua
652 2278 812 2355 dilige
839 2280 1006 2338 Deum
1025 2325 1040 2351 ,
1071 2295 1126 2339 et
1149 2284 1338 2339 invoca
1364 2300 1486 2339 eum
1527 2285 1579 2339 in
1606 2285 1776 2340 salute
1803 2294 1912 2339 tua.
1936 2283 2106 2340 Omne

527 2375 731 2430 animal
751 2376 924 2447 diligit
948 2376 1120 2431 simile
1149 2377 1284 2442 sibi,
1315 2378 1392 2434 sic
1422 2387 1476 2432 et
1503 2378 1678 2432 onmis
1708 2377 1888 2440 homo,
1924 2377 2105 2446 proxi-

527 2481 677 2522 mum
704 2468 826 2525 sibi.
863 2468 1050 2525 Omnis
1081 2486 1208 2526 caro
1234 2471 1298 2525 ad
1331 2470 1562 2525 similem
1607 2470 1706 2525 sibi
1737 2469 2102 2541 coniungitur,

527 2567 583 2612 ct
621 2559 797 2614 omnis
837 2560 996 2615 homo
1017 2559 1175 2615 simili
1217 2560 1314 2615 sibi
1336 2560 1589 2615 sociatur.
1607 2558 1664 2614 Si
1690 2559 2108 2615 communicabit

526 2647 686 2722 lupus
714 2667 855 2723 agno
876 2652 1163 2723 aliquando
1183 2695 1196 2714 ,
1226 2653 1303 2707 sic
1336 2663 1590 2723 peccator
1611 2651 1778 2721 justo.
1805 2651 1934 2719 Quae
1961 2666 2111 2705 com-

527 2744 824 2798 municatio
857 2754 1045 2799 sancto
1085 2744 1287 2799 homini
1337 2744 1402 2798 ad
1447 2743 1679 2799 canem?
1719 2751 1957 2813 antqua:
2000 2756 2104 2812 pax

522 2831 664 2889 bona
697 2836 846 2890 diviti
890 2838 956 2890 ad
1002 2837 1336 2907 pauperem?
1377 2837 1594 2892 venatio
1621 2836 1795 2892 leonis
1821 2851 2024 2907 onager
2051 2835 2104 2890 in

527 2939 744 2991 eremo,
794 2926 872 2981 sic
918 2941 1117 2996 pascua
1147 2927 1370 2981 divitum
1401 2935 1528 2980 sunt
1557 2942 1842 2997 pauperes.
1880 2927 1945 2979 Et
1971 2926 2108 2980 sicut

526 3015 859 3073 abominatio
885 3027 966 3073 est
993 3019 1224 3088 superbo
1249 3019 1526 3074 humilitas
1546 3061 1558 3083 ,
1589 3019 1666 3073 sic
1695 3018 1996 3073 exsecratio
2022 3017 2106 3071 di-

526 3105 621 3160 viti
654 3123 876 3179 pauper.
923 3108 1085 3164 Dives
1147 3117 1448 3164 commotus
1495 3107 1849 3164 confirmatur
1881 3107 1949 3162 ab
1975 3108 2108 3161 ami-

2204 1927 2444 1968 summos
2482 1916 2792 1971 sacerdotes
2822 1927 3050 1988 possunt
3078 1935 3356 1976 accusare.
3392 1921 3499 1976 Sed
3530 1931 3585 1976 et
3613 1922 3765 1991 quali-

2207 2011 2289 2058 ter
2334 2005 2639 2059 obedientia
2696 2005 2780 2059 vel
2828 2008 3131 2063 reverentia
3162 2009 3233 2064 sit
3275 2010 3585 2080 praepositis
3634 2011 3768 2065 exhi-

2205 2093 2379 2148 benda
2401 2133 2415 2159 ,
2446 2107 2511 2148 ex
2543 2094 2650 2149 tuis
2694 2110 2907 2166 quoque
2943 2097 3204 2168 subjectis
3247 2100 3360 2171 ipse
3391 2117 3499 2156 non
3534 2102 3767 2172 ambigis;

2205 2184 2258 2239 in
2289 2199 2394 2255 qua
2421 2200 2480 2239 re
2509 2185 2664 2241 valde
2685 2195 2766 2241 est
2793 2189 2956 2253 utile,
2985 2191 3026 2244 si
3061 2191 3110 2244 id
3139 2193 3282 2261 quod
3311 2192 3615 2262 disciplinae
3643 2196 3768 2265 vigor

2207 2275 2471 2345 imponit,
2505 2277 2654 2332 nullo
2678 2288 2903 2350 cogente
2934 2281 3210 2337 humilitas
3241 2283 3508 2338 laudanda
3539 2301 3768 2340 servave-

2206 2370 2296 2424 rit.
2327 2371 2683 2442 Omnipotens
2709 2374 2848 2428 Deus
2871 2374 2922 2427 in
2956 2373 3109 2442 cujus
3133 2392 3294 2430 manu
3330 2386 3455 2431 sunt
3481 2379 3662 2432 omnia
3682 2421 3696 2443 ,
3719 2380 3768 2433 dc

2206 2475 2314 2530 quo
2367 2463 2628 2533 scriptum
2674 2472 2757 2518 est
2809 2479 2823 2517 :
2875 2482 2894 2515 θ
2937 2464 3050 2519 Non
3101 2475 3183 2521 est
3229 2469 3527 2537 sapientia,
3576 2485 3679 2524 non
3706 2479 3768 2524 est

2205 2555 2510 2624 prudentia,
2528 2570 2635 2609 non
2656 2564 2740 2611 est
2761 2556 3048 2610 consilium
3072 2567 3265 2612 contra
3289 2558 3583 2613 Dominum
3605 2560 3768 2630 (Pror.

2205 2661 2294 2701 xxi
2313 2687 2328 2712 ,
2354 2646 2478 2718 50-);
2513 2667 2535 2698 ι
2565 2649 2678 2718 ipse
2708 2657 2779 2712 te,
2809 2659 3037 2719 tuosque
3064 2659 3120 2705 et
3151 2651 3354 2716 divina,
3393 2661 3450 2706 et
3474 2653 3763 2723 apostolica:

2203 2739 2351 2794 sedis
2372 2739 2616 2794 instituta
2643 2740 2846 2796 illibata
2869 2757 3088 2798 servare
3107 2783 3122 2809 ,
3150 2753 3204 2798 et
3228 2742 3296 2798 ad
3323 2745 3535 2814 potiora
3580 2760 3770 2815 semper

2207 2829 2594 2896 conscendere,
2618 2840 2673 2885 et
2713 2831 2780 2886 de
2810 2832 2902 2887 die
2926 2833 2978 2887 in
3011 2833 3150 2888 diem
3181 2835 3449 2890 deteriora
3478 2851 3701 2899 cavere,
3728 2845 3770 2890 et

2207 2921 2431 2976 meliora
2477 2937 2539 2975 ac
2574 2922 2684 2976 Deo
2708 2922 2906 2993 placita
2954 2925 3152 2980 sectari
3191 2935 3354 2997 atque
3381 2926 3642 2996 perficere
3667 2942 3772 2980 con-

2207 3015 2385 3069 cedat.

2283 3107 2622 3162 Vestimenta
2653 3123 2782 3163 vero
2815 3109 3183 3164 ecclesiastica
3220 3110 3417 3177 quibus
3443 3109 3670 3165 Domino
3691 3109 3770 3164 mi-

527 3197 628 3263 cis,
670 3199 889 3255 humilis
910 3211 1087 3255 autem
1118 3218 1237 3256 cum
1267 3201 1541 3266 ceciderit,
1567 3200 1864 3272 expelletur
1888 3209 1942 3255 et
1964 3217 1991 3253 a
2017 3215 2112 3254 no-
2139 3195 2183 3257 C
2215 3199 2495 3263 nistratur,
2551 3199 2835 3270 cultusque
2863 3203 3076 3257 divinus
3103 3203 3249 3256 omni
3281 3217 3401 3257 eum
3429 3203 3771 3260 honorificen-

529 3287 619 3344 tis.
645 3291 808 3345 Diviti
835 3292 1060 3362 decepto
1093 3293 1243 3346 multi
1293 3300 1732 3364 recuperatores,
1777 3293 1989 3347 locutus
2023 3302 2105 3347 est

524 3384 775 3452 superba,
807 3382 1255 3453 etjustificavcrit
1283 3383 1454 3451 illum,
1479 3385 1694 3440 humilis
1718 3385 1973 3455 deceptus
2000 3393 2102 3450 est,

523 3478 580 3527 et
609 3472 827 3544 insuper
871 3475 1134 3546 arguitur,
1174 3476 1386 3530 locutus
1427 3486 1512 3531 est
1539 3485 1775 3541 sensate,
1805 3484 1861 3531 et
1888 3491 1994 3529 non
2022 3483 2106 3529 est

523 3560 681 3618 datus
704 3565 751 3619 ei
783 3565 949 3620 locus.
977 3566 1134 3621 Dives
1155 3566 1364 3622 locutus
1385 3577 1486 3630 est,
1511 3577 1564 3621 et
1584 3583 1774 3622 omnes
1800 3573 2101 3626 tacuerunt,

522 3664 578 3710 et
605 3657 828 3710 verbum
871 3658 1014 3712 illius
1041 3674 1212 3729 usque
1241 3660 1308 3714 ad
1344 3660 1514 3713 nubes
1542 3660 1860 3727 perducent.
1896 3657 2106 3724 Pauper

521 3746 734 3802 locutus
759 3757 840 3802 est
865 3757 921 3803 et
948 3751 1132 3803 dicunt
1167 3768 1180 3804 :
1215 3751 1347 3818 Quis
1375 3760 1458 3805 est
1485 3752 1612 3806 hic?
1636 3751 1703 3805 Et
1725 3751 1769 3805 si
1799 3749 2104 3814 offenderit,

521 3840 843 3894 subvertunt
870 3840 1043 3895 illum.
1073 3840 1216 3896 Bona
1257 3853 1340 3896 est
1378 3843 1683 3897 substantia
1709 3882 1722 3907 ,
1763 3843 1847 3896 cui
1882 3857 1988 3897 non
2023 3851 2105 3896 est

521 3936 802 3996 peccatum
856 3930 908 3984 in
959 3931 1325 3996 conscientia,
1351 3941 1405 3986 et
1445 3933 1772 4002 nequissima
1814 3941 2104 4002 paupertas

523 4019 580 4074 in
605 4034 699 4074 ore
725 4020 896 4089 impii.
921 4022 1027 4076 Cor
1047 4023 1282 4077 hominis
1311 4023 1556 4078 immutat
1582 4025 1774 4081 faciem
1801 4024 1960 4088 illius,
1989 4026 2105 4082 sive

523 4111 578 4166 in
627 4111 798 4177 bona,
849 4114 962 4168 sive
995 4113 1047 4167 in
1095 4113 1255 4168 mala.
1297 4113 1593 4186 Vestigium
1639 4116 1765 4171 boni
1811 4117 2106 4184 cordis,et

524 4201 718 4256 faciem
751 4203 948 4257 bonam
973 4204 1186 4260 dillieile
1211 4207 1453 4262 invenies
1481 4216 1678 4262 etcum
1706 4208 1891 4265 labore
1911 4208 2098 4282 (Ereti.

524 4308 635 4357 Ill,
665 4292 828 4360 9-15;
861 4311 992 4360 xm,
1028 4297 1205 4366 1-32).
1242 4316 1264 4349 ›
2065 4316 2072 4323 ·

594 4382 737 4448 Haec,
761 4383 951 4450 frater,
977 4402 1108 4442 cave
1129 4388 1244 4452 tibi,
1269 4397 1324 4443 et
1345 4398 1466 4460 post
1487 4391 1958 4462 concupiscentias
1982 4400 2103 4448 tuas

524 4488 632 4528 non
672 4477 854 4532 vadas.
905 4478 1042 4546 Quid
1088 4496 1218 4536 vero
1262 4482 1577 4538 consuluisti
1625 4487 1806 4540 sedem
1851 4486 2104 4558 apostoli-

2214 3289 2288 3342 tia
2328 3298 2382 3342 et
2428 3290 2712 3345 honestate
2737 3306 2766 3344 a
2796 3290 3168 3346 sacerdotibus
3223 3292 3557 3363 reliquisque
3613 3291 3772 3348 Eccle-

2207 3379 2302 3434 siae
2347 3380 2610 3436 ministris
2655 3383 2985 3448 celebratur,
3038 3395 3255 3440 sacrata
3290 3386 3490 3441 debent
3538 3401 3684 3450 esse,
3730 3393 3774 3437 et

2207 3472 2452 3526 honesta.
2485 3472 2691 3539 Quibus
2737 3473 2857 3528 aliis
2889 3475 2940 3528 in
2977 3475 3200 3540 usibus,
3251 3492 3373 3532 cum
3431 3479 3540 3531 Deo
3575 3477 3774 3546 ejusque

2207 3563 2433 3619 servitio
2484 3575 2795 3621 consecrata
2844 3575 2899 3621 et
2935 3567 3180 3622 dedicata
3232 3569 3382 3632 sint,
3432 3585 3595 3624 nemo
3635 3569 3774 3623 debet

2210 3653 2313 3710 frui
2344 3671 2503 3724 quam
2555 3657 2944 3714 ecclesiasticis
2973 3667 3027 3714 et
3053 3661 3229 3729 dignis
3275 3660 3488 3715 oﬂiciis.
3525 3661 3652 3729 Quae
3689 3675 3773 3714 nec

2213 3745 2281 3800 ab
2328 3745 2448 3801 aliis
2489 3746 2685 3800 debent
2710 3747 2978 3819 contingi,
3014 3757 3108 3802 aut
3153 3750 3319 3815 ferri,
3364 3751 3464 3805 nisi
3499 3766 3528 3805 a
3567 3750 3771 3804 sacratis

2207 3835 2556 3902 horninibus,
2609 3851 2677 3890 ne
2728 3837 2859 3891 ultio
2889 3854 3010 3907 qum
3048 3839 3330 3895 Balthasar
3386 3842 3649 3910 percussit
3697 3856 3772 3894 su-

2209 3943 2312 3998 per
2366 3928 2480 3983 hzec
2536 3929 3054 3996 transgredientibus
3092 3940 3146 3984 ct
3193 3931 3316 3984 talia
3348 3931 3774 4001 prmsumentibus

2203 4021 2385 4075 veniat
2457 4021 2672 4086 divina,
2750 4030 2805 4074 et
2885 4037 3140 4076 corruere
3201 4037 3296 4077 eos
3375 4023 3541 4078 faciat
3599 4022 3772 4077 divinae

2203 4113 2422 4169 ultionis
2457 4116 2658 4184 justum
2697 4115 2966 4187 flagellum
3014 4117 3080 4172 ad
3135 4117 3263 4172 ima.
3312 4117 3440 4174 Haec
3483 4119 3587 4174 illis
3619 4118 3769 4190 parti-

2205 4203 2305 4257 bus
2348 4205 2542 4272 quibus
2592 4204 2825 4259 moraris
2864 4213 2917 4259 et
2964 4205 3016 4259 in
3067 4207 3316 4262 omnibus
3367 4209 3565 4277 quibus
3607 4219 3773 4280 potue-

2211 4293 2286 4349 ris
2341 4294 2550 4349 cunctis
2609 4305 2734 4350 nota
2791 4294 2986 4360 facito,
3045 4305 3102 4351 et
3154 4296 3445 4354 observare
3499 4298 3769 4370 apostolica

2206 4381 2455 4436 mandato
2484 4383 2830 4447 auctoritate,
2857 4385 2982 4452 quia
3017 4393 3068 4439 et
3126 4385 3300 4439 nostri
3333 4387 3599 4458 nobisque
3640 4400 3769 4441 com-

2207 4471 2356 4524 missi
2390 4471 2441 4525 in
2480 4483 2668 4525 sancta
2695 4473 2986 4541 apostolica
3014 4482 3070 4527 et
3095 4474 3384 4530 universali
3409 4476 3649 4531 Ecclesia
3673 4488 3770 4528 orn-

527 4567 684 4619 cam?
713 4568 801 4637 qui
849 4579 977 4624 sum
1022 4570 1278 4636 infames,
1311 4581 1403 4627 am
1435 4575 1526 4643 qui
1574 4575 1642 4628 ad
1686 4550 1900 4647 gradus'
1924 4576 2107 4632 Eccle-
2137 4550 2182 4609 D
2211 4578 2305 4617 nes
2333 4563 2445 4616 haec
2474 4565 2787 4627 observare,
2813 4581 2953 4618 nunc
2980 4574 3035 4617 et
3060 4563 3257 4618 futuris
3293 4567 3628 4635 temporibus
3655 4579 3764 4634 pro-

525 4654 775 4712 siasticos
807 4674 914 4712 non
943 4670 1069 4714 sunt
1089 4662 1435 4727 admittendi,
1462 4675 1516 4719 et
1544 4680 1701 4720 nosse
1730 4674 1781 4721 te
1813 4667 2104 4733 credimus,

523 4755 580 4799 et
603 4763 700 4815 pro
725 4751 1046 4805 auctoritate
1085 4753 1228 4807 sedis
1250 4754 1557 4824 apostoliem
1589 4749 1639 4812 te
1681 4756 1973 4813 informare
1999 4773 2104 4812 non

524 4836 874 4908 denegamus.
907 4841 1142 4896 lnfames
1182 4854 1361 4901 autem
1410 4862 1529 4900 esse
1560 4861 1653 4902 eas
1683 4863 1942 4916 personas
1969 4849 2105 4902 dici-

525 4943 646 4982 mus
690 4946 808 4999 qute
851 4949 949 5004 pro
980 4935 1155 5003 aliqua
1181 4936 1335 5006 culpa
1368 4947 1624 4992 notatttur
1668 4939 1910 5005 infamia,
1943 4941 1994 4995 id
2025 4951 2107 4998 est

529 5033 718 5073 omnes
770 5022 859 5088 qui
907 5022 1232 5080 Christiana)
1281 5026 1412 5096 legis
1449 5044 1691 5083 normam
1731 5028 2019 5098 abjicinnt,
2051 5039 2107 5084 et

528 5115 728 5162 statuta
754 5108 1130 5167 Ecclesiastica
1157 5125 1534 5182 contemnunt,
1557 5118 1807 5172 similiter
1832 5117 1996 5184 fures,
2018 5133 2106 5172 sa-

524 5196 752 5265 crilegos
772 5239 786 5260 ,
819 5207 873 5252 et
904 5215 1095 5255 omnes
1143 5204 1466 5274 capitalibus
1495 5206 1813 5261 criminibus
1847 5209 2102 5262 irretitos.

533 5288 914 5320 CAnI-tnnA-u‘nr.
976 5309 1185 5320 η-ιΑρ--Ἀ
1239 5297 1524 5320 -.ξιιιαιρασιι-
1613 5307 1656 5320 ..Δ
1707 5309 1887 5320 ...μαμιι

2209 4653 2335 4708 fessi
2365 4665 2491 4708 sunt
2540 4653 2634 4708 llis
2657 4655 2896 4709 breviter
2919 4657 3023 4708 tuis
3046 4655 3213 4709 frater
3230 4657 3519 4727 magniﬁce
3543 4653 3765 4728 respondi

2208 4745 2426 4799 litteris.
2494 4744 2698 4811 Quibus
2763 4755 2852 4798 tua
2903 4746 3118 4801 dilectio
3165 4747 3237 4801 ita
3289 4748 3550 4813 societur,
3600 4759 3656 4802 ut
3698 4746 3767 4798 ni-

2210 4839 2280 4893 hil
2310 4841 2360 4893 in
2396 4841 2480 4896 his
2507 4856 2626 4910 quae
2649 4840 2714 4894 ad
2744 4841 3070 4895 universalis
3099 4841 3356 4897 Ecclesia:
3391 4836 3589 4899 statum
3620 4841 3764 4914 perti-

2207 4938 2368 4994 nent,
2417 4939 2510 4984 aut
2557 4931 2716 4985 dubie
2765 4941 2976 5002 agatur,
3013 4941 3106 4986 aut
3154 4935 3410 5004 segniter.
3447 4935 3660 4990 Etcum
3688 4932 3761 4985 tali

2207 5023 2575 5078 moderatione
2623 5033 2853 5094 agantur
2896 5033 3125 5091 cuncta,
3170 5036 3230 5080 ut
3270 5042 3364 5081 nec
3396 5028 3762 5083 benevolentia!

2206 5121 2418 5185 partes,
2447 5128 2548 5169 nec
2585 5112 2808 5181 justilize
2839 5117 3203 5188 negligantur,
3236 5119 3328 5173 sed
3359 5120 3571 5188 absque
3600 5129 3761 5187 perso-

2207 5218 2398 5257 narum
2429 5205 2742 5274 acceptione
2769 5207 3009 5261 divinum
3058 5207 3110 5262 in
3140 5210 3389 5264 omnibus
3412 5209 3668 5278 judicium
3687 5220 3761 5260 co.

2244 5293 2406 5320 =DAII1-
2455 5294 2606 5320 ΛιιΑι,
2637 5306 2689 5320 ιι.
2723 5306 2866 5320 _“'-
2905 5298 3236 5320 -l.--..-.-..l!-
3293 5299 3471 5320 ---Ι--ι¹
3533 5295 3754 5320 -..-:-.l:—:

2209 5294 2406 5320 ΑιθΑΙ-τιι
2455 5294 2606 5320 nu-)
2637 5306 2689 5320 ..ι
2723 5306 2866 5320 ..-ΑΙ-ι
2905 5298 3236 5320 -l.--..-.-..-3-
3293 5299 3378 5320 ---Ι
