3926 6438
112 419 200 481 177

1255 423 1743 482 DECRETMJUM
1781 418 2180 480 (ZOLLECTIO.

2316 400 2364 425 Μ

3255 430 3356 488 178

483 557 640 615 ITEM
680 557 1014 616 EPISTOLA
1052 557 1392 616 STEPHANI
1431 559 1633 615 ΡΔΡίΕ
1676 559 1762 614 DE
1789 559 2384 623 ACCUSATIONIBUS
2421 560 2914 621 SACERDOTUM.

168 699 482 754 Summus
508 706 704 753 sancta:
741 698 1051 769 apostolica:
1093 707 1150 754 et
1196 700 1526 754 universalis
1552 699 1664 753 Ro-
1697 708 1742 762 Α
1771 711 1962 754 eeatur
1991 701 2234 756 ecclesiae
2267 718 2438 772 usque
2464 704 2528 758 ad
2553 706 2878 777 condignam
2905 705 3352 764 satisfactionem.

108 808 264 848 mana:
312 792 569 847 Ecclesia:
615 792 935 863 episc0pus,
990 793 1243 848 omnibus
1290 808 1387 862 per
1431 793 1676 847 diversas

107 882 401 952 provincias
427 883 739 938 constitutis
771 882 1060 952 episcopis,
1095 883 1148 936 in
1173 883 1400 937 Domino
1426 883 1672 936 salutem.

165 976 460 1032 Plurimum
487 979 785 1048 gaudemus
827 979 880 1033 in
915 978 1146 1033 Domino
1166 1019 1180 1042 ,
1210 988 1266 1033 et
1301 979 1352 1033 in
1386 979 1527 1033 dono
1555 994 1679 1049 gra-

107 1069 181 1125 the
205 1069 370 1140 ipsius
400 1069 720 1139 gloriamur,
738 1070 880 1138 quod
901 1070 1033 1124 ﬁdes
1045 1079 1222 1125 vestra
1241 1086 1337 1139 per
1353 1071 1489 1125 bona
1514 1085 1676 1140 opera

107 1161 282 1216 crescit
304 1160 611 1231 magniﬁce,
641 1170 695 1215 et
721 1161 975 1216 dilatatur
1001 1161 1353 1232 amplissime.
1386 1161 1490 1215 Sed
1517 1160 1678 1215 nimis

107 1255 375 1325 affligimur
395 1265 454 1310 et
481 1255 802 1309 tribulamur
845 1257 913 1310 de
936 1262 1114 1309 vestra
1141 1255 1491 1326 Oppressione
1518 1269 1680 1324 super

106 1363 196 1416 qua
235 1348 482 1402 crebrior
515 1348 934 1403 commeantium
987 1362 1158 1416 usque
1201 1348 1268 1400 ad
1301 1363 1399 1402 nos
1443 1347 1674 1400 fratrum

107 1452 266 1493 sermo
295 1438 549 1507 perlatus
575 1447 678 1494 est.
712 1438 828 1494 Non
860 1447 1176 1508 oportuerat
1216 1440 1430 1509 quidem
1476 1439 1544 1494 ab
1572 1439 1707 1494 illis‘

106 1544 130 1581 a
155 1530 342 1598 quibus
385 1530 716 1596 sustentari,
748 1539 800 1584 et
835 1529 1069 1600 portari,
1114 1538 1169 1584 et
1198 1530 1453 1585 honorari
1481 1530 1678 1584 debue-

107 1623 250 1685 ratis,
287 1623 458 1676 tantis
483 1637 580 1676 vos
601 1622 1048 1693 oppressionibus
1070 1623 1308 1677 concuti.
1336 1621 1678 1691 Quapropter

106 1714 460 1768 necessarium
491 1720 610 1778 est,
639 1721 699 1766 ut
727 1713 951 1768 remotis
991 1713 1178 1766 talimn
1210 1711 1678 1782 tergiversationi-

107 1803 224 1867 bus,
245 1803 447 1872 quibus
472 1819 740 1859 venenosa
768 1804 973 1858 malitia
1005 1803 1269 1866 revelari,
1294 1812 1457 1872 atque
1483 1801 1678 1857 obsca-

109 1892 200 1945 rari
231 1892 448 1946 bonitas
477 1901 532 1947 et
554 1893 772 1948 veritas
797 1893 968 1957 solet,
1007 1892 1393 1947 adminiculum
1425 1908 1530 1945 non
1563 1906 1678 1945 mo-

110 1983 266 2036 dicutn
299 1983 460 2038 vobis
495 1999 526 2037 a
558 1984 807 2040 fidelibus
857 1985 1222 2054 impendatur,
1253 1993 1415 2053 atque
1465 1983 1533 2037 ab
1576 1983 1680 2037 hac

110 2072 379 2141 apostolica
414 2073 545 2128 sede
572 2073 917 2144 suffragetur,
951 2090 1088 2144 quos
1130 2090 1225 2144 per
1273 2075 1510 2129 divinam
1554 2090 1676 2145 gra-
1709 2060 1750 2117 Β

112 2163 222 2216 tiam
246 2162 457 2218 Christi
485 2165 687 2219 auxilio
714 2165 933 2236 dignum
975 2174 1058 2221 est
1104 2165 1379 2235 adjuvari,
1420 2181 1488 2221 ne
1518 2165 1569 2218 in
1599 2174 1680 2220 to-

111 2251 199 2306 tius
241 2253 503 2308 Ecclesite
546 2256 1012 2324 perturbationem
1057 2257 1372 2325 imprudens
1421 2255 1682 2326 procedat

112 2345 354 2411 intentio,
393 2355 448 2401 et
491 2361 554 2401 ea
585 2362 706 2416 qua!
750 2363 780 2401 a
817 2348 1026 2402 sanctis
1056 2347 1554 2417 praedecessoribus
1590 2363 1679 2400 no-

118 2437 320 2502 stris,et
348 2438 575 2508 reliquis
589 2439 794 2494 sanctis
821 2439 1076 2495 Patribus
1100 2439 1298 2494 dudum
1319 2438 1533 2494 fuerant
1556 2455 1682 2509 pro-

112 2527 292 2596 hibita,
347 2531 526 2586 denuo
557 2531 903 2586 reviviscant.
931 2530 1061 2585 Loci
1093 2545 1329 2600 namque
1357 2530 1525 2585 nostri
1557 2546 1684 2584 con-

114 2622 420 2679 sideratioue
444 2623 822 2699 compellimur
843 2639 907 2678 ea
928 2638 1048 2693 qua:
1070 2623 1134 2676 ad
1165 2623 1411 2677 notitiam
1443 2631 1682 2676 nostram

115 2717 430 2772 emendanda
459 2726 860 2788 pervenerunt,
893 2727 1115 2788 prepter
1145 2715 1430 2771 Dominum
1460 2732 1564 2771 non
1595 2717 1685 2771 (l0-

115 2807 440 2878 relinquere,
475 2811 572 2864 sed
603 2810 762 2881 digna
810 2810 1191 2865 emendatione
1221 2811 1517 2880 corrigere.
1549 2810 1615 2864 Et
1641 2803 1695 2864 si

120 2901 453 2956 suularibus
478 2900 676 2956 ofﬁciis
701 2899 836 2956 ordo
865 2917 994 2955 suus
1019 2910 1072 2954 et
1106 2901 1298 2955 tradita
1325 2916 1352 2954 a
1393 2901 1688 2970 majoribus

120 2991 384 3063 disciplina
417 2995 688 3048 servanda
711 3003 829 3059 est,
862 2994 984 3064 quis
1015 2993 1152 3048 ferat
1177 2993 1575 3048 ecclesiasticos
1600 3007 1687 3047 or-

123 3081 251 3138 dines
278 3084 569 3139 temeraria
612 3083 1036 3154 praesumptione
1060 3082 1337 3148 confundi,
1381 3085 1564 3138 audita
1595 3099 1688 3137 ne-

123 3176 337 3248 gligere,
387 3188 441 3233 et
474 3178 810 3234 emendanda
864 3193 972 3232 non
1009 3192 1167 3247 npem
1209 3175 1431 3231 ferendo
1477 3187 1683 3246 postpo-

125 3270 269 3322 nere?
295 3269 614 3323 Audivimus
661 3269 804 3323 enim
851 3283 950 3323 vos
993 3284 1022 3322 a
1070 3267 1392 3336 quibusdam
1442 3266 1688 3322 accusari

127 3373 214 3412 non
239 3370 345 3413 tarn
374 3375 472 3430 pro
502 3369 682 3414 vestra
707 3359 863 3429 culpa
887 3400 902 3424 ,
935 3375 1098 3430 quam
1133 3374 1233 3428 pro
1263 3373 1450 3413 eorum
1499 3357 1684 3418 libitu;

129 3457 177 3500 ut
201 3459 372 3504 vestra
407 3465 600 3520 rapere
623 3451 868 3519 possint,
896 3458 952 3506 et
978 3451 1100 3505 ideo
1130 3465 1226 3505 vos
1259 3449 1419 3504 nimis
1444 3447 1603 3518 afﬂigi
1637 3457 1690 3502 et
1719 3418 1759 3478 (ἶ

129 3543 320 3596 concuti
357 3542 649 3608 intantuni,
680 3543 925 3597 utetiam
953 3559 981 3596 a
1007 3543 1226 3598 sedibus
1251 3541 1485 3612 propriis
1519 3539 1686 3608 pella-

131 3633 333 3698 mini,et
361 3635 446 3690 tali
471 3637 758 3690 occasione
787 3635 1041 3690 Ecclesia:
1078 3635 1470 3702 facultatesque
1499 3642 1693 3687 vestra:

132 3734 392 3780 vastentur
434 3742 502 3782 ac
547 3727 944 3796 depraedentur.
1011 3725 1138 3787 Ista,
1191 3724 1522 3786 ebarissimi,
1586 3738 1690 3776 non

132 3828 321 3886 oportet
343 3819 492 3885 ﬁeri,
516 3833 618 3874 nec
641 3819 820 3874 denuo
842 3819 1113 3888 replicati.
1133 3817 1337 3872 Tamen
1364 3832 1590 3873 necesse
1611 3825 1695 3871 est

133 3925 236 3980 quae
277 3914 432 3970 toties
484 3922 841 3986 usurpantur,
877 3913 1075 3983 saepius
1105 3912 1434 3983 replicentur
1488 3921 1542 3967 et
1571 3925 1696 3981 pro-

135 4000 422 4058 hibeantur.
470 4003 606 4058 Nam
647 4005 909 4074 quidquid
937 4004 990 4059 in
1022 4004 1254 4060 sacratis
1301 4002 1412 4058 Deo
1453 4003 1616 4057 rebus
1641 4009 1696 4055 et

136 4095 382 4166 episcopis
427 4095 628 4164 injuste
669 4097 850 4166 agitur
887 4111 986 4166 pro
1012 4095 1296 4165 sacrilegio
1334 4093 1692 4164 reputabitur,

135 4187 242 4255 quia
270 4189 421 4244 saera
448 4197 600 4249 sunt,
630 4197 685 4243 et
714 4187 906 4242 violari
956 4202 985 4241 a
1028 4201 1300 4258 quoquam
1329 4201 1436 4239 non
1472 4183 1692 4238 debent.

196 4277 372 4334 Nullus
413 4279 558 4333 enim
597 4279 998 4349 episcoporum,
1030 4279 1154 4332 dum
1180 4278 1292 4332 suis
1337 4275 1503 4330 fuerit
1537 4275 1696 4330 rebus

139 4368 475 4438 exspoliatus,
515 4376 610 4422 aut
646 4384 675 4422 a
707 4369 832 4424 sede
880 4368 1096 4439 propria
1145 4366 1385 4438 qualibet
1410 4365 1697 4420 occasione

139 4459 322 4528 pulsus,
355 4462 514 4516 debet
546 4460 812 4522 accusari,
838 4469 932 4514 aut
956 4475 984 4513 a
1014 4474 1286 4530 quoquam
1307 4459 1355 4512 ei
1386 4465 1562 4528 potest
1590 4455 1697 4510 cri-

140 4562 245 4606 men
273 4552 431 4622 obiici
451 4595 466 4618 ,
499 4554 814 4624 priusquam
861 4552 1208 4623 integerrime
1256 4558 1611 4612 restanretnr,
1643 4555 1699 4604 et

143 4643 300 4696 omnia
342 4660 460 4714 qua:
505 4644 579 4698 illi
637 4643 815 4698 ablata
847 4659 1169 4713 quocunque
1201 4643 1413 4711 ingenio
1450 4640 1694 4703 fuerant,

1780 795 2140 850 Accusatores
2165 813 2292 851 vero
2323 808 2377 851 et
2408 799 2788 853 accusationes
2830 815 2963 870 quas
2991 799 3170 854 Steculi
3212 800 3358 870 leges

1780 901 1885 940 non
1928 887 2226 956 recipiunt,
2262 897 2312 940 et
2340 897 2714 942 antecessores
2740 889 2908 943 nostri
2939 890 3354 958 prohibuerunt,

1780 987 1833 1032 et
1863 993 1962 1031 nos
1989 979 2389 1032 snlnnovemus.
2415 977 2602 1033 Nullus
2630 981 2774 1033 enim
2805 979 3106 1049 alienigena
3138 990 3229 1033 aut
3261 995 3355 1035 ac-

1780 1079 2000 1124 cusator
2028 1086 2215 1123 eorum
2255 1072 2350 1124 ﬁat
2392 1081 2485 1124 aut
2513 1071 2698 1140 judex.
2734 1072 2887 1127 llnde
2921 1074 3065 1127 etde
3097 1073 3192 1128 Lot
3221 1073 3358 1129 scri-

1780 1169 1927 1230 ptum
1958 1170 2042 1216 est
2069 1175 2083 1214 :
2122 1180 2140 1210 t
2169 1160 2450 1230 Ingressus
2481 1179 2539 1216 es
2566 1171 2623 1216 ut
2664 1163 2893 1240 advena,
2926 1165 3166 1236 nunquid
3196 1165 3362 1235 utju—

1780 1252 1928 1307 dices
1960 1252 2168 1322 (Cenes.
2198 1269 2310 1315 nx,
2345 1253 2437 1320 9)?
2475 1273 2492 1304 ι
2520 1254 2820 1310 Accusator
2845 1265 3023 1310 autem
3054 1268 3358 1312 vestrorum

1779 1343 1956 1397 nullus
2002 1345 2074 1398 sit
2121 1360 2310 1398 servus
2351 1355 2443 1398 aut
2483 1345 2747 1410 libertus,
2801 1346 3052 1416 nullaque
3113 1357 3360 1418 suspecta
3401 1367 3406 1390 '-

1779 1449 2010 1504 persona
2039 1443 2132 1488 aut
2159 1435 2396 1489 infamis.
2433 1435 2784 1506 Repellantur
2805 1437 2969 1491 etiam
2992 1438 3365 1493 cohabitantes

1781 1527 2018 1581 inimicis
2069 1536 2122 1582 et
2147 1543 2336 1582 omnes
2360 1528 2506 1590 laici,
2541 1529 2667 1598 quia
2689 1528 3087 1585 infestationem
3117 1531 3366 1601 blasphe-

1778 1618 1902 1671 mia:
1924 1617 2140 1674 affectio
2164 1619 2418 1675 arnieitim
2445 1619 2674 1673 incitare
2701 1619 2856 1675 solet.
2885 1620 2991 1675 Nec
3014 1621 3086 1675 illi
3113 1621 3164 1676 in
3187 1629 3367 1674 vestra

1780 1718 1905 1764 sunt
1938 1709 2270 1779 suscipiendi
2304 1710 2678 1772 accusatione,
2716 1710 2807 1779 qui
2843 1727 2936 1765 vos
2975 1711 3026 1764 in
3054 1727 3149 1765 sua
3181 1709 3368 1765 volunt

1780 1801 2023 1871 recipere
2070 1800 2442 1854 infamatione.
2475 1801 2664 1856 Nullus
2705 1802 2847 1856 enim
2881 1803 3166 1857 anathema
3195 1802 3368 1858 susci-

1779 1893 1980 1963 piatur,
2009 1907 2108 1947 nec
2137 1907 2166 1945 a
2195 1907 2466 1962 quoquam
2495 1893 2789 1947 credantur
2816 1909 2935 1962 qua:
2962 1895 3030 1947 ab
3060 1895 3140 1949 eis
3167 1894 3249 1948 vel
3281 1894 3366 1948 di-

1783 1995 1980 2042 cuntur
2013 1985 2094 2040 vel
2129 1987 2570 2040 conscribuntur.
2608 1986 2713 2040 Eos
2742 2001 2958 2056 quoque
2990 1986 3113 2041 dico
3138 1985 3366 2040 anathe-

1781 2079 2066 2131 matizatos
2093 2091 2242 2142 esse,
2272 2091 2408 2146 quos
2453 2077 2690 2146 episc0pi
2731 2077 2844 2130 suis
2874 2077 3094 2146 scriptis
3135 2077 3362 2132 anathe-

1780 2169 2216 2234 matizaverunt,
2265 2175 2358 2220 aut
2399 2182 2587 2222 eorum
2636 2175 2836 2221 statuta
2880 2168 3365 2221 anathematizant.

1779 2256 1886 2312 Per
1916 2259 2115 2328 scripta
2145 2258 2290 2311 enim
2321 2257 2522 2311 nullius
2559 2257 2838 2312 accusatio
2881 2255 3226 2325 suscipiatur,
3274 2255 3368 2310 sed

1779 2352 1995 2424 propria
2023 2367 2177 2414 voce,
2204 2351 2246 2406 si
2271 2350 2507 2421 legitima
2532 2358 2584 2404 et
2604 2349 2868 2419 condigna
2897 2348 3230 2402 accusatoris
3254 2361 3370 2417 per-

1781 2459 1912 2500 sona
1965 2445 2154 2508 fuerit,
2203 2450 2468 2512 prtesente
2501 2440 2748 2495 videlicet
2796 2453 2860 2493 eo
2907 2454 3065 2508 quem
3111 2451 3371 2492 accusare

1784 2536 2096 2600 desiderat,
2146 2535 2270 2604 quia
2317 2533 2494 2587 nullus
2530 2531 2725 2586 absens
2775 2540 2867 2584 aut
2903 2529 3146 2584 accusari
3193 2535 3373 2598 potest

1784 2634 1877 2681 aut
1908 2639 2184 2680 accusare.
2221 2623 2408 2676 Nullus
2432 2631 2609 2675 tamen
2633 2620 2838 2691 praefati
2862 2619 3070 2672 ordinis
3099 2618 3184 2671 vir
3210 2633 3374 2672 accu-

1785 2719 1890 2773 sari
1922 2726 2118 2788 potest,
2143 2724 2234 2768 aut
2261 2713 2585 2783 respondere
2628 2713 2738 2766 suis
2761 2710 3168 2765 accusatoribus
3189 2709 3368 2772 debet,

1785 2809 2100 2879 priusquam
2135 2805 2452 2875 regulariter
2482 2819 2510 2857 a
2545 2817 2642 2857 suo
2672 2803 2904 2873 primate
2931 2808 3158 2855 vocatus
3179 2800 3268 2866 sit,
3295 2798 3372 2853 lo-

1787 2916 2017 2971 cumque
2043 2897 2360 2954 defendendi
2377 2905 2430 2950 et
2447 2895 2751 2966 inquirendi
2768 2893 3000 2964 accipiat
3021 2891 3086 2947 ad
3109 2891 3370 2947 abluenda

1789 2992 2038 3048 crimina.

1861 3065 2002 3136 Nulli
2026 3081 2165 3136 enim
2197 3079 2589 3150 metropolitani
2617 3087 2709 3132 aut
2731 3077 2818 3132 alii
2843 3077 3078 3148 episcopi
3103 3074 3375 3147 appellan-

1790 3181 1877 3227 tur
1905 3173 2182 3243 primates,
2220 3172 2321 3225 nisi
2367 3171 2456 3240 qui
2492 3171 2692 3241 primas
2724 3169 2878 3224 sedes
2923 3175 3126 3233 tenent,
3158 3175 3212 3221 et
3240 3181 3377 3235 quo-

1794 3283 1913 3320 rum
1967 3266 2216 3320 civitates
2275 3264 2481 3333 antiqui
2534 3264 2795 3334 primates
2847 3277 2968 3316 esse
3020 3267 3371 3316 censuerunt.

1794 3356 2004 3424 Reliqui
2041 3372 2166 3409 vero
2215 3355 2306 3424 qui
2351 3365 2579 3407 exteras
2627 3353 3072 3422 metropolitauas
3122 3351 3374 3405 civitates

1795 3446 1969 3514 adepti
2019 3453 2161 3505 sunt,
2194 3459 2298 3496 non
2348 3443 2628 3512 primates,
2684 3443 2777 3496 sed
2819 3451 2912 3495 aut
2958 3439 3375 3510 archiepiscopi,

1795 3548 1884 3592 aut
1907 3537 2302 3606 metropolitani
2339 3545 2615 3590 vocentur.
2650 3534 2821 3589 Urbes
2853 3533 2995 3587 enim
3029 3542 3084 3586 et
3115 3531 3227 3584 loca
3257 3531 3376 3600 qui-

1793 3629 1892 3681 bus
1933 3628 2190 3696 primates
2225 3623 2513 3694 praesidere
2541 3623 2758 3686 debent,
2811 3636 2914 3675 non
2962 3619 3252 3682 modernis,
3282 3617 3375 3672 sed

1793 3720 1954 3774 etiam
2007 3716 2190 3771 multis
2232 3725 2358 3769 ante
2405 3715 2695 3768 adventum
2743 3711 2946 3767 Christi
3001 3719 3125 3764 sunt
3158 3717 3377 3762 statuta:

1795 3811 2144 3880 temporibus,
2193 3823 2421 3878 quarum
2473 3807 2732 3878 primates
2776 3805 2945 3859 etiam
2996 3801 3230 3873 gentiles
3281 3814 3380 3870 pro

1795 3902 2090 3972 majoribus
2133 3900 2296 3954 etiam
2334 3898 2568 3968 negotiis
2598 3896 2966 3967 appellabant.
2999 3894 3054 3948 In
3091 3893 3220 3962 ipsis
3249 3905 3378 3944 vero

1795 3993 2020 4048 urbibus
2056 4000 2179 4062 post
2206 3991 2409 4046 Christi
2448 3991 2738 4044 adventum
2769 3985 2996 4057 apostoli
3024 3994 3078 4039 et
3102 3997 3380 4039 successo-

1796 4101 1884 4141 res
1912 4101 2098 4140 eorum
2151 4083 2494 4154 patriarchas
2526 4080 2608 4136 vel
2640 4081 2901 4152 primates
2953 4083 3270 4148 posuerunt.
3296 4073 3382 4129 Ad

1796 4191 1932 4246 quos
1956 4175 2330 4246 episcoporum
2372 4173 2605 4242 negotia,
2627 4171 2776 4225 salva
2807 4170 2859 4224 in
2882 4167 3136 4222 omnibus
3165 4175 3384 4235 aposto-

1796 4266 1898 4320 lica
1931 4265 2275 4330 auctoritate,
2309 4273 2366 4318 et
2397 4263 2630 4333 majores
2658 4277 2835 4316 causre
2877 4267 3000 4328 post
3031 4255 3382 4327 apostolicam

1796 4361 1978 4416 sedem
2003 4367 2127 4412 sunt
2153 4355 2468 4411 referendae.
2495 4355 2561 4408 Et
2583 4354 2727 4416 licet,
2753 4349 3011 4421 Apostolo
3039 4349 3380 4419 prohibente,

1797 4454 1938 4508 inter
1957 4450 2295 4506 Christianos
2318 4464 2422 4502 non
2447 4447 2681 4501 debeant
2707 4442 3081 4498 accusationes
3103 4423 3346 4495 exeT'ceri
3365 4475 3382 4502 ,

1799 4546 1893 4601 sed
1917 4546 1960 4600 si
1982 4542 2257 4613 prohiberi
2285 4557 2389 4596 non
2427 4547 2740 4610 potuerunt,
2781 4534 3155 4590 accusationes
3177 4531 3385 4601 episco-

1799 4654 1989 4710 porum
2014 4637 2081 4691 ad
2107 4644 2434 4690 memoratos
2450 4634 2708 4703 primates
2730 4630 2926 4684 debent
2953 4628 3020 4682 ab
3046 4623 3383 4680 accusatori-

147 4727 330 4799 legibus
363 4712 833 4804 redintegrentur,
867 4712 930 4787 et
960 4712 1334 4802 ipseipropria:
1364 4731 1472 4785 sedi
1503 4738 1556 4782 et
1585 4730 1698 4799 pri-
1729 4763 1775 4820 υ
1802 4732 1901 4786 bus
1922 4730 2140 4785 deferri.
2162 4728 2495 4783 Studendnm
2517 4734 2600 4777 est
2634 4734 2811 4776 tamen
2837 4719 3122 4790 episc0pis,
3141 4726 3197 4767 ut
3223 4712 3386 4816 dissi-

146 4823 268 4876 stino
293 4826 452 4880 statui
485 4825 809 4896 regulariter
838 4825 1113 4890 reddatur,
1157 4824 1230 4878 ita
1272 4833 1330 4877 ut
1356 4837 1546 4877 omnes
1572 4836 1694 4890 pos-

145 4916 387 4972 sessiones
411 4959 425 4982 ,
451 4927 506 4972 et
536 4925 730 4972 cuncta
761 4917 863 4971 sibi
903 4915 1100 4984 injuste
1145 4915 1321 4968 ablata
1341 4957 1355 4981 ,
1390 4925 1550 4982 atque
1579 4911 1694 4966 fru—

149 5014 249 5060 ctus
274 5024 455 5065 omnes
492 5018 620 5064 ante
650 5019 884 5079 emptam
913 5007 1312 5062 accusationem
1357 5008 1619 5078 primates
1643 5013 1699 5060 et

151 5099 360 5164 synodus
387 5100 643 5171 episeopo
677 5101 742 5154 de
780 5114 888 5169 quo
917 5099 1094 5168 agitur
1119 5095 1361 5151 funditus
1385 5097 1698 5160 restituant,

151 5189 254 5254 quia
293 5191 391 5246 hoc
422 5207 528 5245 non
557 5190 730 5245 solum
761 5189 1166 5251 ecelesiasticm,
1193 5188 1286 5241 sed
1321 5187 1484 5242 etiam
1516 5184 1696 5239 szeculi

151 5273 273 5346 leges
307 5281 418 5337 ﬁeri
463 5281 778 5352 prohibent.
818 5277 1003 5349 Neque
1045 5277 1242 5346 aliquis
1266 5291 1450 5331 eorum
1482 5285 1575 5328 aut
1604 5274 1703 5329 Ec-

152 5367 409 5428 clesiarutn
459 5382 706 5429 actorum
746 5371 832 5426 vel
855 5369 1196 5425 defensurum
1223 5369 1288 5422 ad
1317 5368 1526 5439 aliquos
1554 5368 1704 5438 prius

155 5465 373 5519 accusari
415 5466 578 5520 debet
608 5478 772 5535 quam
818 5462 916 5533 ipsi
946 5461 1262 5516 eharitative
1291 5460 1404 5523 bis,
1434 5467 1489 5514 et
1527 5468 1610 5512 ter
1638 5456 1705 5511 ab

155 5552 221 5606 eis
249 5557 333 5623 qui
359 5571 417 5612 se
453 5557 613 5610 lzesos
638 5555 940 5618 mstimant,
973 5552 1055 5607 vel
1085 5567 1178 5607 eos
1203 5567 1301 5622 pro
1323 5550 1593 5620 aliquibus
1619 5565 1706 5604 er-

157 5647 336 5702 ratibus
353 5649 624 5718 corripere
647 5648 892 5717 cupiunt,
908 5646 1322 5710 conveniantur,
1345 5652 1404 5698 ut
1432 5644 1498 5698 ab
1521 5642 1598 5696 eis
1614 5649 1708 5695 aut

158 5731 450 5794 familiarem
475 5738 580 5812 41
601 5737 1057 5799 emendationem,
1080 5735 1386 5806 autjustam
1408 5732 1707 5804 percipiant

158 5833 553 5887 excusationem.
579 5831 728 5899 Quod
758 5831 848 5904 qui
876 5828 1302 5902 prtesumpscrit,
1321 5826 1604 5882 liminibus
1627 5840 1707 5878 ar-

1803 4825 1992 4879 dentes
2045 4822 2239 4875 fratres
2270 4819 2440 4886 magis
2481 4817 2546 4870 ad
2580 4831 2765 4886 pacem
2814 4827 2973 4881 quam
3017 4810 3082 4861 ad
3120 4805 3384 4876 judicium

1802 4922 2175 4969 coerceantur.
2194 4911 2485 4980 Episcopus
2513 4919 2690 4962 autem
2721 4905 2878 4957 aliter
2905 4899 3181 4953 nondebet
3210 4893 3386 4948 audiri

1805 5013 1899 5058 aut
1924 5002 2179 5074 jndieari,
2216 5000 2316 5054 nisi
2359 4999 2410 5052 in
2443 4990 3004 5066 praesentia'omniutn
3041 4983 3388 5055 comprovin-

1808 5096 2120 5157 cialium,et
2147 5095 2216 5147 ab
2237 5092 2486 5147 omnibus
2523 5083 3072 5158 eomproviucialibtts
3098 5076 3387 5149 episcopis,

1809 5190 1934 5259 quia
1966 5188 2096 5258 ipsis
2148 5183 2481 5247 absentibus,
2512 5195 2611 5234 nec
2647 5179 2826 5241 debet,
2877 5189 2974 5228 nec
3015 5181 3210 5244 potest.
3261 5169 3392 5236 Quae

1804 5295 1936 5336 vero
1988 5294 2235 5349 persona:
2291 5278 2355 5330 ad
2399 5273 2803 5329 accusationem
2858 5283 3047 5322 eorum
3105 5280 3210 5320 non
3267 5266 3394 5316 sunt

1807 5369 2178 5433 adtnittendze,
2229 5379 2284 5422 et
2322 5365 2572 5436 superius
2607 5378 2674 5416 ex
2716 5368 2872 5431 parte
2925 5358 3130 5413 dictum
3162 5362 3282 5415 est,
3335 5358 3390 5404 et

1808 5461 1969 5516 latius
2003 5470 2111 5514 tam
2143 5459 2194 5512 hi
2245 5471 2405 5526 quam
2431 5462 2483 5507 et
2512 5451 2739 5506 infames
2771 5463 3043 5520 personm,
3078 5447 3129 5498 in
3160 5438 3391 5512 epistola

1808 5569 1970 5626 quam
1994 5554 2193 5608 dudum
2219 5549 2421 5605 Hilario
2443 5546 2711 5608 misimus,
2735 5551 2861 5598 sunt
2886 5543 3269 5595 adnunteratw.
3301 5531 3395 5588 Ul-

1815 5655 1895 5700 tra
1912 5643 2205 5715 provincim
2235 5656 2364 5695 vero
2387 5638 2647 5693 terminos
2671 5633 2962 5690 accusandi
2989 5627 3260 5682 licentiam
3286 5639 3393 5679 non

1815 5734 2210 5806 progrediatur,
2263 5729 2355 5787 sed
2384 5729 2560 5784 omnis
2590 5726 2864 5782 accusatio
2891 5723 3030 5777 intra
3055 5715 3392 5806 provinciam

1818 5801 2102 5890 audiatur,
2133 5831 2187 5878 et
2237 5839 2265 5876 a
2307 5815 2854 5891 comprovincialibus
2895 5810 3236 5874 terminetur,
3288 5801 3394 5872 nisi
