3926 6452
530 400 635 456 179

1322 398 1614 453 APPEND.
1661 399 1752 453 AD
1794 396 1969 454 SEC.
2010 396 2100 451 IX.
2140 389 2488 447 ——lSlDORl
2522 382 2965 443 MEBCATORIS
3677 397 3759 455 ίεο

530 514 600 569 ad
628 512 981 583 apostolicam
1011 512 1193 568 sedem
1228 512 1392 568 fuerit
1422 519 1632 571 tantum
1663 512 2012 584 appellatum.
2043 509 2110 565 Et
2139 517 2192 576 Α
2214 504 2337 561 dolo
2369 502 2582 576 (Jerem.
2616 519 2667 569 v,
2692 501 2906 574 25-27).
2929 520 2949 554 ι
2972 500 3038 554 Ει
3066 513 3163 571 per
3192 496 3360 556 David
3403 503 3495 559 ait:
3520 523 3538 557 ι
3575 506 3666 576 Qui
3686 527 3761 568 cn-

531 606 776 678 negauda
831 616 917 663 est
958 604 1229 662 accusatis
1280 605 1497 660 licentia
1548 605 1874 661 criminandi
1936 605 2117 676 prius-

531 710 696 766 quam
729 711 790 753 se
813 697 1042 752 crimine
1068 711 1176 766 quo
1202 700 1524 766 premuntur
1563 696 1834 762 exuerint,
1853 696 1977 766 quia
2010 709 2121 749 non

532 796 615 844 est
651 788 981 844 credendum
1025 796 1215 843 contra
1261 788 1397 844 alios
1443 804 1633 845 eorum
1677 789 2003 845 confessioni
2028 788 2119 860 qui

531 879 851 936 criminibus
898 879 1156 950 implicati
1187 889 1334 947 sunt,
1362 880 1465 936 nisi
1497 895 1555 937 se
1579 882 1731 953 prius
1768 881 2121 951 probaverint

534 972 849 1028 innocentes
875 974 1126 1042 quoniam
1156 974 1459 1043 periculosa
1479 983 1583 1039 est,
1600 983 1656 1030 et
1671 974 1881 1031 admitti
1906 990 2013 1031 non
2030 975 2124 1030 de-

532 1067 692 1121 betur
732 1067 811 1121 rei
860 1066 1122 1122 adversus
1164 1083 1543 1139 quemcunque
1601 1069 1887 1140 professio.
1941 1070 2125 1125 Fami-

532 1157 694 1212 liares
729 1173 860 1213 vero
890 1165 943 1212 et
973 1167 1164 1228 sponte
1190 1160 1423 1216 confessi
1461 1170 1622 1231 atque
1648 1158 1945 1219 sceleribus
1989 1163 2123 1218 irre-

532 1248 617 1302 titi
639 1264 748 1303 non
777 1249 977 1304 debent
996 1250 1226 1314 admitti,
1261 1266 1361 1307 nec
1389 1253 1446 1307 hi
1472 1254 1566 1323 qui
1603 1254 1857 1310 hesterna
1889 1255 2000 1323 die,
2030 1264 2124 1311 aut

531 1340 727 1410 pridic,
758 1349 849 1396 aut
879 1350 1007 1398 ante
1035 1341 1254 1398 fuerunt
1302 1345 1528 1402 inimici.
1568 1347 1813 1403 Clericus
1855 1363 1987 1420 ergo
2031 1349 2121 1418 qui

500 1485 506 1489 .
532 1430 845 1501 episcopum
874 1447 1031 1487 suum
1060 1436 1425 1503 accusaverit,
1454 1447 1548 1493 aut
1574 1440 1624 1493 ei
1654 1438 1941 1495 insidiator
1959 1441 2126 1496 exsti-

535 1524 685 1589 terit,
717 1540 823 1579 non
861 1536 945 1581 est
975 1527 1339 1598 recipiendus,
1362 1532 1491 1602 quia
1521 1533 1741 1591 infamis
1769 1534 1992 1593 effectus
2014 1547 2120 1604 eat,

534 1622 590 1669 et
617 1631 649 1669 a
678 1618 851 1685 gradu
888 1619 1049 1674 debet
1074 1621 1351 1688 recedere,
1380 1631 1473 1677 aut
1514 1626 1679 1680 curiae
1723 1628 1864 1682 tradi
1892 1629 2123 1683 servitu-

537 1722 649 1761 rus.
704 1707 885 1765 Laicis
941 1725 1179 1782 quoque,
1233 1714 1483 1782 quamvis
1529 1716 1769 1787 religiosi
1818 1719 1950 1787 sint,
1987 1721 2121 1777 nulli
2166 1780 2169 1785 ,

2224 599 2532 670 gitaverunt
2584 594 2823 650 malitias
2865 596 2920 649 in
2964 593 3128 650 corde
3167 601 3280 649 tota
3311 595 3396 651 die
3434 603 3623 657 versati
3659 618 3761 662 sunt

2221 692 2277 747 in
2313 689 2533 762 praeliis.
2583 689 2928 744 Exacuerunt
2965 686 3181 758 linguas
3226 702 3356 743 suas
3396 691 3532 746 sicut
3574 709 3761 766 set-pen.

2224 793 2346 850 tes,
2404 796 2676 837 veneuum
2728 779 2976 849 aspidum
3030 779 3130 835 sub
3185 778 3346 836 labiis
3383 796 3567 837 eorum
3615 785 3758 857 (Paul.

2220 888 2454 939 cxxxtx,
2502 871 2558 937 5,
2605 870 2684 943 4).
2719 890 2747 923 ιΔ
2774 870 2842 924 Ει
2872 869 3048 940 paulo
3092 878 3262 940 post:
3317 890 3337 922 ι
3389 871 3590 928 Cadent
3631 892 3762 947 super

2221 982 2315 1022 eos
2335 967 2599 1022 carbones
2631 966 2687 1021 in
2720 965 2867 1037 igne,
2903 963 3125 1033 dejicies
3151 978 3246 1021 eos
3276 964 3331 1019 in
3372 964 3570 1035 foveas,
3593 979 3647 1023 ut
3679 987 3763 1027 non

2223 1066 2570 1130 consurgant.
2622 1059 2714 1114 Vir
2743 1058 3024 1128 linguosus
3073 1073 3179 1112 non
3210 1058 3473 1129 dirigetur
3523 1061 3572 1114 in
3620 1048 3796 1128 terra,‘

2221 1150 2398 1205 virum
2427 1149 2688 1219 injustam
2728 1147 2872 1203 mala
2900 1147 3120 1217 capient
3150 1148 3205 1203 in
3238 1149 3484 1204 interitu.
3515 1149 3632 1207 Scio
3662 1154 3764 1223 quia

2224 1241 2390 1298 faciet
2437 1241 2700 1297 Dominus
2748 1255 2968 1296 causam
3006 1240 3205 1310 inopis,
3246 1239 3452 1308 judicia
3505 1258 3762 1314 pauperum

2226 1332 2373 1389 Psal.
2404 1350 2457 1401 v,
2499 1334 2586 1399 12,
2619 1331 2731 1404 15).
2762 1352 2781 1386 ι
2839 1332 2971 1388 Item
3002 1332 3146 1388 idem
3178 1351 3193 1386 :
3230 1350 3249 1385 ι
3289 1332 3435 1387 Muta
3488 1333 3612 1389 ﬁant
3651 1333 3766 1390 labia

2224 1422 2413 1479 dolosa
2452 1422 2629 1494 (Paul.
2663 1438 2797 1490 xxx,
2847 1421 2960 1494 l9).
2996 1441 3016 1472 ι
3052 1421 3121 1478 Ει
3158 1421 3355 1476 iterum
3386 1438 3480 1492 per
3514 1421 3766 1478 Jeremiam

2224 1514 2400 1584 inquit
2429 1527 2445 1567 :
2477 1532 2494 1564 ‹
2532 1512 2735 1571 Omnes
2761 1513 2817 1568 in
2848 1513 3109 1585 sanguine
3138 1512 3484 1585 judicantur;
3521 1514 3768 1583 unusquis-

2225 1624 2330 1679 que
2378 1607 2685 1679 proximum
2742 1622 2897 1661 suum
2963 1606 3225 1661 tribulat:
3267 1620 3456 1662 omnes
3505 1605 3558 1659 in
3601 1604 3766 1660 malum

2227 1716 2419 1758 manus
2477 1718 2603 1757 suas
2652 1708 2959 1772 praeparant
3012 1700 3200 1770 (Mich.
3246 1715 3347 1765 vu,
3373 1699 3451 1769 ‘2).
3487 1719 3506 1752 ι
3540 1698 3640 1753 Hos
3678 1697 3764 1751 Do-

534 1804 715 1853 tamen
764 1800 831 1854 de
882 1800 1266 1858 ecclesiasticis
1293 1802 1642 1862 facultatibus
1682 1808 1886 1878 aliquid
1939 1811 2122 1882 dispo-
2153 1881 2195 1892 ﬁ
2227 1795 2405 1892 mi‘mfs
2442 1794 2747 1864 Ρτεθνίάθηε
2793 1792 3053 1892 @9310!“
3082 1791 3361 1892 Prfecel’i‘"
3390 1805 3458 1845 ηε
3485 1787 3768 1892 Ῑξφθμεῗτνί

534 1887 697 1941 nendi
738 1885 935 1960 legitur
993 1907 1233 1962 unquam
1288 1894 1547 1949 attributa
1591 1895 1841 1953 facultas.
1881 1878 2117 1969 Scimus,

2233 1885 2306 1941 sui
2344 1885 2735 1949 lacerarentur,
2766 1899 2835 1938 ne
2864 1882 3003 1939 forte
3040 1884 3419 1954 perdere‘ntur,
3452 1890 3542 1935 aut
3561 1881 3610 1934 in
3639 1878 3767 1933 talem

535 1974 895 2043 dilectissimi,
934 1980 1061 2048 quia
1091 1996 1308 2052 semper
1327 1984 1576 2040 carnales
1606 1986 1915 2055 spirituales
1948 1991 2124 2047 solent

533 2069 806 2137 persequi,
824 2077 879 2124 et
898 2071 1147 2128 malevoli
1174 2072 1465 2131 benevolos
1492 2075 1755 2134 infamare
1784 2089 1838 2135 et
1858 2080 2121 2139 lacerare.

537 2152 775 2226 ideoque
817 2161 1047 2229 apostoli
1096 2171 1150 2218 et
1212 2179 1557 2221 successores
1590 2182 1779 2224 eorum
1827 2186 1891 2227 ac
1932 2172 2126 2243 reliqui

535 2250 714 2304 sancti
748 2251 939 2310 Patres
987 2255 1277 2311 noluerunt
1330 2258 1447 2314 fieri
1490 2259 1705 2317 facilem
1745 2264 2124 2336 episcoporum

538 2340 958 2407 accusationem,
990 2346 1246 2415 quoniam
1279 2348 1323 2402 si
1373 2347 1549 2405 facilis
1592 2363 1755 2418 esset,
1791 2364 1886 2409 aut
1926 2357 2125 2423 nullus,

540 2436 633 2483 aut
656 2430 746 2485 vix
778 2432 973 2504 aliquis
1013 2437 1172 2493 modo
1218 2439 1573 2497 inveniretur.
1609 2444 1811 2502 Throni
1855 2448 1998 2503 enim
2031 2450 2126 2506 Dei

540 2532 826 2591 vocantur,
864 2526 988 2583 ideo
1010 2521 1127 2584 non
1179 2532 1379 2589 debent
1424 2536 1649 2602 moveri,
1702 2547 1795 2594 aut
1828 2539 2008 2612 afﬂigi,
2044 2541 2127 2597 vel

538 2616 870 2683 perturbari.
925 2619 1001 2673 De
1060 2621 1190 2691 ipsis
1238 2639 1367 2696 ergo
1421 2626 1498 2680 ait
1546 2628 1809 2699 propheta
1860 2649 1874 2685 :
1927 2649 1946 2682 ‹
1992 2632 2127 2688 lei

538 2716 799 2763 enarrant
826 2709 1054 2780 gloriam
1084 2712 1201 2780 Dei,
1220 2724 1275 2770 et
1293 2731 1457 2786 opera
1487 2737 1742 2776 manuum
1768 2721 1885 2792 ejus
1916 2738 2130 2779 annun-

540 2796 639 2851 tiat
667 2797 1069 2857 firmamentum
1099 2803 1273 2876 (Psal.
1306 2824 1463 2876 mu,
1494 2810 1570 2880 ὅ).
1603 2831 1622 2863 ι
1653 2810 1720 2866 Hi
1750 2828 1879 2868 vero
1908 2815 1998 2884 qui
2023 2831 2127 2870 non

543 2894 672 2940 sunt
691 2888 848 2945 bonae
872 2896 1322 2963 conversationis,
1339 2907 1643 2970 etquorum
1668 2904 1779 2958 vita
1809 2914 1889 2960 est
1907 2921 2129 2962 accusa-

540 2980 685 3047 bilis,
715 2991 810 3038 aut
840 3001 1071 3055 quorum
1095 2987 1377 3057 fides,vita
1396 3002 1449 3048 et
1476 2993 1699 3051 libertas
1728 2998 1989 3063 nescitur,
2023 3014 2129 3054 non

542 3083 769 3141 possunt
812 3074 907 3132 eus
948 3074 1228 3137 ac‘cusare.
1274 3083 1460 3141 Primo
1506 3100 1720 3158 semper
1749 3103 2128 3148 accusatorum

539 3163 806 3235 personae,
838 3169 991 3237 fides,
1023 3171 1153 3238 vita,
1185 3182 1240 3229 et
1286 3178 1631 3233 conversatio
1671 3189 1757 3235 est
1799 3181 2126 3237 enucleatim

540 3258 973 3329 inquirenda,et
1012 3275 1198 3336 postea
1272 3283 1393 3338 quae
1423 3271 1688 3341 objiciunt
1728 3273 1959 3330 ﬁdeliter
2004 3286 2130 3331 sunt

542 3353 949 3421 pertractanda,
972 3356 1098 3425 quia
1127 3358 1262 3413 nihil
1293 3362 1444 3431 prius
1472 3361 1591 3418 fieri
1620 3364 1800 3432 debet,
1833 3382 1996 3436 quam
2030 3367 2130 3422 im-

542 3441 836 3511 petitorum
866 3459 1113 3514 persona:
1138 3446 1381 3519 fidesque
1409 3451 1520 3507 vita
1547 3461 1604 3508 et
1629 3457 1973 3512 conversatio
2003 3457 2129 3511 dili-

541 3543 735 3605 genter
762 3537 1140 3607 discutiantur,
1173 3557 1240 3598 ne
1269 3542 1500 3614 alicujus
1532 3545 1757 3614 invidia,
1808 3557 1902 3603 aut
1951 3548 2132 3603 inimi-

543 3627 671 3682 citia
699 3629 779 3684 vel
823 3630 1125 3688 intentione
1173 3635 1312 3690 mala
1349 3638 1635 3707 quisquam
1665 3648 1913 3696 vexetur.

615 3718 1035 3778 Criminatiunes
1059 3725 1320 3781 adversus
1343 3730 1619 3784 doctorem
1662 3745 1822 3786 nemo
1849 3731 2129 3801 suscipiat,

545 3810 671 3878 quia
712 3812 883 3881 magis
931 3822 1059 3867 sum
1105 3814 1357 3871 doctores
1407 3818 1656 3887 portandi
1704 3835 1866 3890 quam
1906 3820 2133 3875 laedendi

545 3908 640 3953 aut
669 3899 985 3956 inf-amandi.
1018 3903 1171 3959 Unde
1199 3905 1276 3960 ait
1303 3906 1626 3975 Apostolus:
1663 3921 1690 3960 ι·
1733 3908 1886 3964 Alter
1913 3909 2134 3965 alterius

545 4007 710 4046 onera
777 4001 1028 4061 portate,
1083 4004 1136 4051 et
1175 3998 1255 4054 sic
1312 3999 1678 4070 adimplebitis
1728 4001 1897 4074 legem
1931 4002 2132 4058 Christi

546 4078 953 4156 (Galat.v1,2).
988 4107 1007 4139 ι
1052 4086 1304 4145 Charitas
1350 4101 1532 4147 autem
1570 4106 1676 4148 non
1708 4101 1791 4150 est
1820 4093 2132 4160 ambitiosa,

547 4189 655 4228 non
700 4177 1006 4242 :enmlatur,
1060 4194 1165 4234 non
1200 4180 1438 4248 inflatur,
1493 4200 1601 4239 non
1644 4185 1839 4256 quaerit
1878 4201 1999 4256 quae
2036 4203 2133 4243 sua

547 4275 693 4329 sunt,
719 4268 812 4322 sed
843 4285 964 4338 quae
1002 4269 1128 4326 Jesu
1154 4272 1379 4328 Christi.
1424 4273 1527 4342 Qui
1555 4285 1737 4332 manet
1764 4277 1819 4332 in
1846 4279 2132 4345 charitate,

547 4356 601 4411 in
636 4359 748 4447 Dep
776 4370 979 4426 manet,
1008 4371 1061 4417 et
1088 4362 1230 4419 Deus
1260 4364 1313 4419 in
1342 4381 1428 4421 eo.
1462 4367 1527 4421 Et
1564 4367 1657 4437 qui
1687 4368 1739 4422 in
1774 4362 1885 4425 Deo
1926 4380 2134 4437 manet,

552 4448 685 4502 nulli
730 4451 844 4505 vult
892 4468 1113 4521 nocere,
1147 4456 1241 4510 sed
1271 4471 1461 4512 omnes
1504 4458 1775 4514 desiderat
1798 4461 2058 4531 adjuvare
2084 4471 2139 4518 et

546 4547 879 4607 sustentare,
911 4542 1052 4598 sicut
1084 4544 1198 4614 ipse
1227 4546 1487 4603 Dominus
1513 4562 1703 4604 omnes
1733 4551 1879 4605 venit
1903 4551 2134 4618 salvare,

545 4637 600 4682 et
632 4630 870 4685 animam
916 4646 1070 4687 suam
1106 4633 1236 4688 dare
1276 4635 1330 4689 in
1373 4634 1800 4707 redemptionem
1832 4655 1928 4709 pro
1960 4640 2135 4695 nobis.

548 4717 749 4774 Eorum
796 4731 976 4776 autem
1019 4723 1311 4778 accusandi
1357 4724 1667 4783 sacerdotes
1694 4727 1779 4783 vel
1811 4728 2139 4785 testificandi

550 4810 603 4864 in
634 4827 731 4868 eos
760 4827 947 4868 vocem
994 4814 1346 4880 obstruimus,
1374 4830 1509 4885 quos
1549 4817 1800 4875 humanis
1841 4829 1897 4874 et
1942 4820 2139 4876 divinis

550 4905 772 4959 vocibus
830 4907 1114 4960 damnatos
1174 4907 1257 4961 vel
1310 4916 1554 4965 mortuos
1598 4923 1719 4965 esse
1770 4911 2135 4982 agnoscimus.

548 4992 853 5050 Prmvidcre
899 5011 1029 5068 ergo
1060 4981 1403 5069 summopere
1433 5000 1628 5056 debent
1674 4981 1865 5057 omnes
1916 5002 2008 5073 qui
2047 5018 2139 5058 sa-

553 5086 803 5141 cerdotes
844 5087 1059 5142 Domini
1098 5100 1499 5161 persequuntur
1551 5100 1659 5146 tam
1714 5093 1925 5149 occulte
1971 5109 2132 5165 quam

552 5178 859 5246 manifeste,
891 5198 958 5237 ne
1003 5183 1261 5254 subjectis
1306 5185 1520 5240 Domini
1562 5185 1887 5242 damnentur
1937 5201 2136 5257 praece-

551 5267 678 5336 ptis.
714 5269 816 5324 Per
846 5270 1134 5327 Jcremiam
1166 5283 1345 5329 autem
1385 5275 1704 5347 prophetam
1759 5277 1954 5335 talibus
1988 5292 2137 5333 com-

554 5355 813 5412 minando
854 5360 1111 5418 Dominus
1134 5364 1374 5434 loquitur
1406 5365 1622 5422 dicens:
1649 5385 1667 5418 l
1695 5366 2013 5437 lniquitates
2042 5383 2137 5424 no-

520 5456 680 5503 -strae
725 5450 1135 5508 declinaverunt
1177 5456 1381 5523 omnia,
1421 5464 1472 5511 et
1523 5466 1743 5528 peccata
1774 5467 1958 5514 nostra
1989 5474 2139 5515 amo-

548 5551 752 5597 verunt
800 5544 938 5599 bona
974 5560 1002 5599 a
1042 5545 1221 5613 nobis,
1261 5548 1389 5618 quia
1435 5548 1639 5604 inventi
1669 5558 1795 5605 sunt
1842 5549 1894 5604 in
1945 5550 2141 5621 populo

554 5648 678 5689 meo
707 5636 876 5706 impii,
901 5646 957 5691 et
983 5638 1267 5708 loquentes
1290 5653 1449 5693 vana.
1483 5639 1807 5696 Statuerunt
1838 5640 1903 5695 ad
1935 5642 2140 5711 disper-

551 5724 760 5783 dendos
809 5729 974 5794 \iros,
1002 5740 1057 5784 et
1080 5731 1655 5802 comprehenderunt,
1699 5741 1758 5789 ut
1792 5733 2017 5803 laqueus
2047 5749 2141 5789 ve-

553 5819 740 5877 nantis
773 5821 964 5888 plenus
996 5822 1337 5890 volatilibus,
1395 5824 1473 5879 sic
1513 5825 1707 5882 domus
1752 5840 1939 5882 eorum
1984 5825 2137 5897 plena

2154 3222 2203 3285 C

2229 1980 2582 2034 tentationem
2621 1977 2968 2040 inciderent,
3021 1991 3184 2046 quam
3230 1973 3375 2030 ferre
3422 1972 3630 2027 minime
3673 1983 3770 2040 pos-

2228 2083 2369 2131 sent.
2411 2074 2618 2129 Idcirco
2665 2072 2842 2128 sancti
2879 2068 3110 2141 apostoli
3150 2075 3205 2122 et
3234 2076 3570 2121 successores
3616 2074 3767 2115 eorum

2229 2171 2572 2225 decretorum
2605 2181 2824 2222 normas
2847 2171 3176 2228 statuerunt,
3207 2177 3275 2218 ne
3307 2159 3495 2215 talium
3522 2169 3621 2209 vos
3646 2153 3771 2225 (quae

2232 2262 2402 2333 magis
2430 2260 2654 2331 perdere
2694 2258 2883 2313 nititur
2916 2257 3232 2311 innocentes
3275 2261 3331 2308 et
3358 2248 3619 2320 simplices
3640 2257 3768 2313 quam

2230 2350 2481 2420 salvare)
2554 2348 2712 2404 facile
2783 2348 3158 2417 reciperetur,
3215 2342 3309 2399 sed
3359 2340 3457 2410 ipsi
3516 2337 3596 2391 his
3650 2333 3770 2403 jacu-

2231 2446 2297 2501 lis
2326 2446 2656 2517 pellerentur
2700 2443 2912 2514 procul,
2942 2450 2996 2497 et
3043 2434 3261 2496 Domini
3321 2434 3603 2506 discipulos
3647 2429 3768 2497 juxta

2233 2538 2538 2592 voluntates
2568 2546 2623 2591 et
2662 2535 2931 2590 versutias
2967 2548 3155 2589 eorum
3190 2531 3415 2586 minime
3440 2524 3651 2597 perdere
3671 2532 3767 2590 pos

2230 2638 2368 2686 sent.
2406 2629 2561 2685 Unde
2589 2637 2644 2683 et
2675 2628 2789 2698 ipse
2820 2626 3079 2681 Dominus
3110 2625 3188 2680 ait
3217 2639 3232 2679 :
3267 2643 3287 2677 ς
3342 2619 3583 2677 Excutite
3624 2612 3769 2684 pulve-

2234 2736 2344 2775 rem
2373 2719 2439 2774 de
2463 2719 2690 2790 pedibus
2719 2716 2915 2793 vestris
2937 2716 2990 2771 in
3019 2714 3389 2771 testimonium
3414 2709 3519 2803 illis
3540 2703 3684 2803 (Luc.
3705 2715 3767 2803 ti.

2232 2808 2308 2877 5).
2347 2830 2364 2861 ι
2403 2810 2467 2863 Ει
2496 2808 2620 2863 alibi
2654 2792 2767 2877 ipsa
2792 2821 2913 2875 ,ροι-
2954 2819 3015 2860 se
3057 2805 3274 2860 Veritas
3305 2804 3372 2857 de
3414 2798 3599 2855 talibus
3630 2792 3768 2877 dicit:

2238 2920 2255 2952 ι
2269 2874 2470 2956 Melius
2485 2906 2568 2954 est
2592 2874 2689 2962 illi,
2714 2906 2776 2952 ut
2795 2874 3158 2966 suspendatur
3177 2893 3317 2950 mola
3343 2886 3569 2945 asinaria
3597 2883 3641 2937 in
3661 2874 3770 2934 collo

2231 2992 2365 3063 (tius,
2405 3001 2460 3049 et
2502 2993 2849 3063 demergatur
2893 2988 2947 3043 in
3004 2986 3336 3059 profundum
3388 2977 3586 3039 maris,
3641 2979 3770 3063 quam

2233 3060 2564 3141 scandalizet
2588 3060 2753 3137 unum
2784 3082 2850 3137 de
2872 3078 3081 3152 pusillis
3102 3077 3223 3133 istis
3250 3072 3462 3151 (Matth.
3486 3077 3627 3163 svnt,
3648 3060 3715 3163 .6).
3736 3071 3765 3157 οι

2238 3175 2304 3229 Et
2329 3174 2563 3230 Jacobus
2583 3171 2862 3243 apostolus
2895 3171 3071 3240 inquit
3100 3187 3113 3222 :
3163 3166 3428 3238 judicium
3456 3161 3568 3216 sine
3597 3161 3770 3243 misen-

2236 3266 2418 3322 cordia
2452 3264 2545 3319 fiet
2593 3238 2689 3329 iiii,
2717 3263 2809 3333 qui
2850 3278 2956 3316 non
2972 3238 3176 3316 fecerit
3204 3249 3616 3315 misericordiam
3659 3238 3770 3312 (Ιησ-

2234 3374 2271 3413 n
2293 3400 2306 3424 ,
2332 3355 2441 3425 15).
2479 3374 2496 3407 ι
2542 3354 2658 3422 Qua
2693 3354 2838 3408 enim
2866 3351 3042 3407 fronte
3067 3350 3191 3420 quis
3220 3352 3566 3421 peccatorum
3588 3339 3770 3437 supra?!

2233 3417 2447 3505 veniant
2479 3417 2666 3516 sperat
2709 3460 2737 3499 a
2779 3445 2889 3499 Deo
2940 3457 2999 3498 se
3043 3417 3478 3527 impetraturum,
3518 3425 3602 3527 qui
3636 3417 3773 3527 deli“?

2470 3500 2626 3592 fratri
2676 3534 2812 3590 nihil
2848 3549 2946 3604 per
2994 3500 3214 3604 pietatis
3260 3537 3316 3586 et
3363 3515 3645 3582 clementia:
3684 3500 3773 3612 Olff‘

2235 3604 2377 3687 cium
2404 3630 2520 3684 vult
2544 3626 2895 3683 condonare?
2928 3624 3181 3680 Profecto
3227 3630 3450 3679 necesse
3475 3619 3552 3669 est
3574 3616 3628 3662 ut
3658 3604 3771 3695 assit

2236 3730 2346 3775 met
2374 3732 2433 3775 se
2454 3717 2618 3773 talem
2650 3716 2703 3770 in
2728 3715 2933 3785 judicio
2963 3714 3133 3769 Deum
3153 3718 3520 3785 experturum,
3541 3708 3649 3754 cum
3675 3691 3772 3743 ante

2230 3809 2361 3880 justi
2385 3808 2585 3880 judicis
2621 3806 2856 3863 tribunal
2899 3804 3066 3861 fuerit
3108 3805 3457 3863 constitutus,
3503 3786 3694 3862 qualem
3728 3788 3772 3875 se

2238 3899 2395 3955 fratri
2428 3915 2528 3955 suo
2576 3898 2890 3955 exhibuerit
2923 3916 2936 3951 :
2977 3917 2994 3949 ι
3031 3895 3164 3953 Nam
3217 3911 3323 3968 qua
3354 3897 3598 3947 mensura
3634 3881 3773 3968 ηξςυδι

2240 3991 2525 4057 fuerimus,
2554 3991 2747 4045 eadem
2782 3989 3102 4045 remetietur
3131 3989 3292 4045 nobis
3319 3982 3509 4058 (Marc.
3538 3964 3770 4068 “712:”;

2242 4086 2307 4140 Et
2343 4048 2591 4141 Joannes.
2627 4081 2906 4152 apostolus
2931 4089 2985 4136 ct
3006 4048 3339 4152 evangelista
3372 4073 3447 4130 ait
3477 4087 3491 4124 :
3526 4085 3543 4118 ι
3577 4057 3664 4129 Qui
3686 4048 3773 4152 odit

2239 4175 2462 4231 fratrem
2519 4191 2679 4231 suum
2711 4174 2984 4229 homicida
3031 4181 3133 4229 est.
3180 4173 3250 4229 Et
3299 4166 3450 4226 scitis
3492 4156 3607 4229 quia
3632 4153 3773 4205 omnis

2243 4266 2518 4323 homicida
2542 4282 2648 4321 non
2680 4266 2845 4320 habet
2872 4266 3041 4320 vitam
3067 4273 3328 4323 aeternam
3354 4259 3406 4315 in
3430 4272 3486 4311 se
3508 4245 3771 4306 manentem

2241 4356 2293 4428 (I
2324 4356 2485 4410 Joan.
2513 4371 2596 4420 ιιι,
2628 4355 2739 4426 15).
2776 4374 2795 4408 ι
3670 4414 3698 4428 Α,

2318 4447 2422 4503 Vos
2455 4458 2653 4513 tamen,
2700 4422 2797 4500 lilii
2826 4446 3158 4512 charissimi,
3190 4447 3470 4502 hortamur
3509 4435 3566 4486 ut
3603 4422 3774 4522 pauet:

2244 4550 2327 4597 ter
2349 4540 2490 4595 mala
2514 4541 2667 4595 vobis
2705 4540 2854 4595 illata
2883 4540 3099 4595 Domini
3136 4530 3464 4595 adminiculo
3489 4520 3709 4620 partem.
3721 4504 3775 4620 ff

2243 4634 2328 4690 his
2377 4632 2689 4704 apostolicis
2736 4631 3022 4734 praeceptis
3067 4632 3202 4688 tales
3243 4603 3774 4734 proculjffui‘jﬁ:

2243 4693 2632 4782 more.caniuo
2670 4739 2768 4780 vos
2822 4724 3101 4791 lacerare,
3146 4732 3243 4779 aut
3292 4712 3547 4805 mordere.

2242 4819 2571 4874 Mementote
2615 4817 2781 4873 etiam
2817 4817 2945 4887 quia
2988 4816 3145 4887 lux”
3194 4793 3588 4921 Psalmfgraplf:
3622 4786 3774 4921 dicit:

2241 4911 2404 4966 homo
2433 4910 2573 4966 sicut
2602 4908 2804 4965 fcenum
2855 4909 2971 4965 dies
3000 4910 3142 4979 ejus,
3188 4917 3244 4963 et
3271 4912 3330 4958 ut
3347 4898 3454 5012 1llos
3482 4884 3772 5012 ξετζηξςίέξλ

2309 4999 2494 5012 -π.
2621 4998 2688 5012 ,.
2832 4998 2865 5012 .-
3013 4997 3108 5012 η..
3249 4992 3534 5012 ne“...

2243 5008 2345 5055 ret.
2375 4999 2445 5053 Ει
2466 4998 2758 5070 Apostolus
2796 4998 2916 5053 ait:
2955 5014 2975 5049 ‹
3012 4971 3182 5053 'i‘otus
3208 4989 3440 5097 mpndus
3456 4971 3773 5097 1202:3322

2242 5091 2451 5190 νεξείιυε
2622 5089 2675 5160 (ι
3017 5088 3130 5190 ¹⁹)ῖ
3170 5065 3772 5190 ηπίηέεέπξεῑίπτξτηξῖ

2245 5151 2380 5237 tales
2434 5151 2660 5235 multum
2703 5180 2980 5245 timeatis,
3038 5151 3166 5249 quia
3209 5173 3437 5233 infames
3472 5151 3670 5278 stirpi:
3687 5151 3774 5278 Ἐξ

2243 5271 2469 5325 multum
2498 5270 2652 5325 vobis
2698 5284 2897 5326 nocere
2944 5246 3191 5340 possunt.
3221 5263 3348 5337 quia
3375 5246 3773 5362 θθτυφλῖξῖτξιῖξ

2245 5362 2443 5417 stincta
2468 5370 2573 5427 est,
2603 5362 2859 5431 quoniam
2899 5327 2977 5415 sic
3006 5360 3122 5415 odit
3145 5359 3291 5416 Deus
3318 5327 3771 5463 θοενιιυίυθίίξξέζξ

2246 5464 2429 5525 patres
2456 5462 2756 5520 armantur,
2781 5460 2841 5509 ut
2876 5461 3095 5523 patrum
3144 5452 3447 5540 invasores,
3468 5427 3773 5552 (ξυιῃινῐὶέίῖζ

2245 5521 2445 5601 mundo
2502 5544 2725 5601 infamia
2773 5548 2901 5601 sunt
2956 5544 3152 5601 notati.
3207 5521 3772 5643 Armamini-ﬁtf'rlﬂon

2242 5638 2553 5709 apostolicis
2591 5637 2935 5694 adminiculis
2977 5647 3171 5693 contra
3216 5645 3333 5693 eos,
3357 5631 3412 5680 εί
3439 5614 3614 5735 διξ¹ξ¹ιξζ¹
3631 5608 3774 5735 ηιξΞῖ

2243 5730 2401 5801 cipali
2429 5729 2680 5786 roborate
2725 5730 2891 5787 corda
2918 5740 3124 5813 vestra,
3168 5737 3231 5783 ιιι
3248 5723 3387 5779 Deus
3415 5702 3770 5826 qu'ijfjlfzsa‘sl

2247 5795 2331 5878 res
2359 5824 2409 5878 in
2442 5823 2640 5894 populo
2664 5838 2762 5880 suo
2791 5823 2978 5881 vocari
3004 5805 3196 5889 voluit,
3225 5831 3333 5876 non
3379 5795 3679 5872 ηεειίὲεηίθδ
