3926 6450
149 448 229 503 l8!

1330 454 1816 512 DECRETALIUM
1855 459 2244 518 COLLECTIO.

3023 332 3065 359 «ι

3283 459 3387 516 182

147 561 357 634 tepidos,
398 561 538 633 lupis
584 565 1094 634 supervenientibus
1124 566 1392 638 fugientes
1438 569 1702 636 inveniat,
1731 573 1779 633 Α
1808 587 2023 643 semper
2058 574 2259 631 invidet
2306 574 2556 631 Satanas.
2599 577 2667 630 Et
2697 576 2901 633 idcirco
2924 576 3060 633 tales
3097 548 3386 643 adversum

145 652 225 709 sed
248 652 496 722 exemplo
523 654 644 708 boni
668 656 900 723 pastoris
941 673 1111 724 agnos
1136 660 1338 737 pariter
1364 676 1487 715 cum
1522 662 1706 717 matri-

143 744 229 799 bus
258 752 309 799 et
341 743 469 799 ﬁliis
512 760 575 801 ac
612 746 825 804 filiabus
854 748 1083 805 viriliter
1127 750 1507 819 defensantes,
1541 763 1705 824 atque

140 837 197 893 ad
228 846 472 892 sanctam
507 850 733 895 matrem
764 842 1059 899 Ecclesium
1105 846 1337 909 ﬁdeliter
1362 858 1705 916 reportantes

140 942 333 996 semper
361 928 619 985 inveniat.
674 932 740 988 Et
786 948 1102 1004 quanquam
1143 937 1263 999 dies
1292 939 1416 993 mali
1447 940 1579 1004 sint,
1608 955 1704 995 vos

140 1024 299 1072 tamen
328 1019 495 1075 nolite
513 1037 632 1076 esse
665 1023 1054 1093 imprudentes,
1076 1029 1171 1082 sed
1197 1028 1555 1100 intelligentes
1584 1046 1704 1099 quze

137 1108 195 1162 sit
215 1109 460 1165 voluntas
490 1112 606 1166 Dei.
633 1111 997 1179 Quamobrem
1020 1118 1425 1184 conl'ortamini,
1468 1129 1525 1175 et
1553 1131 1695 1177 state

136 1200 179 1253 in
214 1199 336 1265 fide,
360 1203 594 1258 viriliter
629 1216 871 1275 agentes,
910 1226 972 1266 ac
1016 1212 1198 1266 omnia
1227 1222 1407 1268 vestra
1441 1214 1494 1268 in
1524 1214 1702 1269 chari-

136 1299 229 1344 tate
257 1290 411 1358 ﬁant,
441 1302 498 1348 et
527 1298 827 1352 secundum
866 1312 1117 1365 sanctum
1148 1302 1495 1373 Evangelium
1528 1322 1541 1358 :
1591 1322 1609 1356 ι
1643 1305 1711 1360 Ιη·

132 1382 376 1450 patientia
409 1394 590 1440 vestra
629 1388 976 1456 possidebitis
1028 1393 1238 1451 animas
1285 1404 1497 1449 vestras
1546 1394 1696 1464 (Luc.

132 1486 231 1537 ιιι,
263 1473 373 1544 l9).
412 1497 432 1527 ι
466 1475 851 1535 Recordamini
897 1498 1111 1554 quoque
1135 1493 1448 1540 sanctorum
1484 1498 1702 1556 aposto-

132 1564 283 1620 lorum
314 1576 369 1623 et
391 1572 804 1641 prophetarum,
829 1583 881 1630 et
906 1576 1033 1647 quia
1060 1578 1289 1633 multum
1318 1578 1700 1633 laboraverunt

132 1655 177 1710 in
201 1655 448 1725 Domino,
475 1660 597 1715 ideo
622 1662 799 1733 adepti
820 1674 947 1719 sunt
969 1668 1189 1736 prmmia
1211 1670 1558 1738 sempiterna.
1581 1669 1698 1723 Sci-

134 1754 227 1799 tote
248 1748 408 1802 etiam
442 1752 869 1823 quoniamjtuta
902 1753 1203 1813 Psaltnistre
1219 1773 1406 1813 vocem
1440 1781 1453 1813 :
1478 1777 1497 1809 ι
1520 1758 1697 1815 Multa:

133 1835 491 1896 tribulationes
527 1839 800 1910 justorum
831 1854 888 1900 et
925 1846 991 1902 de
1018 1849 1274 1906 omnibus
1312 1849 1397 1906 his
1440 1849 1696 1907 liberabit

1808 681 1906 720 nos
1918 666 2167 733 suscitat,
2194 668 2287 737 qui
2308 683 2405 723 nos
2420 678 2687 738 premant,
2710 678 2767 725 et
2787 667 3073 734 suﬂ'ocent,
3089 675 3149 722 ut
3170 665 3387 722 Domini

1805 771 1934 813 oves
1959 759 2162 829 absque
2193 760 2347 815 nobis
2382 763 2579 831 rapiat,
2608 771 2664 818 et
2700 762 2758 818 in
2790 762 2918 827 ima,
2954 776 3062 817 non
3099 758 3387 817 existenti-

1806 847 1914 904 bus
1958 851 2267 919 pastoribus
2311 853 2402 922 qui
2452 868 2551 909 nos
2594 854 2926 920 custodiant,
2955 861 3012 910 et
3065 851 3385 917 defendant,

1806 954 1963 995 ruere
2019 938 2202 995 faciat.
2256 940 2365 996 Vos
2411 942 2580 1013 igitur
2633 958 2730 1012 pro
2776 943 2983 999 viribus
3034 940 3276 997 laborate
3331 946 3388 993 et

1804 1038 1956 1085 orate
2006 1039 2169 1100 atque
2221 1032 2457 1101 vigilate,
2512 1046 2579 1087 ne
2630 1034 2746 1089 luec
2802 1032 2954 1097 ﬂant,
3002 1031 3237 1086 scientes
3285 1040 3387 1082 nos

1803 1135 2018 1190 semper
2050 1130 2271 1191 paratos
2298 1135 2418 1176 esse
2448 1121 2501 1175 in
2528 1123 2781 1177 omnibus
2825 1120 3237 1191 quibuscunque
3274 1116 3382 1170 Do-

1802 1211 1981 1266 minus
2013 1225 2172 1282 posse
2197 1212 2407 1285 dederit
2439 1213 2636 1277 modis,
2675 1213 2832 1269 vobis
2859 1227 3018 1283 opem
3056 1210 3229 1274 ferre,
3257 1208 3387 1262 licet

1803 1318 1905 1357 nos
1932 1302 1999 1357 ab
2028 1304 2157 1372 ipsis
2177 1304 2385 1359 aemulis
2414 1313 2619 1361 sanctae
2646 1304 2740 1361 Dei
2781 1302 3116 1363 Ecclesimet
3154 1298 3384 1363 nostris,

1802 1412 1909 1457 non
1955 1396 2122 1450 simus
2170 1398 2404 1467 excepti,
2434 1407 2490 1453 et
2536 1396 2918 1455 tribulationes
2960 1394 3142 1451 cordis
3187 1390 3383 1455 nostri,

1799 1502 1899 1556 pro
1937 1496 2122 1540 nostra
2150 1495 2209 1542 et
2236 1497 2421 1543 vestra
2469 1488 2819 1547 tribulatione
2871 1486 2987 1542 sive
3016 1484 3200 1541 ovium
3230 1480 3387 1536 nobis

1800 1576 2212 1633 commissarum
2263 1578 2555 1635 admodum
2596 1576 2705 1633 sint
2733 1576 2994 1635 dilatatte.
3034 1572 3145 1630 Vos
3170 1582 3388 1641 quoque

1798 1665 2174 1732 obsecramus,
2205 1676 2263 1721 ut
2304 1668 2607 1739 injunctum
2654 1668 2808 1723 vobis
2831 1683 2861 1723 a
2901 1666 3132 1723 Domino
3165 1661 3387 1719 famula-

1800 1765 1912 1810 tum
1944 1772 2050 1815 non
2079 1757 2384 1827 negligatis,
2431 1765 2487 1812 et
2510 1771 2702 1815 omnes
2728 1770 3040 1827 oppressos,
3070 1762 3127 1809 et
3154 1759 3386 1809 cunctos

1797 1847 1894 1903 Dei
1952 1862 2140 1905 servos
2193 1856 2357 1918 atque
2408 1847 2732 1918 generaliter
2760 1859 2951 1902 omnes
3007 1842 3374 1903 Christianos,

130 1941 211 1982 eos
229 1930 487 1989 Dominus
517 1932 692 2005 (Psal.
719 1952 811 2003 vn,
834 1938 947 2010 20).
982 1960 1002 1993 ι
1038 1941 1399 2013 Quapropter,
1434 1944 1528 1999 lilii
1556 1946 1692 2000 cha-
1725 1952 1767 2010 Β
1796 1953 1957 2012 prout
1986 1941 2247 1997 Dominus
2277 1954 2436 2010 posse
2463 1940 2692 2004 dederit,
2723 1936 2980 2006 adjuvare
3006 1931 3293 1996 studeatis,
3318 1935 3385 1983 ut

132 2019 331 2088 tissimi,
360 2023 654 2080 hortamur
700 2043 794 2084 vos
837 2039 894 2085 et
938 2032 1331 2101 deprecamur,
1381 2043 1439 2090 ut
1486 2037 1696 2092 crebris

134 2111 414 2169 orationum
461 2126 766 2174 vestrarum
826 2123 1082 2191 precibus
1129 2124 1303 2181 Deum
1344 2128 1585 2183 exoretis
1634 2137 1695 2183 ut

141 2198 411 2259 liberemur
442 2222 544 2263 nos
567 2216 624 2263 et
644 2224 740 2265 vos
760 2209 915 2282 juxta
946 2213 1152 2270 dictum
1190 2217 1435 2287 Apostoli
1482 2220 1550 2273 ab
1599 2221 1697 2273 im—

133 2295 353 2360 portunis
395 2304 453 2350 et
483 2297 643 2353 malis
673 2300 984 2359 hominibus
1024 2306 1172 2374 quia,
1204 2321 1311 2361 non
1343 2308 1586 2364 omnium
1609 2319 1695 2366 est

131 2382 262 2439 ﬁdes.
290 2386 567 2459 Flagitate
602 2391 787 2460 etiam,
832 2403 890 2449 ut
937 2396 1079 2452 Deus
1107 2406 1162 2453 et
1200 2400 1463 2457 Dominus
1510 2412 1696 2458 noster

133 2477 308 2546 quiest
352 2482 619 2555 refugium
639 2500 959 2557 pauperum,
992 2498 1047 2545 et
1076 2506 1201 2561 spes
1232 2493 1539 2560 humilium,
1570 2511 1694 2550 san-

131 2580 253 2629 ctam
295 2591 455 2632 suam
503 2578 799 2635 Ecclesiam
848 2583 1090 2652 pretioso
1136 2585 1386 2643 videlicet
1434 2588 1695 2659 sanguine

133 2678 214 2717 suo
242 2666 595 2737 redemptam,
625 2680 681 2724 et
718 2686 815 2726 nos
844 2672 935 2741 qui
957 2674 1201 2730 eamdem
1233 2685 1475 2732 sanctam
1507 2677 1694 2732 Eccle-

133 2753 246 2808 siam
273 2755 495 2823 docere,
533 2774 741 2830 regere,
769 2771 1012 2832 portare,
1045 2773 1101 2821 et
1132 2767 1268 2822 tueri
1308 2767 1591 2835 debemus,
1624 2769 1691 2824 de

134 2849 382 2912 llr-edictis
436 2854 917 2923 oppressionibus,
972 2866 1028 2912 et
1082 2860 1469 2915 teutalionihus
1531 2860 1693 2931 hujus

134 2940 291 2996 saeculi
317 2956 569 3012 nequam,
587 2953 749 3015 atque
768 2946 835 3003 de
863 2947 1115 3003 omnibus
1149 2951 1565 3006 necessitatibus
1596 2967 1696 3007 no-

135 3026 241 3083 stris
267 3031 697 3090 misericorditer
734 3045 910 3101 eruat,
944 3046 1004 3092 ut
1050 3053 1231 3094 sermo
1270 3040 1363 3095 Dei
1401 3050 1606 3108 currat,
1639 3051 1694 3095 et

137 3119 443 3187 glorificetur
488 3126 781 3197 gloriosum
837 3130 1190 3200 Evangelium
1250 3132 1463 3188 Domini
1520 3134 1690 3188 nostri

136 3205 241 3265 lesu
276 3212 499 3280 Christi,
535 3226 589 3272 et
613 3219 788 3289 gratia
814 3220 933 3290 ejus
963 3220 1017 3276 iu
1048 3223 1207 3278 nobis
1233 3240 1403 3278 vacua
1441 3240 1546 3278 non
1574 3224 1689 3289 ﬁat,

1794 2043 1925 2090 ante
1951 2033 2190 2091 tribunal
2210 2033 2411 2088 Christi
2440 2032 2750 2087 mercedem
2774 2029 3022 2086 habeatis
3043 2032 3382 2096 perpetuam.

1792 2122 1863 2178 Et
1924 2124 2117 2181 scitote
2164 2123 2307 2193 quod
2373 2121 2634 2177 memoria
2690 2120 2859 2175 vestri
2911 2132 3098 2175 coram
3142 2116 3254 2171 Deo
3299 2120 3386 2169 est

1794 2216 2027 2272 assidue.
2076 2213 2213 2268 Nam
2270 2212 2725 2284 quemadmodum
2786 2209 3031 2266 dolentes
3097 2203 3382 2276 cognosci-

1792 2322 1937 2372 mus,
1966 2321 2063 2361 vos
2100 2305 2170 2360 ab
2218 2304 2442 2373 iniquis,
2472 2310 2528 2358 et
2576 2300 2819 2358 scelestis
2845 2297 3159 2355 hominibus
3196 2294 3387 2353 obtur-

1795 2398 1929 2461 bari,
1966 2397 2040 2451 ita
2067 2395 2327 2452 continuo
2367 2394 2519 2451 vobis
2540 2392 2925 2463 compatimur,
2959 2388 3129 2444 Deum
3155 2392 3382 2441 orantes

1793 2504 1890 2560 pro
1928 2487 2252 2542 liberatione
2297 2501 2361 2541 ac
2409 2484 2784 2541 sublevatione
2813 2489 3011 2538 vestra:
3051 2474 3382 2537 alllictionis,

1793 2593 1913 2649 qua:
1961 2576 2114 2632 vobis
2164 2574 2327 2647 (unde
2373 2574 2614 2646 graviter
2652 2569 2924 2642 angimur)
2975 2568 3045 2624 ab
3089 2565 3292 2635 iniquis
3328 2564 3381 2617 in

1790 2669 1909 2723 dies
1963 2668 2256 2737 irrogatur,
2302 2673 2358 2720 et
2408 2673 2537 2719 ante
2586 2677 2818 2733 corpora
2871 2657 3245 2731 apostolorum
3279 2668 3382 2725 pro

1792 2759 1947 2814 vobis
1972 2772 2162 2827 preces
2195 2756 2330 2810 fiunt
2369 2754 2638 2825 quotidie,
2684 2763 2743 2808 ut
2768 2761 2823 2809 et
2852 2767 2946 2806 vos
2976 2746 3284 2806 liberemini
3314 2745 3383 2799 ab

1793 2849 2119 2921 importunis
2147 2857 2201 2904 et
2244 2847 2406 2902 malis
2449 2846 2764 2902 hominibus
2812 2842 3026 2899 Domini
3077 2838 3303 2904 auxilio,
3329 2844 3386 2890 et

1791 2958 1921 3001 oves
1959 2941 2113 2997 vobis
2157 2940 2462 2996 commissa:
2492 2940 2558 2995 ad
2604 2951 2803 3011 pascua
2849 2942 3066 2991 aeternae
3102 2932 3228 2989 vita:
3275 2944 3384 2982 una

1793 3034 2070 3089 vobiscum
2094 3031 2409 3101 perveniant
2425 3029 2772 3099 sempiterna.
2792 3026 3066 3085 Unitatem
3085 3032 3141 3079 et
3158 3018 3383 3089 conjun-

1792 3127 2029 3183 ctionem
2052 3123 2359 3180 dilectionis
2388 3130 2582 3183 vestra:
2615 3120 2881 3177 valentem
2908 3128 3071 3186 atque
3099 3112 3383 3185 prolicien-

1795 3229 1902 3274 tem
1930 3219 1982 3273 in
2015 3214 2246 3273 salutem
2275 3213 2517 3269 omnium
2544 3210 2863 3282 populorum
2893 3216 3109 3264 creator
3138 3202 3383 3258 omnium

138 3314 193 3355 ne
234 3304 351 3358 sine
385 3304 559 3362 fructu
616 3308 938 3381 Evangelii,
989 3313 1133 3382 quod
1184 3314 1354 3379 absit,
1398 3315 1608 3369 steriles
1637 3315 1690 3370 in
1723 3304 1766 3363 C
1799 3308 2447 3377 Dominusomnipotens
2500 3318 2798 3360 inertiorem
2832 3300 3003 3356 nostri
3053 3293 3387 3355 acternaliter

138 3405 403 3463 conspectu
446 3396 545 3454 Dei
591 3414 970 3472 appareamus,
996 3411 1052 3459 et
1081 3404 1239 3459 vacui
1283 3405 1515 3460 filiorum
1558 3405 1697 3460 ﬁlia-

142 3494 341 3554 rumque
366 3503 592 3545 numero
637 3501 997 3560 revertamur,
1028 3506 1128 3550 nec
1155 3496 1222 3550 de
1262 3495 1584 3551 abscondito
1616 3504 1694 3551 ta-

138 3572 263 3632 lento
289 3579 508 3636 Domino
530 3582 778 3639 veniente
806 3584 885 3639 rei
913 3600 1033 3640 esse
1050 3584 1390 3655 judieemur;
1416 3587 1521 3642 ista
1547 3587 1693 3642 enim

1796 3400 2089 3464 custodiat,
2121 3412 2302 3453 amen.
2354 3395 2492 3450 Data
2543 3394 2729 3450 Nonas
2777 3391 2981 3464 Aprilis
3006 3387 3300 3445 Valeriano
3328 3389 3386 3438 et

1796 3489 2076 3545 Gallicano
2105 3487 2172 3543 ιν
2202 3502 2285 3543 cc.
2318 3484 2527 3542 consul.

1249 3744 3370 3778 ______._—__________a_._————~————Il

293 3885 396 3960 42
471 3905 1109 3999 INCIPIUNT
1190 3909 1726 4000 DECRETA
1795 3910 2125 4001 SIXTI
2203 3910 2542 4000 PAPjE
2614 3886 3170 4000 SECUNDI.

910 4096 1088 4169 (Anno
1120 4096 1334 4152 Domini
1362 4096 1490 4163 264,
1525 4098 1757 4153 Deciano
1782 4107 1836 4154 et
1868 4099 2153 4157 Valeriano
2180 4099 2617 4171 imperatorlius.

196 4381 476 4455 Episcopus
498 4382 701 4440 SIXTUS
727 4385 918 4443 Cano
944 4390 1263 4461 coepiscopo
1287 4390 1539 4447 salutem.

196 4472 373 4531 Ltetari
408 4486 464 4531 et
504 4478 739 4548 gaudere
781 4495 868 4535 me
894 4480 1185 4550 plurimum
1232 4482 1286 4536 in
1317 4483 1533 4539 Christo
1558 4481 1686 4539 Jesu

1700 4364 1701 4369 η
1792 4388 1974 4461 biliter
2021 4395 2370 4459 generatum,
2404 4388 2521 4458 ipso
2567 4386 2678 4442 Deo
2724 4383 2883 4439 Patre
2922 4399 3020 4453 per
3059 4383 3380 4454 prophetam

1793 4479 2008 4535 (licente
2035 4494 2050 4533 :
2082 4499 2099 4530 ι
2130 4478 2187 4533 ln
2219 4478 2593 4548 splendoribus
2633 4486 2942 4531 sanctorum
2967 4491 3035 4530 ex
3070 4484 3223 4530 utero
3254 4483 3382 4528 ante

138 4557 336 4619 Domino
360 4575 547 4622 nostro
577 4568 880 4625 dilectionis
913 4581 1019 4626 tua:
1041 4573 1243 4642 scripta
1274 4572 1540 4641 fecerunt,
1568 4576 1689 4644 qui-
1718 4590 1768 4649 ο
1794 4570 2074 4626 luciferum
2099 4570 2258 4640 genui
2290 4578 2342 4624 te
2367 4567 2541 4640 (Psal.
2574 4585 2683 4625 cur.
2703 4568 2780 4639 5).
2813 4591 2830 4620 ι
2866 4569 3037 4639 Quam
3054 4567 3380 4635 sententiam

138 4649 220 4708 bus
238 4657 505 4715 evidenter
539 4661 838 4718 ostenditur
864 4673 1129 4734 quantum
1154 4666 1479 4722 catholicam
1511 4668 1688 4739 diligis

139 4741 293 4811 ﬁdem,
312 4756 365 4802 et
391 4758 651 4819 quantum
678 4768 964 4822 pravorum
990 4757 1266 4812 hominum
1292 4759 1581 4814 detestaris
1603 4776 1691 4814 er-

140 4847 309 4903 rorem,
330 4840 507 4896 omnis
531 4842 674 4897 enim
702 4844 923 4901 hzeresis
936 4847 1098 4903 nimis
1122 4858 1203 4903 est
1229 4849 1414 4920 impia,
1438 4858 1495 4905 et
1516 4850 1693 4905 Evan-

141 4925 297 4992 gelica:
319 4931 564 4987 veritatis
588 4933 828 5000 inimica,
850 4951 972 5005 qua:
994 4953 1100 4991 non
1128 4939 1429 5008 portionem
1454 4940 1690 5010 aliquam

141 5014 327 5089 lzedere,
354 5025 448 5079 sed
480 5026 596 5094 ipsa
617 5024 936 5082 Christianae
961 5028 1237 5099 religionis
1260 5038 1487 5086 conatur
1504 5032 1692 5087 funda-

141 5119 290 5165 menta
331 5113 649 5170 convellere.
682 5114 887 5170 Memor
932 5118 1075 5171 enim
1117 5132 1236 5173 sum
1288 5134 1376 5174 me
1405 5120 1505 5174 sub
1548 5120 1689 5175 illius

93 5223 96 5227 ~
142 5204 326 5262 nomine
376 5207 634 5264 Ecclesia:
674 5210 983 5280 praesidere,
1020 5210 1175 5280 cujus
1225 5228 1256 5265 a
1295 5210 1526 5268 Domino
1561 5210 1687 5268 Jesu

140 5290 325 5353 Christo
346 5309 430 5355 est
449 5299 750 5372 gloriﬁcata
772 5300 1061 5367 confessio,
1089 5311 1141 5357 et
1166 5303 1319 5375 cujus
1337 5303 1468 5359 fides
1484 5302 1687 5358 nullum

140 5400 344 5460 unquam
378 5392 538 5458 fallit,
577 5394 670 5448 sed
697 5410 886 5450 omnes
930 5396 1146 5465 quidem
1175 5396 1409 5452 ltzereses
1436 5392 1703 5451 destruit.’

138 5478 345 5556 intelligo
370 5496 549 5540 autem
577 5485 706 5539 mihi
736 5484 893 5540 aliter
912 5500 1017 5541 non
1048 5485 1209 5542 licere
1230 5503 1390 5558 quam
1420 5496 1475 5540 ut
1499 5474 1707 5543 omnes.

139 5584 332 5630 conatus
346 5592 494 5632 meos
505 5575 553 5629 ei
572 5590 747 5630 causa:
760 5575 813 5629 in
828 5591 931 5645 qua
943 5576 1263 5632 universalis
1278 5576 1529 5631 Ecclesiae
1541 5577 1703 5635 salus.

143 5662 400 5722 infestatur
427 5668 754 5738 impendam.
778 5667 1044 5739 Aguosce,
1089 5667 1163 5722 lili
1202 5669 1542 5734 charissime,
1579 5684 1685 5723 non

141 5771 189 5807 cx
214 5765 441 5831 tempore
483 5776 657 5830 neque
698 5768 820 5831 post
849 5770 1090 5833 tempora
1120 5760 1315 5817 Filium
1346 5761 1441 5818 Dei
1479 5771 1683 5826 natum,

146 5850 221 5903 sed
248 5861 364 5909 ante
392 5854 570 5909 omnia
603 5863 843 5925 tempora
870 5854 936 5909 de
970 5862 1195 5925 paterno
1222 5862 1375 5912 utero
1407 5856 1684 5911 inenarra-

1792 4670 1848 4719 et
1892 4662 2059 4717 Isaias
2079 4663 2342 4733 pr0pheta
2365 4661 2545 4716 dubiis
2568 4671 2729 4730 atque
2752 4661 3044 4717 incredulis
3088 4660 3374 4714 evidenter

1792 4757 2076 4826 expressit,
2096 4756 2221 4810 dum
2245 4770 2350 4809 non
2371 4754 2588 4809 aliunde
2612 4754 2803 4809 Filium
2827 4770 2988 4825 quam
3013 4754 3077 4807 de
3099 4751 3262 4804 Patre
3283 4765 3379 4804 na-

1797 4859 1905 4903 tum
1935 4847 2277 4902 inell'abiliter
2301 4848 2539 4902 ostendit
2590 4863 2604 4900 :
2659 4865 2677 4897 ι
2715 4845 2771 4900 In
2822 4844 3145 4906 humilitate,
3180 4841 3374 4910 inquit,

1786 4940 2046 5011 judicium
2062 4940 2178 5010 cjus
2192 4939 2460 4994 sublatmn
2478 4948 2583 5002 est,
2604 4937 2936 4992 nativitatem
2954 4933 3073 5004 ejus
3086 4934 3208 5005 quis
3221 4948 3380 4987 enar-

1793 5030 2160 5103 rabit?i(lsai.
2181 5047 2298 5097 LIII,
2318 5032 2397 5102 8.)
2416 5031 2481 5086 Et
2498 5029 2817 5086 tn‘libroJob
2839 5046 2885 5082 ε(
2906 5027 3240 5098 Sapientiam
3257 5025 3375 5090 Dei,

1792 5123 1890 5188 ait,
1918 5124 2059 5177 unde
2076 5123 2350 5178 invenies?
2372 5122 2527 5177 Latet
2544 5122 2685 5176 enim
2710 5121 2777 5174 ab
2802 5118 2974 5173 oculis
3003 5119 3302 5182 hominum,
3322 5125 3379 5170 et

1791 5232 1822 5270 a
1848 5215 2153 5271 volucribus
2177 5215 2299 5272 cwli
2322 5215 2581 5271 absconsu
2604 5221 2685 5268 est
2719 5211 2842 5284 (Job
2864 5227 3058 5276 xxvm,
3088 5210 3197 5279 1‘2).
3222 5231 3240 5263 ι
3264 5211 3373 5264 Ex-

1791 5307 2096 5377 pergiscere
2116 5306 2415 5376 paululum,
2446 5314 2500 5359 et
2521 5304 2564 5359 si
2595 5304 2772 5357 lumen
2797 5302 3040 5358 scientia:
3063 5303 3115 5356 in
3143 5302 3372 5371 teipsum

1790 5396 2123 5466 aliquantum
2191 5396 2387 5460 habes,
2444 5395 2719 5460 invenies,
2773 5392 2930 5462 cujus
3011 5393 3269 5447 nativitas
3341 5406 3374 5445 a

1790 5491 2051 5560 propheta
2082 5504 2189 5543 non
2238 5488 2413 5558 potuit
2441 5487 2685 5544 enarrari
2719 5502 2785 5544 ex
2813 5496 3057 5558 tempore
3090 5486 3173 5541 vel
3203 5494 3261 5539 ut
3287 5500 3375 5539 as-

1793 5591 1975 5638 truere
2002 5582 2117 5651 ipse
2138 5582 2376 5646 conaris,
2403 5597 2506 5635 non
2532 5580 2704 5650 potuit
2733 5581 3006 5652 generari.
3038 5597 3057 5630 ι
3080 5578 3139 5632 In
3163 5577 3369 5648 princi-

1792 5672 1903 5742 pio,
1954 5670 2129 5741 inquit
2174 5669 2409 5724 Joannes
2438 5670 2802 5741 Evangilista,
2856 5680 2975 5725 erat
3026 5667 3285 5734 Verbum,
3319 5678 3376 5725 et

1794 5764 2032 5819 Verbum
2059 5773 2176 5817 erat
2195 5763 2334 5832 apud
2363 5762 2555 5829 Deum,
2586 5772 2641 5819 et
2669 5764 2810 5819 Deus
2837 5772 2955 5819 erat
2979 5762 3239 5826 Verbum,
3270 5762 3373 5817 hoc

1794 5863 1909 5912 erat
1935 5854 1990 5909 in
2024 5852 2291 5924 principio
2322 5855 2463 5924 apud
2484 5854 2673 5911 Deum.
2694 5854 2886 5913 Omnia
2915 5870 3011 5925 per
3033 5855 3206 5926 ipsum
3230 5851 3372 5910 facta
