3926 6436
489 359 593 419 185

1296 366 1587 424 ΛΡΡΕΝΙ).
1620 365 1712 420 AD
1750 362 1925 420 διες.
1965 362 2055 418 IX.
2092 388 2160 406 -ι-
2198 361 2451 420 iSlDOlil
2495 360 2932 423 MERCATOBIS

3653 372 3757 429 εει

489 484 637 544 sunt,
659 484 715 533 et
741 475 860 534 sine
890 476 1006 550 ipso
1034 481 1237 535 factum
1260 488 1343 536 est
1368 479 1502 535 nihil
1528 478 1709 551 (Joan.
1736 493 1774 544 ι,
1803 476 1937 548 1-5).
1970 498 1987 531 ι
2010 476 2074 531 Et
2103 486 2150 545 Α
2179 474 2426 530 siasticas
2464 490 2656 530 causas
2676 483 2731 529 et
2755 475 3130 545 episcoporum
3153 474 3355 545 judicia
3379 478 3607 548 antiqua
3626 494 3761 549 apo—

489 567 716 622 iterum:
737 585 757 620 t
779 567 1009 624 Eratlux
1020 583 1146 626 vera
1160 584 1279 639 quae
1292 569 1559 625 illuminat
1571 583 1784 623 omnem
1799 568 2071 623 hominem

490 657 798 712 venientem
818 655 873 712 in
895 658 1039 713 hunc
1059 657 1315 713 mundum
1336 658 1524 730 (Ibid.,
1552 658 1628 726 9).
1654 678 1672 711 ι
1701 658 1758 712 ln
1780 657 1883 713 isto
1909 659 2074 728 igitur

491 744 634 811 quod
658 745 856 799 dicitur
873 755 1006 811 erat,
1031 746 1076 800 si
1105 755 1315 816 tempus
1335 760 1578 816 quaerere
1598 746 1852 811 volueris,
1869 763 1974 801 non
1992 747 2073 801 in-

487 833 707 900 venies,
744 836 999 905 quoniam
1023 850 1089 890 ex
1125 850 1232 905 quo
1273 836 1458 905 Pater,
1488 852 1558 892 ex
1584 837 1677 891 illo
1708 847 1763 892 et
1788 836 1980 901 Filius,
2018 846 2075 891 et

488 924 630 991 quod
652 923 923 990 Paterest,
946 926 998 982 id
1010 934 1096 982 est
1115 928 1279 982 etiam
1301 927 1486 992 Filius,
1512 927 1805 984 Salomone
1821 929 2031 983 dicente
2054 942 2069 981 :

496 1028 517 1062 ι
536 1012 726 1081 Egoex
739 1008 834 1070 ore
848 1015 1109 1072 Altissimi
1123 1017 1322 1088 prodii,
1338 1019 1697 1089 primogenita
1717 1028 1843 1073 ante
1856 1033 2071 1073 omnem

489 1111 816 1158 creaturam.
841 1103 954 1176 Ego
974 1103 1075 1160 feci
1100 1115 1158 1160 ut
1180 1106 1234 1160 in
1260 1106 1401 1161 ctelo
1422 1108 1659 1161 oriretur
1678 1106 1856 1160 lumen
1885 1105 2074 1160 indefl-

490 1191 639 1248 ciens
661 1202 718 1248 et
739 1194 880 1251 sicut
906 1197 1100 1251 nebula
1142 1198 1249 1252 texi
1275 1212 1490 1253 omnem
1517 1208 1738 1253 terram.
1774 1199 1887 1270 Ego
1913 1200 1966 1253 in
1993 1199 2075 1252 al-

489 1283 713 1340 tissimis
725 1286 931 1353 habito,
945 1296 998 1343 et
1020 1288 1247 1344 thronus
1271 1303 1425 1345 meus
1446 1289 1498 1343 in
1513 1289 1759 1344 columna
1776 1290 1953 1345 nubis.
1972 1290 2075 1361 Gy-

492 1391 613 1431 rum
635 1379 760 1432 cteli
773 1380 995 1435 circuivi
1011 1381 1146 1447 sola,
1162 1390 1218 1437 et
1233 1381 1557 1452 profundum
1580 1383 1759 1453 abyssi
1773 1384 2069 1453 penetravi.

488 1466 547 1521 lu
586 1483 803 1524 omnem
855 1478 1059 1526 terram
1091 1472 1240 1538 steti,
1287 1482 1343 1528 et
1371 1472 1565 1545 populo
1594 1475 1886 1544 primatum
1910 1474 2071 1529 habui

491 1556 683 1628 (Eccli.
715 1576 865 1625 xxrv,
883 1561 1055 1633 7-10).
1093 1580 1113 1614 ι
1133 1562 1265 1618 ltem
1290 1563 1364 1619 ibi
1386 1578 1401 1618 :
1423 1583 1441 1617 ι
1469 1563 1603 1619 Cum
1626 1574 1845 1635 pararet
1874 1566 2071 1620 caelum

490 1646 710 1702 aderam
734 1647 809 1703 illi
843 1668 857 1703 :
885 1658 1081 1705 etcum
1112 1653 1294 1708 sedem
1320 1668 1471 1707 suam
1486 1662 1818 1709 secerneret.
1845 1653 2072 1721 Quando

490 1753 654 1808 super
674 1749 861 1796 ventos
883 1743 1048 1797 fortes
1074 1742 1309 1800 faciebat
1336 1747 1389 1798 in
1418 1759 1632 1800 sununo
1649 1746 1838 1810 nubes,
1870 1754 1927 1800 ct
1947 1761 2068 1801 cum

2175 564 2438 620 stolorum
2472 578 2767 634 eorumque
2787 579 3162 621 successorum
3186 573 3347 636 atque
3370 582 3640 623 canonum
3664 585 3760 623 au-

2174 657 2401 713 ctoritas
2419 657 2739 723 reservavit,
2770 659 3024 727 quoniam
3054 658 3340 730 culpantur
3370 659 3639 732 episcopi,
3667 663 3759 731 qni

2175 746 2331 801 aliter
2357 761 2484 815 erga
2515 745 2714 803 fratres
2754 749 2965 819 egerint
2987 764 3149 818 quam
3176 748 3414 818 ejusdem
3438 753 3586 807 sedis
3610 766 3760 822 papa:

2175 835 2290 889 fieri
2328 834 2611 905 placuerit.
2644 836 2798 891 Unde
2835 836 3037 905 placuit
3071 846 3132 892 ut
3173 847 3459 893 accusatus
3486 840 3573 895 vel
3610 839 3757 910 judi-

2172 932 2324 977 catus
2355 938 2383 977 a
2410 924 2958 994 comprovincialibus
2989 925 3043 980 in
3074 926 3253 995 aliqua
3281 942 3442 983 causa
3469 930 3759 999 episcopus

2174 1014 2404 1070 licenter
2442 1014 2672 1085 appellet
2700 1025 2756 1071 et
2783 1015 2944 1070 adeat
2988 1018 3299 1088 apostolica:
3342 1018 3490 1074 sedis
3533 1019 3758 1089 pontiﬁ-

2178 1122 2319 1173 cem,
2350 1108 2442 1179 qni
2481 1116 2574 1162 aut
2599 1122 2697 1178 per
2735 1123 2795 1164 se
2838 1116 2933 1163 aut
2955 1123 3056 1178 per
3081 1110 3313 1166 vicarios
3349 1110 3624 1180 suoscjus
3654 1122 3763 1165 tra-

2172 1199 2306 1253 ctari
2330 1199 2603 1270 negotium
2623 1208 2904 1271 procuret;
2920 1209 2977 1255 et
2995 1200 3121 1254 dum
3136 1200 3332 1256 iterato
3348 1200 3553 1270 judicio
3578 1203 3761 1273 ponti-

2172 1291 2255 1346 fex
2277 1306 2493 1346 causam
2509 1307 2662 1346 suam
2678 1292 2810 1364 agit,
2828 1292 3005 1348 nullus
3018 1292 3156 1348 alius
3172 1293 3224 1347 in
3238 1292 3357 1363 ejus
3372 1294 3491 1349 loco
3505 1304 3756 1365 ponatur,

2172 1390 2265 1435 aut
2280 1382 2562 1438 ordinetur
2572 1382 3137 1453 episcopus,quoniam
3151 1399 3459 1455 quanquam
3477 1400 3508 1438 a
3519 1399 3764 1455 compro-

2172 1474 2496 1530 vincialibus
2516 1475 2783 1545 episcopis
2804 1476 3041 1530 accusati
3064 1491 3285 1532 causam
3310 1475 3583 1545 pontificis
3609 1490 3763 1531 scru-

2173 1565 2276 1620 tari
2311 1565 2492 1633 liceat,
2519 1581 2627 1621 non
2659 1575 2838 1621 tamen
2875 1566 3114 1633 diiﬁniri,
3168 1566 3474 1622 inconsulto
3516 1566 3762 1621 Romano

2171 1657 2448 1728 pontifice,
2484 1658 2809 1728 permissum
2846 1666 2949 1724 est,
2974 1673 3096 1715 cum
3133 1658 3290 1713 beato
3318 1657 3480 1712 Petro
3518 1655 3763 1726 apostolo

2174 1764 2280 1803 non
2305 1749 2493 1805 ahalio
2509 1766 2669 1820 quam
2693 1752 2761 1806 ab
2787 1750 2902 1820 ipso
2920 1749 3120 1805 dictum
3150 1750 3219 1805 sit
3235 1767 3262 1803 a
3281 1749 3537 1804 Domino:
3558 1769 3577 1801 ι
3600 1749 3760 1816 Qua:-

489 1838 670 1884 certos
691 1832 927 1899 ponebat
952 1832 1131 1888 fontes
1158 1835 1259 1889 sub
1290 1834 1453 1900 etelo,
1496 1851 1621 1892 cum
1650 1835 1809 1891 fortia
1835 1835 2070 1892 faciebat
2102 1838 2144 1897 Β
2172 1853 2383 1906 cunqtte
2404 1837 2659 1908 ligaveris
2679 1854 2840 1908 super
2862 1846 3084 1903 terram,
3101 1849 3259 1892 erunt
3276 1836 3440 1907 ligata
3456 1845 3512 1891 et
3532 1837 3585 1891 in
3602 1836 3758 1892 caalo.

489 1915 834 1975 fundamenta
854 1929 1030 1988 terrae,
1061 1938 1161 1994 ego
1185 1939 1334 1979 eram
1357 1940 1480 1979 cum
1520 1925 1609 1981 illo
1642 1941 1991 1996 componens,
2021 1935 2077 1983 et

490 2023 591 2078 ego
609 2024 757 2064 eram
775 2013 858 2066 cui
883 2014 1219 2083 adgaudebat
1245 2030 1368 2069 cum
1397 2014 1815 2072 lmtareturorbe
1836 2016 2077 2086 perfecto

493 2097 764 2168 (Praverb.
781 2102 1124 2175 vm,27-50).
1148 2122 1165 2155 ι
1187 2104 1253 2157 Ει
1267 2104 1318 2157 in
1338 2104 1542 2174 psalmo
1555 2106 1850 2161 centesimo
1869 2106 2074 2176 primo:

500 2206 519 2238 ι
548 2189 647 2254 Tu,
682 2189 927 2258 Domine,
954 2193 1008 2247 in
1040 2194 1303 2264 principio
1328 2205 1526 2250 terram
1551 2195 1808 2261 fundasti,
1832 2207 1887 2251 ct
1911 2198 2076 2267 opera

475 2293 747 2334 .mauuum
766 2289 978 2337 tuarum
992 2292 1120 2338 sunt
1132 2285 1274 2339 εαξη.
1291 2284 1393 2355 Ipsi
1409 2285 1681 2355 peribunt,
1700 2294 1755 2339 tu
1772 2295 1950 2341 autem
1966 2302 2082 2356 per-

492 2383 701 2435 maues,
716 2380 770 2425 et
782 2372 919 2427 sicut
932 2375 1261 2444 opertorium
1281 2377 1511 2432 mutahis
1522 2391 1616 2432 eos
1629 2386 1684 2432 et
1697 2377 2046 2431 mutabuntur
2060 2394 2075 2439 ;

492 2468 549 2512 tu
573 2471 751 2515 autem
780 2460 922 2518 idem
946 2464 1058 2533 ipse
1072 2480 1152 2529 es,
1181 2474 1237 2520 et
1264 2466 1387 2519 anui
1412 2468 1484 2520 tui
1511 2482 1615 2521 nou
1639 2467 2077 2538 deficient(PsaI.

491 2567 540 2606 Cl
552 2592 566 2616 ,
580 2552 672 2617 26,
685 2554 796 2624 29).
811 2555 953 2610 »Νοη
971 2559 1114 2612 enim
1128 2567 1405 2623 erataatas,
1422 2567 1515 2612 aut
1531 2559 1745 2629 aliquod
1765 2570 1971 2629 tempus
1986 2576 2081 2614 an-

493 2652 709 2713 tequam
733 2646 798 2701 de
826 2646 986 2703 Patre
1013 2646 1182 2703 Filius
1206 2650 1916 2719 uaseerethr,quoniamqni
1950 2660 2081 2704 tem-

491 2750 621 2805 pora
646 2738 897 2794 universa
911 2742 1124 2810 propria
1148 2749 1413 2811 potestate
1431 2741 1733 2805 constituit,
1751 2756 1817 2795 ex
1842 2751 2081 2812 tempore

492 2825 577 2879 vel
593 2836 708 2896 post
728 2836 970 2899 tempora
986 2832 1131 2886 nasci
1149 2847 1252 2885 non
1266 2831 1458 2902 potuit.
1478 2831 1572 2886 His
1586 2832 1775 2902 paucis
1799 2833 2080 2888 sententiis

493 2917 733 2973 breviter
749 2922 1011 2978 consultis
1037 2923 1144 2978 tuis
1174 2925 1449 2993 respondi,
1476 2924 1643 2979 frater
1667 2925 2003 2979 charissime.

570 3010 648 3066 De
674 3021 872 3068 extero
915 3024 1061 3069 tuam
1102 3032 1295 3072 moneo
1337 3017 1703 3079 dilectionem,
1752 3027 1812 3071 ut
1858 3027 2082 3074 cunctos

501 3119 640 3175 quos
683 3120 871 3161 errare
911 3109 1252 3178 cognoveris,
1286 3109 1351 3163 ad
1379 3108 1699 3163 catholicam
1732 3109 1887 3162 fidem
1919 3118 1971 3164 et
2017 3109 2083 3164 ad

2179 1927 2247 1982 Et
2270 1942 2604 1997 quaecunque
2622 1927 2849 1983 solveris
2867 1942 3030 1998 super
3060 1937 3282 1991 terram,
3308 1935 3468 1981 erunt
3490 1926 3669 1981 soluta
3710 1936 3766 1982 et

2180 2022 2232 2077 in
2255 2022 2393 2078 coelo
2416 2021 2630 2091 (Matth.
2656 2039 2812 2087 xvnt,
2842 2023 2951 2093 i0).
2990 2041 3009 2073 ι
3045 2021 3179 2077 Etsi
3203 2021 3325 2092 quis
3347 2021 3622 2092 putaverit
3647 2035 3708 2076 se
3732 2036 3763 2075 a

2177 2113 2394 2184 proprio
2422 2113 2836 2183 metropolitano
2858 2114 3092 2184 gravari,
3123 2113 3264 2182 apud
3302 2112 3591 2181 primatem
3631 2112 3768 2166 dim-

2179 2217 2366 2258 ceseos
2411 2213 2503 2257 aut
2529 2220 2695 2273 penes
2720 2204 3041 2259 universalis
3064 2204 3372 2274 apostolicae
3393 2203 3650 2259 Ecclesiae
3674 2219 3767 2273 pa-

2178 2293 2598 2364 pamjndicetur.
2614 2295 2863 2349 Aitenim
2877 2293 3109 2351 Iacobus
3122 2294 3427 2364 apostolus:
3452 2312 3471 2345 ι
3493 2293 3767 2349 Judicium

2181 2384 2297 2439 sine
2315 2385 2686 2440 misericordia
2713 2384 2785 2439 illi
2809 2385 2902 2440 fiet
2914 2386 3003 2455 qui
3029 2401 3133 2439 nou
3162 2384 3290 2440 fecit
3313 2384 3764 2439 misericordiam.

2182 2480 2564 2550 Superextollit
2628 2490 2810 2535 autem
2875 2481 3308 2535 misericordiam
3362 2477 3566 2548 judicio
3623 2478 3767 2533 (Jac.

2181 2570 2372 2637 “.15).
2396 2591 2411 2622 υ
2430 2570 2487 2625 In
2509 2570 2758 2625 omnibus
2773 2585 2923 2641 ergo,
2941 2569 3013 2624 fili
3030 2569 3396 2632 dilectissime,
3421 2568 3770 2634 corcustodi,

2182 2660 2596 2730 sicutscriptum
2621 2668 2737 2715 est:
2763 2679 2781 2711 ι
2811 2659 2967 2716 Omni
2984 2659 3225 2715 custodia
3250 2658 3457 2714 custodi
3484 2667 3773 2723 cortuum,

2182 2752 2304 2821 quia
2337 2767 2404 2806 ex
2461 2752 2577 2821 ipso
2643 2752 2747 2805 vita
2798 2750 3041 2822 procedit
3070 2748 3257 2821 (Prov.
3310 2764 3388 2814 Iv,
3439 2748 3556 2815 25).
3589 2765 3610 2800 ο
3644 2747 3775 2804 Haec

2180 2843 2418 2897 breviter
2451 2858 2549 2911 pro
2594 2842 3109 2898 commemoratione
3137 2839 3414 2910 rescripsi,
3445 2838 3539 2894 sed
3563 2849 3693 2908 peto
3716 2846 3777 2893 ut

2182 2947 2279 3002 pro
2311 2949 2395 2987 me
2426 2947 2585 2986 orare
2611 2932 2829 2993 debeas,
2869 2940 3137 3001 quatenus
3161 2929 3504 2999 omnipotens
3543 2928 3694 2982 Deus
3719 2936 3776 2982 et

2183 3039 2213 3077 a
2264 3024 2516 3095 malignis
2561 3038 2647 3078 me
2686 3023 2971 3094 spiritibus
3015 3031 3120 3077 eta
3151 3020 3423 3091 perversis
3458 3019 3778 3075 hominibus

2185 3115 2459 3169 custodire
2485 3114 2899 3184 diguetur,quia
2925 3114 2976 3167 in
3002 3112 3102 3166 hac
3131 3112 3254 3165 vita:
3282 3125 3415 3165 mea:
3444 3110 3777 3179 peregrina-

496 3197 755 3253 unitatem
786 3208 936 3255 recte
964 3201 1300 3256 credentium
1332 3210 1649 3257 convertere
1670 3201 1911 3264 studeas,
1941 3210 1997 3258 et
2023 3209 2076 3254 tu
2108 3206 2150 3268 C
2186 3213 2310 3259 tone
2334 3203 2471 3257 mala
2499 3217 2585 3258 me
2616 3202 2774 3259 simul
2795 3213 2850 3257 et
2872 3201 3037 3257 multa
3066 3200 3428 3264 circumdant,
3463 3198 3537 3252 ita
3558 3205 3622 3251 ut
3646 3211 3776 3252 cum

495 3302 770 3361 nunquam
803 3293 870 3346 ab
914 3294 1205 3364 apostolico
1249 3294 1465 3348 tramite
1506 3293 1750 3349 recedas.
1800 3293 1856 3347 Si
1898 3303 2078 3348 autem

496 3390 551 3437 te
575 3397 678 3436 non
705 3383 977 3439 audierint
1001 3393 1055 3440 et
1089 3396 1360 3447 errantes,
1392 3385 1534 3455 quod
1569 3384 1730 3448 absit,
1761 3398 2079 3454 permanse-

497 3472 632 3537 rint,
656 3474 813 3530 nobis
837 3492 928 3531 eos
951 3476 1302 3532 manifestare
1334 3492 1497 3547 quam
1543 3477 1706 3531 citius
1734 3476 1940 3547 poteris
1970 3492 2077 3529 non

497 3564 697 3627 tardes,
733 3574 792 3621 ut
822 3567 1113 3637 apostolica
1158 3568 1481 3623 auctoritate
1536 3577 1626 3621 aut
1656 3568 1765 3621 cito
1789 3566 1857 3620 ad
1894 3566 2084 3620 Eccle-

495 3654 630 3709 siam
646 3667 1051 3721 convertantur,
1072 3667 1163 3713 aut
1176 3658 1242 3711 ab
1260 3658 1494 3713 Ecclesia
1511 3665 1849 3727 separentur.
1865 3656 2083 3710 Audivi-

495 3762 616 3802 mus
640 3749 803 3802 etiam
839 3750 983 3819 quod
1009 3752 1226 3819 quidam
1251 3751 1463 3803 erronei
1494 3758 1546 3802 ct
1573 3748 1977 3804 consentientes
1998 3747 2078 3801 eis

496 3847 550 3891 te
568 3849 622 3894 ct
644 3839 877 3909 reliquos
899 3840 1469 3912 infestentepiscopos,
1490 3850 1544 3896 et
1565 3840 1848 3910 episcopos
1870 3838 2079 3908 aliquos

494 3931 978 3999 comprovinciales
994 3932 1059 3986 ad
1076 3941 1310 3987 vestram
1331 3929 1735 3985 infamationem
1754 3938 1916 3999 atque
1929 3928 2081 3984 dam-

499 4022 769 4076 nationem
800 4037 981 4076 secum
1017 4023 1261 4082 trahant;
1310 4031 1639 4094 quapropter
1666 4022 1718 4076 in
1758 4022 1861 4077 hac
1888 4031 2076 4076 sancta

493 4110 622 4164 sede
651 4111 849 4166 dudum
886 4127 916 4166 a
970 4113 1153 4168 multis
1174 4114 1445 4184 episcnpis
1480 4113 1831 4168 constitutum
1859 4121 1995 4177 erat,
2023 4122 2078 4167 et

494 4202 654 4255 modo
693 4202 758 4255 ad
788 4211 1025 4257 vestrum
1064 4214 1119 4257 et
1170 4214 1487 4259 ca-terornm
1532 4192 1760 4257 fratrum
1816 4202 2075 4257 auxilium

495 4302 580 4347 est
606 4292 783 4349 denuo
828 4296 1158 4362 roboratum,
1192 4305 1249 4350 ut
1273 4311 1462 4352 omnes
1489 4295 1727 4366 episcopi
1758 4295 1851 4365 qui
1883 4295 1934 4348 in
1958 4294 2077 4364 qui-

495 4383 722 4438 husdam
738 4387 1078 4456 gravioribus
1094 4386 1488 4457 pulsantur,vel
1503 4384 2073 4450 criminanturcansis,

495 4477 705 4543 quoties
739 4492 957 4534 necesse
1004 4478 1185 4544 fuerit,
1228 4479 1394 4535 libere
1421 4479 1770 4549 apostolicam
1805 4476 2078 4547 appellent

2183 3295 2474 3351 Psalmista
2490 3295 2614 3364 jure
2637 3295 2812 3350 dicam
2839 3313 2852 3348 :
2877 3313 2895 3345 ι
2917 3293 2974 3348 lu
2999 3308 3083 3348 tne
3101 3293 3429 3347 transierunt
3455 3290 3551 3344 ira:
3573 3299 3707 3355 tua,
3726 3297 3779 3346 et

2182 3393 2418 3440 terrores
2449 3385 2521 3439 tui
2548 3385 3013 3440 conturbaverunt
3038 3398 3145 3438 me.
3171 3381 3670 3439 Circumdederunt
3693 3395 3780 3435 me

2184 3475 2325 3529 sicut
2350 3491 2503 3545 aqua:
2529 3485 2636 3530 tota
2667 3477 2774 3539 die,
2803 3476 3277 3532 circumdederunt
3300 3489 3387 3529 me
3410 3469 3775 3541 simul(Psal.

2182 3580 2428 3629 Lxxxvn,
2445 3566 2534 3630 i7,
2552 3566 2663 3637 i8).
2688 3585 2706 3617 ι
2723 3566 2974 3622 Ctelestis
2996 3568 3169 3638 gratia
3186 3574 3349 3619 etnos
3364 3566 3415 3618 in
3442 3564 3704 3629 urbibus,
3724 3572 3780 3618 et

2178 3671 2274 3710 vos
2295 3656 2494 3726 ubique
2538 3665 2805 3728 protegat,
2830 3658 2954 3729 quia
2991 3657 3244 3728 antiquus
3286 3655 3458 3711 hostis
3498 3663 3778 3708 terrarum

2178 3743 2312 3800 locis
2333 3762 2362 3799 a
2392 3747 2689 3801 tcutatione
2716 3763 2819 3802 non
2850 3748 3177 3812 excluditur,
3205 3747 3333 3817 quia
3353 3745 3398 3801 si
3430 3745 3482 3798 in
3508 3744 3778 3815 paradiso

2178 3836 2450 3892 hominem
2495 3839 2709 3904 stravit,
2743 3840 2866 3908 quis
2916 3838 3068 3894 locus
3100 3847 3251 3892 extra
3305 3836 3618 3908 paradisum
3653 3849 3780 3890 esse

2184 3938 2367 4000 potest
2394 3930 2445 3985 iu
2470 3946 2578 4001 quo
2604 3932 3102 3986 menteshominum
3121 3940 3407 4002 penetrare
3424 3943 3527 3983 non
3554 3927 3778 3983 valeat?

2175 4021 2396 4091 Antiqui
2421 4022 2564 4076 enim
2588 4022 2761 4077 hostis
2780 4022 2935 4093 cujus
2956 4021 3154 4076 invidia
3180 4036 3325 4074 mors
3341 4017 3585 4073 introivit
3605 4017 3665 4071 in
3692 4032 3779 4072 or-

2176 4113 2299 4169 bem
2323 4113 2611 4184 terrarum)
2635 4123 2759 4167 sunt
2772 4128 2984 4183 semper
2997 4111 3137 4167 oculi
3154 4111 3343 4183 vigiles
3366 4109 3433 4164 ad
3447 4109 3674 4164 animas
3690 4110 3779 4163 ho-

2177 4205 2383 4260 minum
2402 4205 2819 4275 illaqueandum.
2837 4205 3141 4275 multosque
3169 4219 3265 4259 sua
3287 4203 3556 4273 pravitate
3584 4216 3776 4257 secum

2178 4296 2231 4349 in
2273 4295 2625 4365 perditionem
2664 4296 2890 4367 trahere
2939 4296 3083 4366 cupit
3136 4296 3227 4365 qui
3256 4302 3444 4363 suapte
3478 4292 3702 4346 malitia
3747 4307 3777 4347 ι

2177 4385 2349 4459 gloria
2372 4386 2552 4456 lapsus
2565 4386 2714 4442 estin
2731 4388 3026 4442 miseriam.
3043 4387 3099 4441 In
3116 4386 3227 4441 sola
3239 4400 3368 4457 ergo
3381 4383 3672 4438 Creatoris
3684 4397 3779 4437 no-

2179 4476 2274 4531 stri
2294 4476 2630 4547 protectione
2657 4477 2925 4533 fidendum
2947 4487 3049 4543 est,
3066 4478 3150 4532 cui
3168 4491 3233 4531 ex
3259 4476 3450 4531 intimo
3474 4474 3652 4528 corde
3674 4474 3779 4529 cla-

495 4570 698 4634 sedem,
726 4580 886 4639 atqne
912 4573 977 4625 ad
1005 4587 1123 4627 eam
1148 4573 1299 4642 quasi
1324 4574 1389 4627 ad
1418 4580 1643 4626 matrem
1668 4568 2000 4640 confugiant,
2019 4577 2079 4622 ut
2104 4556 2155 4617 D
2182 4584 2389 4624 memus
2411 4583 2427 4622 :
2451 4569 2581 4624 Esto
2598 4570 2726 4624 tnihi
2753 4570 2804 4624 in
2834 4570 2998 4624 Deum
3025 4576 3403 4639 pretectorem,
3427 4574 3481 4620 ct
3505 4566 3560 4619 in
3588 4564 3778 4621 locum

396 4711 404 4716 .
495 4660 564 4714 ab
603 4676 687 4724 ea,
726 4663 867 4717 sicut
890 4679 1102 4735 semper
1123 4664 1245 4730 fuit,
1271 4664 1357 4734 pie
1386 4663 1696 4727 fulciantur,
1721 4660 2080 4717 defendamur

493 4762 551 4809 et
573 4753 887 4811 liberentur.
909 4754 1074 4825 Cujus
1095 4756 1427 4828 dispositioni
1451 4769 1638 4811 omnes
1660 4752 1894 4823 majores
1908 4750 2080 4807 eccle-

2180 4659 2468 4725 munitum,
2493 4668 2552 4714 ut
2572 4659 2776 4714 salvum
2803 4674 2888 4714 me
2904 4658 3088 4714 facias.
3109 4658 3244 4714 Data
3265 4656 3491 4712 Kalend.
3509 4654 3771 4727 Septem-

2180 4748 2293 4803 bris
2330 4747 2616 4805 Valeriauo
2657 4758 2711 4804 et
2739 4750 2958 4806 Decimo
3000 4748 3066 4805 ιν
3098 4764 3178 4805 cc.
3215 4746 3423 4803 consul.

1678 4992 1844 5051 ΙΤΕΜ
1879 4991 2219 5050 EPISTOLA
2258 4988 2439 5046 SIXTI
2473 4987 2700 5045 ΡΔΡᾹΞ.

570 5153 945 5209 Dilectissimis
964 5152 1224 5209 fratribus
1243 5167 1342 5223 per
1372 5150 1754 5222 Hispaniarum
1768 5145 2077 5219 provincias

495 5246 805 5302 constitutis
823 5243 1027 5302 Sinus
1047 5245 1333 5316 episcopus
1362 5243 1415 5297 in
1444 5241 1672 5297 Domino
1694 5238 1945 5295 salutem.

566 5341 757 5411 Magno
799 5356 1023 5395 munere
1057 5338 1440 5395 misericordia:
1476 5337 1567 5391 Dei
1614 5335 1781 5390 totius
1821 5330 2074 5387 Ecclesia:

494 5434 773 5490 catholica:
798 5432 1151 5502 multiplicata
1174 5441 1299 5486 sunt
1319 5430 1537 5501 gaudia,
1554 5442 1677 5482 cum
1702 5424 2069 5480 Ecclesiarum

495 5535 670 5581 status
740 5541 805 5581 eo
854 5525 999 5596 viget
1063 5524 1253 5579 ordine
1305 5538 1412 5593 quo
1472 5517 1715 5589 Apostoli
1776 5528 2071 5584 eorumque

497 5630 844 5671 successores
897 5614 1046 5668 illum
1095 5619 1419 5665 statuerunt.
1487 5608 1549 5663 Et
1589 5623 1709 5662 cum
1740 5605 1945 5673 antiqui
1978 5603 2074 5657 h0-

498 5705 599 5760 stis
637 5706 833 5759 astutia
866 5718 990 5758 eum
1040 5701 1245 5756 turbari
1297 5700 1696 5771 cognoscimus,
1726 5712 1830 5751 non
1864 5694 2074 5748 modico

497 5798 884 5853 contristamur
905 5811 1154 5852 mterO'e.
1173 5794 1342 5861 Quam
1357 5794 1427 5848 ob
1448 5808 1689 5861 causam,
1714 5791 1931 5855 fratres,
1948 5788 2075 5841 hor-

2185 5156 2365 5201 tamur
2413 5158 2530 5209 vos,
2564 5158 2846 5198 monemus
2884 5152 2940 5199 et
2980 5140 3307 5213 ﬂagitamus,
3352 5149 3411 5195 ut
3462 5156 3492 5196 a
3548 5144 3772 5198 tramite

2184 5236 2495 5310 apostolicae
2521 5234 2877 5290 institutionis
2915 5249 3253 5304 nequaquam
3285 5233 3574 5300 recedatis,
3599 5249 3704 5288 nec
3739 5249 3770 5286 a

2181 5330 2358 5401 capite
2376 5326 2709 5393 dissideatis,
2727 5326 2819 5382 sed
2836 5325 2995 5379 fidem
3014 5334 3068 5380 et
3084 5325 3329 5378 ordinem
3355 5339 3516 5401 quem
3533 5323 3768 5395 apostoli

2178 5430 2234 5477 et
2250 5398 2529 5492 apostolici
2563 5419 2663 5472 viri
2682 5416 3204 5485 statueruntabsque
3221 5398 3562 5470 haesitatione
3581 5427 3769 5472 tenea-

2180 5512 2267 5568 tis.
2285 5510 2418 5565 Nam
2435 5511 2479 5565 si
2492 5509 2755 5564 columna:
2770 5506 3000 5577 alicujus
3014 5523 3217 5579 magna:
3232 5509 3421 5562 domus
3434 5508 3764 5568 corrueriut,

2177 5601 2291 5672 ipsa
2315 5609 2499 5671 postea
2524 5600 2716 5654 domus
2740 5599 2961 5654 minime
2992 5600 3180 5654 stabit.
3214 5598 3305 5654 Sic
3333 5608 3387 5654 et
3416 5615 3512 5654 vos
3536 5599 3634 5669 qui
3676 5614 3767 5653 co-

2179 5693 2375 5748 lumnae
2400 5691 2655 5747 Ecclesiae
2674 5692 2827 5758 estis,
2852 5691 2893 5745 si
2918 5691 3228 5747 labefactari
3250 5692 3549 5762 coeperitis,
3571 5703 3764 5746 sancta

2181 5783 2417 5838 Ecclesia
2438 5782 2577 5853 (qam
2594 5796 2689 5851 per
2706 5779 3038 5854 vosregitur)
3055 5780 3599 5843 tabescetet'labetur;
3624 5780 3760 5839 haec,
