3926 6458
744 423 799 441 ιτ
854 431 862 438 .

119 445 209 508 183

1281 438 1770 501 DECRETALIUI
1806 438 2206 502 COLLECTIO.

3281 446 3381 506 186

119 540 474 631 [ηιτὲὲῖᾷάὼ
499 556 622 614 dico
648 557 803 615 valde
825 556 1060 613 timenda
1087 564 1234 625 sunt,
1265 568 1321 613 et
1347 573 1559 614 summo
1583 572 1698 613 mo—
1727 560 1775 620 Α
1802 558 1933 612 rari.
1961 557 2118 615 Justo
2136 559 2279 614 enim
2297 558 2506 630 judicio
2535 559 2629 617 Dei
2656 561 2814 617 datur
2839 556 3157 632 plerumque
3185 578 3380 634 pecca-

120 654 383 713 deramine
409 650 708 722 pensanda,
759 658 923 720 atque
972 664 1040 704 ne
1078 649 1207 703 liant
1244 648 1520 714 cavenda;
1571 648 1685 718 ipsa

121 748 249 804 enim
266 744 487 801 Veritas
502 758 599 813 per
614 758 674 798 se
688 743 854 798 dixit:
879 761 899 793 ι
917 743 1025 797 Vos
1036 743 1169 798 eStis
1184 741 1263 796 sal
1284 751 1459 796 teme.
1477 741 1627 808 Quod
1643 741 1688 796 si

122 835 505 899 salevanuerit,
524 835 578 889 in
603 850 710 905 quo
730 833 991 888 salietur?
1013 832 1228 903 (Matth.
1247 848 1299 898 v,
1328 833 1415 902 15)
1441 841 1547 887 etc.
1565 832 1691 888 Ideo

122 942 218 989 vos,
253 924 592 989 cbarissimi,
625 938 841 986 moneo,
887 922 1014 992 quia
1043 922 1196 976 vobis
1224 921 1438 976 debitor
1465 935 1610 985 sum,
1637 929 1693 973 et

123 1017 261 1072 valde
286 1032 384 1071 vos
405 1014 587 1084 diligo.
615 1014 681 1069 Et
704 1015 919 1083 quando
940 1015 1078 1070 bona
1097 1014 1259 1068 audio
1274 1014 1339 1067 dc
1358 1014 1533 1078 vobis,
1561 1027 1696 1068 con-

120 1105 351 1180 gratulor
373 1105 526 1168 satis,
554 1116 610 1160 ct
626 1115 849 1159 econtra
870 1103 1086 1173 quando
1108 1106 1359 1167 adversa,
1384 1101 1546 1157 nimis
1572 1116 1699 1158 con-

123 1198 320 1253 turbor.
345 1196 457 1265 Ego
489 1210 616 1249 vero
656 1194 905 1264 quamvis
949 1209 981 1247 a
1030 1193 1182 1248 vobis
1210 1208 1306 1264 per
1334 1193 1493 1263 longa
1527 1200 1698 1246 terra-

121 1303 222 1343 rum
281 1284 564 1341 intervalla
595 1282 901 1352 disiunctus
934 1283 1060 1347 sim,
1107 1298 1227 1338 sunt
1261 1292 1439 1337 tamen
1474 1282 1699 1337 omnino

121 1378 393 1433 vobiscum
421 1376 589 1432 corde
617 1373 961 1442 conjunctus.
994 1373 1225 1443 Ideoque
1250 1374 1315 1428 de
1364 1382 1547 1428 vestra
1571 1372 1700 1426 bea-

124 1467 347 1523 titudine
372 1481 499 1536 erga
526 1479 612 1519 me
636 1464 810 1519 modis
843 1463 1097 1518 omnibus
1141 1461 1375 1525 confido,
1420 1461 1551 1530 quia
1575 1474 1699 1514 cum

124 1576 195 1613 me
214 1557 461 1612 vicissim
496 1555 722 1626 diligitis
755 1571 785 1609 a
818 1570 903 1609 me
925 1552 1082 1625 longe
1112 1568 1219 1608 non
1242 1552 1397 1617 estis,
1427 1550 1567 1606 unde
1589 1565 1705 1605 ma-

122 1653 189 1724 gis
209 1650 423 1722 gratias
449 1647 738 1703 referimus
761 1645 836 1701 illi
858 1661 1026 1718 grano
1048 1645 1254 1716 sinapis
1280 1644 1424 1715 quod
1444 1658 1513 1699 ex
1535 1642 1707 1698 modi-

124 1742 164 1795 ci
184 1738 648 1810 despicabilisque
686 1737 908 1793 seminis
926 1736 1128 1807 specie,
1152 1736 1225 1790 ita
1241 1735 1408 1791 ramis
1427 1750 1493 1789 ex
1515 1734 1705 1789 eadem

124 1832 301 1887 radice
342 1829 689 1902 surgentibus
729 1837 890 1897 atque
941 1843 999 1883 se
1051 1825 1486 1882 distendentibns
1537 1837 1708 1893 usque

1795 650 2000 705 toribus
2050 659 2290 721 potestas
2337 667 2441 722 qua
2495 660 2713 708 sanctos
2766 653 2936 723 ipsius
2959 666 3378 725 persequantur,

1794 749 1855 795 ut
1886 741 1978 811 qui
2018 740 2222 812 Spiritu
2282 742 2375 798 Dei
2418 742 2679 812 juvantur
2722 753 2780 799 et
2829 754 3065 813 aguntur
3119 747 3250 801 liant
3287 763 3385 816 per

1795 830 2038 887 laborum
2096 832 2356 888 exercitia
2426 832 2705 889 clariores.
2758 834 2843 890 llli
2890 844 3067 891 tamen
3123 838 3217 906 qui
3282 838 3385 893 hoc

1797 930 1963 993 agunt
1986 921 2291 977 nullatenus
2313 924 2543 978 evadant
2569 929 2829 994 pinnam),
2852 927 2999 995 quia,
3052 936 3111 980 ut
3172 927 3248 980 ait
3278 928 3385 981 Do-

1798 1014 2015 1069 minus:
2044 1032 2063 1065 ι
2095 1014 2188 1068 Va:
2209 1014 2285 1070 illi
2312 1029 2410 1084 per
2436 1030 2598 1085 quem
2628 1017 2948 1072 scandalum
2987 1020 3137 1074 venit
3163 1019 3383 1089 (Matth.

1800 1105 2048 1175 xvm,7).
2083 1124 2103 1158 ι
2133 1104 2200 1159 Et
2222 1122 2530 1176 quanquam
2551 1107 2706 1177 juxta
2726 1108 3026 1164 Salvatoris
3052 1110 3386 1166 sententiam

1801 1211 2023 1253 necesse
2045 1197 2118 1252 sit
2138 1198 2326 1253 venire
2357 1199 2631 1262 scandala,
2674 1214 2756 1254 vae
2785 1210 2965 1256 tamen
2989 1216 3088 1271 per
3111 1218 3271 1271 quem
3292 1217 3389 1259 ve-

1803 1288 1981 1343 niunt.
2038 1288 2111 1343 De
2163 1289 2392 1344 occultis
2430 1289 2573 1344 enim
2606 1290 2786 1345 cordis
2825 1291 2985 1346 alieni
3019 1301 3222 1347 temere
3249 1292 3395 1359 judi-

1806 1393 1934 1435 care
1961 1390 2242 1449 peccatum
2278 1389 2385 1447 est,
2407 1391 2465 1436 et
2491 1395 2614 1437 eum
2643 1380 2799 1449 cujus
2824 1397 2930 1439 non
2953 1382 3207 1438 videntur
3228 1398 3394 1453 opera

1804 1474 1908 1528 nisi
1945 1474 2105 1539 bona,
2147 1474 2389 1544 iniquum
2418 1481 2592 1530 estex
2624 1474 2933 1545 suspicione
2961 1474 3391 1545 reprehendere,

1806 1587 1931 1629 cum
1995 1586 2183 1628 eorum
2248 1588 2369 1643 quae
2429 1572 2633 1629 homini
2690 1582 2819 1629 sunt
2882 1574 3187 1645 incognita,
3251 1573 3400 1628 solus

1809 1664 1952 1720 Dens
1978 1662 2142 1732 judex
2200 1663 2271 1718 sit
2317 1662 2530 1731 justus,
2577 1664 2670 1734 qui
2734 1665 3011 1735 inspector
3075 1675 3161 1721 est
3216 1680 3398 1720 verus.

1811 1751 1966 1809 Unde
1993 1754 2254 1822 scriptum
2281 1761 2366 1808 est
2397 1770 2411 1807 :
2463 1752 2670 1809 Incerta
2722 1770 2826 1809 non
2876 1754 3184 1823 iudicemus
3223 1755 3402 1826 quoad

1809 1841 1918 1915 53
1952 1857 2122 1912 usque
2156 1844 2338 1900 veniat
2375 1843 2633 1899 Dominus
2666 1847 2756 1915 qui
2794 1846 3118 1902 illuminabit
3162 1849 3402 1904 abscon-

125 1938 332 1994 quaque
378 1919 628 1976 diffusum
660 1928 764 1984 est,
800 1917 937 1973 utin
979 1920 1060 1973 eis
1092 1915 1328 1970 volatilia
1361 1914 1482 1969 caeli
1514 1925 1706 1969 cuncta

1825 1914 1920 1989 lita
1970 1936 2340 2000 tenebrarum,
2382 1946 2437 1992 et
2480 1914 2852 1993 manifeStahit
2887 1940 3113 1995 consilia
3154 1940 3402 1997 cordium

129 2016 423 2071 nidificent.
470 2010 768 2081 Gratiaque
810 2010 882 2064 sit
925 2007 1196 2064 fermento
1237 2006 1312 2061 illi
1352 2005 1496 2076 quod
1537 2004 1710 2059 tribus

130 2107 313 2162 farinze
336 2104 475 2159 satis
497 2087 661 2158 totius
683 2100 901 2156 humani
925 2098 1141 2171 generis
1165 2112 1400 2152 massam
1430 2096 1483 2151 in
1505 2097 1711 2151 unitate

131 2194 450 2267 conspersit,
475 2204 639 2263 atque
664 2206 834 2263 parvo
856 2189 1018 2261 lapidi
1043 2190 1135 2259 qui
1164 2188 1436 2243 abscissus
1456 2185 1524 2241 de
1552 2202 1712 2240 mon-

134 2298 177 2346 te
212 2289 336 2344 sine
370 2288 640 2353 nianibus,
663 2284 949 2355 occupavit
985 2284 1293 2338 universam
1329 2279 1523 2334 faciem
1564 2278 1715 2333 orbis

136 2391 281 2435 tern-
314 2394 331 2433 :
365 2378 459 2449 qui
491 2379 559 2433 ad
602 2379 705 2432 hoc
733 2383 984 2429 naturam
1016 2382 1216 2429 nostra:
1241 2370 1441 2437 carnis,
1464 2379 1518 2425 et
1542 2377 1716 2425 status

135 2470 338 2527 servilis
390 2469 620 2523 formam
671 2482 977 2531 assumens,
1004 2463 1283 2519 humiliter
1325 2473 1714 2531 usquequaque

138 2561 414 2627 distendit,
445 2570 507 2614 ut
532 2560 679 2614 onmi
723 2559 964 2613 humano
1004 2571 1205 2627 genere
1250 2556 1307 2611 in
1335 2555 1596 2609 unitatem
1628 2569 1715 2609 re-

151 2657 327 2720 dacto,
356 2651 527 2707 totius
552 2666 752 2722 corpus
775 2649 985 2703 unitum
1015 2650 1302 2719 perliceret
1337 2645 1608 2711 Ecclesiae,
1641 2655 1720 2699 at-

139 2760 232 2814 que
256 2744 334 2798 ita
363 2743 432 2798 ad
474 2742 639 2796 totius
669 2739 1005 2811 compaginis
1041 2738 1340 2808 pertineret
1377 2738 1720 2793 commodum

140 2837 505 2890 membrorum
534 2831 784 2904 partialis
811 2831 916 2885 ista
956 2830 1253 2885 distinctio.
1279 2827 1432 2884 Unde
1461 2844 1561 2884 nos
1581 2844 1721 2899 quo-

140 2943 232 2999 que
264 2943 298 2981 a
327 2925 486 2982 vobis
506 2926 662 2996 longe
681 2939 790 2979 non
815 2937 1021 2985 sumus,
1050 2923 1178 2993 quia
1202 2922 1253 2975 in
1282 2920 1373 2975 illo
1393 2921 1483 2991 qui
1525 2921 1724 2990 ubique

142 3031 213 3075 est
244 3036 417 3075 unum
450 3034 660 3075 sumus.
692 3018 935 3089 Agamus
959 3030 1090 3088 ergo
1146 3016 1195 3072 ei
1223 3016 1428 3086 gratias
1456 3015 1548 3085 qui
1580 3014 1724 3069 solu-

146 3113 204 3167 tis
244 3111 550 3167 inimicitiis
578 3109 634 3164 in
678 3124 845 3165 carne
878 3124 1004 3175 sua,
1046 3107 1179 3163 fecit
1226 3116 1284 3162 ut
1322 3107 1374 3161 in
1415 3106 1564 3161 omni
1593 3106 1726 3161 orbe

155 3213 419 3259 terrarum
452 3219 591 3259 unus
616 3211 762 3260 esset
791 3218 945 3273 grex,
994 3210 1050 3257 et
1090 3217 1256 3257 unum
1281 3201 1421 3257 ovile
1464 3201 1565 3255 sub
1619 3215 1725 3256 uno

148 3309 379 3369 pastore,
401 3312 622 3368 semper
636 3310 904 3352 memores
920 3295 1063 3365 quod
1080 3308 1174 3349 vos
1190 3292 1435 3348 veritatis
1454 3292 1723 3347 Praedica-
1752 3285 1797 3347 C

150 3400 228 3447 tor
243 3393 552 3456 admoneat,
570 3391 785 3446 dicens:
808 3410 824 3441 ι
847 3387 1075 3444 Solliciti
1095 3397 1314 3443 servate
1336 3387 1600 3441 unitatem
1616 3386 1727 3455 spi-

152 3485 280 3540 ritus
304 3484 358 3540 in
382 3482 598 3539 vinculo
621 3482 770 3553 pacis
793 3480 1009 3555 (Ep/tes.
1037 3496 1109 3549 iv,
1128 3480 1184 3549 5)
1206 3497 1221 3546 ;
1247 3500 1266 3532 ι
1290 3479 1561 3535 vinculum
1581 3479 1727 3534 enim

150 3577 292 3647 pacis
319 3591 479 3632 nemo
520 3585 701 3633 servat
731 3577 858 3632 dum
905 3573 1072 3629 alium
1108 3573 1354 3639 infestat,
1397 3581 1493 3627 aut
1521 3572 1725 3639 verbis,

152 3679 245 3723 aut
272 3668 427 3727 factis
453 3669 813 3741 persequitur.

223 3761 361 3829 ideo,
386 3761 609 3828 fratres,
639 3762 744 3817 ista
775 3759 1130 3834 praetulimus,
1155 3760 1284 3830 quia
1313 3758 1619 3815 audivimus
1648 3759 1735 3814 in-

155 3863 243 3909 ter
270 3869 363 3912 vos
393 3856 773 3912 accusationes
809 3854 1077 3921 exerceri,
1119 3863 1175 3909 et
1217 3853 1403 3924 pulsos
1448 3870 1478 3908 a
1513 3854 1733 3909 sedibus

156 3944 452 4017 episcopos,
480 3953 577 4001 aut
615 3946 730 4001 suis
757 3946 920 4001 rebus
950 3943 1280 4015 exspoliatos
1303 3944 1556 4015 judicari.
1590 3944 1736 4013 Qua-

160 4049 374 4110 propter
409 4049 672 4098 statutum
703 4050 808 4106 est,
847 4047 905 4094 ut
931 4040 978 4094 si
1025 4039 1150 4110 quis
1193 4048 1383 4094 contra
1422 4038 1734 4109 episcopum

164 4128 251 4183 vel
295 4140 506 4188 actores
555 4129 818 4186 Ecclesia:
874 4143 935 4184 se
988 4128 1271 4199 proprium
1310 4128 1605 4185 crediderit
1640 4129 1738 4183 ha-

168 4222 289 4279 bere
308 4225 607 4299 negatium,
635 4239 743 4280 non
766 4222 917 4295 prius
943 4221 1101 4278 adeat
1123 4221 1337 4294 judices
1359 4237 1524 4292 quam
1553 4220 1621 4277 ad
1643 4235 1740 4277 eos

172 4326 403 4371 recurrat
425 4315 711 4372 charitatis
735 4315 918 4371 studio
943 4323 1002 4369 ut
1018 4313 1275 4370 familiari
1300 4314 1570 4385 colloquio
1589 4329 1740 4370 com-

170 4406 365 4473 moniti,
381 4423 444 4464 ea
466 4421 666 4463 sanare
676 4403 931 4472 debeant,
950 4421 1071 4477 quae
1087 4405 1139 4461 in
1157 4405 1551 4475 querimoniam
1569 4404 1737 4461 dedu-

167 4508 370 4553 cuntur.
418 4499 577 4568 Quod
615 4498 660 4555 si
684 4497 843 4553 aliter
860 4497 1037 4568 egerit
1060 4496 1442 4553 communione
1463 4495 1732 4566 privetur.

168 4586 322 4646 Nemo
354 4590 669 4662 pontificum
709 4589 962 4661 deinceps
991 4589 1231 4665 aliquem
1258 4588 1578 4659 episcopum
1623 4588 1741 4643 suis

172 4683 512 4753 exspoliatum
528 4684 714 4749 rebus,
732 4681 1008 4739 autasede
1028 4681 1241 4751 pulsum
1261 4678 1738 4736 excommunicare

176 4780 259 4826 aut
272 4772 509 4840 judicare
532 4764 846 4845 praesumat,
868 4772 997 4844 quia
1027 4787 1134 4828 non
1159 4781 1245 4827 est
1266 4770 1613 4842 privilegium
1631 4784 1739 4839 quo

176 4867 438 4935 exspoliari
470 4868 645 4938 possit
663 4868 777 4939 jam
800 4867 1052 4922 nudatus.
1076 4863 1268 4921 Nullus
1286 4865 1576 4936 episcopus
1598 4862 1739 4920 alte.

178 4956 280 5013 rius
292 4962 669 5030 parochianum
684 4969 980 5033 praesumat
993 4959 1226 5014 retinere
1241 4967 1336 5013 aut
1348 4958 1602 5013 ordinare
1616 4958 1741 5013 abs-

184 5058 273 5112 que
289 5049 397 5119 ejus
421 5051 698 5108 voluntate
719 5052 800 5107 vel
826 5050 1095 5122 judicare,
1113 5050 1240 5120 quia
1266 5050 1410 5106 sicut
1439 5049 1595 5104 irrita
1620 5047 1740 5117 ejus
1786 5083 1794 5092 ι

180 5137 571 5208 eritordinatio,
601 5142 677 5197 ita
708 5151 763 5198 et
787 5141 1128 5211 dijudicatio,
1169 5141 1426 5211 quoniam
1454 5156 1741 5197 censemus

181 5228 361 5288 nullum
385 5234 612 5291 alterius
624 5234 844 5304 judicis,
864 5236 968 5291 nisi
984 5237 1088 5300 sui,
1112 5236 1380 5291 sententia
1400 5236 1589 5292 teneri.
1607 5233 1744 5290 Nam

181 5321 261 5387 qui
285 5338 399 5381 eum
429 5327 689 5382 ordinare
720 5344 825 5382 non
849 5328 1047 5397 potuit,
1077 5341 1175 5384 nec
1196 5327 1446 5396 judicare
1476 5327 1747 5382 ullatenus

182 5417 375 5476 poterit.
418 5417 523 5474 Ista
554 5418 700 5474 enim
729 5420 885 5475 vobis
908 5419 1163 5490 deinceps
1191 5419 1445 5483 tenenda,
1469 5426 1525 5473 et
1549 5416 1748 5473 fratres

182 5501 395 5563 vicissim
412 5508 670 5577 adjuvare
690 5510 1028 5565 mandamus.
1047 5509 1269 5565 Fratres
1284 5524 1414 5564 vero
1427 5524 1562 5579 quos
1583 5508 1744 5564 timo-

183 5602 446 5653 teterreno
460 5598 658 5669 injuste
675 5600 993 5664 damnastis,
1017 5603 1212 5657 scitote
1231 5617 1261 5655 a
1283 5601 1440 5657 nobis
1459 5602 1605 5673 juste
1621 5617 1745 5659 esse

184 5685 458 5745 restitutos.
478 5689 684 5756 Quibus
697 5704 763 5744 ex
776 5691 1098 5746 auctoritate
1111 5692 1285 5746 sancti
1297 5691 1444 5747 Petri
1462 5701 1514 5747 et
1528 5701 1749 5762 aposto-

184 5768 273 5830 lica
288 5779 602 5835 auctoritate
615 5782 795 5836 omnia
805 5797 927 5853 qua:
946 5782 1026 5837 eis
1048 5782 1225 5837 ablata
1248 5791 1374 5839 sunt
1395 5784 1748 5855 integerrime

187 5867 319 5924 reddi
347 5873 712 5944 pmipimds,
743 5876 787 5929 si
822 5889 929 5929 non
982 5875 1144 5930 vultis
1190 5891 1316 5941 vos,
1373 5884 1429 5931 et
1473 5877 1749 5947 principes

192 5963 340 6019 vestri
371 5981 399 6020 a
422 5966 647 6040 collegio
678 5977 864 6025 nostro
893 5975 945 6025 ct
977 5968 1233 6026 membris
1283 5967 1537 6027 Ecclesia:
1588 5984 1749 6036 sepa-

1813 2023 1866 2093 (ι
1909 2025 2031 2080 Cor.
2077 2042 2152 2093 tv,
2191 2026 2271 2096 5.)
2300 2027 2365 2081 Et
2393 2030 2643 2097 quamvis
2663 2043 2787 2083 vera
2817 2029 3068 2094 sint,non
3094 2041 3273 2086 tamen
3288 2045 3408 2086 cre-

1810 2118 1987 2173 denda
2024 2128 2181 2183 sunt,
2221 2119 2324 2174 nisi
2359 2120 2526 2175 certis
2574 2120 2789 2177 indiciis
2825 2124 3267 2193 comprobentur,
3301 2124 3407 2179 nisi

1813 2224 1935 2280 qua:
1971 2211 2260 2266 manifesto
2291 2210 2501 2280 judicio
2527 2214 2945 2279 convincuntur,
2978 2216 3081 2270 nisi
3123 2232 3243 2285 qua
3265 2215 3405 2287 judi-

1815 2303 1985 2358 ciario
2029 2305 2221 2359 ordine
2268 2304 2630 2374 puhlicantur.
2688 2304 2881 2362 Nullus
2924 2321 3055 2378 ergo
3102 2315 3283 2376 potest
3339 2321 3409 2361 ex

1820 2395 2056 2450 humano
2079 2396 2428 2453 condemnari
2461 2397 2708 2451 examine
2734 2411 2896 2465 quem
2922 2396 3063 2453 Deus
3091 2413 3189 2452 sun
3203 2397 3411 2469 judicio

1818 2486 2138 2542 reservavit.
2168 2485 2295 2541 Haec
2321 2487 2501 2541 omnia
2531 2502 2876 2557 summopere
2903 2497 3027 2542 sunt
3055 2487 3407 2558 prtecavenda

1821 2590 1890 2632 ne
1910 2587 2331 2647 prmsumptores
2350 2592 2471 2632 esse
2494 2577 2794 2631 videamur.
2818 2577 2884 2631 Et
2911 2580 3183 2633 accusatio
3206 2578 3415 2647 episco-

1820 2686 2011 2741 porum
2058 2686 2164 2726 non
2201 2680 2285 2726 est
2328 2670 2485 2727 facile
2531 2663 2869 2739 recipienda,
2910 2670 3123 2726 dicente
3153 2669 3411 2725 Domino:

1830 2780 1849 2814 ι
1883 2761 1998 2817 Non
2027 2762 2293 2831 suscipias
2320 2776 2507 2818 vocem
2544 2762 2808 2817 mendacii
2841 2762 3040 2834 (Exod.
3090 2777 3250 2826 XXIII,
3280 2763 3355 2832 l).
3388 2780 3409 2815 ι

1823 2852 1892 2908 Ει
1916 2852 2205 2922 Apostolus
2228 2852 2403 2922 inquit
2423 2852 2683 2908 adversus
2703 2853 3081 2924 presbyterum
3108 2852 3419 2923 inscriptio-

1826 2958 2086 3001 nem-non
2120 2944 2484 3013 recipiendam
2515 2942 2722 3014 absque
2753 2942 2969 2998 duobus
2990 2943 3073 2998 vel
3105 2944 3275 2998 tribus
3304 2943 3421 2998 ido-

1826 3038 1946 3093 neis
1976 3037 2220 3093 testibus.
2254 3036 2312 3092 Si
2342 3037 2457 3093 haec
2487 3036 2554 3092 de
2585 3037 2914 3109 presbyteris
2941 3036 3026 3091 vel
3052 3035 3260 3092 caeteris
3290 3036 3423 3091 lide-

1826 3130 1969 3186 libus
1997 3139 2124 3186 sunt
2160 3130 2544 3200 praecavenda,
2581 3138 2786 3200 quanto
2815 3129 2987 3201 magis
3014 3130 3080 3185 de
3118 3129 3422 3201 episcopis?

1828 3220 2034 3289 Quibus
2055 3222 2309 3293 cognitis,
2334 3221 2506 3292 magis
2523 3235 2621 3276 vos
2642 3221 2886 3276 damnari
2915 3219 3049 3276 velle
3071 3221 3417 3276 manifestum

1829 3320 1915 3368 est
1956 3328 2117 3381 quam
2157 3312 2441 3368 consulere
2488 3311 2787 3376 fratribus,
2825 3320 2920 3366 aut
2957 3320 3262 3367 sustentare
3289 3326 3419 3376 eos,

1831 3404 1957 3473 quia
1978 3404 2151 3458 honor
2174 3402 2326 3457 inllat
2352 3402 2681 3472 superbiam,
2700 3409 2756 3456 et
2774 3403 2917 3471 quod
2940 3403 3213 3470 provisum
3237 3410 3322 3457 est
3352 3402 3422 3456 ad

1831 3491 2173 3547 concordiam
2196 3492 2369 3546 tendit
2392 3492 2458 3546 ad
2488 3506 2706 3546 noxam.
2731 3490 2998 3546 Decuerat
3021 3505 3254 3562 namque
3267 3491 3423 3559 juxta

1833 3580 2083 3651 prcfatas
2111 3580 2344 3652 regulas,
2374 3582 2505 3636 utsi
2533 3580 2736 3651 aliquid
2775 3580 3011 3650 egissent
3039 3589 3226 3635 contra
3265 3596 3424 3635 suum

1832 3676 2078 3732 ordinem
2111 3675 2372 3730 mandare
2407 3673 2593 3738 nobis,
2638 3681 2693 3728 et
2720 3681 3040 3743 exspectare
3065 3672 3195 3741 quid
3234 3672 3302 3725 ad
3333 3678 3426 3726 ve-

1835 3775 1949 3822 stra
1995 3765 2244 3821 consulta
2285 3765 2728 3830 rescriberemus,
2762 3764 3031 3818 intantum
3071 3771 3132 3818 ut
3176 3761 3221 3818 si
3260 3762 3425 3818 etiam

1835 3857 2093 3928 qnidqnid
2108 3872 2271 3930 grave
2284 3856 2787 3925 intolerandumque
2798 3856 3220 3918 committerent,
3238 3862 3425 3909 nostra

1837 3947 2242 4018 praestolaretur
2261 3963 2512 4013 censura,
2537 3955 2598 4002 ut
2619 3947 2751 4002 nihil
2777 3947 2927 4017 prius
2947 3954 3042 4001 aut
3060 3944 3261 4016 aliquid
3282 3944 3428 4000 aliud

1839 4039 2206 4095 decerneretis
2225 4053 2388 4109 quam
2406 4039 2549 4108 quod
2571 4039 2729 4093 nobis
2752 4038 2968 4107 placere
2987 4037 3352 4109 cognoveritis
3375 4044 3432 4091 et

1839 4146 1869 4184 a
1890 4129 2091 4201 regulis
2105 4130 2420 4201 praestitutis
2451 4128 2594 4185 nulla
2615 4137 2708 4184 aut
2722 4128 3047 4200 negligentia
3064 4138 3157 4183 aut
3175 4143 3431 4199 praesum-

1838 4223 2025 4294 ptione
2055 4222 2407 4279 recederetis.
2464 4221 2654 4278 Cesset
2682 4222 2992 4293 hujusmodi
3029 4236 3215 4291 pressa
3241 4229 3430 4277 nostra

1840 4314 2162 4369 auctoritate
2173 4312 2542 4384 prazsumptio,
2562 4313 2800 4369 vitentur
2821 4310 3126 4382 hujusmodi
3143 4326 3433 4367 nocumen-

1842 4414 1920 4471 ta,
1954 4405 2078 4474 quia
2124 4419 2463 4475 nequaquam
2496 4404 2621 4459 talia
2649 4406 2921 4474 patienter
2959 4403 3105 4460 ferre
3143 4418 3430 4475 possumus

1842 4497 2303 4561 machinamenta,
2330 4496 2588 4566 quoniam
2615 4495 2872 4551 convenit
2899 4494 3056 4549 nobis
3083 4503 3432 4564 paternarum

1845 4589 2187 4645 sanctionum
2213 4587 2499 4657 diligentes
2527 4600 2649 4642 esse
2677 4586 2949 4642 custodes.
2978 4583 3174 4640 Merito
3200 4597 3435 4653 namque

1767 4676 1818 4736 D
1843 4695 2010 4736 causa
2063 4693 2161 4735 nos
2200 4678 2420 4749 respicit
2468 4679 2514 4734 si
2552 4678 2767 4733 silentio
2799 4675 3077 4733 faveamus
3105 4675 3300 4730 errori.
3333 4673 3434 4728 Est

1845 4771 2067 4842 insuper
2108 4785 2139 4826 a
2180 4770 2385 4827 sanctis
2416 4768 2908 4840 prtedecessoribus
2950 4766 3153 4822 nostris
3195 4764 3435 4834 plerum-

1845 4876 1951 4933 que
1977 4860 2090 4930 jam
2122 4869 2403 4926 statutum,
2434 4869 2493 4915 ut
2519 4876 2679 4917 nemo
2707 4860 2990 4915 anathema
3026 4858 3080 4912 in
3123 4864 3308 4911 nostra
3340 4870 3434 4909 su-

1845 4953 2109 5024 scipiatur
2135 4952 2503 5018 accusatione,
2534 4965 2635 5006 nec
2662 4951 2737 5005 illi
2770 4950 2863 5020 qui
2905 4962 3003 5003 nos
3033 4947 3088 5002 in
3120 4961 3214 5000 sua
3246 4945 3438 5002 nolunt

1845 5044 2090 5115 recipere
2134 5042 2353 5115 querela
2396 5043 2481 5097 vel
2524 5042 2909 5105 accusatione,
2956 5054 3078 5094 cum
3129 5052 3229 5093 nos
3275 5051 3439 5107 super

1843 5138 1964 5193 illos
1996 5138 2232 5193 sciamus
2264 5152 2295 5192 a
2342 5134 2569 5191 Domino
2592 5132 2934 5199 constitutos,
2976 5145 3081 5184 non
3119 5127 3240 5184 illus
3275 5143 3439 5199 super

1844 5244 1962 5284 nos.
1996 5227 2066 5284 Et
2105 5228 2248 5283 sicut
2276 5227 2450 5297 major
2492 5240 2597 5281 non
2635 5230 2812 5295 potest
2853 5237 2883 5276 a
2926 5221 3135 5276 minore
3162 5217 3395 5289 jndicari
3418 5260 3434 5286 ,

1844 5322 1918 5376 ita
1947 5334 2047 5375 nec
2067 5318 2329 5390 colligari,
2356 5318 2480 5388 quia
2511 5331 2690 5371 rarum
2721 5321 2804 5369 est
2830 5327 2991 5368 omne
3015 5311 3155 5380 quod
3184 5322 3438 5380 magnum

1843 5418 1946 5465 est.
1970 5408 2256 5465 Portemus
2275 5423 2442 5464 onera
2464 5406 2704 5463 omnium
2726 5405 2817 5474 qui
2848 5410 3160 5476 gravantur,
3195 5400 3439 5476 quinimo

1847 5502 1965 5561 haec
2001 5509 2182 5571 portat
2211 5500 2264 5554 in
2297 5499 2456 5555 nobis
2487 5498 2677 5552 beatus
2714 5474 2990 5567 apostolus
3023 5474 3250 5558 Petrus,
3285 5489 3440 5560 cujus

1845 5591 1968 5648 tice
1994 5590 2272 5664 fungimur
2299 5589 2587 5660 legatione,
2618 5596 2673 5642 et
2696 5587 2850 5656 cujus
2874 5584 3057 5656 regula
3085 5580 3442 5638 informamur

1848 5691 2117 5755 quatenus
2150 5683 2268 5754 ejus
2311 5681 2431 5736 fulti
2471 5680 2671 5737 auxilio
2714 5678 2786 5736 ab
2826 5677 3081 5736 omnibus
3114 5689 3259 5730 nunc
3295 5682 3354 5730 et
3386 5674 3440 5726 in

1848 5784 2164 5847 perpetuum
2208 5782 2457 5829 tueamur
2491 5772 2753 5828 adversis.
2787 5771 2929 5825 Data.
2954 5782 3066 5822 xvtt
3105 5763 3295 5823 Kalcn.
3326 5762 3439 5821 Au.

1824 5868 2012 5939 gusti,
2044 5865 2333 5924 Valeriano
2368 5875 2424 5924 et
2461 5866 2623 5925 Decio
2654 5863 2721 5921 IV
2744 5878 2824 5920 cc.
2859 5858 3071 5918 consul.
3188 5852 3213 5859 ’
