  <div class='ocr_page' id='page_1' title='image "/cluster/home/n/w/nwhite01/storage/ocr_20150623/130/hvd.32044015471717/123.png"; bbox 0 0 3926 6464; ppageno 0'>
   <div class='ocr_carea' id='block_1_1' title="bbox 552 382 651 435">
    <p class='ocr_par' dir='ltr' id='par_1_1' title="bbox 552 382 651 435">
     <span class='ocr_line' id='line_1_1' title="bbox 552 382 651 435; baseline -0.01 0"><span class='ocrx_word' id='word_1_1' title='bbox 552 382 651 435; x_wconf 78' lang='grc'><strong>187</strong></span> 
     </span>
    </p>
   </div>
   <div class='ocr_carea' id='block_1_2' title="bbox 1393 364 3783 443">
    <p class='ocr_par' dir='ltr' id='par_1_2' title="bbox 1393 364 3783 443">
     <span class='ocr_line' id='line_1_2' title="bbox 1393 364 3783 443; baseline 0.003 -18"><span class='ocrx_word' id='word_1_2' title='bbox 1393 368 1681 425; x_wconf 83' lang='lat' dir='ltr'><strong>APPEND.</strong></span> <span class='ocrx_word' id='word_1_3' title='bbox 1713 367 1804 443; x_wconf 84' lang='lat' dir='ltr'><strong>AD</strong></span> <span class='ocrx_word' id='word_1_4' title='bbox 1846 367 2017 424; x_wconf 62' lang='lat' dir='ltr'><strong>SEC.</strong></span> <span class='ocrx_word' id='word_1_5' title='bbox 2047 366 2138 422; x_wconf 84' lang='lat' dir='ltr'><strong>IX.</strong></span> <span class='ocrx_word' id='word_1_6' title='bbox 2173 398 2242 408; x_wconf 88' lang='lat'><strong>-——</strong></span> <span class='ocrx_word' id='word_1_7' title='bbox 2278 364 2527 424; x_wconf 76' lang='lat' dir='ltr'><strong>lSlDORl</strong></span> <span class='ocrx_word' id='word_1_8' title='bbox 2565 364 3005 424; x_wconf 76' lang='lat' dir='ltr'><strong>MERCATORIS</strong></span> <span class='ocrx_word' id='word_1_9' title='bbox 3698 377 3783 432; x_wconf 77' lang='lat' dir='ltr'><strong>lSS</strong></span> 
     </span>
    </p>
   </div>
   <div class='ocr_carea' id='block_1_3' title="bbox 549 503 3768 538">
    <p class='ocr_par' dir='ltr' id='par_1_3' title="bbox 549 503 3768 538">
     <span class='ocr_line' id='line_1_3' title="bbox 549 503 3768 538; baseline -0 -5"><span class='ocrx_word' id='word_1_10' title='bbox 549 503 3768 538; x_wconf 52' lang='lat' dir='ltr'><strong>Mm</strong></span> 
     </span>
    </p>
   </div>
   <div class='ocr_carea' id='block_1_4' title="bbox 1013 603 3328 705">
    <p class='ocr_par' dir='ltr' id='par_1_4' title="bbox 1013 603 3328 705">
     <span class='ocr_line' id='line_1_4' title="bbox 1013 603 3328 705; baseline -0.004 0"><span class='ocrx_word' id='word_1_11' title='bbox 1013 610 1648 705; x_wconf 88' lang='lat' dir='ltr'><strong>INCIPIUNT</strong></span> <span class='ocrx_word' id='word_1_12' title='bbox 1720 606 2254 698; x_wconf 84' lang='lat' dir='ltr'><strong>DECRETA</strong></span> <span class='ocrx_word' id='word_1_13' title='bbox 2324 603 2873 698; x_wconf 88' lang='lat' dir='ltr'><strong>DIONYSII</strong></span> <span class='ocrx_word' id='word_1_14' title='bbox 2951 608 3328 697; x_wconf 63' lang='lat' dir='ltr'><strong>PAPIE.</strong></span> 
     </span>
    </p>
   </div>
   <div class='ocr_carea' id='block_1_5' title="bbox 620 1027 1980 1106">
    <p class='ocr_par' dir='ltr' id='par_1_5' title="bbox 620 1027 1980 1106">
     <span class='ocr_line' id='line_1_5' title="bbox 620 1027 1980 1106; baseline -0.013 -8"><span class='ocrx_word' id='word_1_15' title='bbox 620 1044 904 1098; x_wconf 71' lang='lat' dir='ltr'><strong>DlONYSlUS</strong></span> <span class='ocrx_word' id='word_1_16' title='bbox 930 1032 1197 1106; x_wconf 83' lang='lat' dir='ltr'><strong>episcopis</strong></span> <span class='ocrx_word' id='word_1_17' title='bbox 1220 1031 1442 1088; x_wconf 56' lang='grc' dir='ltr'><strong>ΠηλιΝο</strong></span> <span class='ocrx_word' id='word_1_18' title='bbox 1459 1027 1713 1101; x_wconf 84' lang='lat' dir='ltr'><strong>prafecto</strong></span> <span class='ocrx_word' id='word_1_19' title='bbox 1733 1027 1980 1083; x_wconf 76' lang='lat' dir='ltr'><strong>salutem.</strong></span> 
     </span>
    </p>
   </div>
   <div class='ocr_carea' id='block_1_6' title="bbox 618 1120 2131 1187">
    <p class='ocr_par' dir='ltr' id='par_1_6' title="bbox 618 1120 2131 1187">
     <span class='ocr_line' id='line_1_6' title="bbox 618 1120 2131 1187; baseline -0.011 0"><span class='ocrx_word' id='word_1_20' title='bbox 618 1134 899 1187; x_wconf 87' lang='lat' dir='ltr'><strong>Summum</strong></span> <span class='ocrx_word' id='word_1_21' title='bbox 916 1129 1114 1183; x_wconf 89' lang='lat' dir='ltr'><strong>bonum</strong></span> <span class='ocrx_word' id='word_1_22' title='bbox 1135 1134 1218 1180; x_wconf 87' lang='lat' dir='ltr'><strong>est</strong></span> <span class='ocrx_word' id='word_1_23' title='bbox 1232 1138 1415 1179; x_wconf 89' lang='lat' dir='ltr'><strong>amare</strong></span> <span class='ocrx_word' id='word_1_24' title='bbox 1436 1130 1681 1177; x_wconf 75' lang='lat' dir='ltr'><strong>amantes</strong></span> <span class='ocrx_word' id='word_1_25' title='bbox 1701 1136 1782 1176; x_wconf 92' lang='lat' dir='ltr'><strong>se.</strong></span> <span class='ocrx_word' id='word_1_26' title='bbox 1804 1120 1873 1174; x_wconf 85' lang='lat' dir='ltr'><strong>Et</strong></span> <span class='ocrx_word' id='word_1_27' title='bbox 1892 1125 2131 1183; x_wconf 90' lang='lat' dir='ltr'><strong>econtra,</strong></span> 
     </span>
    </p>
   </div>
   <div class='ocr_carea' id='block_1_7' title="bbox 546 1211 2133 1294">
    <p class='ocr_par' dir='ltr' id='par_1_7' title="bbox 546 1211 2133 1294">
     <span class='ocr_line' id='line_1_7' title="bbox 546 1211 2133 1294; baseline -0.009 -17"><span class='ocrx_word' id='word_1_28' title='bbox 546 1222 701 1294; x_wconf 83' lang='lat' dir='ltr'><strong>pejus</strong></span> <span class='ocrx_word' id='word_1_29' title='bbox 729 1220 930 1276; x_wconf 90' lang='lat' dir='ltr'><strong>malum</strong></span> <span class='ocrx_word' id='word_1_30' title='bbox 960 1232 1068 1273; x_wconf 91' lang='lat' dir='ltr'><strong>non</strong></span> <span class='ocrx_word' id='word_1_31' title='bbox 1090 1222 1354 1284; x_wconf 81' lang='lat' dir='ltr'><strong>estquam</strong></span> <span class='ocrx_word' id='word_1_32' title='bbox 1378 1222 1435 1267; x_wconf 85' lang='grc' dir='ltr'><strong>ιιι</strong></span> <span class='ocrx_word' id='word_1_33' title='bbox 1455 1213 1600 1268; x_wconf 86' lang='lat' dir='ltr'><strong>cives</strong></span> <span class='ocrx_word' id='word_1_34' title='bbox 1616 1211 2133 1267; x_wconf 75' lang='lat' dir='ltr'><strong>civibusinvideant.</strong></span> 
     </span>
    </p>
   </div>
   <div class='ocr_carea' id='block_1_8' title="bbox 547 1297 2137 1377">
    <p class='ocr_par' dir='ltr' id='par_1_8' title="bbox 547 1297 2137 1377">
     <span class='ocr_line' id='line_1_8' title="bbox 547 1297 2137 1377; baseline -0.011 -10"><span class='ocrx_word' id='word_1_35' title='bbox 547 1310 765 1367; x_wconf 78' lang='lat' dir='ltr'><strong>Gratias</strong></span> <span class='ocrx_word' id='word_1_36' title='bbox 802 1306 1068 1377; x_wconf 80' lang='lat' dir='ltr'><strong>siquidem</strong></span> <span class='ocrx_word' id='word_1_37' title='bbox 1110 1303 1321 1374; x_wconf 81' lang='lat' dir='ltr'><strong>agimus</strong></span> <span class='ocrx_word' id='word_1_38' title='bbox 1363 1309 1466 1356; x_wconf 84' lang='lat' dir='ltr'><strong>tua</strong></span> <span class='ocrx_word' id='word_1_39' title='bbox 1506 1300 1758 1355; x_wconf 88' lang='lat' dir='ltr'><strong>charitati</strong></span> <span class='ocrx_word' id='word_1_40' title='bbox 1786 1299 1926 1368; x_wconf 85' lang='lat' dir='ltr'><strong>quod</strong></span> <span class='ocrx_word' id='word_1_41' title='bbox 1954 1297 2137 1352; x_wconf 87' lang='lat' dir='ltr'><strong>ﬁdeles</strong></span> 
     </span>
    </p>
   </div>
   <div class='ocr_carea' id='block_1_9' title="bbox 548 1389 2136 1462">
    <p class='ocr_par' dir='ltr' id='par_1_9' title="bbox 548 1389 2136 1462">
     <span class='ocr_line' id='line_1_9' title="bbox 548 1389 2136 1462; baseline -0.009 -7"><span class='ocrx_word' id='word_1_42' title='bbox 548 1398 721 1455; x_wconf 90' lang='lat' dir='ltr'><strong>sancti</strong></span> <span class='ocrx_word' id='word_1_43' title='bbox 761 1397 905 1451; x_wconf 88' lang='lat' dir='ltr'><strong>Petri</strong></span> <span class='ocrx_word' id='word_1_44' title='bbox 948 1396 1086 1449; x_wconf 84' lang='lat' dir='ltr'><strong>bene</strong></span> <span class='ocrx_word' id='word_1_45' title='bbox 1114 1392 1344 1462; x_wconf 85' lang='lat' dir='ltr'><strong>suscipis</strong></span> <span class='ocrx_word' id='word_1_46' title='bbox 1368 1398 1425 1446; x_wconf 92' lang='lat' dir='ltr'><strong>et</strong></span> <span class='ocrx_word' id='word_1_47' title='bbox 1461 1390 1705 1460; x_wconf 84' lang='lat' dir='ltr'><strong>adjuvas,</strong></span> <span class='ocrx_word' id='word_1_48' title='bbox 1749 1389 1891 1442; x_wconf 88' lang='lat' dir='ltr'><strong>unde</strong></span> <span class='ocrx_word' id='word_1_49' title='bbox 1918 1389 2059 1443; x_wconf 82' lang='lat' dir='ltr'><strong>scias</strong></span> <span class='ocrx_word' id='word_1_50' title='bbox 2087 1396 2136 1442; x_wconf 91' lang='lat' dir='ltr'><strong>te</strong></span> 
     </span>
    </p>
   </div>
   <div class='ocr_carea' id='block_1_10' title="bbox 549 1482 2133 1555">
    <p class='ocr_par' dir='ltr' id='par_1_10' title="bbox 549 1482 2133 1555">
     <span class='ocr_line' id='line_1_10' title="bbox 549 1482 2133 1555; baseline -0.008 -11"><span class='ocrx_word' id='word_1_51' title='bbox 549 1498 605 1543; x_wconf 93' lang='lat' dir='ltr'><strong>et</strong></span> <span class='ocrx_word' id='word_1_52' title='bbox 632 1504 664 1542; x_wconf 89' lang='lat' dir='ltr'><strong>a</strong></span> <span class='ocrx_word' id='word_1_53' title='bbox 703 1487 858 1543; x_wconf 87' lang='lat' dir='ltr'><strong>nobis</strong></span> <span class='ocrx_word' id='word_1_54' title='bbox 882 1484 1194 1555; x_wconf 83' lang='lat' dir='ltr'><strong>nostrisque</strong></span> <span class='ocrx_word' id='word_1_55' title='bbox 1238 1483 1408 1553; x_wconf 87' lang='lat' dir='ltr'><strong>diligi,</strong></span> <span class='ocrx_word' id='word_1_56' title='bbox 1445 1490 1501 1537; x_wconf 91' lang='lat' dir='ltr'><strong>et</strong></span> <span class='ocrx_word' id='word_1_57' title='bbox 1550 1482 1624 1536; x_wconf 91' lang='lat' dir='ltr'><strong>tui</strong></span> <span class='ocrx_word' id='word_1_58' title='bbox 1658 1489 1979 1550; x_wconf 85' lang='lat' dir='ltr'><strong>tuorumque</strong></span> <span class='ocrx_word' id='word_1_59' title='bbox 2027 1494 2133 1533; x_wconf 92' lang='lat' dir='ltr'><strong>non</strong></span> 
     </span>
    </p>
   </div>
   <div class='ocr_carea' id='block_1_11' title="bbox 547 1572 2138 1642">
    <p class='ocr_par' dir='ltr' id='par_1_11' title="bbox 547 1572 2138 1642">
     <span class='ocr_line' id='line_1_11' title="bbox 547 1572 2138 1642; baseline -0.007 -8"><span class='ocrx_word' id='word_1_60' title='bbox 547 1579 821 1634; x_wconf 90' lang='lat' dir='ltr'><strong>modicum</strong></span> <span class='ocrx_word' id='word_1_61' title='bbox 847 1592 1036 1632; x_wconf 83' lang='lat' dir='ltr'><strong>curam</strong></span> <span class='ocrx_word' id='word_1_62' title='bbox 1063 1576 1286 1630; x_wconf 83' lang='lat' dir='ltr'><strong>habere.</strong></span> <span class='ocrx_word' id='word_1_63' title='bbox 1316 1573 1656 1642; x_wconf 80' lang='lat' dir='ltr'><strong>Quapropter</strong></span> <span class='ocrx_word' id='word_1_64' title='bbox 1684 1581 1829 1626; x_wconf 90' lang='lat' dir='ltr'><strong>tuam</strong></span> <span class='ocrx_word' id='word_1_65' title='bbox 1855 1572 2138 1625; x_wconf 81' lang='lat' dir='ltr'><strong>hortamur</strong></span> 
     </span>
    </p>
   </div>
   <div class='ocr_carea' id='block_1_12' title="bbox 550 1660 2135 1733">
    <p class='ocr_par' dir='ltr' id='par_1_12' title="bbox 550 1660 2135 1733">
     <span class='ocr_line' id='line_1_12' title="bbox 550 1660 2135 1733; baseline -0.005 -10"><span class='ocrx_word' id='word_1_66' title='bbox 550 1668 912 1731; x_wconf 84' lang='lat' dir='ltr'><strong>dilectionem,</strong></span> <span class='ocrx_word' id='word_1_67' title='bbox 943 1673 1005 1719; x_wconf 89' lang='lat' dir='ltr'><strong>ut</strong></span> <span class='ocrx_word' id='word_1_68' title='bbox 1039 1665 1235 1720; x_wconf 86' lang='lat' dir='ltr'><strong>bonum</strong></span> <span class='ocrx_word' id='word_1_69' title='bbox 1267 1663 1411 1733; x_wconf 87' lang='lat' dir='ltr'><strong>quod</strong></span> <span class='ocrx_word' id='word_1_70' title='bbox 1436 1662 1648 1732; x_wconf 74' lang='lat' dir='ltr'><strong>capisti</strong></span> <span class='ocrx_word' id='word_1_71' title='bbox 1675 1674 1889 1732; x_wconf 85' lang='lat' dir='ltr'><strong>semper</strong></span> <span class='ocrx_word' id='word_1_72' title='bbox 1912 1660 2135 1730; x_wconf 87' lang='lat' dir='ltr'><strong>implere</strong></span> 
     </span>
    </p>
   </div>
   <div class='ocr_carea' id='block_1_13' title="bbox 549 1749 2134 1827">
    <p class='ocr_par' dir='ltr' id='par_1_13' title="bbox 549 1749 2134 1827">
     <span class='ocr_line' id='line_1_13' title="bbox 549 1749 2134 1827; baseline -0.008 -13"><span class='ocrx_word' id='word_1_73' title='bbox 549 1757 924 1827; x_wconf 20' lang='lat' dir='ltr'><strong>nonidill‘eras,</strong></span> <span class='ocrx_word' id='word_1_74' title='bbox 956 1755 1083 1825; x_wconf 83' lang='lat' dir='ltr'><strong>quia</strong></span> <span class='ocrx_word' id='word_1_75' title='bbox 1126 1769 1231 1809; x_wconf 92' lang='lat' dir='ltr'><strong>non</strong></span> <span class='ocrx_word' id='word_1_76' title='bbox 1272 1754 1523 1808; x_wconf 84' lang='lat' dir='ltr'><strong>laudatur</strong></span> <span class='ocrx_word' id='word_1_77' title='bbox 1550 1751 1762 1807; x_wconf 87' lang='lat' dir='ltr'><strong>initium</strong></span> <span class='ocrx_word' id='word_1_78' title='bbox 1790 1791 1805 1815; x_wconf 93' lang='lat'><strong>,</strong></span> <span class='ocrx_word' id='word_1_79' title='bbox 1850 1751 1948 1806; x_wconf 90' lang='lat' dir='ltr'><strong>sed</strong></span> <span class='ocrx_word' id='word_1_80' title='bbox 1992 1749 2134 1804; x_wconf 81' lang='lat' dir='ltr'><strong>linis.</strong></span> 
     </span>
    </p>
   </div>
   <div class='ocr_carea' id='block_1_14' title="bbox 550 1840 2133 1920">
    <p class='ocr_par' dir='ltr' id='par_1_14' title="bbox 550 1840 2133 1920">
     <span class='ocr_line' id='line_1_14' title="bbox 550 1840 2133 1920; baseline -0.008 -14"><span class='ocrx_word' id='word_1_81' title='bbox 550 1849 881 1920; x_wconf 87' lang='lat' dir='ltr'><strong>Sapientiam</strong></span> <span class='ocrx_word' id='word_1_82' title='bbox 922 1847 1089 1901; x_wconf 89' lang='lat' dir='ltr'><strong>etiam</strong></span> <span class='ocrx_word' id='word_1_83' title='bbox 1118 1854 1170 1901; x_wconf 92' lang='lat' dir='ltr'><strong>te</strong></span> <span class='ocrx_word' id='word_1_84' title='bbox 1198 1845 1484 1901; x_wconf 86' lang='lat' dir='ltr'><strong>hortamur</strong></span> <span class='ocrx_word' id='word_1_85' title='bbox 1513 1842 1772 1915; x_wconf 77' lang='lat' dir='ltr'><strong>diligere,</strong></span> <span class='ocrx_word' id='word_1_86' title='bbox 1800 1849 1855 1897; x_wconf 92' lang='lat' dir='ltr'><strong>et</strong></span> <span class='ocrx_word' id='word_1_87' title='bbox 1880 1840 2133 1904; x_wconf 88' lang='lat' dir='ltr'><strong>scrutari,</strong></span> 
     </span>
    </p>
   </div>
   <div class='ocr_carea' id='block_1_15' title="bbox 547 1932 2132 2007">
    <p class='ocr_par' dir='ltr' id='par_1_15' title="bbox 547 1932 2132 2007">
     <span class='ocr_line' id='line_1_15' title="bbox 547 1932 2132 2007; baseline -0.007 -12"><span class='ocrx_word' id='word_1_88' title='bbox 547 1950 610 1995; x_wconf 90' lang='lat' dir='ltr'><strong>ut</strong></span> <span class='ocrx_word' id='word_1_89' title='bbox 637 1937 1029 1995; x_wconf 85' lang='lat' dir='ltr'><strong>rationabiliter</strong></span> <span class='ocrx_word' id='word_1_90' title='bbox 1067 1945 1123 1991; x_wconf 92' lang='lat' dir='ltr'><strong>et</strong></span> <span class='ocrx_word' id='word_1_91' title='bbox 1150 1936 1426 2007; x_wconf 78' lang='lat' dir='ltr'><strong>sapienter</strong></span> <span class='ocrx_word' id='word_1_92' title='bbox 1452 1934 1707 2003; x_wconf 86' lang='lat' dir='ltr'><strong>disponas</strong></span> <span class='ocrx_word' id='word_1_93' title='bbox 1752 1940 1806 1987; x_wconf 89' lang='lat' dir='ltr'><strong>et</strong></span> <span class='ocrx_word' id='word_1_94' title='bbox 1827 1932 2036 2002; x_wconf 88' lang='lat' dir='ltr'><strong>judices</strong></span> <span class='ocrx_word' id='word_1_95' title='bbox 2070 1945 2132 1986; x_wconf 88' lang='lat' dir='ltr'><strong>ea</strong></span> 
     </span>
    </p>
   </div>
   <div class='ocr_carea' id='block_1_16' title="bbox 547 2021 2137 2103">
    <p class='ocr_par' dir='ltr' id='par_1_16' title="bbox 547 2021 2137 2103">
     <span class='ocr_line' id='line_1_16' title="bbox 547 2021 2137 2103; baseline -0.008 -16"><span class='ocrx_word' id='word_1_96' title='bbox 547 2046 669 2101; x_wconf 74' lang='lat' dir='ltr'><strong>qua</strong></span> <span class='ocrx_word' id='word_1_97' title='bbox 692 2029 787 2086; x_wconf 86' lang='lat' dir='ltr'><strong>tibi</strong></span> <span class='ocrx_word' id='word_1_98' title='bbox 812 2028 1104 2086; x_wconf 88' lang='lat' dir='ltr'><strong>commissa</strong></span> <span class='ocrx_word' id='word_1_99' title='bbox 1126 2035 1273 2093; x_wconf 89' lang='lat' dir='ltr'><strong>sunt,</strong></span> <span class='ocrx_word' id='word_1_100' title='bbox 1300 2026 1516 2103; x_wconf 80' lang='lat' dir='ltr'><strong>dicente</strong></span> <span class='ocrx_word' id='word_1_101' title='bbox 1538 2023 1766 2085; x_wconf 86' lang='lat' dir='ltr'><strong>Domino</strong></span> <span class='ocrx_word' id='word_1_102' title='bbox 1782 2038 1884 2093; x_wconf 89' lang='lat' dir='ltr'><strong>per</strong></span> <span class='ocrx_word' id='word_1_103' title='bbox 1905 2021 2137 2092; x_wconf 89' lang='lat' dir='ltr'><strong>prophe-</strong></span> 
     </span>
    </p>
   </div>
   <div class='ocr_carea' id='block_1_17' title="bbox 560 2113 2130 2188">
    <p class='ocr_par' dir='ltr' id='par_1_17' title="bbox 560 2113 2130 2188">
     <span class='ocr_line' id='line_1_17' title="bbox 560 2113 2130 2188; baseline -0.008 -11"><span class='ocrx_word' id='word_1_104' title='bbox 560 2132 692 2183; x_wconf 82' lang='lat' dir='ltr'><strong>tam.</strong></span> <span class='ocrx_word' id='word_1_105' title='bbox 723 2140 742 2173; x_wconf 74' lang='grc' dir='ltr'>ι</span> <span class='ocrx_word' id='word_1_106' title='bbox 763 2118 1064 2176; x_wconf 84' lang='lat' dir='ltr'><strong>Erudimini</strong></span> <span class='ocrx_word' id='word_1_107' title='bbox 1086 2118 1177 2187; x_wconf 87' lang='lat' dir='ltr'><strong>qui</strong></span> <span class='ocrx_word' id='word_1_108' title='bbox 1196 2118 1450 2188; x_wconf 90' lang='lat' dir='ltr'><strong>judicatis</strong></span> <span class='ocrx_word' id='word_1_109' title='bbox 1483 2125 1680 2171; x_wconf 89' lang='lat' dir='ltr'><strong>terram</strong></span> <span class='ocrx_word' id='word_1_110' title='bbox 1706 2113 1877 2188; x_wconf 75' lang='lat' dir='ltr'><strong>(Psal.</strong></span> <span class='ocrx_word' id='word_1_111' title='bbox 1903 2131 1967 2179; x_wconf 84' lang='grc' dir='ltr'><strong>ιι,</strong></span> <span class='ocrx_word' id='word_1_112' title='bbox 1988 2114 2130 2184; x_wconf 69' lang='grc'><strong>10).»</strong></span> 
     </span>
    </p>
   </div>
   <div class='ocr_carea' id='block_1_18' title="bbox 547 2190 2136 2278">
    <p class='ocr_par' dir='ltr' id='par_1_18' title="bbox 547 2190 2136 2278">
     <span class='ocr_line' id='line_1_18' title="bbox 547 2190 2136 2278; baseline -0.003 -14"><span class='ocrx_word' id='word_1_113' title='bbox 547 2209 703 2265; x_wconf 84' lang='lat' dir='ltr'><strong>Time</strong></span> <span class='ocrx_word' id='word_1_114' title='bbox 746 2224 874 2278; x_wconf 76' lang='lat' dir='ltr'><strong>ergo</strong></span> <span class='ocrx_word' id='word_1_115' title='bbox 932 2190 1101 2262; x_wconf 85' lang='lat' dir='ltr'><strong>Deum</strong></span> <span class='ocrx_word' id='word_1_116' title='bbox 1128 2217 1186 2261; x_wconf 90' lang='lat' dir='ltr'><strong>et</strong></span> <span class='ocrx_word' id='word_1_117' title='bbox 1214 2206 1466 2261; x_wconf 90' lang='lat' dir='ltr'><strong>mandata</strong></span> <span class='ocrx_word' id='word_1_118' title='bbox 1495 2205 1611 2276; x_wconf 88' lang='lat' dir='ltr'><strong>ejus</strong></span> <span class='ocrx_word' id='word_1_119' title='bbox 1662 2219 1819 2273; x_wconf 83' lang='lat' dir='ltr'><strong>serva</strong></span> <span class='ocrx_word' id='word_1_120' title='bbox 1843 2247 1861 2273; x_wconf 85' lang='lat'><strong>,</strong></span> <span class='ocrx_word' id='word_1_121' title='bbox 1894 2212 1949 2259; x_wconf 91' lang='lat' dir='ltr'><strong>et</strong></span> <span class='ocrx_word' id='word_1_122' title='bbox 1977 2203 2136 2274; x_wconf 78' lang='lat' dir='ltr'><strong>dilige</strong></span> 
     </span>
    </p>
   </div>
   <div class='ocr_carea' id='block_1_19' title="bbox 548 2294 2138 2365">
    <p class='ocr_par' dir='ltr' id='par_1_19' title="bbox 548 2294 2138 2365">
     <span class='ocr_line' id='line_1_19' title="bbox 548 2294 2138 2365; baseline -0.005 -10"><span class='ocrx_word' id='word_1_123' title='bbox 548 2314 672 2355; x_wconf 89' lang='lat' dir='ltr'><strong>eum</strong></span> <span class='ocrx_word' id='word_1_124' title='bbox 717 2299 847 2354; x_wconf 87' lang='lat' dir='ltr'><strong>totis</strong></span> <span class='ocrx_word' id='word_1_125' title='bbox 875 2297 1190 2363; x_wconf 83' lang='lat' dir='ltr'><strong>visceribus,</strong></span> <span class='ocrx_word' id='word_1_126' title='bbox 1237 2305 1292 2352; x_wconf 88' lang='lat' dir='ltr'><strong>et</strong></span> <span class='ocrx_word' id='word_1_127' title='bbox 1321 2296 1627 2365; x_wconf 84' lang='lat' dir='ltr'><strong>proximum</strong></span> <span class='ocrx_word' id='word_1_128' title='bbox 1676 2302 1828 2349; x_wconf 90' lang='lat' dir='ltr'><strong>tuum</strong></span> <span class='ocrx_word' id='word_1_129' title='bbox 1875 2294 2017 2350; x_wconf 87' lang='lat' dir='ltr'><strong>sicut</strong></span> <span class='ocrx_word' id='word_1_130' title='bbox 2060 2302 2138 2347; x_wconf 77' lang='lat' dir='ltr'><strong>te-</strong></span> 
     </span>
    </p>
   </div>
   <div class='ocr_carea' id='block_1_20' title="bbox 1364 775 3014 849">
    <p class='ocr_par' dir='ltr' id='par_1_20' title="bbox 1364 775 3014 849">
     <span class='ocr_line' id='line_1_20' title="bbox 1364 775 3014 849; baseline 0 -16"><span class='ocrx_word' id='word_1_131' title='bbox 1364 780 1542 849; x_wconf 78' lang='lat' dir='ltr'><strong>(Anno</strong></span> <span class='ocrx_word' id='word_1_132' title='bbox 1569 777 1782 835; x_wconf 88' lang='lat' dir='ltr'><strong>Domini</strong></span> <span class='ocrx_word' id='word_1_133' title='bbox 1819 777 1949 843; x_wconf 75' lang='lat'><strong>266,</strong></span> <span class='ocrx_word' id='word_1_134' title='bbox 1977 787 2220 847; x_wconf 83' lang='lat' dir='ltr'><strong>tempore</strong></span> <span class='ocrx_word' id='word_1_135' title='bbox 2239 776 2469 842; x_wconf 79' lang='lat' dir='ltr'><strong>Claudii,</strong></span> <span class='ocrx_word' id='word_1_136' title='bbox 2495 785 2574 831; x_wconf 76' lang='lat' dir='ltr'><strong>ut.</strong></span> <span class='ocrx_word' id='word_1_137' title='bbox 2595 775 2727 830; x_wconf 87' lang='lat' dir='ltr'><strong>dicit</strong></span> <span class='ocrx_word' id='word_1_138' title='bbox 2755 775 3014 849; x_wconf 86' lang='lat' dir='ltr'><strong>Platina.)</strong></span> 
     </span>
    </p>
   </div>
   <div class='ocr_carea' id='block_1_21' title="bbox 2154 1023 3796 1095">
    <p class='ocr_par' dir='ltr' id='par_1_21' title="bbox 2154 1023 3796 1095">
     <span class='ocr_line' id='line_1_21' title="bbox 2154 1023 3796 1095; baseline 0.004 -16"><span class='ocrx_word' id='word_1_139' title='bbox 2154 1034 2199 1092; x_wconf 81' lang='grc' dir='ltr'><strong>Λ</strong></span> <span class='ocrx_word' id='word_1_140' title='bbox 2228 1024 2305 1080; x_wconf 91' lang='lat' dir='ltr'><strong>ris</strong></span> <span class='ocrx_word' id='word_1_141' title='bbox 2338 1024 2614 1095; x_wconf 91' lang='lat' dir='ltr'><strong>sapientia</strong></span> <span class='ocrx_word' id='word_1_142' title='bbox 2666 1023 2986 1094; x_wconf 86' lang='lat' dir='ltr'><strong>significatio</strong></span> <span class='ocrx_word' id='word_1_143' title='bbox 3023 1023 3358 1094; x_wconf 88' lang='lat' dir='ltr'><strong>disciplina,</strong></span> <span class='ocrx_word' id='word_1_144' title='bbox 3387 1032 3687 1088; x_wconf 80' lang='lat' dir='ltr'><strong>exsecratio</strong></span> <span class='ocrx_word' id='word_1_145' title='bbox 3720 1051 3796 1091; x_wconf 78' lang='lat' dir='ltr'><strong>au-</strong></span> 
     </span>
    </p>
   </div>
   <div class='ocr_carea' id='block_1_22' title="bbox 2240 1113 3796 1192">
    <p class='ocr_par' dir='ltr' id='par_1_22' title="bbox 2240 1113 3796 1192">
     <span class='ocr_line' id='line_1_22' title="bbox 2240 1113 3796 1192; baseline 0 -23"><span class='ocrx_word' id='word_1_146' title='bbox 2240 1124 2345 1172; x_wconf 90' lang='lat' dir='ltr'><strong>tem</strong></span> <span class='ocrx_word' id='word_1_147' title='bbox 2366 1114 2636 1185; x_wconf 89' lang='lat' dir='ltr'><strong>peccatori</strong></span> <span class='ocrx_word' id='word_1_148' title='bbox 2665 1116 2874 1168; x_wconf 87' lang='lat' dir='ltr'><strong>cultura</strong></span> <span class='ocrx_word' id='word_1_149' title='bbox 2905 1114 3021 1170; x_wconf 89' lang='lat' dir='ltr'><strong>Dei.</strong></span> <span class='ocrx_word' id='word_1_150' title='bbox 3042 1113 3164 1180; x_wconf 86' lang='lat' dir='ltr'><strong>Fili,</strong></span> <span class='ocrx_word' id='word_1_151' title='bbox 3184 1116 3587 1186; x_wconf 83' lang='lat' dir='ltr'><strong>concupiscens</strong></span> <span class='ocrx_word' id='word_1_152' title='bbox 3610 1125 3796 1192; x_wconf 82' lang='lat' dir='ltr'><strong>sapien.</strong></span> 
     </span>
    </p>
   </div>
   <div class='ocr_carea' id='block_1_23' title="bbox 2239 1206 3795 1277">
    <p class='ocr_par' dir='ltr' id='par_1_23' title="bbox 2239 1206 3795 1277">
     <span class='ocr_line' id='line_1_23' title="bbox 2239 1206 3795 1277; baseline 0.005 -16"><span class='ocrx_word' id='word_1_153' title='bbox 2239 1207 2409 1270; x_wconf 89' lang='lat' dir='ltr'><strong>tiam,</strong></span> <span class='ocrx_word' id='word_1_154' title='bbox 2447 1221 2702 1261; x_wconf 88' lang='lat' dir='ltr'><strong>conserva</strong></span> <span class='ocrx_word' id='word_1_155' title='bbox 2740 1206 3004 1276; x_wconf 86' lang='lat' dir='ltr'><strong>justitiam</strong></span> <span class='ocrx_word' id='word_1_156' title='bbox 3030 1246 3047 1272; x_wconf 96' lang='lat'><strong>,</strong></span> <span class='ocrx_word' id='word_1_157' title='bbox 3092 1215 3148 1261; x_wconf 84' lang='lat' dir='ltr'><strong>et</strong></span> <span class='ocrx_word' id='word_1_158' title='bbox 3196 1207 3344 1262; x_wconf 90' lang='lat' dir='ltr'><strong>Deus</strong></span> <span class='ocrx_word' id='word_1_159' title='bbox 3377 1208 3638 1277; x_wconf 77' lang='lat' dir='ltr'><strong>prabebit</strong></span> <span class='ocrx_word' id='word_1_160' title='bbox 3678 1214 3795 1269; x_wconf 87' lang='lat' dir='ltr'><strong>illam</strong></span> 
     </span>
    </p>
   </div>
   <div class='ocr_carea' id='block_1_24' title="bbox 2237 1295 3799 1367">
    <p class='ocr_par' dir='ltr' id='par_1_24' title="bbox 2237 1295 3799 1367">
     <span class='ocr_line' id='line_1_24' title="bbox 2237 1295 3799 1367; baseline 0.004 -14"><span class='ocrx_word' id='word_1_161' title='bbox 2237 1298 2350 1353; x_wconf 89' lang='lat' dir='ltr'><strong>tibi.</strong></span> <span class='ocrx_word' id='word_1_162' title='bbox 2387 1296 2661 1367; x_wconf 88' lang='lat' dir='ltr'><strong>Sapientia</strong></span> <span class='ocrx_word' id='word_1_163' title='bbox 2691 1296 2832 1351; x_wconf 90' lang='lat' dir='ltr'><strong>enim</strong></span> <span class='ocrx_word' id='word_1_164' title='bbox 2878 1304 2932 1351; x_wconf 92' lang='lat' dir='ltr'><strong>et</strong></span> <span class='ocrx_word' id='word_1_165' title='bbox 2959 1295 3244 1366; x_wconf 87' lang='lat' dir='ltr'><strong>disciplina</strong></span> <span class='ocrx_word' id='word_1_166' title='bbox 3290 1298 3456 1353; x_wconf 89' lang='lat' dir='ltr'><strong>timor</strong></span> <span class='ocrx_word' id='word_1_167' title='bbox 3504 1301 3720 1357; x_wconf 87' lang='lat' dir='ltr'><strong>Domini.</strong></span> <span class='ocrx_word' id='word_1_168' title='bbox 3745 1305 3799 1359; x_wconf 84' lang='lat' dir='ltr'><strong>Et</strong></span> 
     </span>
    </p>
   </div>
   <div class='ocr_carea' id='block_1_25' title="bbox 2235 1386 3800 1459">
    <p class='ocr_par' dir='ltr' id='par_1_25' title="bbox 2235 1386 3800 1459">
     <span class='ocr_line' id='line_1_25' title="bbox 2235 1386 3800 1459; baseline 0.004 -18"><span class='ocrx_word' id='word_1_169' title='bbox 2235 1389 2376 1459; x_wconf 91' lang='lat' dir='ltr'><strong>quod</strong></span> <span class='ocrx_word' id='word_1_170' title='bbox 2418 1387 2816 1458; x_wconf 88' lang='lat' dir='ltr'><strong>beneplacitum</strong></span> <span class='ocrx_word' id='word_1_171' title='bbox 2842 1392 2926 1441; x_wconf 92' lang='lat' dir='ltr'><strong>est</strong></span> <span class='ocrx_word' id='word_1_172' title='bbox 2951 1386 3045 1453; x_wconf 88' lang='lat' dir='ltr'><strong>illi,</strong></span> <span class='ocrx_word' id='word_1_173' title='bbox 3096 1388 3229 1443; x_wconf 86' lang='lat' dir='ltr'><strong>fides</strong></span> <span class='ocrx_word' id='word_1_174' title='bbox 3256 1396 3316 1443; x_wconf 91' lang='lat' dir='ltr'><strong>et</strong></span> <span class='ocrx_word' id='word_1_175' title='bbox 3353 1392 3720 1459; x_wconf 85' lang='lat' dir='ltr'><strong>mansuetudo,</strong></span> <span class='ocrx_word' id='word_1_176' title='bbox 3755 1403 3800 1449; x_wconf 88' lang='lat' dir='ltr'><strong>et</strong></span> 
     </span>
    </p>
   </div>
   <div class='ocr_carea' id='block_1_26' title="bbox 2237 1475 3798 1547">
    <p class='ocr_par' dir='ltr' id='par_1_26' title="bbox 2237 1475 3798 1547">
     <span class='ocr_line' id='line_1_26' title="bbox 2237 1475 3798 1547; baseline 0.003 -15"><span class='ocrx_word' id='word_1_177' title='bbox 2237 1477 2551 1547; x_wconf 87' lang='lat' dir='ltr'><strong>adimplebit</strong></span> <span class='ocrx_word' id='word_1_178' title='bbox 2580 1477 2863 1531; x_wconf 84' lang='lat' dir='ltr'><strong>thesauros</strong></span> <span class='ocrx_word' id='word_1_179' title='bbox 2893 1475 3027 1544; x_wconf 87' lang='lat' dir='ltr'><strong>ejus.</strong></span> <span class='ocrx_word' id='word_1_180' title='bbox 3059 1478 3370 1533; x_wconf 76' lang='lat' dir='ltr'><strong>Coutumax</strong></span> <span class='ocrx_word' id='word_1_181' title='bbox 3411 1495 3520 1535; x_wconf 88' lang='lat' dir='ltr'><strong>non</strong></span> <span class='ocrx_word' id='word_1_182' title='bbox 3550 1482 3623 1537; x_wconf 91' lang='lat' dir='ltr'><strong>sis</strong></span> <span class='ocrx_word' id='word_1_183' title='bbox 3651 1490 3702 1538; x_wconf 91' lang='lat' dir='ltr'><strong>et</strong></span> <span class='ocrx_word' id='word_1_184' title='bbox 3733 1484 3798 1537; x_wconf 85' lang='lat' dir='ltr'><strong>in-</strong></span> 
     </span>
    </p>
   </div>
   <div class='ocr_carea' id='block_1_27' title="bbox 2236 1566 3796 1631">
    <p class='ocr_par' dir='ltr' id='par_1_27' title="bbox 2236 1566 3796 1631">
     <span class='ocr_line' id='line_1_27' title="bbox 2236 1566 3796 1631; baseline 0.002 -9"><span class='ocrx_word' id='word_1_185' title='bbox 2236 1567 2511 1623; x_wconf 87' lang='lat' dir='ltr'><strong>credibilis</strong></span> <span class='ocrx_word' id='word_1_186' title='bbox 2560 1566 2737 1621; x_wconf 88' lang='lat' dir='ltr'><strong>timori</strong></span> <span class='ocrx_word' id='word_1_187' title='bbox 2785 1566 3029 1631; x_wconf 90' lang='lat' dir='ltr'><strong>Domini,</strong></span> <span class='ocrx_word' id='word_1_188' title='bbox 3068 1576 3124 1622; x_wconf 90' lang='lat' dir='ltr'><strong>et</strong></span> <span class='ocrx_word' id='word_1_189' title='bbox 3158 1584 3227 1623; x_wconf 92' lang='lat' dir='ltr'><strong>ne</strong></span> <span class='ocrx_word' id='word_1_190' title='bbox 3260 1571 3566 1625; x_wconf 88' lang='lat' dir='ltr'><strong>accesseris</strong></span> <span class='ocrx_word' id='word_1_191' title='bbox 3607 1571 3670 1625; x_wconf 88' lang='lat' dir='ltr'><strong>ad</strong></span> <span class='ocrx_word' id='word_1_192' title='bbox 3698 1587 3796 1627; x_wconf 90' lang='lat' dir='ltr'><strong>eum</strong></span> 
     </span>
    </p>
   </div>
   <div class='ocr_carea' id='block_1_28' title="bbox 2237 1658 3798 1733">
    <p class='ocr_par' dir='ltr' id='par_1_28' title="bbox 2237 1658 3798 1733">
     <span class='ocr_line' id='line_1_28' title="bbox 2237 1658 3798 1733; baseline 0.001 -16"><span class='ocrx_word' id='word_1_193' title='bbox 2237 1660 2434 1731; x_wconf 90' lang='lat' dir='ltr'><strong>duplici</strong></span> <span class='ocrx_word' id='word_1_194' title='bbox 2463 1660 2644 1715; x_wconf 91' lang='lat' dir='ltr'><strong>corde.</strong></span> <span class='ocrx_word' id='word_1_195' title='bbox 2689 1658 2766 1713; x_wconf 86' lang='lat' dir='ltr'><strong>Ne</strong></span> <span class='ocrx_word' id='word_1_196' title='bbox 2795 1659 2962 1715; x_wconf 87' lang='lat' dir='ltr'><strong>fueris</strong></span> <span class='ocrx_word' id='word_1_197' title='bbox 3001 1659 3289 1732; x_wconf 88' lang='lat' dir='ltr'><strong>hypocrita</strong></span> <span class='ocrx_word' id='word_1_198' title='bbox 3325 1661 3383 1716; x_wconf 90' lang='lat' dir='ltr'><strong>in</strong></span> <span class='ocrx_word' id='word_1_199' title='bbox 3414 1671 3697 1733; x_wconf 87' lang='lat' dir='ltr'><strong>conspectu</strong></span> <span class='ocrx_word' id='word_1_200' title='bbox 3722 1665 3798 1718; x_wconf 89' lang='lat' dir='ltr'><strong>bo-</strong></span> 
     </span>
    </p>
   </div>
   <div class='ocr_carea' id='block_1_29' title="bbox 2237 1736 3796 1817">
    <p class='ocr_par' dir='ltr' id='par_1_29' title="bbox 2237 1736 3796 1817">
     <span class='ocr_line' id='line_1_29' title="bbox 2237 1736 3796 1817; baseline 0.001 -12"><span class='ocrx_word' id='word_1_201' title='bbox 2237 1752 2473 1817; x_wconf 89' lang='lat' dir='ltr'><strong>minum,</strong></span> <span class='ocrx_word' id='word_1_202' title='bbox 2508 1758 2563 1805; x_wconf 91' lang='lat' dir='ltr'><strong>et</strong></span> <span class='ocrx_word' id='word_1_203' title='bbox 2594 1736 2699 1804; x_wconf 80' lang='lat' dir='ltr'><strong>non</strong></span> <span class='ocrx_word' id='word_1_204' title='bbox 2737 1749 3122 1805; x_wconf 86' lang='lat' dir='ltr'><strong>scandalizeris</strong></span> <span class='ocrx_word' id='word_1_205' title='bbox 3148 1751 3308 1806; x_wconf 88' lang='lat' dir='ltr'><strong>labiis</strong></span> <span class='ocrx_word' id='word_1_206' title='bbox 3348 1753 3478 1807; x_wconf 90' lang='lat' dir='ltr'><strong>tuis.</strong></span> <span class='ocrx_word' id='word_1_207' title='bbox 3518 1753 3731 1808; x_wconf 86' lang='lat' dir='ltr'><strong>Attende</strong></span> <span class='ocrx_word' id='word_1_208' title='bbox 3756 1755 3796 1807; x_wconf 87' lang='lat' dir='ltr'><strong>in</strong></span> 
     </span>
    </p>
   </div>
   <div class='ocr_carea' id='block_1_30' title="bbox 2236 1839 3795 1911">
    <p class='ocr_par' dir='ltr' id='par_1_30' title="bbox 2236 1839 3795 1911">
     <span class='ocr_line' id='line_1_30' title="bbox 2236 1839 3795 1911; baseline 0.002 -15"><span class='ocrx_word' id='word_1_209' title='bbox 2236 1841 2342 1898; x_wconf 91' lang='lat' dir='ltr'><strong>illis</strong></span> <span class='ocrx_word' id='word_1_210' title='bbox 2372 1856 2437 1895; x_wconf 90' lang='lat' dir='ltr'><strong>ne</strong></span> <span class='ocrx_word' id='word_1_211' title='bbox 2467 1839 2608 1896; x_wconf 89' lang='lat' dir='ltr'><strong>forte</strong></span> <span class='ocrx_word' id='word_1_212' title='bbox 2636 1841 2818 1904; x_wconf 86' lang='lat' dir='ltr'><strong>cadas,</strong></span> <span class='ocrx_word' id='word_1_213' title='bbox 2845 1851 2898 1895; x_wconf 91' lang='lat' dir='ltr'><strong>et</strong></span> <span class='ocrx_word' id='word_1_214' title='bbox 2925 1855 3095 1911; x_wconf 88' lang='lat' dir='ltr'><strong>ponas</strong></span> <span class='ocrx_word' id='word_1_215' title='bbox 3125 1841 3447 1896; x_wconf 88' lang='lat' dir='ltr'><strong>scandalum</strong></span> <span class='ocrx_word' id='word_1_216' title='bbox 3478 1842 3664 1897; x_wconf 82' lang='lat' dir='ltr'><strong>anima</strong></span> <span class='ocrx_word' id='word_1_217' title='bbox 3693 1852 3795 1910; x_wconf 74' lang='lat' dir='ltr'><strong>tua,</strong></span> 
     </span>
    </p>
   </div>
   <div class='ocr_carea' id='block_1_31' title="bbox 2235 1932 3797 2001">
    <p class='ocr_par' dir='ltr' id='par_1_31' title="bbox 2235 1932 3797 2001">
     <span class='ocr_line' id='line_1_31' title="bbox 2235 1932 3797 2001; baseline 0.001 -14"><span class='ocrx_word' id='word_1_218' title='bbox 2235 1940 2291 1987; x_wconf 88' lang='lat' dir='ltr'><strong>et</strong></span> <span class='ocrx_word' id='word_1_219' title='bbox 2347 1932 2582 1988; x_wconf 88' lang='lat' dir='ltr'><strong>adducas</strong></span> <span class='ocrx_word' id='word_1_220' title='bbox 2631 1932 3095 1986; x_wconf 89' lang='lat' dir='ltr'><strong>inhonorationem</strong></span> <span class='ocrx_word' id='word_1_221' title='bbox 3139 1933 3235 1987; x_wconf 87' lang='lat' dir='ltr'><strong>tibi</strong></span> <span class='ocrx_word' id='word_1_222' title='bbox 3264 1973 3281 2001; x_wconf 75' lang='lat'><strong>,</strong></span> <span class='ocrx_word' id='word_1_223' title='bbox 3342 1942 3399 1987; x_wconf 90' lang='lat' dir='ltr'><strong>et</strong></span> <span class='ocrx_word' id='word_1_224' title='bbox 3448 1934 3643 1989; x_wconf 87' lang='lat' dir='ltr'><strong>revelet</strong></span> <span class='ocrx_word' id='word_1_225' title='bbox 3682 1936 3797 1989; x_wconf 78' lang='lat' dir='ltr'><strong>Deus</strong></span> 
     </span>
    </p>
   </div>
   <div class='ocr_carea' id='block_1_32' title="bbox 2235 2022 3794 2095">
    <p class='ocr_par' dir='ltr' id='par_1_32' title="bbox 2235 2022 3794 2095">
     <span class='ocr_line' id='line_1_32' title="bbox 2235 2022 3794 2095; baseline 0.001 -18"><span class='ocrx_word' id='word_1_226' title='bbox 2235 2024 2500 2079; x_wconf 88' lang='lat' dir='ltr'><strong>absconsa</strong></span> <span class='ocrx_word' id='word_1_227' title='bbox 2528 2032 2636 2078; x_wconf 90' lang='lat' dir='ltr'><strong>tua.</strong></span> <span class='ocrx_word' id='word_1_228' title='bbox 2665 2022 2769 2077; x_wconf 88' lang='lat' dir='ltr'><strong>Pro</strong></span> <span class='ocrx_word' id='word_1_229' title='bbox 2797 2022 2902 2078; x_wconf 94' lang='lat' dir='ltr'><strong>ﬁde</strong></span> <span class='ocrx_word' id='word_1_230' title='bbox 2930 2022 3099 2079; x_wconf 83' lang='lat' dir='ltr'><strong>frater</strong></span> <span class='ocrx_word' id='word_1_231' title='bbox 3122 2024 3411 2095; x_wconf 90' lang='lat' dir='ltr'><strong>etjustitia</strong></span> <span class='ocrx_word' id='word_1_232' title='bbox 3438 2041 3503 2080; x_wconf 90' lang='lat' dir='ltr'><strong>ac</strong></span> <span class='ocrx_word' id='word_1_233' title='bbox 3527 2041 3620 2095; x_wconf 86' lang='lat' dir='ltr'><strong>pro</strong></span> <span class='ocrx_word' id='word_1_234' title='bbox 3647 2026 3794 2079; x_wconf 86' lang='lat' dir='ltr'><strong>salute</strong></span> 
     </span>
    </p>
   </div>
   <div class='ocr_carea' id='block_1_33' title="bbox 2235 2113 3793 2185">
    <p class='ocr_par' dir='ltr' id='par_1_33' title="bbox 2235 2113 3793 2185">
     <span class='ocr_line' id='line_1_33' title="bbox 2235 2113 3793 2185; baseline 0.001 -18"><span class='ocrx_word' id='word_1_235' title='bbox 2235 2113 2431 2168; x_wconf 81' lang='lat' dir='ltr'><strong>anima</strong></span> <span class='ocrx_word' id='word_1_236' title='bbox 2463 2121 2568 2167; x_wconf 86' lang='lat' dir='ltr'><strong>tua</strong></span> <span class='ocrx_word' id='word_1_237' title='bbox 2609 2122 2756 2168; x_wconf 90' lang='lat' dir='ltr'><strong>certa</strong></span> <span class='ocrx_word' id='word_1_238' title='bbox 2794 2128 3028 2184; x_wconf 87' lang='lat' dir='ltr'><strong>semper,</strong></span> <span class='ocrx_word' id='word_1_239' title='bbox 3061 2122 3114 2170; x_wconf 95' lang='lat' dir='ltr'><strong>et</strong></span> <span class='ocrx_word' id='word_1_240' title='bbox 3146 2130 3247 2185; x_wconf 93' lang='lat' dir='ltr'><strong>pro</strong></span> <span class='ocrx_word' id='word_1_241' title='bbox 3298 2113 3571 2184; x_wconf 88' lang='lat' dir='ltr'><strong>adjutorio</strong></span> <span class='ocrx_word' id='word_1_242' title='bbox 3602 2117 3793 2170; x_wconf 87' lang='lat' dir='ltr'><strong>fratrum</strong></span> 
     </span>
    </p>
   </div>
   <div class='ocr_carea' id='block_1_34' title="bbox 2233 2204 3791 2276">
    <p class='ocr_par' dir='ltr' id='par_1_34' title="bbox 2233 2204 3791 2276">
     <span class='ocr_line' id='line_1_34' title="bbox 2233 2204 3791 2276; baseline 0 -17"><span class='ocrx_word' id='word_1_243' title='bbox 2233 2204 2464 2260; x_wconf 79' lang='lat' dir='ltr'><strong>viriliter</strong></span> <span class='ocrx_word' id='word_1_244' title='bbox 2487 2218 2603 2275; x_wconf 82' lang='lat' dir='ltr'><strong>age,</strong></span> <span class='ocrx_word' id='word_1_245' title='bbox 2638 2212 2696 2258; x_wconf 91' lang='lat' dir='ltr'><strong>ut</strong></span> <span class='ocrx_word' id='word_1_246' title='bbox 2724 2220 2752 2258; x_wconf 92' lang='lat' dir='ltr'><strong>a</strong></span> <span class='ocrx_word' id='word_1_247' title='bbox 2787 2205 3015 2259; x_wconf 92' lang='lat' dir='ltr'><strong>Domino</strong></span> <span class='ocrx_word' id='word_1_248' title='bbox 3050 2206 3284 2276; x_wconf 84' lang='lat' dir='ltr'><strong>recipias</strong></span> <span class='ocrx_word' id='word_1_249' title='bbox 3314 2208 3791 2263; x_wconf 86' lang='lat' dir='ltr'><strong>remunerationem.</strong></span> 
     </span>
    </p>
   </div>
   <div class='ocr_carea' id='block_1_35' title="bbox 2232 2295 3795 2367">
    <p class='ocr_par' dir='ltr' id='par_1_35' title="bbox 2232 2295 3795 2367">
     <span class='ocr_line' id='line_1_35' title="bbox 2232 2295 3795 2367; baseline -0.001 -15"><span class='ocrx_word' id='word_1_250' title='bbox 2232 2295 2512 2366; x_wconf 72' lang='lat' dir='ltr'><strong>Scriptum</strong></span> <span class='ocrx_word' id='word_1_251' title='bbox 2542 2304 2625 2352; x_wconf 89' lang='lat' dir='ltr'><strong>est</strong></span> <span class='ocrx_word' id='word_1_252' title='bbox 2650 2296 2792 2350; x_wconf 90' lang='lat' dir='ltr'><strong>enim</strong></span> <span class='ocrx_word' id='word_1_253' title='bbox 2826 2313 2839 2350; x_wconf 92' lang='lat'>:</span> <span class='ocrx_word' id='word_1_254' title='bbox 2881 2313 2899 2347; x_wconf 75' lang='grc' dir='ltr'>ι</span> <span class='ocrx_word' id='word_1_255' title='bbox 2928 2295 3029 2350; x_wconf 92' lang='lat' dir='ltr'><strong>Fili</strong></span> <span class='ocrx_word' id='word_1_256' title='bbox 3057 2337 3069 2358; x_wconf 90' lang='lat'><strong>,</strong></span> <span class='ocrx_word' id='word_1_257' title='bbox 3101 2312 3370 2352; x_wconf 89' lang='lat' dir='ltr'><strong>conserva</strong></span> <span class='ocrx_word' id='word_1_258' title='bbox 3402 2306 3629 2367; x_wconf 92' lang='lat' dir='ltr'><strong>tempus,</strong></span> <span class='ocrx_word' id='word_1_259' title='bbox 3656 2306 3702 2350; x_wconf 91' lang='lat' dir='ltr'><strong>ct</strong></span> <span class='ocrx_word' id='word_1_260' title='bbox 3725 2297 3795 2350; x_wconf 74' lang='lat' dir='ltr'><strong>tle-</strong></span> 
     </span>
    </p>
   </div>
   <div class='ocr_carea' id='block_1_36' title="bbox 548 2383 3791 2458">
    <p class='ocr_par' dir='ltr' id='par_1_36' title="bbox 548 2383 3791 2458">
     <span class='ocr_line' id='line_1_36' title="bbox 548 2383 3791 2458; baseline -0.001 -17"><span class='ocrx_word' id='word_1_261' title='bbox 548 2387 746 2458; x_wconf 89' lang='lat' dir='ltr'><strong>ipsum.</strong></span> <span class='ocrx_word' id='word_1_262' title='bbox 773 2386 915 2442; x_wconf 91' lang='lat' dir='ltr'><strong>Deus</strong></span> <span class='ocrx_word' id='word_1_263' title='bbox 956 2386 1255 2441; x_wconf 81' lang='lat' dir='ltr'><strong>altissimus</strong></span> <span class='ocrx_word' id='word_1_264' title='bbox 1281 2386 1487 2441; x_wconf 88' lang='lat' dir='ltr'><strong>creavit</strong></span> <span class='ocrx_word' id='word_1_265' title='bbox 1511 2385 1829 2455; x_wconf 86' lang='lat' dir='ltr'><strong>sapientiam</strong></span> <span class='ocrx_word' id='word_1_266' title='bbox 1863 2384 1916 2439; x_wconf 92' lang='lat' dir='ltr'><strong>in</strong></span> <span class='ocrx_word' id='word_1_267' title='bbox 1961 2383 2130 2455; x_wconf 89' lang='lat' dir='ltr'><strong>Spiri-</strong></span> <span class='ocrx_word' id='word_1_268' title='bbox 2159 2385 2206 2445; x_wconf 85' lang='grc' dir='ltr'><strong>Β</strong></span> <span class='ocrx_word' id='word_1_269' title='bbox 2233 2386 2387 2440; x_wconf 89' lang='lat' dir='ltr'><strong>vita&#39;a</strong></span> <span class='ocrx_word' id='word_1_270' title='bbox 2413 2385 2575 2450; x_wconf 90' lang='lat' dir='ltr'><strong>malo,</strong></span> <span class='ocrx_word' id='word_1_271' title='bbox 2598 2399 2698 2455; x_wconf 93' lang='lat' dir='ltr'><strong>pro</strong></span> <span class='ocrx_word' id='word_1_272' title='bbox 2714 2385 2894 2439; x_wconf 91' lang='lat' dir='ltr'><strong>anima</strong></span> <span class='ocrx_word' id='word_1_273' title='bbox 2917 2393 3003 2440; x_wconf 90' lang='lat' dir='ltr'><strong>tua</strong></span> <span class='ocrx_word' id='word_1_274' title='bbox 3036 2401 3139 2440; x_wconf 90' lang='lat' dir='ltr'><strong>non</strong></span> <span class='ocrx_word' id='word_1_275' title='bbox 3167 2385 3528 2442; x_wconf 87' lang='lat' dir='ltr'><strong>eonfundaris</strong></span> <span class='ocrx_word' id='word_1_276' title='bbox 3541 2387 3705 2442; x_wconf 85' lang='lat' dir='ltr'><strong>dicere</strong></span> <span class='ocrx_word' id='word_1_277' title='bbox 3721 2399 3791 2438; x_wconf 88' lang='lat' dir='ltr'><strong>ve-</strong></span> 
     </span>
    </p>
   </div>
   <div class='ocr_carea' id='block_1_37' title="bbox 550 2476 2137 2542">
    <p class='ocr_par' dir='ltr' id='par_1_37' title="bbox 550 2476 2137 2542">
     <span class='ocr_line' id='line_1_37' title="bbox 550 2476 2137 2542; baseline -0.001 -12"><span class='ocrx_word' id='word_1_278' title='bbox 550 2486 610 2531; x_wconf 85' lang='grc' dir='ltr'><strong>ιιι</strong></span> <span class='ocrx_word' id='word_1_279' title='bbox 648 2486 855 2533; x_wconf 91' lang='lat' dir='ltr'><strong>sancto.</strong></span> <span class='ocrx_word' id='word_1_280' title='bbox 902 2476 967 2531; x_wconf 85' lang='lat' dir='ltr'><strong>Et</strong></span> <span class='ocrx_word' id='word_1_281' title='bbox 996 2477 1129 2532; x_wconf 83' lang='lat' dir='ltr'><strong>vidit</strong></span> <span class='ocrx_word' id='word_1_282' title='bbox 1152 2484 1208 2532; x_wconf 91' lang='lat' dir='ltr'><strong>et</strong></span> <span class='ocrx_word' id='word_1_283' title='bbox 1228 2476 1591 2532; x_wconf 85' lang='lat' dir='ltr'><strong>dinumeravit</strong></span> <span class='ocrx_word' id='word_1_284' title='bbox 1624 2484 1681 2532; x_wconf 88' lang='lat' dir='ltr'><strong>et</strong></span> <span class='ocrx_word' id='word_1_285' title='bbox 1701 2491 1921 2532; x_wconf 81' lang='lat' dir='ltr'><strong>mensus</strong></span> <span class='ocrx_word' id='word_1_286' title='bbox 1953 2484 2059 2542; x_wconf 88' lang='lat' dir='ltr'><strong>est,</strong></span> <span class='ocrx_word' id='word_1_287' title='bbox 2082 2483 2137 2530; x_wconf 91' lang='lat' dir='ltr'><strong>et</strong></span> 
     </span>
    </p>
   </div>
   <div class='ocr_carea' id='block_1_38' title="bbox 547 2568 2136 2640">
    <p class='ocr_par' dir='ltr' id='par_1_38' title="bbox 547 2568 2136 2640">
     <span class='ocr_line' id='line_1_38' title="bbox 547 2568 2136 2640; baseline -0.002 -15"><span class='ocrx_word' id='word_1_288' title='bbox 547 2568 737 2626; x_wconf 78' lang='lat' dir='ltr'><strong>effudit</strong></span> <span class='ocrx_word' id='word_1_289' title='bbox 760 2569 907 2624; x_wconf 90' lang='lat' dir='ltr'><strong>illam</strong></span> <span class='ocrx_word' id='word_1_290' title='bbox 934 2583 1097 2639; x_wconf 91' lang='lat' dir='ltr'><strong>super</strong></span> <span class='ocrx_word' id='word_1_291' title='bbox 1120 2569 1302 2625; x_wconf 88' lang='lat' dir='ltr'><strong>omnia</strong></span> <span class='ocrx_word' id='word_1_292' title='bbox 1325 2582 1491 2639; x_wconf 88' lang='lat' dir='ltr'><strong>opera</strong></span> <span class='ocrx_word' id='word_1_293' title='bbox 1511 2584 1629 2636; x_wconf 90' lang='lat' dir='ltr'><strong>sua,</strong></span> <span class='ocrx_word' id='word_1_294' title='bbox 1659 2578 1713 2624; x_wconf 91' lang='lat' dir='ltr'><strong>et</strong></span> <span class='ocrx_word' id='word_1_295' title='bbox 1738 2584 1901 2640; x_wconf 88' lang='lat' dir='ltr'><strong>super</strong></span> <span class='ocrx_word' id='word_1_296' title='bbox 1921 2583 2136 2624; x_wconf 91' lang='lat' dir='ltr'><strong>omnem</strong></span> 
     </span>
    </p>
   </div>
   <div class='ocr_carea' id='block_1_39' title="bbox 547 2658 2138 2730">
    <p class='ocr_par' dir='ltr' id='par_1_39' title="bbox 547 2658 2138 2730">
     <span class='ocr_line' id='line_1_39' title="bbox 547 2658 2138 2730; baseline -0.003 -15"><span class='ocrx_word' id='word_1_297' title='bbox 547 2675 790 2716; x_wconf 90' lang='lat' dir='ltr'><strong>carnem.</strong></span> <span class='ocrx_word' id='word_1_298' title='bbox 821 2659 1132 2716; x_wconf 88' lang='lat' dir='ltr'><strong>Secundum</strong></span> <span class='ocrx_word' id='word_1_299' title='bbox 1173 2659 1359 2714; x_wconf 89' lang='lat' dir='ltr'><strong>datum</strong></span> <span class='ocrx_word' id='word_1_300' title='bbox 1408 2674 1563 2714; x_wconf 88' lang='lat' dir='ltr'><strong>suum</strong></span> <span class='ocrx_word' id='word_1_301' title='bbox 1591 2660 1822 2730; x_wconf 79' lang='lat' dir='ltr'><strong>praebuit</strong></span> <span class='ocrx_word' id='word_1_302' title='bbox 1851 2659 1996 2714; x_wconf 89' lang='lat' dir='ltr'><strong>illam</strong></span> <span class='ocrx_word' id='word_1_303' title='bbox 2019 2658 2138 2714; x_wconf 89' lang='lat' dir='ltr'><strong>dili-</strong></span> 
     </span>
    </p>
   </div>
   <div class='ocr_carea' id='block_1_40' title="bbox 546 2748 2140 2823">
    <p class='ocr_par' dir='ltr' id='par_1_40' title="bbox 546 2748 2140 2823">
     <span class='ocr_line' id='line_1_40' title="bbox 546 2748 2140 2823; baseline -0.001 -18"><span class='ocrx_word' id='word_1_304' title='bbox 546 2751 797 2821; x_wconf 72' lang='lat' dir='ltr'><strong>gentibus</strong></span> <span class='ocrx_word' id='word_1_305' title='bbox 843 2765 922 2806; x_wconf 89' lang='lat' dir='ltr'><strong>se.</strong></span> <span class='ocrx_word' id='word_1_306' title='bbox 960 2748 1145 2805; x_wconf 86' lang='lat' dir='ltr'><strong>Timor</strong></span> <span class='ocrx_word' id='word_1_307' title='bbox 1192 2749 1401 2805; x_wconf 92' lang='lat' dir='ltr'><strong>Domini</strong></span> <span class='ocrx_word' id='word_1_308' title='bbox 1441 2750 1613 2821; x_wconf 77' lang='lat' dir='ltr'><strong>gloria</strong></span> <span class='ocrx_word' id='word_1_309' title='bbox 1649 2759 1705 2806; x_wconf 88' lang='lat' dir='ltr'><strong>et</strong></span> <span class='ocrx_word' id='word_1_310' title='bbox 1749 2750 2036 2823; x_wconf 81' lang='lat' dir='ltr'><strong>gloriatio,</strong></span> <span class='ocrx_word' id='word_1_311' title='bbox 2086 2759 2140 2805; x_wconf 90' lang='lat' dir='ltr'><strong>et</strong></span> 
     </span>
    </p>
   </div>
   <div class='ocr_carea' id='block_1_41' title="bbox 547 2840 2139 2906">
    <p class='ocr_par' dir='ltr' id='par_1_41' title="bbox 547 2840 2139 2906">
     <span class='ocr_line' id='line_1_41' title="bbox 547 2840 2139 2906; baseline 0.001 -11"><span class='ocrx_word' id='word_1_312' title='bbox 547 2841 767 2906; x_wconf 86' lang='lat' dir='ltr'><strong>latitia,</strong></span> <span class='ocrx_word' id='word_1_313' title='bbox 805 2849 862 2896; x_wconf 92' lang='lat' dir='ltr'><strong>et</strong></span> <span class='ocrx_word' id='word_1_314' title='bbox 895 2855 1099 2896; x_wconf 89' lang='lat' dir='ltr'><strong>corona</strong></span> <span class='ocrx_word' id='word_1_315' title='bbox 1140 2840 1538 2898; x_wconf 79' lang='lat' dir='ltr'><strong>exsultationis.</strong></span> <span class='ocrx_word' id='word_1_316' title='bbox 1583 2842 1772 2898; x_wconf 90' lang='lat' dir='ltr'><strong>Timor</strong></span> <span class='ocrx_word' id='word_1_317' title='bbox 1800 2842 2015 2898; x_wconf 86' lang='lat' dir='ltr'><strong>Domini</strong></span> <span class='ocrx_word' id='word_1_318' title='bbox 2048 2842 2139 2897; x_wconf 92' lang='lat' dir='ltr'><strong>de-</strong></span> 
     </span>
    </p>
   </div>
   <div class='ocr_carea' id='block_1_42' title="bbox 545 2928 2137 3005">
    <p class='ocr_par' dir='ltr' id='par_1_42' title="bbox 545 2928 2137 3005">
     <span class='ocr_line' id='line_1_42' title="bbox 545 2928 2137 3005; baseline 0.002 -20"><span class='ocrx_word' id='word_1_319' title='bbox 545 2928 769 2986; x_wconf 87' lang='lat' dir='ltr'><strong>lectabit</strong></span> <span class='ocrx_word' id='word_1_320' title='bbox 794 2946 909 2997; x_wconf 89' lang='lat' dir='ltr'><strong>cor,</strong></span> <span class='ocrx_word' id='word_1_321' title='bbox 945 2941 1001 2987; x_wconf 89' lang='lat' dir='ltr'><strong>et</strong></span> <span class='ocrx_word' id='word_1_322' title='bbox 1029 2932 1182 2988; x_wconf 87' lang='lat' dir='ltr'><strong>dabit</strong></span> <span class='ocrx_word' id='word_1_323' title='bbox 1221 2932 1466 2988; x_wconf 82' lang='lat' dir='ltr'><strong>laetitiam</strong></span> <span class='ocrx_word' id='word_1_324' title='bbox 1494 2941 1550 2988; x_wconf 91' lang='lat' dir='ltr'><strong>et</strong></span> <span class='ocrx_word' id='word_1_325' title='bbox 1588 2934 1842 3004; x_wconf 82' lang='lat' dir='ltr'><strong>gaudium</strong></span> <span class='ocrx_word' id='word_1_326' title='bbox 1872 2934 1924 2988; x_wconf 91' lang='lat' dir='ltr'><strong>in</strong></span> <span class='ocrx_word' id='word_1_327' title='bbox 1963 2934 2137 3005; x_wconf 85' lang='lat' dir='ltr'><strong>longi-</strong></span> 
     </span>
    </p>
   </div>
   <div class='ocr_carea' id='block_1_43' title="bbox 548 3021 2136 3091">
    <p class='ocr_par' dir='ltr' id='par_1_43' title="bbox 548 3021 2136 3091">
     <span class='ocr_line' id='line_1_43' title="bbox 548 3021 2136 3091; baseline 0.003 -16"><span class='ocrx_word' id='word_1_328' title='bbox 548 3021 734 3077; x_wconf 88' lang='lat' dir='ltr'><strong>tudine</strong></span> <span class='ocrx_word' id='word_1_329' title='bbox 760 3022 989 3079; x_wconf 88' lang='lat' dir='ltr'><strong>dierum.</strong></span> <span class='ocrx_word' id='word_1_330' title='bbox 1022 3022 1254 3078; x_wconf 87' lang='lat' dir='ltr'><strong>Timenti</strong></span> <span class='ocrx_word' id='word_1_331' title='bbox 1286 3023 1452 3079; x_wconf 90' lang='lat' dir='ltr'><strong>Deum</strong></span> <span class='ocrx_word' id='word_1_332' title='bbox 1483 3024 1620 3079; x_wconf 89' lang='lat' dir='ltr'><strong>bene</strong></span> <span class='ocrx_word' id='word_1_333' title='bbox 1644 3026 1746 3080; x_wconf 91' lang='lat' dir='ltr'><strong>erit</strong></span> <span class='ocrx_word' id='word_1_334' title='bbox 1776 3026 1828 3079; x_wconf 91' lang='lat' dir='ltr'><strong>in</strong></span> <span class='ocrx_word' id='word_1_335' title='bbox 1858 3026 2136 3091; x_wconf 81' lang='lat' dir='ltr'><strong>extremis,</strong></span> 
     </span>
    </p>
   </div>
   <div class='ocr_carea' id='block_1_44' title="bbox 545 3101 2140 3182">
    <p class='ocr_par' dir='ltr' id='par_1_44' title="bbox 545 3101 2140 3182">
     <span class='ocr_line' id='line_1_44' title="bbox 545 3101 2140 3182; baseline 0.003 -14"><span class='ocrx_word' id='word_1_336' title='bbox 545 3112 686 3168; x_wconf 87' lang='lat' dir='ltr'><strong>etin</strong></span> <span class='ocrx_word' id='word_1_337' title='bbox 712 3113 798 3169; x_wconf 89' lang='lat' dir='ltr'><strong>die</strong></span> <span class='ocrx_word' id='word_1_338' title='bbox 826 3112 1186 3171; x_wconf 87' lang='lat' dir='ltr'><strong>defunctionis</strong></span> <span class='ocrx_word' id='word_1_339' title='bbox 1231 3130 1342 3171; x_wconf 80' lang='lat' dir='ltr'><strong>sua</strong></span> <span class='ocrx_word' id='word_1_340' title='bbox 1384 3101 1752 3182; x_wconf 76' lang='lat' dir='ltr'><strong>benedicatur,</strong></span> <span class='ocrx_word' id='word_1_341' title='bbox 1805 3116 2017 3173; x_wconf 89' lang='lat' dir='ltr'><strong>dilectio</strong></span> <span class='ocrx_word' id='word_1_342' title='bbox 2047 3119 2140 3173; x_wconf 90' lang='lat' dir='ltr'><strong>Dei</strong></span> 
     </span>
    </p>
   </div>
   <div class='ocr_carea' id='block_1_45' title="bbox 548 3202 2138 3279">
    <p class='ocr_par' dir='ltr' id='par_1_45' title="bbox 548 3202 2138 3279">
     <span class='ocr_line' id='line_1_45' title="bbox 548 3202 2138 3279; baseline 0.003 -21"><span class='ocrx_word' id='word_1_343' title='bbox 548 3202 881 3260; x_wconf 89' lang='lat' dir='ltr'><strong>honorabilis</strong></span> <span class='ocrx_word' id='word_1_344' title='bbox 925 3204 1210 3276; x_wconf 89' lang='lat' dir='ltr'><strong>sapientia.</strong></span> <span class='ocrx_word' id='word_1_345' title='bbox 1256 3206 1463 3273; x_wconf 86' lang='lat' dir='ltr'><strong>Quibus</strong></span> <span class='ocrx_word' id='word_1_346' title='bbox 1504 3216 1684 3262; x_wconf 88' lang='lat' dir='ltr'><strong>autem</strong></span> <span class='ocrx_word' id='word_1_347' title='bbox 1731 3209 2043 3279; x_wconf 88' lang='lat' dir='ltr'><strong>apparuerit</strong></span> <span class='ocrx_word' id='word_1_348' title='bbox 2085 3208 2138 3264; x_wconf 93' lang='lat' dir='ltr'><strong>in</strong></span> 
     </span>
    </p>
   </div>
   <div class='ocr_carea' id='block_1_46' title="bbox 551 3295 2138 3370">
    <p class='ocr_par' dir='ltr' id='par_1_46' title="bbox 551 3295 2138 3370">
     <span class='ocr_line' id='line_1_46' title="bbox 551 3295 2138 3370; baseline 0.006 -23"><span class='ocrx_word' id='word_1_349' title='bbox 551 3295 673 3351; x_wconf 89' lang='lat' dir='ltr'><strong>visu</strong></span> <span class='ocrx_word' id='word_1_350' title='bbox 710 3295 938 3365; x_wconf 86' lang='lat' dir='ltr'><strong>diligunt</strong></span> <span class='ocrx_word' id='word_1_351' title='bbox 975 3311 1097 3353; x_wconf 89' lang='lat' dir='ltr'><strong>eum</strong></span> <span class='ocrx_word' id='word_1_352' title='bbox 1131 3297 1184 3352; x_wconf 91' lang='lat' dir='ltr'><strong>in</strong></span> <span class='ocrx_word' id='word_1_353' title='bbox 1223 3298 1429 3353; x_wconf 89' lang='lat' dir='ltr'><strong>visione</strong></span> <span class='ocrx_word' id='word_1_354' title='bbox 1452 3338 1468 3364; x_wconf 90' lang='lat'><strong>,</strong></span> <span class='ocrx_word' id='word_1_355' title='bbox 1513 3307 1569 3354; x_wconf 88' lang='lat' dir='ltr'><strong>et</strong></span> <span class='ocrx_word' id='word_1_356' title='bbox 1609 3299 1666 3353; x_wconf 90' lang='lat' dir='ltr'><strong>in</strong></span> <span class='ocrx_word' id='word_1_357' title='bbox 1708 3299 1981 3370; x_wconf 82' lang='lat' dir='ltr'><strong>agnitione</strong></span> <span class='ocrx_word' id='word_1_358' title='bbox 2022 3316 2138 3356; x_wconf 85' lang='lat' dir='ltr'><strong>ma-</strong></span> 
     </span>
    </p>
   </div>
   <div class='ocr_carea' id='block_1_47' title="bbox 550 3386 2136 3461">
    <p class='ocr_par' dir='ltr' id='par_1_47' title="bbox 550 3386 2136 3461">
     <span class='ocr_line' id='line_1_47' title="bbox 550 3386 2136 3461; baseline 0.004 -21"><span class='ocrx_word' id='word_1_359' title='bbox 550 3386 789 3457; x_wconf 84' lang='lat' dir='ltr'><strong>gnalium</strong></span> <span class='ocrx_word' id='word_1_360' title='bbox 833 3403 1072 3444; x_wconf 89' lang='lat' dir='ltr'><strong>suorum.</strong></span> <span class='ocrx_word' id='word_1_361' title='bbox 1119 3388 1334 3444; x_wconf 88' lang='lat' dir='ltr'><strong>Initium</strong></span> <span class='ocrx_word' id='word_1_362' title='bbox 1369 3390 1647 3461; x_wconf 79' lang='lat' dir='ltr'><strong>sapientia</strong></span> <span class='ocrx_word' id='word_1_363' title='bbox 1694 3391 1857 3448; x_wconf 89' lang='lat' dir='ltr'><strong>timor</strong></span> <span class='ocrx_word' id='word_1_364' title='bbox 1907 3392 2136 3448; x_wconf 92' lang='lat' dir='ltr'><strong>Domini.</strong></span> 
     </span>
    </p>
   </div>
   <div class='ocr_carea' id='block_1_48' title="bbox 552 3477 2136 3550">
    <p class='ocr_par' dir='ltr' id='par_1_48' title="bbox 552 3477 2136 3550">
     <span class='ocr_line' id='line_1_48' title="bbox 552 3477 2136 3550; baseline 0.004 -18"><span class='ocrx_word' id='word_1_365' title='bbox 552 3477 622 3532; x_wconf 89' lang='lat' dir='ltr'><strong>Et</strong></span> <span class='ocrx_word' id='word_1_366' title='bbox 661 3493 787 3534; x_wconf 93' lang='lat' dir='ltr'><strong>cum</strong></span> <span class='ocrx_word' id='word_1_367' title='bbox 827 3478 1074 3534; x_wconf 89' lang='lat' dir='ltr'><strong>ﬁdelibus</strong></span> <span class='ocrx_word' id='word_1_368' title='bbox 1112 3481 1366 3536; x_wconf 90' lang='lat' dir='ltr'><strong>in&#39;vulva</strong></span> <span class='ocrx_word' id='word_1_369' title='bbox 1416 3491 1738 3538; x_wconf 89' lang='lat' dir='ltr'><strong>concreatus</strong></span> <span class='ocrx_word' id='word_1_370' title='bbox 1772 3493 1892 3550; x_wconf 89' lang='lat' dir='ltr'><strong>est,</strong></span> <span class='ocrx_word' id='word_1_371' title='bbox 1933 3492 2136 3539; x_wconf 89' lang='lat' dir='ltr'><strong>etcum</strong></span> 
     </span>
    </p>
   </div>
   <div class='ocr_carea' id='block_1_49' title="bbox 550 3568 2139 3646">
    <p class='ocr_par' dir='ltr' id='par_1_49' title="bbox 550 3568 2139 3646">
     <span class='ocr_line' id='line_1_49' title="bbox 550 3568 2139 3646; baseline 0.003 -22"><span class='ocrx_word' id='word_1_372' title='bbox 550 3568 742 3625; x_wconf 87' lang='lat' dir='ltr'><strong>electis</strong></span> <span class='ocrx_word' id='word_1_373' title='bbox 763 3569 982 3626; x_wconf 88' lang='lat' dir='ltr'><strong>feminis</strong></span> <span class='ocrx_word' id='word_1_374' title='bbox 1004 3571 1270 3642; x_wconf 82' lang='lat' dir='ltr'><strong>graditur,</strong></span> <span class='ocrx_word' id='word_1_375' title='bbox 1292 3581 1347 3627; x_wconf 93' lang='lat' dir='ltr'><strong>et</strong></span> <span class='ocrx_word' id='word_1_376' title='bbox 1370 3586 1491 3628; x_wconf 88' lang='lat' dir='ltr'><strong>cum</strong></span> <span class='ocrx_word' id='word_1_377' title='bbox 1511 3571 1676 3641; x_wconf 87' lang='lat' dir='ltr'><strong>justis</strong></span> <span class='ocrx_word' id='word_1_378' title='bbox 1700 3571 1948 3630; x_wconf 91' lang='lat' dir='ltr'><strong>ﬁdelibus</strong></span> <span class='ocrx_word' id='word_1_379' title='bbox 1973 3589 2139 3646; x_wconf 82' lang='lat' dir='ltr'><strong>agno-</strong></span> 
     </span>
    </p>
   </div>
   <div class='ocr_carea' id='block_1_50' title="bbox 551 3662 2140 3736">
    <p class='ocr_par' dir='ltr' id='par_1_50' title="bbox 551 3662 2140 3736">
     <span class='ocr_line' id='line_1_50' title="bbox 551 3662 2140 3736; baseline 0.002 -19"><span class='ocrx_word' id='word_1_380' title='bbox 551 3662 743 3718; x_wconf 89' lang='lat' dir='ltr'><strong>scitur.</strong></span> <span class='ocrx_word' id='word_1_381' title='bbox 784 3663 970 3720; x_wconf 87' lang='lat' dir='ltr'><strong>Timor</strong></span> <span class='ocrx_word' id='word_1_382' title='bbox 999 3664 1211 3719; x_wconf 89' lang='lat' dir='ltr'><strong>Domini</strong></span> <span class='ocrx_word' id='word_1_383' title='bbox 1243 3664 1483 3721; x_wconf 82' lang='lat' dir='ltr'><strong>scientia</strong></span> <span class='ocrx_word' id='word_1_384' title='bbox 1528 3665 1852 3734; x_wconf 85' lang='lat' dir='ltr'><strong>religiositas</strong></span> <span class='ocrx_word' id='word_1_385' title='bbox 1875 3704 1891 3730; x_wconf 92' lang='lat'><strong>,</strong></span> <span class='ocrx_word' id='word_1_386' title='bbox 1926 3664 2140 3736; x_wconf 80' lang='lat' dir='ltr'><strong>religio-</strong></span> 
     </span>
    </p>
   </div>
   <div class='ocr_carea' id='block_1_51' title="bbox 2238 2473 3791 2546">
    <p class='ocr_par' dir='ltr' id='par_1_51' title="bbox 2238 2473 3791 2546">
     <span class='ocr_line' id='line_1_51' title="bbox 2238 2473 3791 2546; baseline 0 -17"><span class='ocrx_word' id='word_1_387' title='bbox 2238 2490 2357 2530; x_wconf 85' lang='lat' dir='ltr'><strong>rum</strong></span> <span class='ocrx_word' id='word_1_388' title='bbox 2376 2474 2567 2546; x_wconf 80' lang='lat' dir='ltr'><strong>(Eccli.</strong></span> <span class='ocrx_word' id='word_1_389' title='bbox 2594 2490 2667 2540; x_wconf 83' lang='lat' dir='ltr'><strong>tv,</strong></span> <span class='ocrx_word' id='word_1_390' title='bbox 2693 2473 2912 2543; x_wconf 64' lang='lat'><strong>25,24).</strong></span> <span class='ocrx_word' id='word_1_391' title='bbox 2938 2495 2957 2528; x_wconf 78' lang='grc' dir='ltr'><strong><em>ι</em></strong></span> <span class='ocrx_word' id='word_1_392' title='bbox 2977 2474 3074 2531; x_wconf 87' lang='lat' dir='ltr'><strong>Est</strong></span> <span class='ocrx_word' id='word_1_393' title='bbox 3102 2477 3247 2531; x_wconf 91' lang='lat' dir='ltr'><strong>enim</strong></span> <span class='ocrx_word' id='word_1_394' title='bbox 3277 2476 3528 2531; x_wconf 82' lang='lat' dir='ltr'><strong>confusio</strong></span> <span class='ocrx_word' id='word_1_395' title='bbox 3554 2476 3791 2531; x_wconf 87' lang='lat' dir='ltr'><strong>adducens</strong></span> 
     </span>
    </p>
   </div>
   <div class='ocr_carea' id='block_1_52' title="bbox 2237 2564 3794 2639">
    <p class='ocr_par' dir='ltr' id='par_1_52' title="bbox 2237 2564 3794 2639">
     <span class='ocr_line' id='line_1_52' title="bbox 2237 2564 3794 2639; baseline -0.001 -18"><span class='ocrx_word' id='word_1_396' title='bbox 2237 2575 2542 2637; x_wconf 89' lang='lat' dir='ltr'><strong>peccatum,</strong></span> <span class='ocrx_word' id='word_1_397' title='bbox 2587 2573 2641 2621; x_wconf 92' lang='lat' dir='ltr'><strong>et</strong></span> <span class='ocrx_word' id='word_1_398' title='bbox 2665 2572 2751 2622; x_wconf 89' lang='lat' dir='ltr'><strong>est</strong></span> <span class='ocrx_word' id='word_1_399' title='bbox 2788 2564 3033 2621; x_wconf 89' lang='lat' dir='ltr'><strong>confusio</strong></span> <span class='ocrx_word' id='word_1_400' title='bbox 3063 2567 3340 2623; x_wconf 90' lang='lat' dir='ltr'><strong>adducens</strong></span> <span class='ocrx_word' id='word_1_401' title='bbox 3374 2565 3599 2639; x_wconf 82' lang='lat' dir='ltr'><strong>gloriam</strong></span> <span class='ocrx_word' id='word_1_402' title='bbox 3626 2576 3672 2621; x_wconf 89' lang='lat' dir='ltr'><strong>et</strong></span> <span class='ocrx_word' id='word_1_403' title='bbox 3697 2581 3794 2638; x_wconf 86' lang='lat' dir='ltr'><strong>gra-</strong></span> 
     </span>
    </p>
   </div>
   <div class='ocr_carea' id='block_1_53' title="bbox 2240 2655 3794 2727">
    <p class='ocr_par' dir='ltr' id='par_1_53' title="bbox 2240 2655 3794 2727">
     <span class='ocr_line' id='line_1_53' title="bbox 2240 2655 3794 2727; baseline -0.001 -16"><span class='ocrx_word' id='word_1_404' title='bbox 2240 2658 2390 2711; x_wconf 89' lang='lat' dir='ltr'><strong>tiam.</strong></span> <span class='ocrx_word' id='word_1_405' title='bbox 2425 2655 2503 2711; x_wconf 81' lang='lat' dir='ltr'><strong>Ne</strong></span> <span class='ocrx_word' id='word_1_406' title='bbox 2528 2656 2765 2727; x_wconf 90' lang='lat' dir='ltr'><strong>accipias</strong></span> <span class='ocrx_word' id='word_1_407' title='bbox 2792 2655 2987 2712; x_wconf 81' lang='lat' dir='ltr'><strong>faciem</strong></span> <span class='ocrx_word' id='word_1_408' title='bbox 3014 2658 3276 2713; x_wconf 83' lang='lat' dir='ltr'><strong>adversus</strong></span> <span class='ocrx_word' id='word_1_409' title='bbox 3316 2657 3512 2714; x_wconf 88' lang='lat' dir='ltr'><strong>faciem</strong></span> <span class='ocrx_word' id='word_1_410' title='bbox 3541 2669 3693 2723; x_wconf 89' lang='lat' dir='ltr'><strong>tuam,</strong></span> <span class='ocrx_word' id='word_1_411' title='bbox 3718 2672 3794 2711; x_wconf 89' lang='lat' dir='ltr'><strong>nec</strong></span> 
     </span>
    </p>
   </div>
   <div class='ocr_carea' id='block_1_54' title="bbox 2240 2746 3797 2805">
    <p class='ocr_par' dir='ltr' id='par_1_54' title="bbox 2240 2746 3797 2805">
     <span class='ocr_line' id='line_1_54' title="bbox 2240 2746 3797 2805; baseline -0.003 -1"><span class='ocrx_word' id='word_1_412' title='bbox 2240 2759 2496 2804; x_wconf 87' lang='lat' dir='ltr'><strong>adversus</strong></span> <span class='ocrx_word' id='word_1_413' title='bbox 2526 2748 2763 2803; x_wconf 89' lang='lat' dir='ltr'><strong>animam</strong></span> <span class='ocrx_word' id='word_1_414' title='bbox 2800 2756 2947 2803; x_wconf 91' lang='lat' dir='ltr'><strong>tuam</strong></span> <span class='ocrx_word' id='word_1_415' title='bbox 2977 2749 3347 2804; x_wconf 90' lang='lat' dir='ltr'><strong>mendacium.</strong></span> <span class='ocrx_word' id='word_1_416' title='bbox 3393 2749 3510 2804; x_wconf 87' lang='lat' dir='ltr'><strong>Non</strong></span> <span class='ocrx_word' id='word_1_417' title='bbox 3539 2746 3797 2805; x_wconf 84' lang='lat' dir='ltr'><strong>reverearis</strong></span> 
     </span>
    </p>
   </div>
   <div class='ocr_carea' id='block_1_55' title="bbox 2238 2836 3794 2910">
    <p class='ocr_par' dir='ltr' id='par_1_55' title="bbox 2238 2836 3794 2910">
     <span class='ocr_line' id='line_1_55' title="bbox 2238 2836 3794 2910; baseline -0.003 -16"><span class='ocrx_word' id='word_1_418' title='bbox 2238 2840 2542 2910; x_wconf 88' lang='lat' dir='ltr'><strong>proximum</strong></span> <span class='ocrx_word' id='word_1_419' title='bbox 2569 2847 2720 2894; x_wconf 91' lang='lat' dir='ltr'><strong>tuum</strong></span> <span class='ocrx_word' id='word_1_420' title='bbox 2750 2839 2805 2894; x_wconf 90' lang='lat' dir='ltr'><strong>in</strong></span> <span class='ocrx_word' id='word_1_421' title='bbox 2826 2854 2958 2896; x_wconf 90' lang='lat' dir='ltr'><strong>casu</strong></span> <span class='ocrx_word' id='word_1_422' title='bbox 2982 2854 3104 2905; x_wconf 89' lang='lat' dir='ltr'><strong>suo,</strong></span> <span class='ocrx_word' id='word_1_423' title='bbox 3135 2855 3236 2895; x_wconf 91' lang='lat' dir='ltr'><strong>nec</strong></span> <span class='ocrx_word' id='word_1_424' title='bbox 3270 2841 3508 2895; x_wconf 90' lang='lat' dir='ltr'><strong>retineas</strong></span> <span class='ocrx_word' id='word_1_425' title='bbox 3532 2841 3732 2895; x_wconf 83' lang='lat' dir='ltr'><strong>verbum</strong></span> <span class='ocrx_word' id='word_1_426' title='bbox 3755 2836 3794 2890; x_wconf 90' lang='lat' dir='ltr'><strong>in</strong></span> 
     </span>
    </p>
   </div>
   <div class='ocr_carea' id='block_1_56' title="bbox 2240 2929 3793 3005">
    <p class='ocr_par' dir='ltr' id='par_1_56' title="bbox 2240 2929 3793 3005">
     <span class='ocr_line' id='line_1_56' title="bbox 2240 2929 3793 3005; baseline -0.005 -16"><span class='ocrx_word' id='word_1_427' title='bbox 2240 2942 2483 3004; x_wconf 90' lang='lat' dir='ltr'><strong>tempore</strong></span> <span class='ocrx_word' id='word_1_428' title='bbox 2516 2933 2724 2988; x_wconf 87' lang='lat' dir='ltr'><strong>salutis.</strong></span> <span class='ocrx_word' id='word_1_429' title='bbox 2757 2932 2875 2988; x_wconf 85' lang='lat' dir='ltr'><strong>Non</strong></span> <span class='ocrx_word' id='word_1_430' title='bbox 2907 2933 3211 2989; x_wconf 87' lang='lat' dir='ltr'><strong>abscondas</strong></span> <span class='ocrx_word' id='word_1_431' title='bbox 3252 2934 3575 3005; x_wconf 89' lang='lat' dir='ltr'><strong>sapientiam</strong></span> <span class='ocrx_word' id='word_1_432' title='bbox 3600 2942 3726 2987; x_wconf 89' lang='lat' dir='ltr'><strong>tuam</strong></span> <span class='ocrx_word' id='word_1_433' title='bbox 3755 2929 3793 2982; x_wconf 91' lang='lat' dir='ltr'><strong>in</strong></span> 
     </span>
    </p>
   </div>
   <div class='ocr_carea' id='block_1_57' title="bbox 2239 3021 3794 3095">
    <p class='ocr_par' dir='ltr' id='par_1_57' title="bbox 2239 3021 3794 3095">
     <span class='ocr_line' id='line_1_57' title="bbox 2239 3021 3794 3095; baseline -0.006 -14"><span class='ocrx_word' id='word_1_434' title='bbox 2239 3025 2433 3081; x_wconf 90' lang='lat' dir='ltr'><strong>decore</strong></span> <span class='ocrx_word' id='word_1_435' title='bbox 2454 3024 2588 3092; x_wconf 89' lang='lat' dir='ltr'><strong>ejus.</strong></span> <span class='ocrx_word' id='word_1_436' title='bbox 2618 3024 2676 3079; x_wconf 91' lang='lat' dir='ltr'><strong>ln</strong></span> <span class='ocrx_word' id='word_1_437' title='bbox 2716 3023 2901 3095; x_wconf 83' lang='lat' dir='ltr'><strong>lingua</strong></span> <span class='ocrx_word' id='word_1_438' title='bbox 2928 3024 3071 3078; x_wconf 90' lang='lat' dir='ltr'><strong>enim</strong></span> <span class='ocrx_word' id='word_1_439' title='bbox 3105 3027 3427 3095; x_wconf 79' lang='lat' dir='ltr'><strong>agnoscitur</strong></span> <span class='ocrx_word' id='word_1_440' title='bbox 3454 3021 3698 3095; x_wconf 87' lang='lat' dir='ltr'><strong>sapientia</strong></span> <span class='ocrx_word' id='word_1_441' title='bbox 3718 3060 3731 3086; x_wconf 95' lang='lat'><strong>,</strong></span> <span class='ocrx_word' id='word_1_442' title='bbox 3754 3028 3794 3073; x_wconf 89' lang='lat' dir='ltr'><strong>et</strong></span> 
     </span>
    </p>
   </div>
   <div class='ocr_carea' id='block_1_58' title="bbox 2241 3112 3795 3181">
    <p class='ocr_par' dir='ltr' id='par_1_58' title="bbox 2241 3112 3795 3181">
     <span class='ocr_line' id='line_1_58' title="bbox 2241 3112 3795 3181; baseline -0.007 -8"><span class='ocrx_word' id='word_1_443' title='bbox 2241 3131 2454 3181; x_wconf 86' lang='lat' dir='ltr'><strong>sensus,</strong></span> <span class='ocrx_word' id='word_1_444' title='bbox 2484 3123 2538 3171; x_wconf 90' lang='lat' dir='ltr'><strong>et</strong></span> <span class='ocrx_word' id='word_1_445' title='bbox 2566 3116 2815 3181; x_wconf 91' lang='lat' dir='ltr'><strong>scientia,</strong></span> <span class='ocrx_word' id='word_1_446' title='bbox 2840 3123 2897 3170; x_wconf 88' lang='lat' dir='ltr'><strong>et</strong></span> <span class='ocrx_word' id='word_1_447' title='bbox 2921 3115 3164 3171; x_wconf 88' lang='lat' dir='ltr'><strong>doctrina</strong></span> <span class='ocrx_word' id='word_1_448' title='bbox 3191 3116 3245 3170; x_wconf 90' lang='lat' dir='ltr'><strong>in</strong></span> <span class='ocrx_word' id='word_1_449' title='bbox 3281 3116 3467 3172; x_wconf 83' lang='lat' dir='ltr'><strong>verbis</strong></span> <span class='ocrx_word' id='word_1_450' title='bbox 3489 3112 3732 3176; x_wconf 79' lang='lat' dir='ltr'><strong>veritatis,</strong></span> <span class='ocrx_word' id='word_1_451' title='bbox 3754 3116 3795 3163; x_wconf 87' lang='lat' dir='ltr'><strong>et</strong></span> 
     </span>
    </p>
   </div>
   <div class='ocr_carea' id='block_1_59' title="bbox 2241 3202 3793 3276">
    <p class='ocr_par' dir='ltr' id='par_1_59' title="bbox 2241 3202 3793 3276">
     <span class='ocr_line' id='line_1_59' title="bbox 2241 3202 3793 3276; baseline -0.005 -15"><span class='ocrx_word' id='word_1_452' title='bbox 2241 3207 2642 3262; x_wconf 88' lang='lat' dir='ltr'><strong>ﬁrmamentum</strong></span> <span class='ocrx_word' id='word_1_453' title='bbox 2685 3206 2741 3261; x_wconf 91' lang='lat' dir='ltr'><strong>in</strong></span> <span class='ocrx_word' id='word_1_454' title='bbox 2771 3205 3028 3276; x_wconf 88' lang='lat' dir='ltr'><strong>operibus</strong></span> <span class='ocrx_word' id='word_1_455' title='bbox 3050 3205 3301 3275; x_wconf 74' lang='lat' dir='ltr'><strong>iustitia.</strong></span> <span class='ocrx_word' id='word_1_456' title='bbox 3343 3206 3460 3262; x_wconf 85' lang='lat' dir='ltr'><strong>Non</strong></span> <span class='ocrx_word' id='word_1_457' title='bbox 3498 3202 3793 3261; x_wconf 71' lang='lat' dir='ltr'><strong>contradicts</strong></span> 
     </span>
    </p>
   </div>
   <div class='ocr_carea' id='block_1_60' title="bbox 2240 3298 3794 3366">
    <p class='ocr_par' dir='ltr' id='par_1_60' title="bbox 2240 3298 3794 3366">
     <span class='ocr_line' id='line_1_60' title="bbox 2240 3298 3794 3366; baseline -0.003 -13"><span class='ocrx_word' id='word_1_458' title='bbox 2240 3299 2456 3355; x_wconf 87' lang='lat' dir='ltr'><strong>veritati</strong></span> <span class='ocrx_word' id='word_1_459' title='bbox 2486 3298 2598 3354; x_wconf 92' lang='lat' dir='ltr'><strong>ullo</strong></span> <span class='ocrx_word' id='word_1_460' title='bbox 2626 3298 2807 3366; x_wconf 92' lang='lat' dir='ltr'><strong>modo,</strong></span> <span class='ocrx_word' id='word_1_461' title='bbox 2834 3307 2890 3354; x_wconf 92' lang='lat' dir='ltr'><strong>et</strong></span> <span class='ocrx_word' id='word_1_462' title='bbox 2912 3299 2979 3354; x_wconf 91' lang='lat' dir='ltr'><strong>de</strong></span> <span class='ocrx_word' id='word_1_463' title='bbox 3008 3300 3298 3356; x_wconf 85' lang='lat' dir='ltr'><strong>mendacio</strong></span> <span class='ocrx_word' id='word_1_464' title='bbox 3326 3298 3687 3355; x_wconf 91' lang='lat' dir='ltr'><strong>ineruditionis</strong></span> <span class='ocrx_word' id='word_1_465' title='bbox 3713 3305 3794 3349; x_wconf 67' lang='lat' dir='ltr'><strong>tua</strong></span> 
     </span>
    </p>
   </div>
   <div class='ocr_carea' id='block_1_61' title="bbox 2239 3388 3789 3461">
    <p class='ocr_par' dir='ltr' id='par_1_61' title="bbox 2239 3388 3789 3461">
     <span class='ocr_line' id='line_1_61' title="bbox 2239 3388 3789 3461; baseline -0.005 -16"><span class='ocrx_word' id='word_1_466' title='bbox 2239 3389 2589 3445; x_wconf 87' lang='lat' dir='ltr'><strong>confundere.</strong></span> <span class='ocrx_word' id='word_1_467' title='bbox 2633 3388 2750 3444; x_wconf 83' lang='lat' dir='ltr'><strong>Non</strong></span> <span class='ocrx_word' id='word_1_468' title='bbox 2781 3390 3129 3445; x_wconf 86' lang='lat' dir='ltr'><strong>confundaris</strong></span> <span class='ocrx_word' id='word_1_469' title='bbox 3169 3390 3420 3447; x_wconf 87' lang='lat' dir='ltr'><strong>confiteri</strong></span> <span class='ocrx_word' id='word_1_470' title='bbox 3458 3398 3666 3461; x_wconf 88' lang='lat' dir='ltr'><strong>peccata</strong></span> <span class='ocrx_word' id='word_1_471' title='bbox 3701 3395 3789 3447; x_wconf 86' lang='lat' dir='ltr'><strong>tua,</strong></span> 
     </span>
    </p>
   </div>
   <div class='ocr_carea' id='block_1_62' title="bbox 2238 3479 3793 3553">
    <p class='ocr_par' dir='ltr' id='par_1_62' title="bbox 2238 3479 3793 3553">
     <span class='ocr_line' id='line_1_62' title="bbox 2238 3479 3793 3553; baseline -0.005 -17"><span class='ocrx_word' id='word_1_472' title='bbox 2238 3487 2294 3537; x_wconf 85' lang='lat' dir='ltr'><strong>et</strong></span> <span class='ocrx_word' id='word_1_473' title='bbox 2323 3497 2391 3536; x_wconf 92' lang='lat' dir='ltr'><strong>ne</strong></span> <span class='ocrx_word' id='word_1_474' title='bbox 2413 3480 2669 3549; x_wconf 89' lang='lat' dir='ltr'><strong>subjicias</strong></span> <span class='ocrx_word' id='word_1_475' title='bbox 2698 3490 2751 3536; x_wconf 91' lang='lat' dir='ltr'><strong>te</strong></span> <span class='ocrx_word' id='word_1_476' title='bbox 2780 3482 2982 3537; x_wconf 89' lang='lat' dir='ltr'><strong>homini</strong></span> <span class='ocrx_word' id='word_1_477' title='bbox 3019 3497 3119 3552; x_wconf 91' lang='lat' dir='ltr'><strong>pro</strong></span> <span class='ocrx_word' id='word_1_478' title='bbox 3153 3491 3402 3553; x_wconf 87' lang='lat' dir='ltr'><strong>peccato.</strong></span> <span class='ocrx_word' id='word_1_479' title='bbox 3441 3483 3553 3539; x_wconf 81' lang='lat' dir='ltr'><strong>Noli</strong></span> <span class='ocrx_word' id='word_1_480' title='bbox 3583 3479 3793 3535; x_wconf 85' lang='lat' dir='ltr'><strong>resistere</strong></span> 
     </span>
    </p>
   </div>
   <div class='ocr_carea' id='block_1_63' title="bbox 2237 3571 3789 3641">
    <p class='ocr_par' dir='ltr' id='par_1_63' title="bbox 2237 3571 3789 3641">
     <span class='ocr_line' id='line_1_63' title="bbox 2237 3571 3789 3641; baseline -0.004 -13"><span class='ocrx_word' id='word_1_481' title='bbox 2237 3580 2427 3628; x_wconf 89' lang='lat' dir='ltr'><strong>contra</strong></span> <span class='ocrx_word' id='word_1_482' title='bbox 2470 3571 2663 3627; x_wconf 86' lang='lat' dir='ltr'><strong>faciem</strong></span> <span class='ocrx_word' id='word_1_483' title='bbox 2710 3572 2987 3641; x_wconf 85' lang='lat' dir='ltr'><strong>potentis,</strong></span> <span class='ocrx_word' id='word_1_484' title='bbox 3034 3588 3135 3629; x_wconf 90' lang='lat' dir='ltr'><strong>nec</strong></span> <span class='ocrx_word' id='word_1_485' title='bbox 3175 3576 3394 3632; x_wconf 79' lang='lat' dir='ltr'><strong>coneris</strong></span> <span class='ocrx_word' id='word_1_486' title='bbox 3440 3583 3619 3630; x_wconf 86' lang='lat' dir='ltr'><strong>contra</strong></span> <span class='ocrx_word' id='word_1_487' title='bbox 3659 3572 3789 3625; x_wconf 88' lang='lat' dir='ltr'><strong>ictum</strong></span> 
     </span>
    </p>
   </div>
   <div class='ocr_carea' id='block_1_64' title="bbox 2240 3662 3790 3734">
    <p class='ocr_par' dir='ltr' id='par_1_64' title="bbox 2240 3662 3790 3734">
     <span class='ocr_line' id='line_1_64' title="bbox 2240 3662 3790 3734; baseline 0 -17"><span class='ocrx_word' id='word_1_488' title='bbox 2240 3662 2406 3717; x_wconf 89' lang='lat' dir='ltr'><strong>ﬁuvii.</strong></span> <span class='ocrx_word' id='word_1_489' title='bbox 2433 3663 2541 3718; x_wconf 88' lang='lat' dir='ltr'><strong>Pro</strong></span> <span class='ocrx_word' id='word_1_490' title='bbox 2562 3662 2772 3732; x_wconf 86' lang='lat' dir='ltr'><strong>justitia</strong></span> <span class='ocrx_word' id='word_1_491' title='bbox 2797 3664 3083 3734; x_wconf 84' lang='lat' dir='ltr'><strong>agonizare</strong></span> <span class='ocrx_word' id='word_1_492' title='bbox 3107 3680 3205 3734; x_wconf 90' lang='lat' dir='ltr'><strong>pro</strong></span> <span class='ocrx_word' id='word_1_493' title='bbox 3234 3667 3417 3721; x_wconf 90' lang='lat' dir='ltr'><strong>anima</strong></span> <span class='ocrx_word' id='word_1_494' title='bbox 3434 3675 3557 3729; x_wconf 87' lang='lat' dir='ltr'><strong>tua,</strong></span> <span class='ocrx_word' id='word_1_495' title='bbox 3581 3671 3631 3718; x_wconf 87' lang='lat' dir='ltr'><strong>et</strong></span> <span class='ocrx_word' id='word_1_496' title='bbox 3652 3671 3790 3729; x_wconf 82' lang='lat' dir='ltr'><strong>usque</strong></span> 
     </span>
    </p>
   </div>
   <div class='ocr_carea' id='block_1_65' title="bbox 550 3749 3789 3829">
    <p class='ocr_par' dir='ltr' id='par_1_65' title="bbox 550 3749 3789 3829">
     <span class='ocr_line' id='line_1_65' title="bbox 550 3749 3789 3829; baseline -0.001 -19"><span class='ocrx_word' id='word_1_497' title='bbox 550 3755 688 3829; x_wconf 87' lang='lat' dir='ltr'><strong>sitas</strong></span> <span class='ocrx_word' id='word_1_498' title='bbox 708 3756 979 3821; x_wconf 80' lang='lat' dir='ltr'><strong>custodiet</strong></span> <span class='ocrx_word' id='word_1_499' title='bbox 1000 3753 1528 3821; x_wconf 87' lang='lat' dir='ltr'><strong>etjustiﬁcabiteor,</strong></span> <span class='ocrx_word' id='word_1_500' title='bbox 1549 3754 1942 3824; x_wconf 87' lang='lat' dir='ltr'><strong>jucunditatem</strong></span> <span class='ocrx_word' id='word_1_501' title='bbox 1970 3763 2132 3825; x_wconf 88' lang='lat' dir='ltr'><strong>atque</strong></span> <span class='ocrx_word' id='word_1_502' title='bbox 2160 3761 2205 3824; x_wconf 66' lang='grc' dir='ltr'><strong>(ζ</strong></span> <span class='ocrx_word' id='word_1_503' title='bbox 2234 3753 2301 3808; x_wconf 89' lang='lat' dir='ltr'><strong>ad</strong></span> <span class='ocrx_word' id='word_1_504' title='bbox 2339 3762 2567 3808; x_wconf 85' lang='lat' dir='ltr'><strong>mortem</strong></span> <span class='ocrx_word' id='word_1_505' title='bbox 2613 3760 2763 3808; x_wconf 90' lang='lat' dir='ltr'><strong>certa</strong></span> <span class='ocrx_word' id='word_1_506' title='bbox 2810 3768 2907 3823; x_wconf 94' lang='lat' dir='ltr'><strong>pro</strong></span> <span class='ocrx_word' id='word_1_507' title='bbox 2936 3754 3180 3825; x_wconf 89' lang='lat' dir='ltr'><strong>justitia,</strong></span> <span class='ocrx_word' id='word_1_508' title='bbox 3216 3765 3271 3810; x_wconf 89' lang='lat' dir='ltr'><strong>et</strong></span> <span class='ocrx_word' id='word_1_509' title='bbox 3318 3758 3464 3812; x_wconf 91' lang='lat' dir='ltr'><strong>Deus</strong></span> <span class='ocrx_word' id='word_1_510' title='bbox 3504 3749 3789 3825; x_wconf 71' lang='lat' dir='ltr'><strong>expugnabit</strong></span> 
     </span>
    </p>
   </div>
   <div class='ocr_carea' id='block_1_66' title="bbox 551 3845 2138 3917">
    <p class='ocr_par' dir='ltr' id='par_1_66' title="bbox 551 3845 2138 3917">
     <span class='ocr_line' id='line_1_66' title="bbox 551 3845 2138 3917; baseline 0.003 -17"><span class='ocrx_word' id='word_1_511' title='bbox 551 3846 808 3917; x_wconf 84' lang='lat' dir='ltr'><strong>gaudium</strong></span> <span class='ocrx_word' id='word_1_512' title='bbox 829 3846 1000 3900; x_wconf 90' lang='lat' dir='ltr'><strong>dabit.</strong></span> <span class='ocrx_word' id='word_1_513' title='bbox 1026 3846 1258 3902; x_wconf 88' lang='lat' dir='ltr'><strong>Timenti</strong></span> <span class='ocrx_word' id='word_1_514' title='bbox 1284 3846 1617 3902; x_wconf 88' lang='lat' dir='ltr'><strong>Deumbene</strong></span> <span class='ocrx_word' id='word_1_515' title='bbox 1636 3846 1761 3901; x_wconf 91' lang='lat' dir='ltr'><strong>erit.</strong></span> <span class='ocrx_word' id='word_1_516' title='bbox 1785 3845 1853 3901; x_wconf 85' lang='lat' dir='ltr'><strong>Et</strong></span> <span class='ocrx_word' id='word_1_517' title='bbox 1873 3846 1925 3900; x_wconf 93' lang='lat' dir='ltr'><strong>in</strong></span> <span class='ocrx_word' id='word_1_518' title='bbox 1950 3847 2138 3904; x_wconf 86' lang='lat' dir='ltr'><strong>diebus</strong></span> 
     </span>
    </p>
   </div>
   <div class='ocr_carea' id='block_1_67' title="bbox 550 3936 2139 4010">
    <p class='ocr_par' dir='ltr' id='par_1_67' title="bbox 550 3936 2139 4010">
     <span class='ocr_line' id='line_1_67' title="bbox 550 3936 2139 4010; baseline 0.003 -21"><span class='ocrx_word' id='word_1_519' title='bbox 550 3936 1032 3991; x_wconf 89' lang='lat' dir='ltr'><strong>consummationis</strong></span> <span class='ocrx_word' id='word_1_520' title='bbox 1062 3936 1206 3991; x_wconf 90' lang='lat' dir='ltr'><strong>illius</strong></span> <span class='ocrx_word' id='word_1_521' title='bbox 1225 3937 1594 3993; x_wconf 87' lang='lat' dir='ltr'><strong>benedicetur.</strong></span> <span class='ocrx_word' id='word_1_522' title='bbox 1623 3937 1902 3993; x_wconf 86' lang='lat' dir='ltr'><strong>Plenitudo</strong></span> <span class='ocrx_word' id='word_1_523' title='bbox 1921 3938 2139 4010; x_wconf 87' lang='lat' dir='ltr'><strong>sapien-</strong></span> 
     </span>
    </p>
   </div>
   <div class='ocr_carea' id='block_1_68' title="bbox 551 4026 2133 4099">
    <p class='ocr_par' dir='ltr' id='par_1_68' title="bbox 551 4026 2133 4099">
     <span class='ocr_line' id='line_1_68' title="bbox 551 4026 2133 4099; baseline 0.002 -18"><span class='ocrx_word' id='word_1_524' title='bbox 551 4026 643 4081; x_wconf 81' lang='lat' dir='ltr'><strong>tia</strong></span> <span class='ocrx_word' id='word_1_525' title='bbox 669 4036 752 4082; x_wconf 89' lang='lat' dir='ltr'><strong>est</strong></span> <span class='ocrx_word' id='word_1_526' title='bbox 785 4027 977 4083; x_wconf 90' lang='lat' dir='ltr'><strong>timere</strong></span> <span class='ocrx_word' id='word_1_527' title='bbox 1003 4029 1194 4093; x_wconf 90' lang='lat' dir='ltr'><strong>Deum,</strong></span> <span class='ocrx_word' id='word_1_528' title='bbox 1225 4038 1280 4085; x_wconf 90' lang='lat' dir='ltr'><strong>et</strong></span> <span class='ocrx_word' id='word_1_529' title='bbox 1310 4028 1589 4099; x_wconf 89' lang='lat' dir='ltr'><strong>plenitudo</strong></span> <span class='ocrx_word' id='word_1_530' title='bbox 1622 4044 1653 4083; x_wconf 91' lang='lat' dir='ltr'><strong>a</strong></span> <span class='ocrx_word' id='word_1_531' title='bbox 1683 4028 1950 4087; x_wconf 85' lang='lat' dir='ltr'><strong>fructibus</strong></span> <span class='ocrx_word' id='word_1_532' title='bbox 1975 4031 2133 4088; x_wconf 87' lang='lat' dir='ltr'><strong>illius.</strong></span> 
     </span>
    </p>
   </div>
   <div class='ocr_carea' id='block_1_69' title="bbox 552 4118 2137 4194">
    <p class='ocr_par' dir='ltr' id='par_1_69' title="bbox 552 4118 2137 4194">
     <span class='ocr_line' id='line_1_69' title="bbox 552 4118 2137 4194; baseline 0.004 -19"><span class='ocrx_word' id='word_1_533' title='bbox 552 4118 780 4175; x_wconf 89' lang='lat' dir='ltr'><strong>Omnem</strong></span> <span class='ocrx_word' id='word_1_534' title='bbox 835 4118 1053 4175; x_wconf 88' lang='lat' dir='ltr'><strong>domum</strong></span> <span class='ocrx_word' id='word_1_535' title='bbox 1105 4121 1247 4177; x_wconf 90' lang='lat' dir='ltr'><strong>illius</strong></span> <span class='ocrx_word' id='word_1_536' title='bbox 1296 4121 1536 4192; x_wconf 87' lang='lat' dir='ltr'><strong>implevit</strong></span> <span class='ocrx_word' id='word_1_537' title='bbox 1578 4139 1609 4178; x_wconf 89' lang='lat' dir='ltr'><strong>a</strong></span> <span class='ocrx_word' id='word_1_538' title='bbox 1655 4125 2137 4194; x_wconf 83' lang='lat' dir='ltr'><strong>generationibus,</strong></span> 
     </span>
    </p>
   </div>
   <div class='ocr_carea' id='block_1_70' title="bbox 550 4212 2141 4288">
    <p class='ocr_par' dir='ltr' id='par_1_70' title="bbox 550 4212 2141 4288">
     <span class='ocr_line' id='line_1_70' title="bbox 550 4212 2141 4288; baseline 0.007 -25"><span class='ocrx_word' id='word_1_539' title='bbox 550 4218 609 4264; x_wconf 91' lang='lat' dir='ltr'><strong>et</strong></span> <span class='ocrx_word' id='word_1_540' title='bbox 634 4212 975 4280; x_wconf 88' lang='lat' dir='ltr'><strong>receptacula</strong></span> <span class='ocrx_word' id='word_1_541' title='bbox 1009 4229 1041 4268; x_wconf 93' lang='lat' dir='ltr'><strong>a</strong></span> <span class='ocrx_word' id='word_1_542' title='bbox 1089 4214 1355 4269; x_wconf 88' lang='lat' dir='ltr'><strong>thesauris</strong></span> <span class='ocrx_word' id='word_1_543' title='bbox 1395 4215 1557 4270; x_wconf 89' lang='lat' dir='ltr'><strong>illius.</strong></span> <span class='ocrx_word' id='word_1_544' title='bbox 1604 4216 1815 4273; x_wconf 88' lang='lat' dir='ltr'><strong>Corona</strong></span> <span class='ocrx_word' id='word_1_545' title='bbox 1865 4218 2141 4288; x_wconf 80' lang='lat' dir='ltr'><strong>sapientia</strong></span> 
     </span>
    </p>
   </div>
   <div class='ocr_carea' id='block_1_71' title="bbox 555 4301 2139 4377">
    <p class='ocr_par' dir='ltr' id='par_1_71' title="bbox 555 4301 2139 4377">
     <span class='ocr_line' id='line_1_71' title="bbox 555 4301 2139 4377; baseline 0.004 -22"><span class='ocrx_word' id='word_1_546' title='bbox 555 4301 720 4356; x_wconf 91' lang='lat' dir='ltr'><strong>timor</strong></span> <span class='ocrx_word' id='word_1_547' title='bbox 747 4303 984 4370; x_wconf 89' lang='lat' dir='ltr'><strong>Domini,</strong></span> <span class='ocrx_word' id='word_1_548' title='bbox 1020 4304 1233 4375; x_wconf 88' lang='lat' dir='ltr'><strong>replens</strong></span> <span class='ocrx_word' id='word_1_549' title='bbox 1258 4321 1446 4377; x_wconf 89' lang='lat' dir='ltr'><strong>pacem</strong></span> <span class='ocrx_word' id='word_1_550' title='bbox 1484 4315 1540 4362; x_wconf 89' lang='lat' dir='ltr'><strong>et</strong></span> <span class='ocrx_word' id='word_1_551' title='bbox 1572 4307 1762 4364; x_wconf 88' lang='lat' dir='ltr'><strong>salutis</strong></span> <span class='ocrx_word' id='word_1_552' title='bbox 1792 4308 2053 4375; x_wconf 89' lang='lat' dir='ltr'><strong>fructum,</strong></span> <span class='ocrx_word' id='word_1_553' title='bbox 2083 4318 2139 4365; x_wconf 90' lang='lat' dir='ltr'><strong>et</strong></span> 
     </span>
    </p>
   </div>
   <div class='ocr_carea' id='block_1_72' title="bbox 553 4390 2140 4466">
    <p class='ocr_par' dir='ltr' id='par_1_72' title="bbox 553 4390 2140 4466">
     <span class='ocr_line' id='line_1_72' title="bbox 553 4390 2140 4466; baseline 0.006 -23"><span class='ocrx_word' id='word_1_554' title='bbox 553 4390 691 4445; x_wconf 86' lang='lat' dir='ltr'><strong>vidit</strong></span> <span class='ocrx_word' id='word_1_555' title='bbox 718 4399 773 4445; x_wconf 92' lang='lat' dir='ltr'><strong>et</strong></span> <span class='ocrx_word' id='word_1_556' title='bbox 802 4392 1163 4448; x_wconf 88' lang='lat' dir='ltr'><strong>dinumeravit</strong></span> <span class='ocrx_word' id='word_1_557' title='bbox 1192 4409 1332 4449; x_wconf 90' lang='lat' dir='ltr'><strong>eam.</strong></span> <span class='ocrx_word' id='word_1_558' title='bbox 1367 4394 1608 4466; x_wconf 89' lang='lat' dir='ltr'><strong>Utraque</strong></span> <span class='ocrx_word' id='word_1_559' title='bbox 1641 4405 1819 4452; x_wconf 92' lang='lat' dir='ltr'><strong>autem</strong></span> <span class='ocrx_word' id='word_1_560' title='bbox 1849 4406 1974 4452; x_wconf 91' lang='lat' dir='ltr'><strong>sunt</strong></span> <span class='ocrx_word' id='word_1_561' title='bbox 2002 4399 2140 4453; x_wconf 89' lang='lat' dir='ltr'><strong>dona</strong></span> 
     </span>
    </p>
   </div>
   <div class='ocr_carea' id='block_1_73' title="bbox 556 4483 2146 4559">
    <p class='ocr_par' dir='ltr' id='par_1_73' title="bbox 556 4483 2146 4559">
     <span class='ocr_line' id='line_1_73' title="bbox 556 4483 2146 4559; baseline 0.006 -22"><span class='ocrx_word' id='word_1_562' title='bbox 556 4483 678 4548; x_wconf 90' lang='lat' dir='ltr'><strong>Dei,</strong></span> <span class='ocrx_word' id='word_1_563' title='bbox 716 4483 940 4538; x_wconf 85' lang='lat' dir='ltr'><strong>scientia</strong></span> <span class='ocrx_word' id='word_1_564' title='bbox 979 4493 1034 4540; x_wconf 94' lang='lat' dir='ltr'><strong>et</strong></span> <span class='ocrx_word' id='word_1_565' title='bbox 1074 4486 1395 4542; x_wconf 89' lang='lat' dir='ltr'><strong>intellectus.</strong></span> <span class='ocrx_word' id='word_1_566' title='bbox 1434 4486 1712 4558; x_wconf 89' lang='lat' dir='ltr'><strong>Sapientia</strong></span> <span class='ocrx_word' id='word_1_567' title='bbox 1757 4491 2146 4559; x_wconf 83' lang='lat' dir='ltr'><strong>compartietur</strong></span> 
     </span>
    </p>
   </div>
   <div class='ocr_carea' id='block_1_74' title="bbox 555 4574 2143 4647">
    <p class='ocr_par' dir='ltr' id='par_1_74' title="bbox 555 4574 2143 4647">
     <span class='ocr_line' id='line_1_74' title="bbox 555 4574 2143 4647; baseline 0.006 -21"><span class='ocrx_word' id='word_1_568' title='bbox 555 4574 855 4643; x_wconf 88' lang='lat' dir='ltr'><strong>prudentia</strong></span> <span class='ocrx_word' id='word_1_569' title='bbox 898 4583 955 4629; x_wconf 89' lang='lat' dir='ltr'><strong>et</strong></span> <span class='ocrx_word' id='word_1_570' title='bbox 988 4575 1214 4647; x_wconf 89' lang='lat' dir='ltr'><strong>gloriam</strong></span> <span class='ocrx_word' id='word_1_571' title='bbox 1255 4577 1553 4633; x_wconf 86' lang='lat' dir='ltr'><strong>tenentium</strong></span> <span class='ocrx_word' id='word_1_572' title='bbox 1597 4593 1656 4634; x_wconf 88' lang='lat' dir='ltr'><strong>se</strong></span> <span class='ocrx_word' id='word_1_573' title='bbox 1695 4578 1918 4633; x_wconf 83' lang='lat' dir='ltr'><strong>exaltat.</strong></span> <span class='ocrx_word' id='word_1_574' title='bbox 1968 4578 2143 4635; x_wconf 83' lang='lat' dir='ltr'><strong>Radix</strong></span> 
     </span>
    </p>
   </div>
   <div class='ocr_carea' id='block_1_75' title="bbox 557 4665 2137 4744">
    <p class='ocr_par' dir='ltr' id='par_1_75' title="bbox 557 4665 2137 4744">
     <span class='ocr_line' id='line_1_75' title="bbox 557 4665 2137 4744; baseline 0.004 -24"><span class='ocrx_word' id='word_1_575' title='bbox 557 4665 839 4735; x_wconf 82' lang='lat' dir='ltr'><strong>sapientia</strong></span> <span class='ocrx_word' id='word_1_576' title='bbox 851 4674 937 4721; x_wconf 92' lang='lat' dir='ltr'><strong>est</strong></span> <span class='ocrx_word' id='word_1_577' title='bbox 958 4667 1147 4723; x_wconf 89' lang='lat' dir='ltr'><strong>timere</strong></span> <span class='ocrx_word' id='word_1_578' title='bbox 1161 4669 1353 4734; x_wconf 87' lang='lat' dir='ltr'><strong>Deum,</strong></span> <span class='ocrx_word' id='word_1_579' title='bbox 1367 4670 1505 4725; x_wconf 88' lang='lat' dir='ltr'><strong>rami</strong></span> <span class='ocrx_word' id='word_1_580' title='bbox 1533 4671 1678 4725; x_wconf 92' lang='lat' dir='ltr'><strong>enim</strong></span> <span class='ocrx_word' id='word_1_581' title='bbox 1707 4671 1849 4727; x_wconf 84' lang='lat' dir='ltr'><strong>illius</strong></span> <span class='ocrx_word' id='word_1_582' title='bbox 1873 4671 2106 4744; x_wconf 79' lang='lat' dir='ltr'><strong>longavi</strong></span> <span class='ocrx_word' id='word_1_583' title='bbox 2121 4714 2137 4741; x_wconf 93' lang='lat'><strong>,</strong></span> 
     </span>
    </p>
   </div>
   <div class='ocr_carea' id='block_1_76' title="bbox 558 4756 2149 4835">
    <p class='ocr_par' dir='ltr' id='par_1_76' title="bbox 558 4756 2149 4835">
     <span class='ocr_line' id='line_1_76' title="bbox 558 4756 2149 4835; baseline 0.003 -22"><span class='ocrx_word' id='word_1_584' title='bbox 558 4756 612 4813; x_wconf 90' lang='lat' dir='ltr'><strong>in</strong></span> <span class='ocrx_word' id='word_1_585' title='bbox 628 4758 896 4825; x_wconf 89' lang='lat' dir='ltr'><strong>thesauris</strong></span> <span class='ocrx_word' id='word_1_586' title='bbox 909 4758 1210 4828; x_wconf 88' lang='lat' dir='ltr'><strong>sapientia,</strong></span> <span class='ocrx_word' id='word_1_587' title='bbox 1231 4759 1534 4816; x_wconf 87' lang='lat' dir='ltr'><strong>intellectus</strong></span> <span class='ocrx_word' id='word_1_588' title='bbox 1547 4768 1601 4816; x_wconf 90' lang='lat' dir='ltr'><strong>et</strong></span> <span class='ocrx_word' id='word_1_589' title='bbox 1613 4762 1758 4817; x_wconf 91' lang='lat' dir='ltr'><strong>scien</strong></span> <span class='ocrx_word' id='word_1_590' title='bbox 1766 4762 1872 4828; x_wconf 83' lang='lat' dir='ltr'><strong>tia,</strong></span> <span class='ocrx_word' id='word_1_591' title='bbox 1888 4762 2149 4835; x_wconf 85' lang='lat' dir='ltr'><strong>religiosi-</strong></span> 
     </span>
    </p>
   </div>
   <div class='ocr_carea' id='block_1_77' title="bbox 561 4846 2147 4920">
    <p class='ocr_par' dir='ltr' id='par_1_77' title="bbox 561 4846 2147 4920">
     <span class='ocr_line' id='line_1_77' title="bbox 561 4846 2147 4920; baseline 0.006 -21"><span class='ocrx_word' id='word_1_592' title='bbox 561 4855 665 4911; x_wconf 89' lang='lat' dir='ltr'><strong>tas,</strong></span> <span class='ocrx_word' id='word_1_593' title='bbox 694 4846 1001 4902; x_wconf 79' lang='lat' dir='ltr'><strong>exsecratio</strong></span> <span class='ocrx_word' id='word_1_594' title='bbox 1029 4854 1209 4902; x_wconf 89' lang='lat' dir='ltr'><strong>autem</strong></span> <span class='ocrx_word' id='word_1_595' title='bbox 1240 4848 1615 4918; x_wconf 85' lang='lat' dir='ltr'><strong>peccatoribus</strong></span> <span class='ocrx_word' id='word_1_596' title='bbox 1642 4850 1927 4920; x_wconf 88' lang='lat' dir='ltr'><strong>sapientia.</strong></span> <span class='ocrx_word' id='word_1_597' title='bbox 1963 4851 2147 4909; x_wconf 87' lang='lat' dir='ltr'><strong>Timor</strong></span> 
     </span>
    </p>
   </div>
   <div class='ocr_carea' id='block_1_78' title="bbox 559 4933 2143 5008">
    <p class='ocr_par' dir='ltr' id='par_1_78' title="bbox 559 4933 2143 5008">
     <span class='ocr_line' id='line_1_78' title="bbox 559 4933 2143 5008; baseline 0.005 -20"><span class='ocrx_word' id='word_1_598' title='bbox 559 4933 769 4989; x_wconf 85' lang='lat' dir='ltr'><strong>Domini</strong></span> <span class='ocrx_word' id='word_1_599' title='bbox 802 4936 1021 5005; x_wconf 85' lang='lat' dir='ltr'><strong>repellet</strong></span> <span class='ocrx_word' id='word_1_600' title='bbox 1047 4946 1326 5007; x_wconf 89' lang='lat' dir='ltr'><strong>peccatum</strong></span> <span class='ocrx_word' id='word_1_601' title='bbox 1347 4977 1362 5004; x_wconf 95' lang='lat'><strong>,</strong></span> <span class='ocrx_word' id='word_1_602' title='bbox 1390 4954 1513 4993; x_wconf 89' lang='lat' dir='ltr'><strong>nam</strong></span> <span class='ocrx_word' id='word_1_603' title='bbox 1543 4939 1635 5008; x_wconf 79' lang='lat' dir='ltr'><strong>qui</strong></span> <span class='ocrx_word' id='word_1_604' title='bbox 1672 4940 1791 4995; x_wconf 84' lang='lat' dir='ltr'><strong>sine</strong></span> <span class='ocrx_word' id='word_1_605' title='bbox 1822 4939 2015 4996; x_wconf 90' lang='lat' dir='ltr'><strong>timore</strong></span> <span class='ocrx_word' id='word_1_606' title='bbox 2039 4953 2143 5007; x_wconf 91' lang='lat' dir='ltr'><strong>est,</strong></span> 
     </span>
    </p>
   </div>
   <div class='ocr_carea' id='block_1_79' title="bbox 2244 3840 3790 3914">
    <p class='ocr_par' dir='ltr' id='par_1_79' title="bbox 2244 3840 3790 3914">
     <span class='ocr_line' id='line_1_79' title="bbox 2244 3840 3790 3914; baseline -0.004 -16"><span class='ocrx_word' id='word_1_607' title='bbox 2244 3860 2343 3914; x_wconf 90' lang='lat' dir='ltr'><strong>pro</strong></span> <span class='ocrx_word' id='word_1_608' title='bbox 2366 3852 2416 3899; x_wconf 84' lang='lat' dir='ltr'><strong>te</strong></span> <span class='ocrx_word' id='word_1_609' title='bbox 2439 3844 2689 3901; x_wconf 75' lang='lat' dir='ltr'><strong>inimicos</strong></span> <span class='ocrx_word' id='word_1_610' title='bbox 2715 3854 2857 3910; x_wconf 87' lang='lat' dir='ltr'><strong>tuos,</strong></span> <span class='ocrx_word' id='word_1_611' title='bbox 2872 3854 2926 3900; x_wconf 90' lang='lat' dir='ltr'><strong>et</strong></span> <span class='ocrx_word' id='word_1_612' title='bbox 2948 3859 3042 3901; x_wconf 90' lang='lat' dir='ltr'><strong>eos</strong></span> <span class='ocrx_word' id='word_1_613' title='bbox 3061 3854 3273 3902; x_wconf 88' lang='lat' dir='ltr'><strong>evertet</strong></span> <span class='ocrx_word' id='word_1_614' title='bbox 3295 3848 3544 3913; x_wconf 89' lang='lat' dir='ltr'><strong>viriliter,</strong></span> <span class='ocrx_word' id='word_1_615' title='bbox 3567 3843 3665 3899; x_wconf 93' lang='lat' dir='ltr'><strong>noli</strong></span> <span class='ocrx_word' id='word_1_616' title='bbox 3683 3840 3790 3895; x_wconf 84' lang='lat' dir='ltr'><strong>cita-</strong></span> 
     </span>
    </p>
   </div>
   <div class='ocr_carea' id='block_1_80' title="bbox 2242 3930 3790 4008">
    <p class='ocr_par' dir='ltr' id='par_1_80' title="bbox 2242 3930 3790 4008">
     <span class='ocr_line' id='line_1_80' title="bbox 2242 3930 3790 4008; baseline -0.006 -16"><span class='ocrx_word' id='word_1_617' title='bbox 2242 3947 2329 3992; x_wconf 90' lang='lat' dir='ltr'><strong>tus</strong></span> <span class='ocrx_word' id='word_1_618' title='bbox 2360 3952 2482 3992; x_wconf 86' lang='lat' dir='ltr'><strong>esse</strong></span> <span class='ocrx_word' id='word_1_619' title='bbox 2507 3937 2560 3992; x_wconf 92' lang='lat' dir='ltr'><strong>in</strong></span> <span class='ocrx_word' id='word_1_620' title='bbox 2587 3937 2766 4008; x_wconf 85' lang='lat' dir='ltr'><strong>lingua</strong></span> <span class='ocrx_word' id='word_1_621' title='bbox 2792 3944 2880 3992; x_wconf 89' lang='lat' dir='ltr'><strong>tua</strong></span> <span class='ocrx_word' id='word_1_622' title='bbox 2908 3946 2964 3993; x_wconf 86' lang='lat' dir='ltr'><strong>et</strong></span> <span class='ocrx_word' id='word_1_623' title='bbox 2986 3937 3193 3995; x_wconf 84' lang='lat' dir='ltr'><strong>inutilis</strong></span> <span class='ocrx_word' id='word_1_624' title='bbox 3211 3948 3267 3994; x_wconf 92' lang='lat' dir='ltr'><strong>et</strong></span> <span class='ocrx_word' id='word_1_625' title='bbox 3296 3940 3555 3995; x_wconf 88' lang='lat' dir='ltr'><strong>remissus</strong></span> <span class='ocrx_word' id='word_1_626' title='bbox 3579 3938 3627 3991; x_wconf 91' lang='lat' dir='ltr'><strong>in</strong></span> <span class='ocrx_word' id='word_1_627' title='bbox 3647 3930 3790 4001; x_wconf 83' lang='lat' dir='ltr'><strong>operi-</strong></span> 
     </span>
    </p>
   </div>
   <div class='ocr_carea' id='block_1_81' title="bbox 2238 4026 3782 4098">
    <p class='ocr_par' dir='ltr' id='par_1_81' title="bbox 2238 4026 3782 4098">
     <span class='ocr_line' id='line_1_81' title="bbox 2238 4026 3782 4098; baseline -0.006 -14"><span class='ocrx_word' id='word_1_628' title='bbox 2238 4029 2342 4084; x_wconf 85' lang='lat' dir='ltr'><strong>bus</strong></span> <span class='ocrx_word' id='word_1_629' title='bbox 2358 4028 2605 4085; x_wconf 82' lang='lat' dir='ltr'><strong>tuis.Noli</strong></span> <span class='ocrx_word' id='word_1_630' title='bbox 2622 4042 2740 4085; x_wconf 88' lang='lat' dir='ltr'><strong>esse</strong></span> <span class='ocrx_word' id='word_1_631' title='bbox 2755 4030 2893 4084; x_wconf 88' lang='lat' dir='ltr'><strong>sicut</strong></span> <span class='ocrx_word' id='word_1_632' title='bbox 2906 4028 2993 4085; x_wconf 84' lang='lat' dir='ltr'><strong>leo</strong></span> <span class='ocrx_word' id='word_1_633' title='bbox 3007 4029 3058 4083; x_wconf 92' lang='lat' dir='ltr'><strong>in</strong></span> <span class='ocrx_word' id='word_1_634' title='bbox 3079 4031 3236 4086; x_wconf 93' lang='lat' dir='ltr'><strong>domo</strong></span> <span class='ocrx_word' id='word_1_635' title='bbox 3255 4040 3369 4098; x_wconf 90' lang='lat' dir='ltr'><strong>tua,</strong></span> <span class='ocrx_word' id='word_1_636' title='bbox 3384 4039 3621 4087; x_wconf 80' lang='lat' dir='ltr'><strong>evertens</strong></span> <span class='ocrx_word' id='word_1_637' title='bbox 3637 4026 3782 4080; x_wconf 74' lang='lat' dir='ltr'><strong>dome</strong></span> 
     </span>
    </p>
   </div>
   <div class='ocr_carea' id='block_1_82' title="bbox 2236 4119 3787 4192">
    <p class='ocr_par' dir='ltr' id='par_1_82' title="bbox 2236 4119 3787 4192">
     <span class='ocr_line' id='line_1_82' title="bbox 2236 4119 3787 4192; baseline -0.003 -17"><span class='ocrx_word' id='word_1_638' title='bbox 2236 4121 2406 4177; x_wconf 81' lang='lat' dir='ltr'><strong>sticos</strong></span> <span class='ocrx_word' id='word_1_639' title='bbox 2434 4130 2553 4176; x_wconf 91' lang='lat' dir='ltr'><strong>tuos</strong></span> <span class='ocrx_word' id='word_1_640' title='bbox 2570 4128 2625 4175; x_wconf 90' lang='lat' dir='ltr'><strong>et</strong></span> <span class='ocrx_word' id='word_1_641' title='bbox 2645 4121 2956 4191; x_wconf 85' lang='lat' dir='ltr'><strong>opprimens</strong></span> <span class='ocrx_word' id='word_1_642' title='bbox 2982 4121 3253 4192; x_wconf 85' lang='lat' dir='ltr'><strong>subjectos</strong></span> <span class='ocrx_word' id='word_1_643' title='bbox 3286 4123 3401 4177; x_wconf 84' lang='lat' dir='ltr'><strong>tibi.</strong></span> <span class='ocrx_word' id='word_1_644' title='bbox 3420 4121 3532 4177; x_wconf 82' lang='lat' dir='ltr'><strong>Non</strong></span> <span class='ocrx_word' id='word_1_645' title='bbox 3558 4119 3787 4186; x_wconf 83' lang='lat' dir='ltr'><strong>sitporrc-</strong></span> 
     </span>
    </p>
   </div>
   <div class='ocr_carea' id='block_1_83' title="bbox 2238 4193 3782 4281">
    <p class='ocr_par' dir='ltr' id='par_1_83' title="bbox 2238 4193 3782 4281">
     <span class='ocr_line' id='line_1_83' title="bbox 2238 4193 3782 4281; baseline -0.007 -14"><span class='ocrx_word' id='word_1_646' title='bbox 2238 4222 2330 4269; x_wconf 85' lang='lat' dir='ltr'><strong>cta</strong></span> <span class='ocrx_word' id='word_1_647' title='bbox 2353 4222 2543 4267; x_wconf 89' lang='lat' dir='ltr'><strong>manus</strong></span> <span class='ocrx_word' id='word_1_648' title='bbox 2561 4218 2650 4266; x_wconf 86' lang='lat' dir='ltr'><strong>tua</strong></span> <span class='ocrx_word' id='word_1_649' title='bbox 2677 4212 2742 4264; x_wconf 88' lang='lat' dir='ltr'><strong>ad</strong></span> <span class='ocrx_word' id='word_1_650' title='bbox 2766 4211 3136 4281; x_wconf 84' lang='lat' dir='ltr'><strong>accipiendum</strong></span> <span class='ocrx_word' id='word_1_651' title='bbox 3158 4222 3212 4266; x_wconf 93' lang='lat' dir='ltr'><strong>et</strong></span> <span class='ocrx_word' id='word_1_652' title='bbox 3231 4213 3301 4267; x_wconf 87' lang='lat' dir='ltr'><strong>ad</strong></span> <span class='ocrx_word' id='word_1_653' title='bbox 3322 4193 3553 4266; x_wconf 82' lang='lat' dir='ltr'><strong>dandum</strong></span> <span class='ocrx_word' id='word_1_654' title='bbox 3573 4204 3782 4261; x_wconf 83' lang='lat' dir='ltr'><strong>collecta.</strong></span> 
     </span>
    </p>
   </div>
   <div class='ocr_carea' id='block_1_84' title="bbox 2248 4289 3787 4385">
    <p class='ocr_par' dir='ltr' id='par_1_84' title="bbox 2248 4289 3787 4385">
     <span class='ocr_line' id='line_1_84' title="bbox 2248 4289 3787 4385; baseline -0.008 -28"><span class='ocrx_word' id='word_1_655' title='bbox 2248 4300 2525 4374; x_wconf 73' lang='lat' dir='ltr'><strong>(lbid.,25</strong></span> <span class='ocrx_word' id='word_1_656' title='bbox 2536 4300 2760 4372; x_wconf 73' lang='lat' dir='ltr'><strong>etseqq.)</strong></span> <span class='ocrx_word' id='word_1_657' title='bbox 2777 4299 2871 4356; x_wconf 86' lang='lat' dir='ltr'><strong>His</strong></span> <span class='ocrx_word' id='word_1_658' title='bbox 2893 4298 3059 4357; x_wconf 87' lang='lat' dir='ltr'><strong>fultus</strong></span> <span class='ocrx_word' id='word_1_659' title='bbox 3081 4302 3483 4385; x_wconf 67' lang='lat' dir='ltr'><strong>Scripturarum</strong></span> <span class='ocrx_word' id='word_1_660' title='bbox 3497 4289 3787 4385; x_wconf 78' lang='lat' dir='ltr'><strong>auctoritati-</strong></span> 
     </span>
    </p>
   </div>
   <div class='ocr_carea' id='block_1_85' title="bbox 2243 4380 3783 4462">
    <p class='ocr_par' dir='ltr' id='par_1_85' title="bbox 2243 4380 3783 4462">
     <span class='ocr_line' id='line_1_85' title="bbox 2243 4380 3783 4462; baseline -0.003 -14"><span class='ocrx_word' id='word_1_661' title='bbox 2243 4392 2346 4449; x_wconf 87' lang='lat' dir='ltr'><strong>bus</strong></span> <span class='ocrx_word' id='word_1_662' title='bbox 2366 4407 2597 4462; x_wconf 87' lang='lat' dir='ltr'><strong>semper,</strong></span> <span class='ocrx_word' id='word_1_663' title='bbox 2628 4400 2710 4447; x_wconf 88' lang='lat' dir='ltr'><strong>sta</strong></span> <span class='ocrx_word' id='word_1_664' title='bbox 2740 4397 2922 4447; x_wconf 87' lang='lat' dir='ltr'><strong>rectus</strong></span> <span class='ocrx_word' id='word_1_665' title='bbox 2948 4400 3048 4447; x_wconf 89' lang='lat' dir='ltr'><strong>eta</strong></span> <span class='ocrx_word' id='word_1_666' title='bbox 3071 4393 3156 4448; x_wconf 88' lang='lat' dir='ltr'><strong>via</strong></span> <span class='ocrx_word' id='word_1_667' title='bbox 3174 4380 3424 4448; x_wconf 76' lang='lat' dir='ltr'><strong>veritatis</strong></span> <span class='ocrx_word' id='word_1_668' title='bbox 3450 4406 3515 4445; x_wconf 90' lang='lat' dir='ltr'><strong>ne</strong></span> <span class='ocrx_word' id='word_1_669' title='bbox 3539 4380 3783 4444; x_wconf 61' lang='lat' dir='ltr'><strong>avertatis.</strong></span> 
     </span>
    </p>
   </div>
   <div class='ocr_carea' id='block_1_86' title="bbox 2244 4472 3783 4555">
    <p class='ocr_par' dir='ltr' id='par_1_86' title="bbox 2244 4472 3783 4555">
     <span class='ocr_line' id='line_1_86' title="bbox 2244 4472 3783 4555; baseline -0.01 -16"><span class='ocrx_word' id='word_1_670' title='bbox 2244 4493 2305 4539; x_wconf 88' lang='lat' dir='ltr'><strong>ut</strong></span> <span class='ocrx_word' id='word_1_671' title='bbox 2344 4484 2575 4555; x_wconf 85' lang='lat' dir='ltr'><strong>gratiam</strong></span> <span class='ocrx_word' id='word_1_672' title='bbox 2610 4483 2705 4538; x_wconf 89' lang='lat' dir='ltr'><strong>Dei</strong></span> <span class='ocrx_word' id='word_1_673' title='bbox 2744 4497 2961 4554; x_wconf 85' lang='lat' dir='ltr'><strong>semper</strong></span> <span class='ocrx_word' id='word_1_674' title='bbox 2995 4485 3265 4554; x_wconf 88' lang='lat' dir='ltr'><strong>acquiras,</strong></span> <span class='ocrx_word' id='word_1_675' title='bbox 3296 4494 3352 4542; x_wconf 90' lang='lat' dir='ltr'><strong>et</strong></span> <span class='ocrx_word' id='word_1_676' title='bbox 3370 4486 3622 4540; x_wconf 89' lang='lat' dir='ltr'><strong>bonorum</strong></span> <span class='ocrx_word' id='word_1_677' title='bbox 3641 4472 3783 4532; x_wconf 83' lang='lat' dir='ltr'><strong>homi-</strong></span> 
     </span>
    </p>
   </div>
   <div class='ocr_carea' id='block_1_87' title="bbox 2242 4559 3784 4647">
    <p class='ocr_par' dir='ltr' id='par_1_87' title="bbox 2242 4559 3784 4647">
     <span class='ocr_line' id='line_1_87' title="bbox 2242 4559 3784 4647; baseline -0.007 -18"><span class='ocrx_word' id='word_1_678' title='bbox 2242 4590 2374 4631; x_wconf 88' lang='lat' dir='ltr'><strong>num</strong></span> <span class='ocrx_word' id='word_1_679' title='bbox 2388 4574 2626 4630; x_wconf 87' lang='lat' dir='ltr'><strong>amicitia</strong></span> <span class='ocrx_word' id='word_1_680' title='bbox 2653 4586 2867 4644; x_wconf 89' lang='lat' dir='ltr'><strong>semper</strong></span> <span class='ocrx_word' id='word_1_681' title='bbox 2885 4574 3107 4641; x_wconf 89' lang='lat' dir='ltr'><strong>fruaris,</strong></span> <span class='ocrx_word' id='word_1_682' title='bbox 3132 4584 3391 4647; x_wconf 87' lang='lat' dir='ltr'><strong>tantoque</strong></span> <span class='ocrx_word' id='word_1_683' title='bbox 3417 4582 3504 4628; x_wconf 90' lang='lat' dir='ltr'><strong>tua</strong></span> <span class='ocrx_word' id='word_1_684' title='bbox 3525 4567 3714 4625; x_wconf 89' lang='lat' dir='ltr'><strong>facilius</strong></span> <span class='ocrx_word' id='word_1_685' title='bbox 3732 4559 3784 4614; x_wconf 85' lang='lat' dir='ltr'><strong>ab</strong></span> 
     </span>
    </p>
   </div>
   <div class='ocr_carea' id='block_1_88' title="bbox 2244 4655 3784 4738">
    <p class='ocr_par' dir='ltr' id='par_1_88' title="bbox 2244 4655 3784 4738">
     <span class='ocr_line' id='line_1_88' title="bbox 2244 4655 3784 4738; baseline -0.006 -16"><span class='ocrx_word' id='word_1_686' title='bbox 2244 4681 2431 4722; x_wconf 89' lang='lat' dir='ltr'><strong>amore</strong></span> <span class='ocrx_word' id='word_1_687' title='bbox 2450 4664 2609 4735; x_wconf 80' lang='lat' dir='ltr'><strong>hujus</strong></span> <span class='ocrx_word' id='word_1_688' title='bbox 2634 4665 2815 4722; x_wconf 76' lang='lat' dir='ltr'><strong>saeculi</strong></span> <span class='ocrx_word' id='word_1_689' title='bbox 2842 4679 2996 4722; x_wconf 89' lang='lat' dir='ltr'><strong>mens</strong></span> <span class='ocrx_word' id='word_1_690' title='bbox 3023 4675 3203 4735; x_wconf 86' lang='lat' dir='ltr'><strong>exeat,</strong></span> <span class='ocrx_word' id='word_1_691' title='bbox 3232 4675 3433 4738; x_wconf 89' lang='lat' dir='ltr'><strong>quanto</strong></span> <span class='ocrx_word' id='word_1_692' title='bbox 3458 4672 3514 4721; x_wconf 79' lang='lat' dir='ltr'><strong>et</strong></span> <span class='ocrx_word' id='word_1_693' title='bbox 3539 4655 3784 4731; x_wconf 73' lang='lat' dir='ltr'><strong>impellitur</strong></span> 
     </span>
    </p>
   </div>
   <div class='ocr_carea' id='block_1_89' title="bbox 2246 4753 3782 4832">
    <p class='ocr_par' dir='ltr' id='par_1_89' title="bbox 2246 4753 3782 4832">
     <span class='ocr_line' id='line_1_89' title="bbox 2246 4753 3782 4832; baseline -0.008 -16"><span class='ocrx_word' id='word_1_694' title='bbox 2246 4760 2372 4816; x_wconf 85' lang='lat' dir='ltr'><strong>dum</strong></span> <span class='ocrx_word' id='word_1_695' title='bbox 2394 4768 2638 4816; x_wconf 87' lang='lat' dir='ltr'><strong>vocatur.</strong></span> <span class='ocrx_word' id='word_1_696' title='bbox 2661 4758 2797 4814; x_wconf 87' lang='lat' dir='ltr'><strong>Nam</strong></span> <span class='ocrx_word' id='word_1_697' title='bbox 2812 4775 2908 4816; x_wconf 89' lang='lat' dir='ltr'><strong>vos</strong></span> <span class='ocrx_word' id='word_1_698' title='bbox 2921 4767 2976 4816; x_wconf 89' lang='lat' dir='ltr'><strong>et</strong></span> <span class='ocrx_word' id='word_1_699' title='bbox 2989 4770 3284 4832; x_wconf 76' lang='lat' dir='ltr'><strong>praesentes</strong></span> <span class='ocrx_word' id='word_1_700' title='bbox 3304 4761 3487 4817; x_wconf 89' lang='lat' dir='ltr'><strong>videre</strong></span> <span class='ocrx_word' id='word_1_701' title='bbox 3505 4755 3724 4827; x_wconf 91' lang='lat' dir='ltr'><strong>cupimus</strong></span> <span class='ocrx_word' id='word_1_702' title='bbox 3741 4753 3782 4798; x_wconf 74' lang='lat' dir='ltr'><strong>et</strong></span> 
     </span>
    </p>
   </div>
   <div class='ocr_carea' id='block_1_90' title="bbox 2246 4842 3783 4926">
    <p class='ocr_par' dir='ltr' id='par_1_90' title="bbox 2246 4842 3783 4926">
     <span class='ocr_line' id='line_1_90' title="bbox 2246 4842 3783 4926; baseline -0.01 -17"><span class='ocrx_word' id='word_1_703' title='bbox 2246 4852 2561 4909; x_wconf 86' lang='lat' dir='ltr'><strong>absentibus</strong></span> <span class='ocrx_word' id='word_1_704' title='bbox 2590 4851 2824 4922; x_wconf 88' lang='lat' dir='ltr'><strong>colloqui</strong></span> <span class='ocrx_word' id='word_1_705' title='bbox 2869 4853 3064 4909; x_wconf 89' lang='lat' dir='ltr'><strong>saltem</strong></span> <span class='ocrx_word' id='word_1_706' title='bbox 3101 4867 3200 4924; x_wconf 89' lang='lat' dir='ltr'><strong>per</strong></span> <span class='ocrx_word' id='word_1_707' title='bbox 3243 4852 3522 4926; x_wconf 86' lang='lat' dir='ltr'><strong>epistolam</strong></span> <span class='ocrx_word' id='word_1_708' title='bbox 3551 4842 3783 4902; x_wconf 81' lang='lat' dir='ltr'><strong>desidera-</strong></span> 
     </span>
    </p>
   </div>
   <div class='ocr_carea' id='block_1_91' title="bbox 2248 4928 3782 5012">
    <p class='ocr_par' dir='ltr' id='par_1_91' title="bbox 2248 4928 3782 5012">
     <span class='ocr_line' id='line_1_91' title="bbox 2248 4928 3782 5012; baseline -0.005 -15"><span class='ocrx_word' id='word_1_709' title='bbox 2248 4957 2387 4997; x_wconf 89' lang='lat' dir='ltr'><strong>mus.</strong></span> <span class='ocrx_word' id='word_1_710' title='bbox 2422 4941 2576 4998; x_wconf 78' lang='lat' dir='ltr'><strong>Unde</strong></span> <span class='ocrx_word' id='word_1_711' title='bbox 2598 4951 2850 5012; x_wconf 87' lang='lat' dir='ltr'><strong>optamus</strong></span> <span class='ocrx_word' id='word_1_712' title='bbox 2892 4950 2952 4997; x_wconf 91' lang='lat' dir='ltr'><strong>ut</strong></span> <span class='ocrx_word' id='word_1_713' title='bbox 2974 4958 3072 4998; x_wconf 91' lang='lat' dir='ltr'><strong>vos</strong></span> <span class='ocrx_word' id='word_1_714' title='bbox 3099 4944 3291 5001; x_wconf 88' lang='lat' dir='ltr'><strong>beatus</strong></span> <span class='ocrx_word' id='word_1_715' title='bbox 3332 4943 3521 4998; x_wconf 90' lang='lat' dir='ltr'><strong>Petrus</strong></span> <span class='ocrx_word' id='word_1_716' title='bbox 3555 4928 3782 5007; x_wconf 67' lang='lat' dir='ltr'><strong>apostolO&#39;</strong></span> 
     </span>
    </p>
   </div>
   <div class='ocr_carea' id='block_1_92' title="bbox 559 5024 3782 5105">
    <p class='ocr_par' dir='ltr' id='par_1_92' title="bbox 559 5024 3782 5105">
     <span class='ocr_line' id='line_1_92' title="bbox 559 5024 3782 5105; baseline 0.005 -28"><span class='ocrx_word' id='word_1_717' title='bbox 559 5037 666 5078; x_wconf 92' lang='lat' dir='ltr'><strong>non</strong></span> <span class='ocrx_word' id='word_1_718' title='bbox 697 5025 895 5095; x_wconf 87' lang='lat' dir='ltr'><strong>poterit</strong></span> <span class='ocrx_word' id='word_1_719' title='bbox 915 5025 1226 5096; x_wconf 87' lang='lat' dir='ltr'><strong>justiﬁcari.</strong></span> <span class='ocrx_word' id='word_1_720' title='bbox 1269 5024 1553 5081; x_wconf 80' lang='lat' dir='ltr'><strong>iracundia</strong></span> <span class='ocrx_word' id='word_1_721' title='bbox 1598 5028 1743 5083; x_wconf 90' lang='lat' dir='ltr'><strong>enim</strong></span> <span class='ocrx_word' id='word_1_722' title='bbox 1786 5028 2146 5086; x_wconf 88' lang='lat' dir='ltr'><strong>animositatis</strong></span> <span class='ocrx_word' id='word_1_723' title='bbox 2192 5070 2201 5079; x_wconf 81' lang='lat'><strong>.</strong></span> <span class='ocrx_word' id='word_1_724' title='bbox 2249 5050 2369 5088; x_wconf 88' lang='lat' dir='ltr'><strong>rum</strong></span> <span class='ocrx_word' id='word_1_725' title='bbox 2398 5033 2648 5103; x_wconf 90' lang='lat' dir='ltr'><strong>princeps</strong></span> <span class='ocrx_word' id='word_1_726' title='bbox 2681 5033 2747 5088; x_wconf 86' lang='lat' dir='ltr'><strong>ad</strong></span> <span class='ocrx_word' id='word_1_727' title='bbox 2783 5048 2879 5090; x_wconf 89' lang='lat' dir='ltr'><strong>sua</strong></span> <span class='ocrx_word' id='word_1_728' title='bbox 2909 5034 3093 5090; x_wconf 91' lang='lat' dir='ltr'><strong>limina</strong></span> <span class='ocrx_word' id='word_1_729' title='bbox 3135 5034 3364 5092; x_wconf 89' lang='lat' dir='ltr'><strong>feliciter</strong></span> <span class='ocrx_word' id='word_1_730' title='bbox 3386 5032 3650 5105; x_wconf 62' lang='lat' dir='ltr'><strong>perducat.</strong></span> <span class='ocrx_word' id='word_1_731' title='bbox 3678 5032 3782 5091; x_wconf 72' lang='grc'><strong>(1⁸³³·</strong></span> 
     </span>
    </p>
   </div>
   <div class='ocr_carea' id='block_1_93' title="bbox 562 5108 3778 5199">
    <p class='ocr_par' dir='ltr' id='par_1_93' title="bbox 562 5108 3778 5199">
     <span class='ocr_line' id='line_1_93' title="bbox 562 5108 3778 5199; baseline -0.001 -30"><span class='ocrx_word' id='word_1_732' title='bbox 562 5114 706 5170; x_wconf 89' lang='lat' dir='ltr'><strong>illius</strong></span> <span class='ocrx_word' id='word_1_733' title='bbox 735 5116 1013 5172; x_wconf 88' lang='lat' dir='ltr'><strong>subversio</strong></span> <span class='ocrx_word' id='word_1_734' title='bbox 1042 5117 1186 5172; x_wconf 89' lang='lat' dir='ltr'><strong>illius</strong></span> <span class='ocrx_word' id='word_1_735' title='bbox 1215 5126 1318 5173; x_wconf 89' lang='lat' dir='ltr'><strong>est.</strong></span> <span class='ocrx_word' id='word_1_736' title='bbox 1356 5117 1538 5189; x_wconf 86' lang='lat' dir='ltr'><strong>Usque</strong></span> <span class='ocrx_word' id='word_1_737' title='bbox 1566 5119 1619 5174; x_wconf 92' lang='lat' dir='ltr'><strong>in</strong></span> <span class='ocrx_word' id='word_1_738' title='bbox 1655 5129 1866 5191; x_wconf 88' lang='lat' dir='ltr'><strong>tempus</strong></span> <span class='ocrx_word' id='word_1_739' title='bbox 1910 5120 2143 5177; x_wconf 84' lang='lat' dir='ltr'><strong>sustine-</strong></span> <span class='ocrx_word' id='word_1_740' title='bbox 2172 5111 2224 5171; x_wconf 81' lang='grc' dir='ltr'><strong>Ι)</strong></span> <span class='ocrx_word' id='word_1_741' title='bbox 2250 5133 2406 5181; x_wconf 89' lang='lat' dir='ltr'><strong>tenus</strong></span> <span class='ocrx_word' id='word_1_742' title='bbox 2424 5126 2478 5179; x_wconf 90' lang='lat' dir='ltr'><strong>in</strong></span> <span class='ocrx_word' id='word_1_743' title='bbox 2493 5126 2876 5195; x_wconf 91' lang='lat' dir='ltr'><strong>omnipotentis</strong></span> <span class='ocrx_word' id='word_1_744' title='bbox 2891 5127 3062 5198; x_wconf 82' lang='lat' dir='ltr'><strong>gratia</strong></span> <span class='ocrx_word' id='word_1_745' title='bbox 3087 5128 3292 5199; x_wconf 87' lang='lat' dir='ltr'><strong>perfrui</strong></span> <span class='ocrx_word' id='word_1_746' title='bbox 3315 5137 3489 5184; x_wconf 85' lang='lat' dir='ltr'><strong>vestra</strong></span> <span class='ocrx_word' id='word_1_747' title='bbox 3511 5108 3778 5193; x_wconf 72' lang='lat' dir='ltr'><strong>pauitantia</strong></span> 
     </span>
    </p>
   </div>
   <div class='ocr_carea' id='block_1_94' title="bbox 560 5204 2146 5285">
    <p class='ocr_par' dir='ltr' id='par_1_94' title="bbox 560 5204 2146 5285">
     <span class='ocr_line' id='line_1_94' title="bbox 560 5204 2146 5285; baseline 0.008 -28"><span class='ocrx_word' id='word_1_748' title='bbox 560 5204 641 5285; x_wconf 80' lang='lat' dir='ltr'><strong>bit</strong></span> <span class='ocrx_word' id='word_1_749' title='bbox 678 5206 923 5275; x_wconf 86' lang='lat' dir='ltr'><strong>patiens,</strong></span> <span class='ocrx_word' id='word_1_750' title='bbox 964 5216 1020 5262; x_wconf 91' lang='lat' dir='ltr'><strong>et</strong></span> <span class='ocrx_word' id='word_1_751' title='bbox 1054 5217 1239 5279; x_wconf 90' lang='lat' dir='ltr'><strong>postea</strong></span> <span class='ocrx_word' id='word_1_752' title='bbox 1283 5210 1513 5268; x_wconf 90' lang='lat' dir='ltr'><strong>redditio</strong></span> <span class='ocrx_word' id='word_1_753' title='bbox 1548 5211 1925 5280; x_wconf 78' lang='lat' dir='ltr'><strong>iucunditatis.</strong></span> <span class='ocrx_word' id='word_1_754' title='bbox 1966 5213 2146 5269; x_wconf 89' lang='lat' dir='ltr'><strong>Bonus</strong></span> 
     </span>
    </p>
   </div>
   <div class='ocr_carea' id='block_1_95' title="bbox 2250 5205 3779 5277">
    <p class='ocr_par' dir='ltr' id='par_1_95' title="bbox 2250 5205 3779 5277">
     <span class='ocr_line' id='line_1_95' title="bbox 2250 5205 3779 5277; baseline -0.007 -7"><span class='ocrx_word' id='word_1_755' title='bbox 2250 5232 2577 5272; x_wconf 89' lang='lat' dir='ltr'><strong>mercamur.</strong></span> <span class='ocrx_word' id='word_1_756' title='bbox 2622 5218 2757 5273; x_wconf 87' lang='lat' dir='ltr'><strong>Data</strong></span> <span class='ocrx_word' id='word_1_757' title='bbox 2802 5235 2855 5273; x_wconf 84' lang='lat' dir='ltr'><strong>Iv</strong></span> <span class='ocrx_word' id='word_1_758' title='bbox 2889 5218 3070 5275; x_wconf 86' lang='lat' dir='ltr'><strong>Nonas</strong></span> <span class='ocrx_word' id='word_1_759' title='bbox 3118 5220 3398 5277; x_wconf 87' lang='lat' dir='ltr'><strong>Februarii</strong></span> <span class='ocrx_word' id='word_1_760' title='bbox 3446 5211 3710 5273; x_wconf 65' lang='lat' dir='ltr'><strong>Aureliano</strong></span> <span class='ocrx_word' id='word_1_761' title='bbox 3739 5205 3779 5252; x_wconf 72' lang='grc' dir='ltr'><strong>ει</strong></span> 
     </span>
    </p>
   </div>
   <div class='ocr_carea' id='block_1_96' title="bbox 560 5303 2854 5373">
    <p class='ocr_par' dir='ltr' id='par_1_96' title="bbox 560 5303 2854 5373">
     <span class='ocr_line' id='line_1_96' title="bbox 560 5303 2854 5373; baseline 0.003 -18"><span class='ocrx_word' id='word_1_762' title='bbox 560 5312 751 5355; x_wconf 89' lang='lat' dir='ltr'><strong>sensus</strong></span> <span class='ocrx_word' id='word_1_763' title='bbox 782 5314 954 5369; x_wconf 89' lang='lat' dir='ltr'><strong>usque</strong></span> <span class='ocrx_word' id='word_1_764' title='bbox 987 5303 1053 5357; x_wconf 89' lang='lat' dir='ltr'><strong>ad</strong></span> <span class='ocrx_word' id='word_1_765' title='bbox 1097 5311 1307 5373; x_wconf 91' lang='lat' dir='ltr'><strong>tempus</strong></span> <span class='ocrx_word' id='word_1_766' title='bbox 1336 5305 1628 5361; x_wconf 90' lang='lat' dir='ltr'><strong>abscondet</strong></span> <span class='ocrx_word' id='word_1_767' title='bbox 1654 5306 1820 5364; x_wconf 91' lang='lat' dir='ltr'><strong>verba</strong></span> <span class='ocrx_word' id='word_1_768' title='bbox 1846 5358 1849 5359; x_wconf 34' lang='grc' dir='ltr'><em>ν</em></span> <span class='ocrx_word' id='word_1_769' title='bbox 1876 5307 2021 5363; x_wconf 91' lang='lat' dir='ltr'><strong>illius</strong></span> <span class='ocrx_word' id='word_1_770' title='bbox 2046 5346 2060 5373; x_wconf 92' lang='lat'><strong>,</strong></span> <span class='ocrx_word' id='word_1_771' title='bbox 2092 5312 2148 5360; x_wconf 91' lang='lat' dir='ltr'><strong>et</strong></span> <span class='ocrx_word' id='word_1_772' title='bbox 2247 5307 2415 5364; x_wconf 88' lang='lat' dir='ltr'><strong>Basso</strong></span> <span class='ocrx_word' id='word_1_773' title='bbox 2440 5307 2507 5363; x_wconf 86' lang='lat' dir='ltr'><strong>lV</strong></span> <span class='ocrx_word' id='word_1_774' title='bbox 2533 5324 2614 5364; x_wconf 92' lang='lat' dir='ltr'><strong>cc.</strong></span> <span class='ocrx_word' id='word_1_775' title='bbox 2651 5310 2854 5365; x_wconf 91' lang='lat' dir='ltr'><strong>consul.</strong></span> 
     </span>
    </p>
   </div>
   <div class='ocr_carea' id='block_1_97' title="bbox 559 5387 2148 5456">
    <p class='ocr_par' dir='ltr' id='par_1_97' title="bbox 559 5387 2148 5456">
     <span class='ocr_line' id='line_1_97' title="bbox 559 5387 2148 5456; baseline 0.007 -13"><span class='ocrx_word' id='word_1_776' title='bbox 559 5387 702 5445; x_wconf 87' lang='lat' dir='ltr'><strong>labia</strong></span> <span class='ocrx_word' id='word_1_777' title='bbox 729 5390 1022 5446; x_wconf 89' lang='lat' dir='ltr'><strong>multorum</strong></span> <span class='ocrx_word' id='word_1_778' title='bbox 1046 5396 1378 5453; x_wconf 87' lang='lat' dir='ltr'><strong>enarrabunt</strong></span> <span class='ocrx_word' id='word_1_779' title='bbox 1403 5412 1620 5455; x_wconf 86' lang='lat' dir='ltr'><strong>sensum</strong></span> <span class='ocrx_word' id='word_1_780' title='bbox 1648 5400 1807 5456; x_wconf 89' lang='lat' dir='ltr'><strong>illius.</strong></span> <span class='ocrx_word' id='word_1_781' title='bbox 1841 5401 1900 5456; x_wconf 86' lang='lat' dir='ltr'><strong>In</strong></span> <span class='ocrx_word' id='word_1_782' title='bbox 1932 5401 2148 5456; x_wconf 81' lang='lat' dir='ltr'><strong>thesau-</strong></span> 
     </span>
    </p>
   </div>
   <div class='ocr_carea' id='block_1_98' title="bbox 1336 5578 3144 5646">
    <p class='ocr_par' dir='ltr' id='par_1_98' title="bbox 1336 5578 3144 5646">
     <span class='ocr_line' id='line_1_98' title="bbox 1336 5578 3144 5646; baseline 0.004 -13"><span class='ocrx_word' id='word_1_783' title='bbox 1336 5578 1669 5638; x_wconf 84' lang='lat' dir='ltr'><strong>EPISTOLA</strong></span> <span class='ocrx_word' id='word_1_784' title='bbox 1705 5583 2003 5640; x_wconf 82' lang='lat' dir='ltr'><strong>DIONYSII</strong></span> <span class='ocrx_word' id='word_1_785' title='bbox 2035 5582 2236 5639; x_wconf 75' lang='grc' dir='ltr'><strong>ΡΑΡᾹΞ</strong></span> <span class='ocrx_word' id='word_1_786' title='bbox 2266 5584 2358 5638; x_wconf 81' lang='lat' dir='ltr'><strong>AD</strong></span> <span class='ocrx_word' id='word_1_787' title='bbox 2383 5583 2711 5641; x_wconf 75' lang='lat' dir='ltr'><strong>SEVERUM</strong></span> <span class='ocrx_word' id='word_1_788' title='bbox 2736 5586 3144 5646; x_wconf 82' lang='lat' dir='ltr'><strong>EPISCOPUM.</strong></span> 
     </span>
    </p>
   </div>
   <div class='ocr_carea' id='block_1_99' title="bbox 548 5664 2029 5769">
    <p class='ocr_par' dir='ltr' id='par_1_99' title="bbox 548 5664 2029 5769">
     <span class='ocr_line' id='line_1_99' title="bbox 548 5664 2029 5769; baseline 0.011 -33"><span class='ocrx_word' id='word_1_789' title='bbox 632 5682 918 5741; x_wconf 71' lang='lat' dir='ltr'><strong>Dtosrsws</strong></span> <span class='ocrx_word' id='word_1_790' title='bbox 940 5686 1225 5758; x_wconf 80' lang='lat' dir='ltr'><strong>episcopus</strong></span> <span class='ocrx_word' id='word_1_791' title='bbox 1254 5689 1465 5752; x_wconf 71' lang='grc' dir='ltr'><strong>διεγειιο</strong></span> <span class='ocrx_word' id='word_1_792' title='bbox 1495 5696 1747 5769; x_wconf 89' lang='lat' dir='ltr'><strong>episcopo</strong></span> <span class='ocrx_word' id='word_1_793' title='bbox 1779 5698 2029 5753; x_wconf 77' lang='lat' dir='ltr'><strong>salutem.</strong></span> 
     </span>
    </p>
   </div>
   <div class='ocr_carea' id='block_1_100' title="bbox 632 5774 2145 5860">
    <p class='ocr_par' dir='ltr' id='par_1_100' title="bbox 632 5774 2145 5860">
     <span class='ocr_line' id='line_1_100' title="bbox 632 5774 2145 5860; baseline 0.009 -30"><span class='ocrx_word' id='word_1_794' title='bbox 632 5774 773 5831; x_wconf 88' lang='lat' dir='ltr'><strong>Olim</strong></span> <span class='ocrx_word' id='word_1_795' title='bbox 802 5786 858 5833; x_wconf 90' lang='lat' dir='ltr'><strong>et</strong></span> <span class='ocrx_word' id='word_1_796' title='bbox 884 5779 953 5834; x_wconf 92' lang='lat' dir='ltr'><strong>ab</strong></span> <span class='ocrx_word' id='word_1_797' title='bbox 980 5780 1130 5837; x_wconf 89' lang='lat' dir='ltr'><strong>initio</strong></span> <span class='ocrx_word' id='word_1_798' title='bbox 1156 5790 1360 5841; x_wconf 87' lang='lat' dir='ltr'><strong>tantam</strong></span> <span class='ocrx_word' id='word_1_799' title='bbox 1381 5791 1719 5860; x_wconf 90' lang='lat' dir='ltr'><strong>percepimus</strong></span> <span class='ocrx_word' id='word_1_800' title='bbox 1745 5806 1775 5845; x_wconf 90' lang='lat' dir='ltr'><strong>a</strong></span> <span class='ocrx_word' id='word_1_801' title='bbox 1805 5791 1962 5846; x_wconf 88' lang='lat' dir='ltr'><strong>beato</strong></span> <span class='ocrx_word' id='word_1_802' title='bbox 1982 5789 2145 5844; x_wconf 89' lang='lat' dir='ltr'><strong>Petro</strong></span> 
     </span>
    </p>
   </div>
   <div class='ocr_carea' id='block_1_101' title="bbox 2247 5686 3773 5767">
    <p class='ocr_par' dir='ltr' id='par_1_101' title="bbox 2247 5686 3773 5767">
     <span class='ocr_line' id='line_1_101' title="bbox 2247 5686 3773 5767; baseline -0.009 -19"><span class='ocrx_word' id='word_1_803' title='bbox 2247 5695 2610 5764; x_wconf 86' lang='lat' dir='ltr'><strong>apostolorum</strong></span> <span class='ocrx_word' id='word_1_804' title='bbox 2641 5697 2882 5767; x_wconf 86' lang='lat' dir='ltr'><strong>principe</strong></span> <span class='ocrx_word' id='word_1_805' title='bbox 2920 5698 3194 5766; x_wconf 87' lang='lat' dir='ltr'><strong>ﬁduciam,</strong></span> <span class='ocrx_word' id='word_1_806' title='bbox 3222 5708 3282 5756; x_wconf 93' lang='lat' dir='ltr'><strong>ut</strong></span> <span class='ocrx_word' id='word_1_807' title='bbox 3314 5697 3594 5754; x_wconf 87' lang='lat' dir='ltr'><strong>habeamus</strong></span> <span class='ocrx_word' id='word_1_808' title='bbox 3624 5686 3773 5738; x_wconf 73' lang='lat' dir='ltr'><strong>aucto-</strong></span> 
     </span>
    </p>
   </div>
   <div class='ocr_carea' id='block_1_102' title="bbox 2253 5768 3774 5848">
    <p class='ocr_par' dir='ltr' id='par_1_102' title="bbox 2253 5768 3774 5848">
     <span class='ocr_line' id='line_1_102' title="bbox 2253 5768 3774 5848; baseline -0.008 -6"><span class='ocrx_word' id='word_1_809' title='bbox 2253 5789 2469 5843; x_wconf 73' lang='lat' dir='ltr'><strong>ritatem</strong></span> <span class='ocrx_word' id='word_1_810' title='bbox 2496 5790 2783 5845; x_wconf 86' lang='lat' dir='ltr'><strong>universali</strong></span> <span class='ocrx_word' id='word_1_811' title='bbox 2822 5793 3075 5848; x_wconf 79' lang='lat' dir='ltr'><strong>Ecclesia</strong></span> <span class='ocrx_word' id='word_1_812' title='bbox 3110 5794 3403 5848; x_wconf 80' lang='lat' dir='ltr'><strong>auxiliante</strong></span> <span class='ocrx_word' id='word_1_813' title='bbox 3433 5783 3636 5843; x_wconf 88' lang='lat' dir='ltr'><strong>Domino</strong></span> <span class='ocrx_word' id='word_1_814' title='bbox 3674 5768 3774 5827; x_wconf 76' lang='lat' dir='ltr'><strong>sub‘</strong></span> 
     </span>
    </p>
   </div>
  </div>
