3926 6440
137 428 228 491 133
864 406 871 411 ’
1292 394 1708 486 occanunt

1813 428 2217 491 COLLECTIO.
2904 409 2915 419 ’
3289 440 3392 497 tuo

138 544 306 601 venire
331 549 386 597 et
411 540 669 612 quidquid
697 539 913 595 noxium
945 547 1027 596 est
1058 544 1382 598 auctoritate
1408 543 1700 614 apostolica
1729 548 1775 605 Λ
1807 554 1983 603 tamen
2017 549 2115 618 ipsi
2149 550 2293 619 digni
2324 558 2378 605 et
2408 551 2908 621 irrcprebensibiles
2934 536 3305 624 apparuerint,
3337 567 3393 613 et

136 634 392 705 corrigere
422 640 479 687 et
504 631 809 687 emendare.
840 631 925 686 Ad
953 632 1058 687 hoc
1087 631 1233 687 enim
1264 634 1458 689 divina:
1484 634 1699 704 dispen-
1806 639 1942 693 actis
1971 638 2251 697 docuerint
2276 640 2501 710 publicis
2531 642 2677 696 omni
2704 657 2763 697 se
2791 658 2980 699 carere
3007 643 3313 715 suspicione
3338 656 3394 704 et

135 726 343 782 sationis
371 723 612 795 provisio
663 723 861 794 gradus
888 732 944 779 et
970 724 1215 779 diversos
1247 725 1527 781 constituit
1559 726 1702 782 ordi-
1806 727 2128 796 inimicitia,
2166 739 2216 785 et
2254 729 2780 801 irreprehensibilem
2825 733 2983 789 fidem
3027 738 3395 794 conversatio.

133 832 219 874 nes
264 831 385 872 esse
430 816 745 882 distinctos,
786 824 846 871 ut
884 817 1009 873 dum
1058 817 1418 873 reverentiam
1466 816 1706 873 minores‘
1804 833 2036 889 nemque
2077 818 2291 875 dueere.
2328 820 2542 877 Nemini
2581 823 2724 877 enim
2756 823 2823 879 de
2865 839 2925 879 se
2969 825 3217 882 confesso
3246 827 3393 883 credi

133 908 417 980 potioribus
440 907 778 972 exhiberem,
804 915 860 962 et
883 908 1120 978 potiores
1141 907 1438 963 minoribus
1460 908 1703 964 dilectio-
1730 940 1733 947 -
1802 918 1979 979 potest
2006 925 2167 981 super
2208 911 2414 966 crimen
2444 912 2677 968 alienum
2694 955 2711 980 ,
2752 916 3006 985 quoniam
3032 918 3210 973 omnis
3245 918 3391 988 ejus-

135 1016 243 1057 nem
265 1001 789 1070 impenderent,una
810 1001 1114 1056 concordia:
1135 1000 1371 1056 ﬁeretex
1389 1000 1704 1057 diversitate
1804 1019 1910 1074 que
1954 1002 2032 1059 rei
2092 1002 2365 1060 confessio
2409 1006 2711 1076 periculosa
2756 1018 2878 1072 est,
2931 1016 2987 1065 et
3034 1010 3245 1064 admitti
3285 1028 3391 1067 non

133 1093 483 1158 contextio,et
494 1104 640 1147 recte
669 1090 966 1148 ofliciorum
982 1100 1336 1163 generaretur
1362 1091 1703 1147 administra-
1804 1092 1983 1148 debet.
2002 1091 2263 1149 Similiter
2284 1096 2445 1153 alieni
2469 1097 2674 1153 erroris
2699 1100 2905 1155 socium
2928 1100 3019 1156 vel
3046 1117 3076 1155 a
3102 1102 3182 1156 sui
3207 1102 3395 1158 volun-

133 1185 196 1240 tio
232 1183 590 1256 singulorum.
625 1183 808 1255 Neque
835 1185 981 1240 enim
1010 1184 1334 1239 universitas
1362 1183 1465 1239 alia
1494 1193 1704 1255 poterat
1805 1184 1940 1239 tarie
1975 1186 2235 1255 prepositi
2290 1188 2506 1244 tramite
2536 1190 2875 1246 recedentem
2900 1232 2915 1258 ,
2955 1200 3048 1246 aut
3078 1194 3250 1248 sacris
3294 1209 3392 1264 pa-

132 1277 321 1332 ratione
346 1275 672 1342 subsistere,
697 1275 798 1330 nisi
826 1274 1131 1345 huiusmodi
1162 1290 1386 1346 ntagnus
1412 1289 1529 1329 eam
1554 1271 1703 1329 dill'e-
1807 1286 1946 1333 trum
1980 1278 2176 1350 regulis
2200 1281 2745 1337 etconstitutionibus
2768 1282 3187 1352 inobedieutem,
3215 1286 3389 1342 susci-

132 1368 298 1423 reutia:
343 1367 487 1423 ordo
536 1376 796 1423 servaret.
844 1366 981 1434 Quia
1023 1382 1154 1422 vero
1200 1376 1450 1422 creatura
1495 1367 1548 1422 in
1598 1381 1704 1421 una
1802 1379 1931 1436 pere
1977 1384 2083 1423 non
2129 1384 2443 1439 possumus,
2499 1386 2598 1425 nec
2643 1371 2931 1439 debemus,
2982 1389 3082 1429 nec
3130 1375 3394 1445 impetere

133 1458 409 1527 eademque
429 1455 745 1527 aequalitate
766 1456 1053 1528 gubernari
1069 1454 1154 1511 vel
1174 1457 1356 1511 vivere
1378 1471 1483 1511 non
1505 1465 1700 1527 potest,
1804 1466 1952 1513 recte
1980 1457 2267 1515 credentes
2296 1459 2380 1515 vel
2414 1469 2729 1517 sanctorum
2764 1463 2988 1519 Patrum
3024 1467 3394 1522 sanctionibus

130 1548 411 1602 caelestium
465 1546 779 1602 militiarutu
824 1546 1103 1618 exemplar
1149 1561 1249 1601 nos
1292 1545 1539 1613 instruit,
1575 1548 1703 1618 quia
1801 1550 2237 1619 obtemperantes
2288 1552 2694 1621 permittimus,
2751 1555 2876 1624 quia
2926 1554 3155 1613 infames
3204 1573 3394 1614 omnes

131 1639 240 1695 dum
281 1638 391 1693 sint
446 1637 663 1710 angeli,
707 1638 816 1694 sint
857 1636 1167 1709 archangeli
1214 1635 1384 1708 liquet
1422 1638 1549 1707 quia
1595 1653 1699 1693 non
1802 1655 1922 1697 esse
1958 1655 2274 1708 censemus,
2313 1644 2403 1713 qui
2432 1660 2584 1699 suam
2624 1654 2718 1702 aut
2747 1647 3112 1705 Christianam
3140 1651 3396 1722 praevarb

129 1731 341 1802 :equales
366 1742 522 1798 sunt,
552 1730 647 1788 sed
693 1732 745 1787 in
783 1740 1051 1803 potestate
1076 1739 1133 1787 et
1164 1731 1355 1787 ordine
1378 1730 1519 1786 sicut
1559 1731 1700 1786 nosti
1801 1741 1993 1788 cantur
2014 1731 2208 1803 legem,
2230 1741 2325 1788 aut
2346 1735 2697 1805 apostolicam
2721 1738 2806 1793 vel
2833 1741 3135 1810 regularem
3165 1741 3396 1798 libenter

131 1824 287 1881 differt
311 1825 462 1881 alter
486 1825 554 1881 ab
577 1825 770 1881 altero.
802 1824 860 1880 Si
887 1840 1015 1895 ergo
1039 1824 1181 1879 inter
1206 1840 1299 1879 eos
1320 1824 1411 1894 qui
1438 1824 1554 1879 sine
1575 1839 1701 1895 pec-
1728 1896 1741 1898 ἓ
1798 1832 2129 1894 postponunt
2164 1826 2568 1882 auctoritatem.
2600 1826 2726 1882 llaec
2754 1829 2960 1898 itaque,
2993 1829 3161 1885 frater
3181 1831 3391 1886 charis-

131 1927 233 1973 cato
261 1931 386 1973 sunt
416 1918 523 1973 ista
566 1926 778 1973 constat
804 1932 922 1974 esse
951 1916 1248 1983 distinctio,
1276 1917 1399 1988 quis
1418 1917 1696 1972 hominum
1726 1896 1773 1956 Β
1802 1913 1957 1982 sime,
1984 1930 2105 1985 quae
2126 1930 2226 1987 pro
2248 1914 2437 1972 aflectu
2463 1917 2817 1975 sacerdotalis
2837 1922 3073 1977 nominis
3093 1931 3150 1977 et
3171 1922 3394 1979 honoris

130 2008 304 2063 abnuat
325 2009 462 2064 huic
486 2023 545 2063 se
569 2007 801 2063 libenter
822 2006 1162 2078 dispositioni
1187 2007 1540 2062 submittere?
1562 2006 1700 2062 lliuc

131 2101 302 2155 etenim
326 2115 439 2170 pax
460 2108 515 2155 et
536 2099 776 2154 cbaritas
816 2108 1003 2153 mutua
1028 2113 1088 2154 se
1108 2098 1224 2154 vice
1245 2098 1694 2169 complectuntur,

130 2200 173 2245 et
204 2199 375 2246 manet
424 2190 579 2247 firma
608 2189 909 2246 concordia:
944 2190 998 2245 in
1035 2189 1242 2244 alterna
1272 2198 1328 2245 et
1360 2190 1471 2245 Deo
1498 2189 1697 2261 placita

130 2280 391 2337 dilectione
419 2280 726 2337 sinceritas.
758 2279 895 2348 Quia
918 2280 1086 2353 igitur
1122 2282 1541 2353 unumquodque
1572 2292 1701 2337 tunc

129 2372 393 2430 salubriter
443 2373 743 2445 completur
787 2370 1043 2439 ofﬁcium,
1090 2388 1210 2428 cum
1240 2370 1405 2428 fuerit
1449 2388 1587 2429 unus
1631 2372 1698 2427 ad

130 2479 263 2535 quem
290 2462 469 2534 possit
499 2478 782 2519 recurrere
815 2463 1155 2535 praepositus.
1194 2464 1270 2520 De
1298 2464 1546 2520 ecclesiis
1571 2480 1700 2537 ergo

128 2558 455 2627 parochianis
494 2558 635 2613 unde
677 2558 1030 2628 apostolicam
1070 2558 1254 2614 sedem
1289 2559 1571 2615 consulere
1601 2575 1697 2615 vo-

130 2648 290 2717 luisti,
324 2650 566 2721 qualiter
602 2648 710 2706 sint
756 2650 1121 2707 custodiendae
1153 2666 1251 2722 per
1295 2650 1700 2708 Cordubensem

130 2741 445 2810 provinciam
482 2756 549 2797 ac
596 2741 899 2798 dividenda:
947 2743 1363 2811 sacerdotibus,
1410 2744 1546 2801 nihil
1596 2757 1701 2802 tuas

131 2835 357 2891 charitati
409 2834 603 2891 melius
650 2836 806 2892 nobis
840 2837 1058 2893 videtur
1106 2838 1358 2894 intimare
1382 2879 1399 2906 ,
1439 2854 1601 2911 quam
1643 2847 1702 2895 ut

133 2927 353 2998 sequaris
386 2926 532 2996 quod
557 2941 657 2982 nos
686 2927 741 2981 in
769 2927 1015 2983 Romana
1046 2928 1289 2985 Ecclesia
1319 2944 1492 2999 nuper
1528 2931 1701 3000 egisse

134 3019 477 3089 cognoscitur.
506 3016 775 3074 Ecclesias
803 3034 935 3074 vero
960 3019 1201 3089 singulas
1219 3021 1447 3094 singulis
1471 3024 1699 3095 presby-

138 3108 247 3164 teris
268 3108 540 3176 dedimus,
563 3109 851 3180 parochias
880 3117 935 3164 et
962 3112 1276 3167 cmmeteria
1299 3112 1379 3168 eis
1400 3112 1698 3182 divisimus,

1799 2099 1978 2153 nenda
2019 2107 2073 2152 et
2113 2098 2234 2154 aliis
2278 2099 2576 2155 nuntianda
2616 2109 2791 2172 atque
2845 2102 3190 2173 praedicanda
3240 2118 3395 2159 man-

1800 2190 2030 2257 damus,
2077 2190 2275 2262 quibus
2313 2201 2369 2246 et
2412 2193 2588 2263 pietas
2630 2195 2699 2249 ad
2738 2195 3060 2263 utilitatem,
3111 2205 3167 2252 et
3215 2194 3286 2253 sit
3325 2197 3393 2251 ad

1799 2280 2033 2337 fructum
2076 2283 2311 2339 dilectio.
2346 2283 2498 2341 Unde
2531 2284 2902 2358 obiurgando,
2929 2288 3230 2356 hortando,
3268 2304 3397 2345 sua-

1799 2372 2356 2442 dendo,blandiendo,
2373 2376 2723 2443 consolando,
2755 2383 3013 2448 prodesse
3041 2380 3236 2450 quibus
3263 2395 3389 2449 pos—

1800 2479 1987 2520 sumus
2024 2463 2361 2521 festinemus.
2405 2464 2613 2537 Lingua
2654 2476 2843 2523 nostra
2889 2469 3047 2526 bonis
3091 2469 3394 2524 fomentum

1800 2556 1890 2622 sit,
1917 2556 2099 2627 pravis
2120 2555 2357 2614 aculeus.
2385 2556 2644 2615 Tumidos
2671 2560 2943 2623 retundat.
2975 2563 3139 2616 iratos
3161 2562 3391 2632 mitiget,

1798 2648 1982 2719 pigros
2015 2655 2282 2713 exacuet,
2324 2648 2536 2705 desides
2569 2649 2838 2707 hortando
2884 2651 3210 2717 succendat,
3248 2651 3401 2706 retu-

1800 2740 2074 2811 gientibus
2123 2740 2388 2807 suadeat,
2443 2742 2653 2812 asperis
2701 2741 3029 2804 blandiatur,
3081 2743 3395 2813 desperatos

1801 2829 2129 2897 consoletur,
2162 2838 2221 2884 ut
2267 2830 2395 2900 quia
2431 2831 2681 2887 doctores
2716 2831 2972 2897 dicimur,
3014 2831 3156 2886 viam
3202 2830 3396 2886 salutis

1801 2923 2172 2993 gradientibus
2199 2925 2569 2981 ostendamus.
2603 2925 2785 2982 Simus
2815 2926 2868 2981 in
2898 2925 3141 2982 custodia
3169 2925 3396 2997 vigilan-

1802 3026 1907 3082 tes,
1932 3016 2137 3072 aditum
2164 3028 2355 3074 contra
2378 3019 2550 3076 hostis
2578 3019 2804 3075 insidias
2826 3020 3039 3076 solliciti
3064 3019 3393 3075 muniamus.

1799 3108 1869 3164 Et
1895 3108 2192 3178 siquando
2225 3111 2491 3181 perditam
2521 3126 2680 3166 ovem
2709 3112 2775 3168 de
2811 3111 3118 3167 commissis
3144 3110 3396 3181 gregibus

1802 2005 2189 2076 impendimus,
2247 2006 2345 2062 tibi
2393 2008 2606 2079 tuisque
2646 2011 2877 2067 subditis
2917 2021 2974 2068 et
3013 2013 3265 2068 omnibus
3314 2022 3394 2068 te-
3490 2032 3499 2041 ’

135 3202 214 3257 sed
252 3203 544 3274 unicuique
573 3203 665 3275 jus
696 3205 978 3275 proprium
1018 3205 1219 3262 habere
1254 3206 1546 3264 statuimus
1569 3248 1584 3274 ,
1624 3208 1701 3263 ita

1804 3213 1959 3256 error
1990 3200 2305 3269 abduxerit,
2355 3211 2467 3259 toto
2496 3203 2640 3258 illam
2677 3204 2870 3259 annisu
2909 3204 2979 3260 ad
3009 3202 3193 3259 caulas
3225 3202 3398 3258 domi-

136 3293 365 3350 vidclicet
407 3272 473 3349 ut
507 3272 953 3353 nullus—alterius
997 3297 1271 3368 parochias
1312 3299 1571 3356 terminos
1610 3308 1706 3356 aut
1731 3272 1775 3334 ί)
1808 3294 1961 3352 nicas
1986 3310 2248 3352 revocare
2275 3298 2685 3365 contendamus,
2718 3305 2777 3353 ut
2809 3297 2877 3354 de
2915 3297 3150 3368 pastoris
3177 3295 3397 3352 nomine

132 3384 206 3453 jns
233 3388 472 3456 invadat,
507 3388 603 3444 sed
643 3388 1015 3460 unusquisque
1043 3388 1156 3445 suis
1194 3390 1440 3447 terminis
1469 3392 1542 3448 sit
1570 3406 1703 3448 eon-

140 3484 329 3546 tentus,
362 3488 420 3534 et
447 3478 627 3534 taliter
653 3477 936 3535 ecclesiam
970 3487 1026 3535 et
1054 3479 1264 3550 plebem
1299 3480 1402 3537 sibi
1446 3482 1702 3538 commis-

140 3581 237 3624 sam
278 3571 587 3637 custodiat,
630 3580 690 3626 ut
728 3580 853 3627 ante
898 3572 1135 3628 tribunal
1179 3572 1368 3629 alterni
1406 3572 1605 3645 judicis
1636 3589 1705 3630 ex

140 3659 370 3715 omnibus
397 3660 499 3716 sibi
536 3661 843 3718 commissis
872 3663 1136 3719 rationem
1166 3665 1359 3721 reddat
1394 3675 1449 3721 et
1487 3678 1592 3722 non
1614 3665 1706 3735 ju-

143 3749 345 3819 dicium,
376 3754 471 3808 sed
509 3753 735 3824 gloriam
762 3770 861 3826 pro
882 3755 997 3812 suis
1021 3757 1230 3813 actibus
1257 3758 1507 3829 accipiat.
1560 3759 1711 3817 Hanc

143 3854 335 3911 quoque
359 3858 629 3911 normam,
670 3845 1014 3914 charissime,
1039 3856 1089 3903 te
1125 3860 1182 3905 et
1215 3864 1405 3907 omnes
1426 3851 1710 3921 episcopos

134 3935 273 4002 sequi
302 3935 572 4000 convenit,
606 3943 661 3991 et
682 3937 822 4007 quod
854 3938 950 3993 tibi
975 3939 1251 4007 scribitur,
1283 3942 1536 3998 omnibus
1578 3942 1703 4012 qui-

146 4018 440 4094 nuscunqne
477 4025 719 4095 potueris
747 4036 936 4082 notum
984 4027 1173 4095 facias,
1200 4040 1259 4084 ut
1295 4046 1402 4085 non
1433 4030 1707 4102 specialis,

145 4113 226 4167 sed
251 4115 515 4185 generalis
540 4116 632 4172 fiat
673 4117 775 4173 ista
814 4121 1123 4190 praeceptio.
1152 4121 1395 4178 Crimina
1427 4139 1556 4180 vero
1592 4140 1712 4195 quae

146 4203 392 4277 episcopis
434 4207 731 4279 impingere
764 4208 922 4279 dicis,
970 4227 1069 4283 per
1114 4212 1249 4268 alios
1278 4230 1383 4269 non
1416 4215 1562 4271 sinas
1604 4214 1715 4272 ullo

148 4297 287 4351 modo
322 4298 435 4354 fieri
466 4298 570 4355 nisi
604 4315 703 4371 per
738 4300 882 4372 ipsos
915 4302 1006 4373 qui
1042 4304 1270 4360 crimina
1315 4306 1618 4362 intendunt.
1657 4306 1715 4361 Si

152 4455 1251 4483 m-

1810 3388 1952 3459 quod
1966 3387 2249 3456 habemus,
2274 3404 2380 3445 non
2401 3390 2830 3461 suppliciumsed
2851 3391 3130 3461 praemium
3143 3389 3257 3463 44
3270 3404 3400 3445 cono

1809 3492 2121 3548 sequamur.
2156 3477 2292 3546 Quia
2328 3494 2458 3550 ergo
2486 3480 2541 3535 in
2578 3481 2664 3536 bis
2699 3481 2953 3536 omnibus
2981 3482 3176 3535 divinae
3210 3480 3400 3551 gratiae

1774 3604 1783 3609 -
1812 3567 2137 3637 adiutorium
2166 3583 2303 3640 opus
2328 3578 2444 3635 est,
2473 3570 2860 3641 omnipotentis
2888 3570 2983 3626 Dei
3014 3570 3248 3625 assiduis
3273 3584 3399 3639 pre-

1810 3660 1963 3717 cibus
1987 3659 2332 3716 clementiam
2361 3676 2667 3729 exoremus,
2705 3671 2973 3734 quatenus
3001 3663 3068 3718 ad
3093 3662 3213 3717 haec
3242 3660 3400 3717 nobis

1808 3750 2083 3823 operanda
2108 3760 2163 3809 et
2182 3751 2317 3809 velle
2347 3753 2550 3809 tribuat
2572 3762 2628 3808 et
2651 3768 2809 3823 posse
2839 3753 3125 3819 concedat,
3156 3750 3401 3821 atquein

1808 3859 1871 3901 ea
1910 3859 2010 3900 nos
2035 3845 2124 3900 via
2167 3860 2289 3900 cum
2323 3844 2502 3901 fructu
2543 3845 2669 3900 boni
2699 3844 2879 3914 operis
2919 3858 3080 3913 quam
3108 3858 3169 3899 se
3216 3849 3403 3913 pastor

1809 3944 2086 4007 pastorum
2114 3950 2236 3993 esse
2261 3943 2486 3992 testatus
2517 3944 2601 3992 est
2650 3936 2872 4008 dirigat,
2901 3944 2959 3990 nt
2984 3936 3101 3991 sine
3130 3949 3238 4006 quo
3264 3933 3402 3989 nihil

1810 4040 1971 4096 agere
1992 4040 2301 4098 possumus,
2325 4042 2423 4098 per
2445 4027 2621 4098 ipsum
2649 4026 2875 4097 implere
2894 4026 3076 4083 omnia
3100 4024 3399 4081 valeamus.

1814 4117 1949 4172 Data
1984 4133 2019 4172 v
2048 4116 2172 4175 ldus
2210 4117 2546 4190 Septembris
2572 4159 2588 4186 ,
2628 4117 2855 4175 Claudio
2882 4126 2937 4174 et
2968 4117 3205 4174 Paterno
3226 4115 3294 4171 lV
3317 4130 3399 4171 cc.

1816 4209 2031 4267 consul.

2660 4358 2679 4391 ἃ

662 4617 1302 4712 INCIPIUNT
1372 4623 1708 4714 DECR]

1807 4624 1913 4715 ΓΑ
1983 4627 2449 4722 FELICIS
2520 4631 2897 4724 ΡΑΡᾹΞ.

1371 4813 1552 4886 (Anno
1576 4815 1791 4871 Domini
1814 4815 2099 4891 269-274.)

1541 4977 1885 4988 __—-——-

216 5088 537 5146 Cbarissimo
566 5097 726 5162 atque
747 5090 1095 5150 dilectissimo
1119 5094 1374 5154 Parnaso
1396 5101 1716 5174 coepiscopo
1747 5114 1794 5175 ι)
1821 5104 2181 5180 Quoscunque
2204 5110 2348 5167 enim
2376 5109 2517 5176 rapit
2541 5107 2608 5163 ad
2642 5124 2721 5175 se,
2748 5123 2855 5164 non
2891 5110 3063 5167 solum
3098 5112 3153 5168 in
3183 5113 3287 5170 hoc
3317 5113 3367 5170 vi
3394 5144 3400 5155 ·

161 5175 308 5238 Frux
335 5185 622 5255 episcopus
651 5184 701 5239 in
729 5184 961 5242 Domino
991 5187 1244 5247 salutem.

216 5272 449 5330 Gaudere
479 5289 566 5329 me
587 5273 876 5345 plurimum
904 5287 957 5333 et
982 5280 1255 5337 exsultare
1294 5284 1347 5338 in
1371 5285 1602 5343 Domino
1640 5288 1714 5344 di-

162 5358 383 5420 lectionis
433 5373 537 5419 tnaa
586 5366 785 5437 scripta
847 5366 1133 5439 fecerunt,
1191 5374 1391 5443 quibus
1441 5377 1719 5435 evidenter

164 5455 442 5509 ostenditur
495 5465 757 5526 quantum
812 5460 1133 5518 catholicam
1189 5466 1365 5538 diligis
1414 5467 1608 5537 fidem,
1665 5479 1721 5528 et

166 5553 401 5610 quantum
450 5546 763 5602 hmreticum
828 5550 1114 5609 detestaris
1167 5571 1430 5614 errorem.
1483 5559 1716 5617 Haeresis

168 5635 342 5706 quippe
368 5646 450 5692 est
480 5638 644 5694 nimis
670 5639 832 5712 impia
863 5651 916 5698 et
939 5644 1278 5719 Evangelicze
1322 5651 1570 5709 veritatis
1616 5653 1721 5709 ini-

172 5727 310 5794 mica,
334 5744 449 5800 qua:
476 5743 581 5784 non
608 5731 908 5800 portionem
948 5737 1181 5808 aliquam
1212 5740 1428 5811 laedere,
1471 5744 1565 5799 sed
1604 5745 1719 5815 ipsa
1770 5724 1779 5739 ⁵

171 5815 743 5897 (ἰιιτξδιίειιιτριεειῑεῑοηίε
769 5840 996 5885 conatur
1018 5834 1367 5893 fundamenta
1394 5838 1717 5895 convellere.

1822 5198 1980 5267 tium,
2030 5202 2124 5258 sed
2172 5203 2227 5258 in
2274 5202 2443 5258 multa
2490 5201 2594 5256 alia
2639 5202 2770 5256 vitia
2806 5217 2964 5258 ruere
3009 5203 3160 5271 facit,
3191 5214 3246 5261 et
3285 5205 3401 5276 ipso

1819 5292 2081 5349 suadente
2139 5292 2363 5366 artiquo
2425 5293 2584 5349 hoste
2631 5308 2738 5348 non
2799 5293 2974 5348 solum
3024 5305 3402 5366 persecutores

1821 5383 2097 5451 Ecclesiae,
2132 5385 2225 5441 sed
2256 5386 2420 5442 etiam
2452 5384 2796 5441 sacerdotum
2822 5384 2936 5455 ejus
2969 5385 3121 5441 fiunt.
3154 5386 3271 5442 Una
3304 5385 3402 5454 igi-

1822 5482 1909 5528 tur
1951 5483 2133 5529 mente
2175 5476 2451 5546 corrigere
2485 5489 2741 5530 curemus
2780 5483 2837 5530 et
2863 5476 3211 5546 insequamur
3242 5472 3399 5539 tales,

1819 5571 1872 5617 et
1898 5563 1966 5619 ab
1984 5564 2151 5619 ‘hoste
2182 5580 2279 5621 suo
2307 5564 2604 5620 Ecclesiam
2626 5606 2641 5631 ,
2671 5563 2894 5636 ejusque
2932 5565 3116 5620 fideles
3143 5573 3197 5618 et
3220 5577 3402 5620 sacer-

1822 5653 1976 5710 dotes
2022 5654 2236 5711 Domini
2290 5655 2532 5710 nitamur
2599 5655 2851 5712 liherare.
2921 5653 3210 5710 Praestabit
3257 5653 3402 5708 vires

1821 5746 2162 5818 omnipotens
2211 5746 2520 5818 redemptor
2562 5756 2747 5804 noster
2793 5746 3045 5803 charitati
3100 5752 3264 5815 atque
3312 5742 3401 5811 ju-

1824 5834 2005 5892 stitiaz.
2044 5836 2333 5893 Praestabit
2372 5837 2532 5895 nobis
2561 5838 2721 5909 longe
2753 5852 2786 5893 a
2822 5832 2881 5894 se
2908 5836 3102 5906 positis
3142 5834 3402 5891 unitatem
