3926 6450
569 384 660 438 l9!

1315 371 1596 430 APPEND.
1638 371 1729 426 AD
1769 369 1941 427 Sz'EC.
1971 370 2061 427 lx.
2105 401 2172 412 —-—
2212 371 2456 427 lSll)0Rl
2491 371 2934 429 MERCATORIS
3717 379 3798 434 192

567 492 790 565 spiritus
838 488 920 545 sui
948 489 1060 559 ipse
1084 483 1236 555 cujus
1264 483 1497 538 artiﬁcio
1524 481 1678 551 quasi
1733 481 1787 534 in
1835 494 1976 534 arcae
2021 493 2138 533 mo-
2166 483 2217 542 Α
2243 478 2354 532 dite
2393 481 2614 534 verbum
2650 480 2861 535 Domini
2902 479 2993 549 qui
3037 477 3268 534 tremitis
3313 479 3383 533 ad
3428 479 3652 535 verbum
3681 482 3795 551 ejus.

569 585 695 638 dum
725 590 958 650 quatuor
985 575 1169 631 mundi
1197 581 1507 630 constructa
1545 571 1804 625 lateribus
1839 579 1997 638 atque
2037 568 2140 621 im-

568 673 900 743 putribilium
939 671 1202 740 lignorum
1248 681 1540 735 compage,
1584 672 1639 717 et
1665 663 1927 717 bitumine
1964 659 2142 715 chari-

572 765 697 818 tatis
721 763 963 824 astricta,
998 770 1055 812 ut
1092 757 1287 811 nullius
1317 754 1642 808 adversitate
1671 752 1913 820 spiritus,
1947 749 2142 802 nullius

571 855 838 910 venientis
900 853 1240 905 extrinsecus
1294 857 1506 901 tumore
1555 843 1750 898 fluctus
1796 841 2142 910 perturbetur

569 947 828 1000 Ecclesia.
849 944 953 999 Sed
972 940 1421 1011 quemadmodum
1451 938 1588 991 illius
1612 937 1946 1006 gubernante
1967 929 2140 1000 gratia

569 1037 855 1107 petendum
897 1042 1000 1098 est,
1047 1039 1106 1088 ut
1153 1031 1295 1085 nulla
1342 1045 1439 1084 nos
1483 1026 1866 1096 superveniens
1901 1022 2139 1079 exterius

569 1127 708 1180 unda
741 1125 1049 1187 conturbet,
1081 1123 1154 1176 ita
1183 1137 1249 1175 ex
1275 1125 1399 1174 totis
1422 1119 1683 1172 orandum
1711 1126 1793 1171 est
1817 1114 2138 1177 visceribus,

567 1214 736 1268 frater
764 1213 1105 1275 charissime,
1127 1219 1184 1263 ut
1201 1225 1312 1263 sua:
1332 1207 1679 1279 providentiae
1706 1207 1923 1260 dextera
1953 1217 2142 1256 cumu-

514 1337 520 1342 -
566 1301 676 1356 lum
713 1303 938 1356 sentina:
969 1301 1124 1356 nobis
1147 1299 1421 1354 interioris
1449 1296 1753 1350 exhauriat.
1784 1292 2140 1347 Adversarius

565 1392 765 1462 quippe
793 1391 1036 1445 diabolus
1065 1389 1153 1457 qui
1181 1396 1367 1442 contra
1388 1386 1617 1440 humiles
1642 1384 1868 1438 szeviens
1889 1382 2027 1436 sicut
2056 1380 2140 1434 leo

566 1483 790 1551 rugiens
837 1481 1031 1535 circuit
1060 1493 1309 1549 quzerens
1346 1491 1506 1546 quem
1535 1476 1774 1537 devoret,
1808 1487 1912 1525 non
1939 1470 2052 1539 jam
2079 1476 2139 1522 ut

563 1573 838 1628 cernimus
869 1572 1051 1627 caulas
1077 1569 1346 1632 circuivit,
1381 1568 1475 1622 sed
1503 1568 1576 1622 ita
1607 1566 1782 1618 valide
1819 1564 1872 1618 in
1910 1562 2138 1633 quibus-

564 1663 687 1716 dam
725 1662 967 1716 ecclesiae
1005 1659 1326 1715 necessariis
1369 1657 1624 1711 membris
1653 1657 1868 1708 dentem
1916 1654 2052 1721 ligit,
2081 1657 2142 1705 ut

563 1752 692 1804 nulli
732 1755 801 1806 sit
841 1751 1056 1806 dubium
1081 1791 1095 1814 ,
1134 1750 1258 1818 quia
1298 1749 1398 1803 nisi
1430 1747 1755 1801 unanimiter
1797 1743 2010 1798 favente
2039 1741 2142 1796 Do-

2244 567 2504 624 Diseruut
2543 569 2742 625 fratres
2785 570 2948 624 vestri
2996 570 3239 624 odientes
3276 585 3376 623 vos
3415 580 3473 624 et
3513 571 3798 640 abjicientes

2243 671 2460 729 propter
2506 678 2700 716 nomen
2743 677 2940 715 meum.
2981 651 3325 717 Glorilicetur
3357 662 3615 717 Dominus
3652 675 3702 719 et
3727 668 3796 720 vi.

2242 751 2486 804 debimus
2515 751 2566 804 in
2597 751 2782 806 laetitia
2811 760 3008 814 vestra,
3041 752 3140 819 ipsi
3184 765 3366 804 autem
3400 751 3794 807 confundentur.

2242 838 2354 894 Vox
2385 842 2563 911 populi
2601 843 2664 897 de
2707 843 2946 906 civitate,
2981 858 3082 896 vox
3124 843 3189 895 de
3226 842 3454 911 templo,
3485 857 3587 897 vox
3612 844 3796 902 Domini

2244 931 2518 985 reddentis
2569 933 2984 987 retributionem
3038 933 3272 988 inimicis
3323 935 3460 988 suis.
3519 934 3796 1004 Antequam

2241 1021 2556 1088 parturiret,
2601 1022 2834 1092 peperit,
2873 1031 3162 1092 antequam
3202 1024 3416 1077 veniret
3454 1033 3637 1094 partus
3681 1025 3794 1094 ejus,

2238 1111 2450 1179 peperit
2504 1112 2825 1168 masculum.
2874 1113 3006 1179 Quis
3055 1113 3261 1167 audivit
3306 1130 3551 1183 unquam
3603 1115 3719 1180 tale,
3753 1128 3796 1170 et

2239 1200 2361 1267 quis
2387 1200 2516 1253 vidit
2548 1201 2672 1254 huic
2702 1201 2996 1255 similiter?
3024 1199 3273 1272 Nunquid
3301 1203 3571 1272 parturiet
3599 1212 3723 1256 terra
3752 1206 3792 1260 in

2239 1288 2326 1342 die
2356 1304 2481 1353 una,
2514 1301 2606 1343 aut
2649 1291 2978 1360 parturietur
3006 1307 3138 1361 gens
3169 1291 3332 1346 simul
3366 1292 3497 1360 qttia
3539 1294 3794 1361 partui-ivit

2238 1385 2293 1430 et
2326 1379 2532 1446 peperit
2567 1377 2697 1432 Sion
2740 1378 2878 1433 ﬁlios
2919 1381 3087 1434 suos?
3131 1378 3385 1451 Nunquid
3432 1396 3534 1451 ego
3562 1380 3649 1450 qui
3681 1381 3793 1435 alios

2237 1481 2430 1536 parere
2477 1467 2638 1532 facio,
2674 1470 2786 1538 ipse
2838 1487 2943 1524 non
2989 1472 3216 1541 pariam,
3245 1472 3383 1525 dicit
3411 1471 3704 1525 Dominus?
3745 1473 3790 1526 Si

2239 1572 2341 1628 ego
2369 1560 2458 1629 qni
2495 1563 2897 1630 generationem
2945 1564 3155 1618 caeteris
3205 1565 3408 1625 tribuo,
3461 1563 3657 1618 sterilis
3695 1580 3788 1626 ero,

2238 1649 2595 1704 aitDominus
2623 1651 2762 1705 Deus
2815 1652 2982 1706 tuus?
3028 1652 3307 1708 Leetamini
3357 1668 3482 1707 cum
3525 1651 3788 1708 Jerusalem

2239 1747 2294 1791 et
2320 1738 2584 1794 exsultate
2621 1741 2674 1795 in
2705 1757 2766 1795 ea
2797 1758 2986 1798 omnes
3013 1745 3106 1814 qui
3151 1745 3377 1816 diligitis
3407 1759 3527 1799 eam
3547 1787 3560 1809 ,
3594 1747 3792 1816 gaudete

562 1843 710 1896 mino
739 1852 1051 1898 cunctorum
1079 1842 1297 1910 provida
1327 1851 1600 1909 pastorum
1633 1836 1786 1890 turba
1823 1843 2132 1900 concurrat,
2166 1837 2212 1896 Β
2241 1847 2362 1884 cum
2400 1847 2463 1886 ea
2500 1835 2694 1904 gaudio
2730 1835 2990 1902 universi,
3025 1837 3117 1907 qui
3157 1837 3358 1908 lugetis
3397 1855 3562 1908 super
3583 1854 3718 1900 eam,
3745 1847 3789 1892 ut

561 1948 723 1988 onme
762 1934 923 2003 (quod
953 1933 1112 2003 absit)
1151 1932 1310 1986 citius
1351 1931 1492 1985 ovile
1519 1929 1756 1984 dilaniet.
1797 1927 2139 1996 Quapropter

563 2027 897 2078 detractores
932 2025 1022 2094 qui
1054 2023 1235 2076 divina
1282 2021 1604 2075 auctoritate
1643 2017 1954 2072 eradicandi
1991 2025 2136 2080 sunt,

562 2124 617 2169 et
660 2115 898 2168 fautores
948 2115 1286 2167 inimicorum
1325 2112 1393 2165 ab
1419 2111 1709 2181 episcopali
1759 2111 2141 2165 submovemus

565 2209 927 2262 accusatione.
974 2205 1236 2260 Similiter
1263 2221 1329 2258 ne
1365 2219 1695 2259 summorum
1727 2201 1995 2272 quispiam
2033 2201 2140 2255 mi-

563 2316 755 2354 norum
787 2301 1217 2355 accusationibus
1261 2299 1573 2368 itnpetatur,
1600 2305 1692 2352 aut
1721 2296 2015 2366 dispereat,
2045 2309 2140 2349 ne-

561 2406 667 2459 que
693 2393 743 2444 in
779 2407 833 2446 re
861 2393 1016 2446 dubia
1045 2399 1188 2445 certa
1215 2389 1488 2459 judicetur
1518 2389 1804 2451 sententia,
1838 2402 1936 2440 nec
1974 2385 2138 2440 ullum

557 2483 858 2554 judicium,
907 2483 1008 2536 nisi
1045 2481 1420 2536 ordinabiliter
1467 2480 1726 2541 habitum,
1765 2486 2029 2532 teneatur.
2081 2474 2139 2531 Si

560 2574 682 2642 quis
713 2589 870 2643 super
897 2572 1224 2644 quibuslibet
1267 2572 1584 2625 criminibus
1622 2568 1877 2623 clericum
1925 2567 2142 2637 pulsan-

561 2663 686 2717 dum
717 2663 1022 2724 crediderit,
1050 2663 1100 2714 in
1129 2662 1407 2731 provincia
1438 2662 1490 2715 in
1521 2676 1625 2729 qua
1655 2659 1899 2714 consistit
1933 2657 2020 2711 ille
2045 2657 2139 2725 qui

562 2755 804 2824 pulsatur
851 2771 976 2808 suas
1019 2763 1275 2810 exerceat
1311 2756 1569 2819 actiones,
1618 2769 1717 2809 nec
1751 2753 1980 2808 :estimet
2014 2765 2138 2805 eum

563 2855 845 2898 accusator
874 2845 1000 2899 alibi
1051 2856 1143 2899 aut
1184 2844 1394 2914 longius
1439 2845 1859 2914 pertrahendum
1892 2842 1957 2897 ad
1993 2841 2143 2912 judi-

563 2935 727 2989 cium.
759 2935 835 2989 llli
881 2951 1006 2992 vero
1031 2938 1119 3006 qui
1153 2937 1392 3006 pulsatus
1425 2936 1616 3002 fuerit,
1641 2936 1914 3002 sijudices
1948 2949 2138 3004 suspe~

561 3034 678 3079 ctos
721 3025 986 3091 habuerit,
1038 3025 1195 3080 liceat
1229 3027 1498 3096 appellare
1544 3028 1817 3096 primates.
1876 3024 2140 3080 Primates

560 3128 774 3182 quoque
804 3125 1112 3169 accusatum
1142 3115 1489 3170 discutientes
1525 3116 1835 3186 episcopum
1883 3101 1987 3168 non
2015 3123 2141 3168 ante

2242 1923 2478 1991 surgatis
2523 1933 2579 1977 et
2621 1925 2934 1994 repleamini
2978 1928 3046 1981 ab
3075 1928 3237 1983 ubere
3263 1928 3651 1983 consolationis
3674 1930 3788 2000 ejus.

2239 2021 2297 2064 ttt
2323 2013 2621 2082 tnulgeatis,
2646 2025 2701 2069 et
2728 2016 2936 2071 deliciis
2966 2017 3194 2073 aflluatis
3223 2020 3294 2073 ab
3317 2021 3621 2074 ontnimoda
3648 2021 3788 2090 gloria

2238 2103 2374 2171 ejus.
2424 2106 2560 2173 Quia
2599 2108 2715 2164 hazc
2741 2110 2872 2164 dicit
2900 2109 3157 2166 Dominus
3189 2129 3202 2166 :
3233 2112 3380 2167 Ecce
3409 2129 3508 2184 ego
3543 2113 3788 2166 decliuabo

2239 2210 2400 2266 super
2424 2211 2544 2250 eam
2571 2199 2724 2268 quasi
2773 2198 2993 2254 ﬂuvium
3027 2203 3196 2272 pacis,
3228 2212 3287 2257 et
3329 2205 3482 2274 quasi
3529 2211 3786 2257 torrentem

2239 2285 2586 2342 inundantem
2642 2289 2868 2359 gloriam
2923 2293 3161 2361 gentium
3219 2309 3388 2363 quam
3447 2294 3660 2364 sugetis.
3721 2293 3788 2345 Ad

2237 2378 2403 2432 ubera
2450 2381 2821 2448 portabimiui,
2853 2391 2906 2437 et
2937 2399 3098 2452 super
3129 2398 3307 2455 genua
3345 2384 3685 2440 blandientur
3709 2397 3784 2436 vo-

2237 2468 2341 2523 bis.
2373 2468 2656 2536 Quomodo
2685 2473 2729 2528 si
2757 2475 2843 2528 cui
2884 2483 3055 2530 mater
3085 2477 3422 2543 blandiatur,
3470 2480 3539 2532 ita
3565 2493 3660 2548 ego
3683 2491 3787 2530 con-

2239 2558 2458 2614 solabor
2483 2577 2603 2627 vos,
2628 2573 2682 2616 et
2713 2563 2765 2617 in
2798 2563 2959 2620 Israel
3001 2567 3418 2624 consolabimini
3446 2587 3460 2637 ;
3497 2569 3722 2624 videbitis
3743 2575 3786 2621 et

2239 2652 2490 2720 gaudebit
2535 2669 2632 2708 cor
2668 2665 2932 2722 vestrum,
2978 2667 3031 2712 et
3077 2675 3200 2714 ossa
3234 2671 3423 2716 vestra
3469 2661 3604 2716 sicut
3647 2659 3783 2718 herba

2240 2733 2624 2814 germinabunt
2653 2766 2666 2801 :
2708 2757 2762 2802 et
2789 2762 3146 2818 cognoscetur
3194 2768 3393 2808 manus
3416 2753 3622 2808 Domini
3644 2752 3784 2806 servis

2238 2846 2293 2892 et
2323 2839 2692 2909 indignabitur
2726 2840 2958 2896 inimicis
2985 2843 3116 2907 suis,
3148 2844 3274 2913 quia
3308 2861 3438 2900 ecce
3466 2845 3702 2899 Dominus
3740 2843 3781 2895 in

2239 2928 2363 2998 igne
2391 2931 2570 2984 veniet
2596 2940 2651 2984 et
2695 2933 2849 3000 quasi
2899 2935 3056 2988 turbo
3099 2937 3366 3006 quadriga
3415 2935 3782 3005 ejuszreddere

2242 3019 2296 3072 in
2355 3019 2722 3090 indignatione
2769 3021 3007 3077 furorem
3066 3040 3220 3079 suum
3287 3035 3343 3080 et
3395 3027 3778 3098 increpationem

2241 3127 2393 3167 suam
2433 3113 2484 3166 in
2516 3112 2730 3168 flamma
2760 3114 2918 3186 ignis.
2945 3115 3080 3184 Quia
3115 3119 3165 3170 in
3193 3119 3318 3186 igne
3345 3119 3598 3174 Dominus
3625 3115 3782 3186 dijudi-

563 3205 886 3258 sententiam
937 3204 1215 3275 proferant
1262 3205 1623 3259 damnationis
1653 3222 1812 3274 quam
1843 3204 2136 3274 apostolica
2166 3198 2209 3259 C
2242 3215 2349 3269 cal,
2389 3213 2442 3259 et
2477 3205 2529 3259 in
2560 3206 2740 3273 gladio
2777 3222 2874 3261 suo
2912 3208 2978 3261 ad
3018 3223 3233 3262 omnem
3277 3225 3518 3272 carnem,
3561 3219 3610 3262 et
3635 3206 3782 3261 multi-

562 3295 689 3348 frcti
715 3295 1039 3350 auctoritate
1062 3306 1154 3350 aut
1179 3312 1330 3351 reum
1351 3312 1408 3350 se
1430 3297 1541 3366 ipse
1562 3296 1906 3361 confiteatur,
1923 3307 2014 3350 aut
2040 3312 2136 3366 per

563 3387 875 3443 innocentes
895 3398 950 3442 et
970 3404 1228 3444 canomce
1249 3390 1585 3444 examinatus
1627 3389 1947 3459 regulariter
1975 3398 2137 3444 testes

559 3479 946 3542 convincatur;
976 3479 1130 3535 aliter
1145 3479 1354 3534 irritam
1369 3496 1486 3535 esse
1509 3470 1789 3536 censemus
1803 3492 1858 3534 et
1880 3481 2136 3551 injustam

558 3571 933 3640 episcoporum
957 3572 1375 3634 damnationem,
1389 3583 1443 3627 et
1469 3574 1668 3628 idcirco
1684 3589 1713 3626 a
1729 3574 1932 3644 synodo
1960 3584 2132 3627 retra-

561 3662 837 3726 ctandam,
857 3663 928 3716 ita
958 3665 1303 3732 utoppressis
1326 3666 1393 3717 ab
1417 3665 1737 3718 omnibusin
1765 3665 1976 3718 cunctis
2002 3665 2134 3719 sub-

557 3754 805 3806 veniatur
826 3755 1024 3809 causis.
1046 3755 1282 3811 Caveant
1305 3757 1516 3826 judices
1541 3757 1795 3812 Ecclesiae
1824 3772 1890 3811 ne
1913 3759 2136 3812 absente

558 3859 623 3898 eo
645 3844 798 3913 cujus
825 3862 985 3900 causa
1003 3848 1314 3911 ventilatur,
1344 3849 1665 3902 sententiam
1685 3849 1981 3918 proferant,
2003 3851 2127 3920 quia

560 3934 715 3987 irrita
743 3935 846 3988 erit
871 3936 962 4003 qui
989 3937 1149 3990 etiam
1169 3939 1432 3992 rationem
1457 3952 1554 4006 pro
1585 3939 1799 3993 actione
1821 3939 2046 3994 fratrum
2077 3941 2132 3996 in

557 4025 845 4093 prmsentia
863 4025 1084 4080 dabunt.
1102 4026 1441 4082 Proditorum
1458 4044 1585 4106 vero
1607 4045 1708 4083 nec
1728 4030 2016 4094 calumnia,
2034 4046 2133 4088 nec

556 4130 660 4169 vox
693 4115 960 4169 audiatur.
994 4115 1160 4172 Nemo
1185 4121 1326 4172 enim
1369 4120 1664 4173 debitorem
1701 4121 1932 4191 amplius
1957 4131 2133 4191 potest

558 4222 907 4277 cognoscere,
935 4224 1094 4277 quam
1123 4209 1209 4263 ille
1235 4211 1324 4279 qui
1354 4209 1600 4278 injuriam
1629 4212 1851 4282 ejusque
1879 4215 2135 4270 sustinuit

559 4298 874 4365 nequitiam.
924 4298 1124 4354 Omnes
1165 4317 1293 4370 ergo
1331 4302 1419 4369 qui
1463 4304 1516 4356 in
1550 4304 1766 4358 Christo
1813 4306 2000 4361 volunt
2046 4307 2133 4378 pie

557 4389 773 4453 vivere,
806 4407 1026 4446 necesse
1053 4401 1134 4446 est
1173 4402 1231 4446 ut
1255 4393 1322 4447 ab
1355 4394 1533 4464 impiis
1566 4407 1618 4450 et
1644 4396 1995 4454 dissimilibus
2032 4415 2132 4468 pa-

560 4476 763 4532 tiantur
799 4481 1110 4551 opprobria,
1138 4492 1191 4536 et
1217 4484 1581 4553 despiciantur
1615 4494 1868 4555 tanquam
1900 4488 2048 4541 stulti
2079 4497 2130 4544 et

2240 3297 2584 3367 plicabuntur
2619 3298 2890 3354 interfecti
2933 3316 2959 3352 a
2988 3298 3232 3355 Domino.
3279 3303 3382 3368 Qui
3410 3300 3782 3356 sanctiﬁcaban-

2240 3398 2328 3443 tur
2359 3398 2414 3443 et
2443 3391 2670 3446 mundos
2699 3407 2758 3446 se
2784 3391 3050 3462 putabant
3079 3394 3131 3446 in
3163 3393 3302 3448 ortis
3333 3403 3453 3465 post
3477 3393 3685 3461 januam
3712 3391 3778 3442 in-

2241 3481 2529 3550 trinsecus,
2562 3484 2654 3554 qui
2685 3485 3040 3539 comedebant
3080 3500 3300 3540 carnem
3340 3485 3573 3550 suillam,
3604 3491 3649 3538 et
3671 3481 3779 3535 abo-

2239 3573 2588 3630 minationem
2637 3585 2692 3630 et
2737 3593 2974 3644 murem,
3030 3578 3189 3632 simul
3239 3575 3650 3644 consumenturf,
3677 3573 3780 3628 dicit

2240 3661 2521 3718 Dominus.
2578 3665 2688 3734 Ego
2725 3675 2904 3720 autem
2939 3682 3102 3737 opera
3155 3682 3346 3722 eorum
3379 3679 3434 3724 et
3464 3666 3777 3738 cogitationes

2236 3767 2446 3820 eorum,
2477 3755 2634 3810 venio
2676 3765 2734 3810 ut
2783 3772 3103 3829 congregem
3134 3774 3257 3814 cum
3288 3762 3539 3815 omnibus
3566 3756 3778 3830 gentibus

2235 3855 2289 3898 et
2320 3844 2535 3915 linguis,
2567 3855 2621 3901 et
2645 3847 2859 3901 venient
2883 3855 2937 3902 et
2965 3848 3220 3902 videbunt
3265 3849 3491 3919 gloriam
3534 3861 3708 3906 meam,
3736 3848 3778 3895 et

2235 3951 2426 4003 ponam
2460 3936 2512 3989 in
2539 3937 2618 3990 eis
2645 3937 2875 4008 signum.
2932 3938 2997 3992 Et
3039 3941 3250 3993 mittam
3293 3956 3358 3994 ex
3397 3940 3476 3994 eis
3501 3940 3589 4008 qui
3616 3931 3776 3990 salvati

2235 4025 2438 4080 fuerint
2489 4028 2556 4081 ad
2598 4039 2820 4096 gentes,
2878 4030 2928 4082 in
2974 4031 3139 4095 mari,
3186 4030 3239 4084 in
3292 4031 3474 4086 Africa
3513 4038 3564 4085 et
3618 4025 3774 4096 Lydia.

2235 4122 2478 4170 tenentes
2501 4118 2750 4186 sagittam
2797 4119 2850 4172 in
2884 4118 3090 4172 Italiam
3127 4121 3490 4185 etGrzeciam,
3517 4119 3580 4173 ad
3605 4114 3775 4170 insulas

2233 4203 2411 4278 longe,
2433 4209 2500 4262 ad
2526 4225 2618 4264 eos
2642 4212 2732 4279 qui
2771 4226 2876 4265 non
2918 4213 3204 4268 audierunt
3225 4214 3293 4270 de
3322 4233 3407 4270 me
3449 4223 3504 4270 et
3529 4229 3624 4267 non
3655 4210 3776 4263 vidc-

2234 4315 2361 4359 rttnt
2386 4305 2608 4376 gloriam
2645 4319 2841 4371 meam,
2871 4315 2926 4362 et
2961 4309 3361 4364 annuntiabunt
3386 4309 3602 4381 gloriam
3628 4315 3773 4357 meam

2233 4398 2521 4468 gentibus,
2575 4410 2630 4455 et
2681 4403 2953 4457 adducent
2999 4418 3188 4458 omnes
3237 4405 3436 4460 fratres
3485 4409 3677 4457 vestros
3720 4392 3773 4447 de

2237 4490 2446 4544 cunctis
2467 4492 2714 4561 gentibus
2741 4493 2942 4547 donum
2979 4494 3227 4559 Domino,
3258 4495 3311 4548 in
3340 4495 3493 4564 equis
3519 4502 3569 4546 et
3597 4491 3642 4543 in
3667 4501 3772 4554 qua-

558 4566 777 4632 insani,
806 4572 895 4639 qui
938 4572 1224 4641 praesentia
1261 4573 1398 4628 bona
1433 4575 1691 4644 perdunt,
1731 4585 1789 4629 ut
1842 4577 2130 4634 invisibilia
2165 4558 2215 4618 D
2238 4579 2424 4650 drigis,
2454 4558 2506 4636 et
2537 4583 2589 4636 in
2617 4582 2845 4648 lecticis,
2878 4593 2934 4638 et
2975 4584 3029 4638 in
3059 4558 3242 4650 mulis,
3284 4594 3339 4640 et
3369 4558 3422 4639 in
3449 4579 3690 4639 carrucis,
3718 4571 3771 4625 ad

557 4665 611 4708 et
648 4654 827 4710 futura
868 4659 1170 4729 acquirant.
1211 4661 1492 4731 DeSpectio
1533 4672 1711 4718 tamen
1750 4676 1804 4720 et
1846 4667 2024 4724 irrisio
2055 4678 2134 4725 ta-

557 4743 687 4800 lium
719 4748 770 4802 in
803 4749 946 4818 ipsos
981 4753 1380 4821 retorquebitur
1407 4755 1496 4822 qui
1529 4754 1672 4823 ipsos
1699 4757 1978 4826 infestant,
2005 4763 2134 4831 quia

559 4842 614 4887 et
666 4837 994 4893 abundantia
1051 4854 1236 4894 eorum
1287 4843 1340 4895 in
1387 4853 1724 4912 egestatem,
1780 4855 1834 4901 et
1883 4851 2134 4917 superbia

562 4929 810 4982 transibit
849 4931 902 4982 in
940 4931 1328 4988 confusionem.
1377 4935 1444 4989 Et
1473 4937 1728 5007 quidquid
1756 4939 1913 5010 justis
1939 4943 2131 4998 adver-

561 5014 782 5069 sitatum
810 5018 890 5071 vel
920 5019 1180 5075 malorum
1227 5023 1518 5094 irrogatur,
1549 5043 1656 5081 non
1699 5041 1781 5083 est
1827 5045 1983 5100 ptena
2023 5036 2134 5088 cri-

563 5105 742 5169 minis,
773 5109 864 5162 sed
893 5110 1106 5166 virtutis
1138 5128 1384 5168 examen.
1420 5115 1486 5170 Et
1507 5118 1648 5172 sicut
1684 5135 1898 5185 aurum,
1930 5134 2134 5193 quanto

561 5193 680 5262 plus
724 5202 1064 5270 excoquitur,
1113 5215 1261 5260 tanto
1299 5207 1491 5262 melius
1531 5208 1780 5277 efﬁcitur,
1811 5213 1890 5267 sic
1934 5213 2132 5283 justus,

561 5295 765 5385 quanto
802 5291 919 5358 plus
967 5295 1254 5351 tribulatur
1295 5298 1362 5370 (si
1410 5300 1578 5370 ipsam
1611 5303 2008 5360 tribulationem
2041 5323 2136 5378 pa-

565 5384 761 5431 tienter
791 5385 1102 5455 portaverit)
1143 5388 1312 5443 multo
1346 5392 1531 5460 purior
1567 5405 1620 5446 et
1651 5393 1847 5450 clarior
1877 5398 1986 5452 Deo
2017 5402 2136 5456 red-

563 5465 728 5522 ditur.
785 5469 932 5525 Unde
972 5475 1084 5546 ipsa
1126 5493 1225 5546 per
1268 5494 1327 5534 se
1353 5478 1562 5538 Veritas
1590 5483 1756 5539 dicit:
1793 5504 1812 5537 ‹
1847 5485 2000 5552 Beati
2045 5492 2137 5560 qui

563 5561 990 5650 perSecutionem
1017 5568 1296 5638 patiuntur
1321 5581 1539 5642 propter
1564 5573 1856 5645 justitiam,
1882 5581 2136 5650 quoniam

563 5646 800 5717 ipsorum
848 5665 931 5711 est
982 5674 1204 5729 regnum
1241 5661 1499 5718 cmlorum
1545 5664 1758 5734 (Matth.
1786 5683 1836 5732 v,
1865 5646 1974 5739 ὡ).
2013 5690 2032 5722 ι
2065 5670 2141 5726 De
2171 5697 2181 5718 ι

544 5739 760 5805 talibus
788 5745 1046 5806 Dominus
1074 5766 1172 5822 per
1197 5751 1392 5808 lsaiam
1427 5755 1684 5827 loquitur,
1721 5759 1944 5818 dicens:
1979 5779 1998 5813 t
2031 5762 2138 5817 Au-

2236 4683 2471 4727 montem
2520 4688 2768 4727 sanetum
2813 4689 2990 4728 meum
3017 4672 3338 4740 Jerusalem,
3369 4674 3496 4729 dicit
3527 4667 3768 4725 Dominus.

2235 4765 2503 4833 quomodo
2527 4765 2571 4818 si
2600 4762 2833 4818 inferant
2856 4764 2948 4818 lilii
2976 4763 3138 4819 lsracl
3162 4781 3356 4820 munus
3383 4765 3433 4819 in
3461 4775 3580 4818 vase
3604 4753 3770 4812 mundo

2237 4855 2290 4909 in
2321 4857 2538 4910 domum
2589 4854 2820 4921 Domini,
2848 4866 2905 4912 et
2932 4872 3200 4911 assumam
3225 4874 3292 4912 ex
3318 4859 3396 4912 eis
3423 4857 3475 4910 in
3502 4849 3770 4908 sacerdotes

2237 4956 2292 5001 et
2320 4949 2372 5000 in
2404 4946 2616 5010 levitas,
2647 4947 2776 5000 dicit
2804 4947 3243 5014 DominuszQuia
3273 4944 3552 5003 sicttrcmli
3577 4937 3701 4997 novi,
3727 4942 3769 4985 et

2238 5051 2380 5095 terra
2409 5054 2543 5093 nova
2575 5053 2695 5109 qua:
2721 5053 2820 5109 ego
2846 5037 2987 5093 facio
3014 5048 3161 5094 stare
3189 5054 3373 5094 coram
3399 5051 3514 5099 me,
3544 5029 3662 5087 dicit
3686 5026 3768 5078 Do-

2237 5129 2416 5184 minus
2439 5169 2453 5192 ,
2479 5129 2557 5184 sic
2579 5129 2742 5183 stabit
2765 5143 2948 5184 semen
2978 5138 3214 5184 vestrum
3243 5139 3296 5186 et
3321 5141 3510 5183 nomen
3539 5127 3762 5176 vestrum.

2236 5220 2303 5276 Et
2329 5222 2433 5274 erit
2463 5223 2663 5275 mensis
2701 5235 2768 5275 ex
2804 5237 3008 5289 mense,
3045 5233 3100 5277 et
3127 5221 3422 5277 Sabbatum
3449 5233 3512 5272 ex
3543 5211 3764 5270 Sabbato.

2237 5321 2290 5366 et
2330 5314 2509 5366 veniet
2550 5311 2728 5366 omnis
2777 5327 2903 5366 caro
2951 5321 3010 5366 ut
3059 5313 3247 5368 adoret
3280 5325 3459 5367 coram
3495 5304 3623 5358 facie
3650 5309 3761 5356 mea,

2240 5402 2373 5456 dicit
2399 5403 2676 5456 Dominus.
2710 5401 2776 5455 Et
2803 5403 3146 5472 egredientur
3174 5412 3228 5458 et
3254 5403 3506 5457 videbunt
3541 5392 3762 5448 cadavera

2241 5494 2478 5548 virorum
2510 5493 2603 5563 qui
2637 5493 2974 5564 praevaricati
3002 5501 3128 5548 sunt
3159 5493 3212 5548 in
3255 5508 3360 5558 tne,
3390 5485 3578 5544 vermis
3605 5484 3760 5535 eorum

2241 5599 2346 5636 non
2379 5583 2658 5648 morietur,
2697 5592 2753 5638 et
2795 5582 2934 5653 ignis
2971 5598 3160 5639 eorum
3197 5599 3303 5639 non
3331 5565 3761 5662 exstinguetude‘

2242 5682 2400 5729 erunt
2441 5689 2615 5744 usque
2656 5676 2724 5730 ad
2765 5675 3070 5730 satietatem
3108 5675 3332 5732 visionis
3387 5666 3523 5725 omni
3567 5665 3754 5754 carni-1'

2243 5767 2377 5839 (Ῐεηο
2419 5783 2572 5835 vat,
2606 5767 2779 5837 5-24.)
2821 5765 2959 5833 Quid
3007 5766 3152 5823 aliud
3197 5763 3529 5823 detrahentes
3568 5747 3755 5805 faciunt.
