  <div class='ocr_page' id='page_1' title='image "/cluster/home/n/w/nwhite01/storage/ocr_20150623/130/hvd.32044015471717/126.png"; bbox 0 0 3926 6438; ppageno 0'>
   <div class='ocr_carea' id='block_1_1' title="bbox 233 421 339 478">
    <p class='ocr_par' dir='ltr' id='par_1_1' title="bbox 233 421 339 478">
     <span class='ocr_line' id='line_1_1' title="bbox 233 421 339 478; baseline 0.019 -2"><span class='ocrx_word' id='word_1_1' title='bbox 233 421 339 478; x_wconf 76' lang='grc'><strong>195</strong></span> 
     </span>
    </p>
   </div>
   <div class='ocr_carea' id='block_1_2' title="bbox 1414 427 2329 486">
    <p class='ocr_par' dir='ltr' id='par_1_2' title="bbox 1414 427 2329 486">
     <span class='ocr_line' id='line_1_2' title="bbox 1414 427 2329 486; baseline 0.001 -5"><span class='ocrx_word' id='word_1_2' title='bbox 1414 427 1903 483; x_wconf 78' lang='lat' dir='ltr'><strong>DECRETALIUM</strong></span> <span class='ocrx_word' id='word_1_3' title='bbox 1933 427 2329 486; x_wconf 73' lang='lat' dir='ltr'><strong>COLLEC&#39;I‘IO.</strong></span> 
     </span>
    </p>
   </div>
   <div class='ocr_carea' id='block_1_3' title="bbox 3395 440 3499 496">
    <p class='ocr_par' dir='ltr' id='par_1_3' title="bbox 3395 440 3499 496">
     <span class='ocr_line' id='line_1_3' title="bbox 3395 440 3499 496; baseline 0.019 -2"><span class='ocrx_word' id='word_1_4' title='bbox 3395 440 3499 496; x_wconf 70' lang='lat'><strong>194</strong></span> 
     </span>
    </p>
   </div>
   <div class='ocr_carea' id='block_1_4' title="bbox 227 535 3499 616">
    <p class='ocr_par' dir='ltr' id='par_1_4' title="bbox 227 535 3499 616">
     <span class='ocr_line' id='line_1_4' title="bbox 227 535 3499 616; baseline 0.005 -24"><span class='ocrx_word' id='word_1_5' title='bbox 227 537 334 592; x_wconf 86' lang='lat' dir='ltr'><strong>nisi</strong></span> <span class='ocrx_word' id='word_1_6' title='bbox 366 536 422 590; x_wconf 92' lang='lat' dir='ltr'><strong>in</strong></span> <span class='ocrx_word' id='word_1_7' title='bbox 442 535 718 605; x_wconf 89' lang='lat' dir='ltr'><strong>pulverem</strong></span> <span class='ocrx_word' id='word_1_8' title='bbox 750 535 904 603; x_wconf 85' lang='lat' dir='ltr'><strong>flant,</strong></span> <span class='ocrx_word' id='word_1_9' title='bbox 933 543 1096 608; x_wconf 87' lang='lat' dir='ltr'><strong>atque</strong></span> <span class='ocrx_word' id='word_1_10' title='bbox 1137 537 1192 593; x_wconf 91' lang='lat' dir='ltr'><strong>in</strong></span> <span class='ocrx_word' id='word_1_11' title='bbox 1219 539 1404 596; x_wconf 90' lang='lat' dir='ltr'><strong>oculos</strong></span> <span class='ocrx_word' id='word_1_12' title='bbox 1440 556 1568 598; x_wconf 89' lang='lat' dir='ltr'><strong>suos</strong></span> <span class='ocrx_word' id='word_1_13' title='bbox 1610 553 1812 612; x_wconf 76' lang='lat' dir='ltr'><strong>terram</strong></span> <span class='ocrx_word' id='word_1_14' title='bbox 1839 549 1890 609; x_wconf 80' lang='grc' dir='ltr'>Α</span> <span class='ocrx_word' id='word_1_15' title='bbox 1916 557 2196 598; x_wconf 91' lang='lat' dir='ltr'><strong>monemus</strong></span> <span class='ocrx_word' id='word_1_16' title='bbox 2231 545 2597 614; x_wconf 88' lang='lat' dir='ltr'><strong>prudentiam,</strong></span> <span class='ocrx_word' id='word_1_17' title='bbox 2635 553 2692 600; x_wconf 91' lang='lat' dir='ltr'><strong>ut</strong></span> <span class='ocrx_word' id='word_1_18' title='bbox 2719 561 2816 616; x_wconf 91' lang='lat' dir='ltr'><strong>pro</strong></span> <span class='ocrx_word' id='word_1_19' title='bbox 2851 555 2996 603; x_wconf 91' lang='lat' dir='ltr'><strong>statu</strong></span> <span class='ocrx_word' id='word_1_20' title='bbox 3034 549 3290 606; x_wconf 64' lang='lat' dir='ltr'><strong>Ecclesiae</strong></span> <span class='ocrx_word' id='word_1_21' title='bbox 3323 560 3378 607; x_wconf 90' lang='lat' dir='ltr'><strong>et</strong></span> <span class='ocrx_word' id='word_1_22' title='bbox 3406 568 3499 608; x_wconf 86' lang='lat' dir='ltr'><strong>sa-</strong></span> 
     </span>
    </p>
   </div>
   <div class='ocr_carea' id='block_1_5' title="bbox 224 629 1810 704">
    <p class='ocr_par' dir='ltr' id='par_1_5' title="bbox 224 629 1810 704">
     <span class='ocr_line' id='line_1_5' title="bbox 224 629 1810 704; baseline 0.004 -19"><span class='ocrx_word' id='word_1_23' title='bbox 224 630 518 685; x_wconf 76' lang='lat' dir='ltr'><strong>excitant?</strong></span> <span class='ocrx_word' id='word_1_24' title='bbox 566 629 628 684; x_wconf 88' lang='lat' dir='ltr'><strong>Ei</strong></span> <span class='ocrx_word' id='word_1_25' title='bbox 681 630 822 684; x_wconf 90' lang='lat' dir='ltr'><strong>unde</strong></span> <span class='ocrx_word' id='word_1_26' title='bbox 859 630 980 699; x_wconf 84' lang='lat' dir='ltr'><strong>plus</strong></span> <span class='ocrx_word' id='word_1_27' title='bbox 1021 631 1375 689; x_wconf 92' lang='lat' dir='ltr'><strong>detractionis</strong></span> <span class='ocrx_word' id='word_1_28' title='bbox 1412 633 1644 704; x_wconf 88' lang='lat' dir='ltr'><strong>perflant</strong></span> <span class='ocrx_word' id='word_1_29' title='bbox 1688 636 1810 691; x_wconf 92' lang='lat' dir='ltr'><strong>inde</strong></span> 
     </span>
    </p>
   </div>
   <div class='ocr_carea' id='block_1_6' title="bbox 223 720 1812 795">
    <p class='ocr_par' dir='ltr' id='par_1_6' title="bbox 223 720 1812 795">
     <span class='ocr_line' id='line_1_6' title="bbox 223 720 1812 795; baseline 0.004 -20"><span class='ocrx_word' id='word_1_30' title='bbox 223 721 404 790; x_wconf 83' lang='lat' dir='ltr'><strong>magis</strong></span> <span class='ocrx_word' id='word_1_31' title='bbox 449 720 584 775; x_wconf 88' lang='lat' dir='ltr'><strong>nihil</strong></span> <span class='ocrx_word' id='word_1_32' title='bbox 628 721 876 776; x_wconf 79' lang='lat' dir='ltr'><strong>veritatis</strong></span> <span class='ocrx_word' id='word_1_33' title='bbox 912 723 1134 778; x_wconf 89' lang='lat' dir='ltr'><strong>vident?</strong></span> <span class='ocrx_word' id='word_1_34' title='bbox 1192 724 1352 780; x_wconf 84' lang='lat' dir='ltr'><strong>Tales</strong></span> <span class='ocrx_word' id='word_1_35' title='bbox 1395 736 1598 795; x_wconf 89' lang='lat' dir='ltr'><strong>tamen,</strong></span> <span class='ocrx_word' id='word_1_36' title='bbox 1640 725 1812 782; x_wconf 81' lang='lat' dir='ltr'><strong>frater</strong></span> 
     </span>
    </p>
   </div>
   <div class='ocr_carea' id='block_1_7' title="bbox 222 810 1809 885">
    <p class='ocr_par' dir='ltr' id='par_1_7' title="bbox 222 810 1809 885">
     <span class='ocr_line' id='line_1_7' title="bbox 222 810 1809 885; baseline 0.003 -19"><span class='ocrx_word' id='word_1_37' title='bbox 222 810 582 877; x_wconf 88' lang='lat' dir='ltr'><strong>charissime,</strong></span> <span class='ocrx_word' id='word_1_38' title='bbox 628 810 879 880; x_wconf 89' lang='lat' dir='ltr'><strong>portandi</strong></span> <span class='ocrx_word' id='word_1_39' title='bbox 915 821 1041 866; x_wconf 90' lang='lat' dir='ltr'><strong>sunt</strong></span> <span class='ocrx_word' id='word_1_40' title='bbox 1069 819 1125 867; x_wconf 91' lang='lat' dir='ltr'><strong>et</strong></span> <span class='ocrx_word' id='word_1_41' title='bbox 1159 814 1486 883; x_wconf 79' lang='lat' dir='ltr'><strong>corrigendi,</strong></span> <span class='ocrx_word' id='word_1_42' title='bbox 1522 816 1649 885; x_wconf 83' lang='lat' dir='ltr'><strong>quia</strong></span> <span class='ocrx_word' id='word_1_43' title='bbox 1681 816 1809 870; x_wconf 65' lang='lat' dir='ltr'><strong>caeci</strong></span> 
     </span>
    </p>
   </div>
   <div class='ocr_carea' id='block_1_8' title="bbox 221 903 1810 978">
    <p class='ocr_par' dir='ltr' id='par_1_8' title="bbox 221 903 1810 978">
     <span class='ocr_line' id='line_1_8' title="bbox 221 903 1810 978; baseline 0.004 -20"><span class='ocrx_word' id='word_1_44' title='bbox 221 911 354 958; x_wconf 91' lang='lat' dir='ltr'><strong>sunt</strong></span> <span class='ocrx_word' id='word_1_45' title='bbox 395 911 452 958; x_wconf 92' lang='lat' dir='ltr'><strong>et</strong></span> <span class='ocrx_word' id='word_1_46' title='bbox 487 903 654 958; x_wconf 87' lang='lat' dir='ltr'><strong>duces</strong></span> <span class='ocrx_word' id='word_1_47' title='bbox 685 918 974 958; x_wconf 74' lang='lat' dir='ltr'><strong>cazcorum.</strong></span> <span class='ocrx_word' id='word_1_48' title='bbox 1034 904 1133 960; x_wconf 80' lang='lat' dir='ltr'><strong>His</strong></span> <span class='ocrx_word' id='word_1_49' title='bbox 1189 906 1507 962; x_wconf 87' lang='lat' dir='ltr'><strong>ebarissime</strong></span> <span class='ocrx_word' id='word_1_50' title='bbox 1559 910 1810 978; x_wconf 87' lang='lat' dir='ltr'><strong>respondi</strong></span> 
     </span>
    </p>
   </div>
   <div class='ocr_carea' id='block_1_9' title="bbox 217 993 1810 1068">
    <p class='ocr_par' dir='ltr' id='par_1_9' title="bbox 217 993 1810 1068">
     <span class='ocr_line' id='line_1_9' title="bbox 217 993 1810 1068; baseline 0.004 -20"><span class='ocrx_word' id='word_1_51' title='bbox 217 993 463 1059; x_wconf 73' lang='lat' dir='ltr'><strong>breviter</strong></span> <span class='ocrx_word' id='word_1_52' title='bbox 507 993 766 1049; x_wconf 88' lang='lat' dir='ltr'><strong>consultis</strong></span> <span class='ocrx_word' id='word_1_53' title='bbox 814 994 919 1048; x_wconf 89' lang='lat' dir='ltr'><strong>tuis</strong></span> <span class='ocrx_word' id='word_1_54' title='bbox 953 1010 1074 1065; x_wconf 70' lang='lat' dir='ltr'><strong>quae</strong></span> <span class='ocrx_word' id='word_1_55' title='bbox 1119 1003 1169 1050; x_wconf 89' lang='lat' dir='ltr'><strong>te</strong></span> <span class='ocrx_word' id='word_1_56' title='bbox 1210 1005 1264 1053; x_wconf 88' lang='lat' dir='ltr'><strong>et</strong></span> <span class='ocrx_word' id='word_1_57' title='bbox 1297 1012 1487 1053; x_wconf 90' lang='lat' dir='ltr'><strong>omnes</strong></span> <span class='ocrx_word' id='word_1_58' title='bbox 1529 999 1810 1068; x_wconf 89' lang='lat' dir='ltr'><strong>episcopos</strong></span> 
     </span>
    </p>
   </div>
   <div class='ocr_carea' id='block_1_10' title="bbox 218 1086 1804 1158">
    <p class='ocr_par' dir='ltr' id='par_1_10' title="bbox 218 1086 1804 1158">
     <span class='ocr_line' id='line_1_10' title="bbox 218 1086 1804 1158; baseline 0.003 -16"><span class='ocrx_word' id='word_1_59' title='bbox 218 1086 554 1158; x_wconf 79' lang='lat' dir='ltr'><strong>regulariter</strong></span> <span class='ocrx_word' id='word_1_60' title='bbox 589 1096 774 1142; x_wconf 87' lang='lat' dir='ltr'><strong>tenere</strong></span> <span class='ocrx_word' id='word_1_61' title='bbox 802 1087 1144 1144; x_wconf 82' lang='lat' dir='ltr'><strong>mandamus.</strong></span> <span class='ocrx_word' id='word_1_62' title='bbox 1179 1088 1349 1144; x_wconf 91' lang='lat' dir='ltr'><strong>Tuam</strong></span> <span class='ocrx_word' id='word_1_63' title='bbox 1385 1099 1585 1157; x_wconf 87' lang='lat' dir='ltr'><strong>tamen,</strong></span> <span class='ocrx_word' id='word_1_64' title='bbox 1611 1091 1804 1156; x_wconf 81' lang='lat' dir='ltr'><strong>frater,</strong></span> 
     </span>
    </p>
   </div>
   <div class='ocr_carea' id='block_1_11' title="bbox 1919 634 3498 708">
    <p class='ocr_par' dir='ltr' id='par_1_11' title="bbox 1919 634 3498 708">
     <span class='ocr_line' id='line_1_11' title="bbox 1919 634 3498 708; baseline 0.006 -17"><span class='ocrx_word' id='word_1_65' title='bbox 1919 636 2200 691; x_wconf 89' lang='lat' dir='ltr'><strong>cerdotum</strong></span> <span class='ocrx_word' id='word_1_66' title='bbox 2233 634 2350 704; x_wconf 86' lang='lat' dir='ltr'><strong>ejus</strong></span> <span class='ocrx_word' id='word_1_67' title='bbox 2375 653 2473 706; x_wconf 91' lang='lat' dir='ltr'><strong>pro</strong></span> <span class='ocrx_word' id='word_1_68' title='bbox 2500 638 2708 694; x_wconf 88' lang='lat' dir='ltr'><strong>viribus</strong></span> <span class='ocrx_word' id='word_1_69' title='bbox 2752 638 3031 696; x_wconf 84' lang='lat' dir='ltr'><strong>elaborare</strong></span> <span class='ocrx_word' id='word_1_70' title='bbox 3061 644 3300 708; x_wconf 86' lang='lat' dir='ltr'><strong>studeas,</strong></span> <span class='ocrx_word' id='word_1_71' title='bbox 3326 652 3382 697; x_wconf 92' lang='lat' dir='ltr'><strong>et</strong></span> <span class='ocrx_word' id='word_1_72' title='bbox 3406 661 3498 699; x_wconf 83' lang='lat' dir='ltr'><strong>or-</strong></span> 
     </span>
    </p>
   </div>
   <div class='ocr_carea' id='block_1_12' title="bbox 1919 727 3502 805">
    <p class='ocr_par' dir='ltr' id='par_1_12' title="bbox 1919 727 3502 805">
     <span class='ocr_line' id='line_1_12' title="bbox 1919 727 3502 805; baseline 0.003 -22"><span class='ocrx_word' id='word_1_73' title='bbox 1919 727 2097 783; x_wconf 86' lang='lat' dir='ltr'><strong>dinem</strong></span> <span class='ocrx_word' id='word_1_74' title='bbox 2147 736 2347 783; x_wconf 60' lang='lat' dir='ltr'><strong>sanctae</strong></span> <span class='ocrx_word' id='word_1_75' title='bbox 2385 728 2626 785; x_wconf 83' lang='lat' dir='ltr'><strong>Romane</strong></span> <span class='ocrx_word' id='word_1_76' title='bbox 2669 739 2726 786; x_wconf 88' lang='lat' dir='ltr'><strong>et</strong></span> <span class='ocrx_word' id='word_1_77' title='bbox 2765 733 3076 800; x_wconf 62' lang='lat' dir='ltr'><strong>apostolicae</strong></span> <span class='ocrx_word' id='word_1_78' title='bbox 3111 735 3366 789; x_wconf 70' lang='lat' dir='ltr'><strong>Ecclesia:</strong></span> <span class='ocrx_word' id='word_1_79' title='bbox 3404 752 3502 805; x_wconf 86' lang='lat' dir='ltr'><strong>per</strong></span> 
     </span>
    </p>
   </div>
   <div class='ocr_carea' id='block_1_13' title="bbox 1918 817 3504 897">
    <p class='ocr_par' dir='ltr' id='par_1_13' title="bbox 1918 817 3504 897">
     <span class='ocr_line' id='line_1_13' title="bbox 1918 817 3504 897; baseline 0.006 -27"><span class='ocrx_word' id='word_1_80' title='bbox 1918 817 2098 871; x_wconf 86' lang='lat' dir='ltr'><strong>omnia</strong></span> <span class='ocrx_word' id='word_1_81' title='bbox 2124 826 2310 873; x_wconf 83' lang='lat' dir='ltr'><strong>teneas</strong></span> <span class='ocrx_word' id='word_1_82' title='bbox 2331 826 2386 873; x_wconf 91' lang='lat' dir='ltr'><strong>et</strong></span> <span class='ocrx_word' id='word_1_83' title='bbox 2418 820 2605 875; x_wconf 90' lang='lat' dir='ltr'><strong>violari</strong></span> <span class='ocrx_word' id='word_1_84' title='bbox 2649 831 2959 880; x_wconf 86' lang='lat' dir='ltr'><strong>sanctorum</strong></span> <span class='ocrx_word' id='word_1_85' title='bbox 2990 825 3206 880; x_wconf 91' lang='lat' dir='ltr'><strong>decreta</strong></span> <span class='ocrx_word' id='word_1_86' title='bbox 3241 842 3346 880; x_wconf 91' lang='lat' dir='ltr'><strong>non</strong></span> <span class='ocrx_word' id='word_1_87' title='bbox 3380 842 3504 897; x_wconf 87' lang='lat' dir='ltr'><strong>per-</strong></span> 
     </span>
    </p>
   </div>
   <div class='ocr_carea' id='block_1_14' title="bbox 1918 908 3504 986">
    <p class='ocr_par' dir='ltr' id='par_1_14' title="bbox 1918 908 3504 986">
     <span class='ocr_line' id='line_1_14' title="bbox 1918 908 3504 986; baseline 0.006 -25"><span class='ocrx_word' id='word_1_88' title='bbox 1918 908 2125 975; x_wconf 86' lang='lat' dir='ltr'><strong>mittas,</strong></span> <span class='ocrx_word' id='word_1_89' title='bbox 2161 910 2254 965; x_wconf 89' lang='lat' dir='ltr'><strong>sed</strong></span> <span class='ocrx_word' id='word_1_90' title='bbox 2277 925 2469 965; x_wconf 90' lang='lat' dir='ltr'><strong>omnes</strong></span> <span class='ocrx_word' id='word_1_91' title='bbox 2497 927 2849 984; x_wconf 87' lang='lat' dir='ltr'><strong>quoscunque</strong></span> <span class='ocrx_word' id='word_1_92' title='bbox 2872 917 3115 986; x_wconf 91' lang='lat' dir='ltr'><strong>potueris</strong></span> <span class='ocrx_word' id='word_1_93' title='bbox 3154 919 3412 983; x_wconf 86' lang='lat' dir='ltr'><strong>instruas,</strong></span> <span class='ocrx_word' id='word_1_94' title='bbox 3442 925 3504 972; x_wconf 88' lang='lat' dir='ltr'><strong>ut</strong></span> 
     </span>
    </p>
   </div>
   <div class='ocr_carea' id='block_1_15' title="bbox 1913 999 3497 1079">
    <p class='ocr_par' dir='ltr' id='par_1_15' title="bbox 1913 999 3497 1079">
     <span class='ocr_line' id='line_1_15' title="bbox 1913 999 3497 1079; baseline 0.007 -26"><span class='ocrx_word' id='word_1_95' title='bbox 1913 999 2224 1058; x_wconf 85' lang='lat' dir='ltr'><strong>fructuosos</strong></span> <span class='ocrx_word' id='word_1_96' title='bbox 2281 1003 2588 1072; x_wconf 88' lang='lat' dir='ltr'><strong>manipulos</strong></span> <span class='ocrx_word' id='word_1_97' title='bbox 2631 1003 2860 1062; x_wconf 91' lang='lat' dir='ltr'><strong>Domino</strong></span> <span class='ocrx_word' id='word_1_98' title='bbox 2915 1017 3292 1079; x_wconf 67' lang='lat' dir='ltr'><strong>repraascntes.</strong></span> <span class='ocrx_word' id='word_1_99' title='bbox 3346 1010 3497 1066; x_wconf 82' lang='lat' dir='ltr'><strong>Vale.</strong></span> 
     </span>
    </p>
   </div>
   <div class='ocr_carea' id='block_1_16' title="bbox 1911 1091 3411 1169">
    <p class='ocr_par' dir='ltr' id='par_1_16' title="bbox 1911 1091 3411 1169">
     <span class='ocr_line' id='line_1_16' title="bbox 1911 1091 3411 1169; baseline 0.005 -22"><span class='ocrx_word' id='word_1_100' title='bbox 1911 1091 2046 1147; x_wconf 88' lang='lat' dir='ltr'><strong>Data</strong></span> <span class='ocrx_word' id='word_1_101' title='bbox 2077 1109 2132 1149; x_wconf 73' lang='grc' dir='ltr'>ιχ</span> <span class='ocrx_word' id='word_1_102' title='bbox 2151 1093 2318 1161; x_wconf 79' lang='lat' dir='ltr'><strong>Junii,</strong></span> <span class='ocrx_word' id='word_1_103' title='bbox 2347 1095 2572 1152; x_wconf 88' lang='lat' dir='ltr'><strong>Claudio</strong></span> <span class='ocrx_word' id='word_1_104' title='bbox 2607 1104 2662 1151; x_wconf 90' lang='lat' dir='ltr'><strong>et</strong></span> <span class='ocrx_word' id='word_1_105' title='bbox 2687 1097 2980 1158; x_wconf 71' lang='lat' dir='ltr'><strong>Aureliano</strong></span> <span class='ocrx_word' id='word_1_106' title='bbox 3005 1101 3095 1169; x_wconf 85' lang='lat' dir='ltr'><strong>IV,</strong></span> <span class='ocrx_word' id='word_1_107' title='bbox 3119 1116 3204 1158; x_wconf 92' lang='lat' dir='ltr'><strong>cc.</strong></span> <span class='ocrx_word' id='word_1_108' title='bbox 3235 1116 3411 1158; x_wconf 84' lang='lat' dir='ltr'><strong>cons.-</strong></span> 
     </span>
    </p>
   </div>
   <div class='ocr_carea' id='block_1_17' title="bbox 1464 1347 2360 1411">
    <p class='ocr_par' dir='ltr' id='par_1_17' title="bbox 1464 1347 2360 1411">
     <span class='ocr_line' id='line_1_17' title="bbox 1464 1347 2360 1411; baseline 0.004 -4"><span class='ocrx_word' id='word_1_109' title='bbox 1464 1347 1797 1408; x_wconf 82' lang='lat' dir='ltr'><strong>EPISTOLA</strong></span> <span class='ocrx_word' id='word_1_110' title='bbox 1831 1352 2097 1410; x_wconf 83' lang='lat' dir='ltr'><strong>FELICIS</strong></span> <span class='ocrx_word' id='word_1_111' title='bbox 2134 1352 2334 1411; x_wconf 75' lang='grc' dir='ltr'>ΡΑΡιΕ</span> <span class='ocrx_word' id='word_1_112' title='bbox 2346 1395 2360 1410; x_wconf 93' lang='grc'><strong>.</strong></span> 
     </span>
    </p>
   </div>
   <div class='ocr_carea' id='block_1_18' title="bbox 288 1528 1807 1605">
    <p class='ocr_par' dir='ltr' id='par_1_18' title="bbox 288 1528 1807 1605">
     <span class='ocr_line' id='line_1_18' title="bbox 288 1528 1807 1605; baseline 0.003 -21"><span class='ocrx_word' id='word_1_113' title='bbox 288 1528 462 1585; x_wconf 75' lang='lat' dir='ltr'><strong>Faux</strong></span> <span class='ocrx_word' id='word_1_114' title='bbox 507 1529 790 1602; x_wconf 84' lang='lat' dir='ltr'><strong>episcopus</strong></span> <span class='ocrx_word' id='word_1_115' title='bbox 845 1531 1116 1589; x_wconf 82' lang='lat' dir='ltr'><strong>universis</strong></span> <span class='ocrx_word' id='word_1_116' title='bbox 1169 1530 1438 1605; x_wconf 90' lang='lat' dir='ltr'><strong>episcopis</strong></span> <span class='ocrx_word' id='word_1_117' title='bbox 1479 1547 1579 1603; x_wconf 89' lang='lat' dir='ltr'><strong>per</strong></span> <span class='ocrx_word' id='word_1_118' title='bbox 1621 1531 1807 1588; x_wconf 87' lang='lat' dir='ltr'><strong>Galliae</strong></span> 
     </span>
    </p>
   </div>
   <div class='ocr_carea' id='block_1_19' title="bbox 214 1624 1494 1693">
    <p class='ocr_par' dir='ltr' id='par_1_19' title="bbox 214 1624 1494 1693">
     <span class='ocr_line' id='line_1_19' title="bbox 214 1624 1494 1693; baseline 0.001 -15"><span class='ocrx_word' id='word_1_119' title='bbox 214 1624 532 1693; x_wconf 83' lang='lat' dir='ltr'><strong>provincias</strong></span> <span class='ocrx_word' id='word_1_120' title='bbox 561 1625 870 1682; x_wconf 89' lang='lat' dir='ltr'><strong>constitutis</strong></span> <span class='ocrx_word' id='word_1_121' title='bbox 900 1626 954 1680; x_wconf 93' lang='lat' dir='ltr'><strong>in</strong></span> <span class='ocrx_word' id='word_1_122' title='bbox 985 1625 1211 1682; x_wconf 91' lang='lat' dir='ltr'><strong>Domino</strong></span> <span class='ocrx_word' id='word_1_123' title='bbox 1242 1625 1494 1681; x_wconf 88' lang='lat' dir='ltr'><strong>salutem.</strong></span> 
     </span>
    </p>
   </div>
   <div class='ocr_carea' id='block_1_20' title="bbox 289 1714 1806 1788">
    <p class='ocr_par' dir='ltr' id='par_1_20' title="bbox 289 1714 1806 1788">
     <span class='ocr_line' id='line_1_20' title="bbox 289 1714 1806 1788; baseline -0.001 -17"><span class='ocrx_word' id='word_1_124' title='bbox 289 1714 565 1771; x_wconf 85' lang='lat' dir='ltr'><strong>Bonorum</strong></span> <span class='ocrx_word' id='word_1_125' title='bbox 595 1732 818 1788; x_wconf 90' lang='lat' dir='ltr'><strong>operum</strong></span> <span class='ocrx_word' id='word_1_126' title='bbox 845 1727 898 1773; x_wconf 90' lang='lat' dir='ltr'><strong>et</strong></span> <span class='ocrx_word' id='word_1_127' title='bbox 923 1717 1287 1788; x_wconf 78' lang='lat' dir='ltr'><strong>Spiritualium</strong></span> <span class='ocrx_word' id='word_1_128' title='bbox 1313 1717 1612 1774; x_wconf 90' lang='lat' dir='ltr'><strong>studiorum</strong></span> <span class='ocrx_word' id='word_1_129' title='bbox 1640 1716 1806 1770; x_wconf 86' lang='lat' dir='ltr'><strong>Deum</strong></span> 
     </span>
    </p>
   </div>
   <div class='ocr_carea' id='block_1_21' title="bbox 1914 1523 3500 1613">
    <p class='ocr_par' dir='ltr' id='par_1_21' title="bbox 1914 1523 3500 1613">
     <span class='ocr_line' id='line_1_21' title="bbox 1914 1523 3500 1613; baseline 0.01 -29"><span class='ocrx_word' id='word_1_130' title='bbox 1914 1530 2032 1600; x_wconf 88' lang='lat' dir='ltr'><strong>pria</strong></span> <span class='ocrx_word' id='word_1_131' title='bbox 2060 1530 2294 1602; x_wconf 90' lang='lat' dir='ltr'><strong>ejectus,</strong></span> <span class='ocrx_word' id='word_1_132' title='bbox 2326 1545 2421 1592; x_wconf 90' lang='lat' dir='ltr'><strong>aut</strong></span> <span class='ocrx_word' id='word_1_133' title='bbox 2450 1535 2503 1592; x_wconf 94' lang='lat' dir='ltr'><strong>in</strong></span> <span class='ocrx_word' id='word_1_134' title='bbox 2534 1537 2847 1596; x_wconf 90' lang='lat' dir='ltr'><strong>detentione</strong></span> <span class='ocrx_word' id='word_1_135' title='bbox 2890 1539 3070 1613; x_wconf 87' lang='lat' dir='ltr'><strong>aliqua</strong></span> <span class='ocrx_word' id='word_1_136' title='bbox 3101 1556 3130 1597; x_wconf 90' lang='lat' dir='ltr'><strong>a</strong></span> <span class='ocrx_word' id='word_1_137' title='bbox 3159 1523 3280 1599; x_wconf 85' lang='lat' dir='ltr'><strong>suis</strong></span> <span class='ocrx_word' id='word_1_138' title='bbox 3307 1542 3500 1600; x_wconf 90' lang='lat' dir='ltr'><strong>ovibus</strong></span> 
     </span>
    </p>
   </div>
   <div class='ocr_carea' id='block_1_22' title="bbox 1916 1619 3504 1706">
    <p class='ocr_par' dir='ltr' id='par_1_22' title="bbox 1916 1619 3504 1706">
     <span class='ocr_line' id='line_1_22' title="bbox 1916 1619 3504 1706; baseline 0.01 -31"><span class='ocrx_word' id='word_1_139' title='bbox 1916 1619 2079 1677; x_wconf 88' lang='lat' dir='ltr'><strong>fuerit</strong></span> <span class='ocrx_word' id='word_1_140' title='bbox 2117 1635 2509 1696; x_wconf 91' lang='lat' dir='ltr'><strong>sequestratus,</strong></span> <span class='ocrx_word' id='word_1_141' title='bbox 2545 1639 2671 1686; x_wconf 91' lang='lat' dir='ltr'><strong>tunc</strong></span> <span class='ocrx_word' id='word_1_142' title='bbox 2707 1633 2967 1688; x_wconf 85' lang='lat' dir='ltr'><strong>canonice</strong></span> <span class='ocrx_word' id='word_1_143' title='bbox 2996 1643 3284 1706; x_wconf 89' lang='lat' dir='ltr'><strong>antequam</strong></span> <span class='ocrx_word' id='word_1_144' title='bbox 3315 1637 3368 1690; x_wconf 90' lang='lat' dir='ltr'><strong>in</strong></span> <span class='ocrx_word' id='word_1_145' title='bbox 3393 1637 3504 1706; x_wconf 88' lang='lat' dir='ltr'><strong>pri-</strong></span> 
     </span>
    </p>
   </div>
   <div class='ocr_carea' id='block_1_23' title="bbox 1916 1716 3504 1798">
    <p class='ocr_par' dir='ltr' id='par_1_23' title="bbox 1916 1716 3504 1798">
     <span class='ocr_line' id='line_1_23' title="bbox 1916 1716 3504 1798; baseline 0.009 -28"><span class='ocrx_word' id='word_1_146' title='bbox 1916 1716 2060 1772; x_wconf 87' lang='lat' dir='ltr'><strong>stino</strong></span> <span class='ocrx_word' id='word_1_147' title='bbox 2107 1721 2425 1776; x_wconf 89' lang='lat' dir='ltr'><strong>restituatur</strong></span> <span class='ocrx_word' id='word_1_148' title='bbox 2472 1739 2592 1777; x_wconf 90' lang='lat' dir='ltr'><strong>cum</strong></span> <span class='ocrx_word' id='word_1_149' title='bbox 2638 1727 2785 1780; x_wconf 91' lang='lat' dir='ltr'><strong>omni</strong></span> <span class='ocrx_word' id='word_1_150' title='bbox 2825 1727 3106 1798; x_wconf 87' lang='lat' dir='ltr'><strong>privilegio</strong></span> <span class='ocrx_word' id='word_1_151' title='bbox 3150 1745 3248 1784; x_wconf 90' lang='lat' dir='ltr'><strong>suo</strong></span> <span class='ocrx_word' id='word_1_152' title='bbox 3297 1730 3504 1784; x_wconf 89' lang='lat' dir='ltr'><strong>honore</strong></span> 
     </span>
    </p>
   </div>
   <div class='ocr_carea' id='block_1_24' title="bbox 213 1809 3502 1885">
    <p class='ocr_par' dir='ltr' id='par_1_24' title="bbox 213 1809 3502 1885">
     <span class='ocr_line' id='line_1_24' title="bbox 213 1809 3502 1885; baseline 0.005 -23"><span class='ocrx_word' id='word_1_153' title='bbox 213 1819 501 1864; x_wconf 87' lang='lat' dir='ltr'><strong>auctorem</strong></span> <span class='ocrx_word' id='word_1_154' title='bbox 536 1825 656 1865; x_wconf 88' lang='lat' dir='ltr'><strong>esse</strong></span> <span class='ocrx_word' id='word_1_155' title='bbox 701 1827 808 1866; x_wconf 93' lang='lat' dir='ltr'><strong>non</strong></span> <span class='ocrx_word' id='word_1_156' title='bbox 851 1811 1074 1865; x_wconf 92' lang='lat' dir='ltr'><strong>dubium</strong></span> <span class='ocrx_word' id='word_1_157' title='bbox 1106 1821 1212 1877; x_wconf 92' lang='lat' dir='ltr'><strong>est,</strong></span> <span class='ocrx_word' id='word_1_158' title='bbox 1249 1810 1340 1880; x_wconf 89' lang='lat' dir='ltr'><strong>qui</strong></span> <span class='ocrx_word' id='word_1_159' title='bbox 1386 1825 1578 1865; x_wconf 91' lang='lat' dir='ltr'><strong>eorum</strong></span> <span class='ocrx_word' id='word_1_160' title='bbox 1615 1809 1883 1878; x_wconf 70' lang='lat' dir='ltr'><strong>incitat];</strong></span> <span class='ocrx_word' id='word_1_161' title='bbox 1912 1816 1967 1863; x_wconf 91' lang='lat' dir='ltr'><strong>et</strong></span> <span class='ocrx_word' id='word_1_162' title='bbox 2006 1823 2104 1864; x_wconf 89' lang='lat' dir='ltr'><strong>sua</strong></span> <span class='ocrx_word' id='word_1_163' title='bbox 2145 1812 2325 1867; x_wconf 89' lang='lat' dir='ltr'><strong>omnia</strong></span> <span class='ocrx_word' id='word_1_164' title='bbox 2368 1829 2488 1885; x_wconf 63' lang='lat' dir='ltr'><strong>qua:</strong></span> <span class='ocrx_word' id='word_1_165' title='bbox 2534 1817 2744 1872; x_wconf 91' lang='lat' dir='ltr'><strong>insidiis</strong></span> <span class='ocrx_word' id='word_1_166' title='bbox 2795 1819 3141 1875; x_wconf 86' lang='lat' dir='ltr'><strong>inimicorum</strong></span> <span class='ocrx_word' id='word_1_167' title='bbox 3185 1837 3408 1877; x_wconf 89' lang='lat' dir='ltr'><strong>suorum</strong></span> <span class='ocrx_word' id='word_1_168' title='bbox 3449 1822 3502 1878; x_wconf 89' lang='lat' dir='ltr'><strong>ei</strong></span> 
     </span>
    </p>
   </div>
   <div class='ocr_carea' id='block_1_25' title="bbox 208 1899 1805 1969">
    <p class='ocr_par' dir='ltr' id='par_1_25' title="bbox 208 1899 1805 1969">
     <span class='ocr_line' id='line_1_25' title="bbox 208 1899 1805 1969; baseline -0.001 -16"><span class='ocrx_word' id='word_1_169' title='bbox 208 1908 430 1955; x_wconf 85' lang='lat' dir='ltr'><strong>mentes</strong></span> <span class='ocrx_word' id='word_1_170' title='bbox 452 1909 507 1954; x_wconf 91' lang='lat' dir='ltr'><strong>et</strong></span> <span class='ocrx_word' id='word_1_171' title='bbox 534 1900 752 1969; x_wconf 89' lang='lat' dir='ltr'><strong>adjuvat</strong></span> <span class='ocrx_word' id='word_1_172' title='bbox 776 1900 1038 1956; x_wconf 89' lang='lat' dir='ltr'><strong>actiones.</strong></span> <span class='ocrx_word' id='word_1_173' title='bbox 1073 1899 1222 1957; x_wconf 90' lang='lat' dir='ltr'><strong>Unde</strong></span> <span class='ocrx_word' id='word_1_174' title='bbox 1248 1901 1421 1955; x_wconf 83' lang='lat' dir='ltr'><strong>laetari</strong></span> <span class='ocrx_word' id='word_1_175' title='bbox 1453 1917 1540 1956; x_wconf 90' lang='lat' dir='ltr'><strong>me</strong></span> <span class='ocrx_word' id='word_1_176' title='bbox 1559 1899 1805 1955; x_wconf 89' lang='lat' dir='ltr'><strong>fecerunt</strong></span> 
     </span>
    </p>
   </div>
   <div class='ocr_carea' id='block_1_26' title="bbox 205 1979 1804 2064">
    <p class='ocr_par' dir='ltr' id='par_1_26' title="bbox 205 1979 1804 2064">
     <span class='ocr_line' id='line_1_26' title="bbox 205 1979 1804 2064; baseline 0.001 -20"><span class='ocrx_word' id='word_1_177' title='bbox 205 1979 420 2060; x_wconf 84' lang='lat' dir='ltr'><strong>scripta</strong></span> <span class='ocrx_word' id='word_1_178' title='bbox 463 2000 642 2046; x_wconf 86' lang='lat' dir='ltr'><strong>vestra</strong></span> <span class='ocrx_word' id='word_1_179' title='bbox 681 2007 748 2047; x_wconf 82' lang='lat' dir='ltr'><strong>ex</strong></span> <span class='ocrx_word' id='word_1_180' title='bbox 772 1993 916 2048; x_wconf 83' lang='lat' dir='ltr'><strong>bono</strong></span> <span class='ocrx_word' id='word_1_181' title='bbox 939 1993 1116 2048; x_wconf 91' lang='lat' dir='ltr'><strong>studio</strong></span> <span class='ocrx_word' id='word_1_182' title='bbox 1149 2001 1202 2048; x_wconf 91' lang='lat' dir='ltr'><strong>et</strong></span> <span class='ocrx_word' id='word_1_183' title='bbox 1233 2008 1302 2047; x_wconf 78' lang='lat' dir='ltr'><strong>ex</strong></span> <span class='ocrx_word' id='word_1_184' title='bbox 1334 1993 1645 2064; x_wconf 82' lang='lat' dir='ltr'><strong>integritate</strong></span> <span class='ocrx_word' id='word_1_185' title='bbox 1681 1991 1804 2046; x_wconf 84' lang='lat' dir='ltr'><strong>fidei</strong></span> 
     </span>
    </p>
   </div>
   <div class='ocr_carea' id='block_1_27' title="bbox 207 2082 1805 2149">
    <p class='ocr_par' dir='ltr' id='par_1_27' title="bbox 207 2082 1805 2149">
     <span class='ocr_line' id='line_1_27' title="bbox 207 2082 1805 2149; baseline 0.002 -13"><span class='ocrx_word' id='word_1_186' title='bbox 207 2082 522 2138; x_wconf 88' lang='lat' dir='ltr'><strong>devotionis</strong></span> <span class='ocrx_word' id='word_1_187' title='bbox 569 2085 726 2149; x_wconf 61' lang='lat' dir='ltr'><strong>vita),</strong></span> <span class='ocrx_word' id='word_1_188' title='bbox 783 2085 877 2139; x_wconf 90' lang='lat' dir='ltr'><strong>sed</strong></span> <span class='ocrx_word' id='word_1_189' title='bbox 918 2101 987 2139; x_wconf 82' lang='lat' dir='ltr'><strong>ex</strong></span> <span class='ocrx_word' id='word_1_190' title='bbox 1029 2084 1320 2141; x_wconf 75' lang='lat' dir='ltr'><strong>afﬂictione</strong></span> <span class='ocrx_word' id='word_1_191' title='bbox 1374 2092 1428 2140; x_wconf 85' lang='lat' dir='ltr'><strong>et</strong></span> <span class='ocrx_word' id='word_1_192' title='bbox 1477 2086 1805 2140; x_wconf 89' lang='lat' dir='ltr'><strong>contritione</strong></span> 
     </span>
    </p>
   </div>
   <div class='ocr_carea' id='block_1_28' title="bbox 204 2176 1805 2248">
    <p class='ocr_par' dir='ltr' id='par_1_28' title="bbox 204 2176 1805 2248">
     <span class='ocr_line' id='line_1_28' title="bbox 204 2176 1805 2248; baseline 0.005 -24"><span class='ocrx_word' id='word_1_193' title='bbox 204 2181 398 2227; x_wconf 87' lang='lat' dir='ltr'><strong>vestra</strong></span> <span class='ocrx_word' id='word_1_194' title='bbox 421 2189 614 2243; x_wconf 89' lang='lat' dir='ltr'><strong>magna</strong></span> <span class='ocrx_word' id='word_1_195' title='bbox 641 2189 708 2230; x_wconf 80' lang='lat' dir='ltr'><strong>ex</strong></span> <span class='ocrx_word' id='word_1_196' title='bbox 725 2177 1206 2248; x_wconf 60' lang='lat' dir='ltr'><strong>partqtristavere.</strong></span> <span class='ocrx_word' id='word_1_197' title='bbox 1227 2176 1425 2231; x_wconf 87' lang='lat' dir='ltr'><strong>Tristis</strong></span> <span class='ocrx_word' id='word_1_198' title='bbox 1450 2178 1596 2231; x_wconf 89' lang='lat' dir='ltr'><strong>enim</strong></span> <span class='ocrx_word' id='word_1_199' title='bbox 1621 2177 1805 2232; x_wconf 87' lang='lat' dir='ltr'><strong>tristes</strong></span> 
     </span>
    </p>
   </div>
   <div class='ocr_carea' id='block_1_29' title="bbox 207 2264 1802 2338">
    <p class='ocr_par' dir='ltr' id='par_1_29' title="bbox 207 2264 1802 2338">
     <span class='ocr_line' id='line_1_29' title="bbox 207 2264 1802 2338; baseline 0.004 -20"><span class='ocrx_word' id='word_1_200' title='bbox 207 2264 322 2335; x_wconf 86' lang='lat' dir='ltr'><strong>legi</strong></span> <span class='ocrx_word' id='word_1_201' title='bbox 372 2265 587 2321; x_wconf 87' lang='lat' dir='ltr'><strong>litteras</strong></span> <span class='ocrx_word' id='word_1_202' title='bbox 612 2277 852 2334; x_wconf 85' lang='lat' dir='ltr'><strong>vestras,</strong></span> <span class='ocrx_word' id='word_1_203' title='bbox 887 2277 944 2323; x_wconf 89' lang='lat' dir='ltr'><strong>et</strong></span> <span class='ocrx_word' id='word_1_204' title='bbox 966 2269 1166 2338; x_wconf 89' lang='lat' dir='ltr'><strong>scripta</strong></span> <span class='ocrx_word' id='word_1_205' title='bbox 1207 2277 1403 2324; x_wconf 73' lang='lat' dir='ltr'><strong>moesta</strong></span> <span class='ocrx_word' id='word_1_206' title='bbox 1439 2283 1674 2325; x_wconf 61' lang='lat' dir='ltr'><strong>maerore</strong></span> <span class='ocrx_word' id='word_1_207' title='bbox 1705 2269 1802 2324; x_wconf 90' lang='lat' dir='ltr'><strong>de-</strong></span> 
     </span>
    </p>
   </div>
   <div class='ocr_carea' id='block_1_30' title="bbox 204 2359 1804 2432">
    <p class='ocr_par' dir='ltr' id='par_1_30' title="bbox 204 2359 1804 2432">
     <span class='ocr_line' id='line_1_30' title="bbox 204 2359 1804 2432; baseline 0.001 -19"><span class='ocrx_word' id='word_1_208' title='bbox 204 2359 326 2413; x_wconf 88' lang='lat' dir='ltr'><strong>bito</strong></span> <span class='ocrx_word' id='word_1_209' title='bbox 352 2362 702 2429; x_wconf 91' lang='lat' dir='ltr'><strong>percucurri,</strong></span> <span class='ocrx_word' id='word_1_210' title='bbox 735 2363 860 2432; x_wconf 89' lang='lat' dir='ltr'><strong>quia</strong></span> <span class='ocrx_word' id='word_1_211' title='bbox 897 2361 1038 2416; x_wconf 91' lang='lat' dir='ltr'><strong>sicut</strong></span> <span class='ocrx_word' id='word_1_212' title='bbox 1067 2377 1165 2417; x_wconf 90' lang='lat' dir='ltr'><strong>nos</strong></span> <span class='ocrx_word' id='word_1_213' title='bbox 1195 2361 1549 2416; x_wconf 86' lang='lat' dir='ltr'><strong>ecclesiarum</strong></span> <span class='ocrx_word' id='word_1_214' title='bbox 1577 2376 1682 2431; x_wconf 82' lang='lat' dir='ltr'><strong>pax</strong></span> <span class='ocrx_word' id='word_1_215' title='bbox 1714 2376 1804 2415; x_wconf 90' lang='lat' dir='ltr'><strong>sa-</strong></span> 
     </span>
    </p>
   </div>
   <div class='ocr_carea' id='block_1_31' title="bbox 204 2452 1804 2525">
    <p class='ocr_par' dir='ltr' id='par_1_31' title="bbox 204 2452 1804 2525">
     <span class='ocr_line' id='line_1_31' title="bbox 204 2452 1804 2525; baseline 0.001 -19"><span class='ocrx_word' id='word_1_216' title='bbox 204 2452 608 2523; x_wconf 85' lang='lat' dir='ltr'><strong>cerdotumque</strong></span> <span class='ocrx_word' id='word_1_217' title='bbox 647 2453 766 2523; x_wconf 85' lang='lat' dir='ltr'><strong>ejus</strong></span> <span class='ocrx_word' id='word_1_218' title='bbox 813 2453 1104 2510; x_wconf 88' lang='lat' dir='ltr'><strong>concordia</strong></span> <span class='ocrx_word' id='word_1_219' title='bbox 1145 2463 1200 2509; x_wconf 92' lang='lat' dir='ltr'><strong>et</strong></span> <span class='ocrx_word' id='word_1_220' title='bbox 1236 2453 1598 2525; x_wconf 84' lang='lat' dir='ltr'><strong>tranquillitas</strong></span> <span class='ocrx_word' id='word_1_221' title='bbox 1632 2453 1804 2524; x_wconf 87' lang='lat' dir='ltr'><strong>plebis</strong></span> 
     </span>
    </p>
   </div>
   <div class='ocr_carea' id='block_1_32' title="bbox 205 2545 1807 2618">
    <p class='ocr_par' dir='ltr' id='par_1_32' title="bbox 205 2545 1807 2618">
     <span class='ocr_line' id='line_1_32' title="bbox 205 2545 1807 2618; baseline 0.001 -19"><span class='ocrx_word' id='word_1_222' title='bbox 205 2547 404 2602; x_wconf 88' lang='lat' dir='ltr'><strong>audire</strong></span> <span class='ocrx_word' id='word_1_223' title='bbox 432 2546 564 2602; x_wconf 86' lang='lat' dir='ltr'><strong>facit</strong></span> <span class='ocrx_word' id='word_1_224' title='bbox 587 2549 844 2618; x_wconf 78' lang='lat' dir='ltr'><strong>gaudium</strong></span> <span class='ocrx_word' id='word_1_225' title='bbox 871 2548 1112 2614; x_wconf 72' lang='lat' dir='ltr'><strong>caeleste,</strong></span> <span class='ocrx_word' id='word_1_226' title='bbox 1145 2547 1222 2602; x_wconf 90' lang='lat' dir='ltr'><strong>ita</strong></span> <span class='ocrx_word' id='word_1_227' title='bbox 1248 2563 1347 2603; x_wconf 90' lang='lat' dir='ltr'><strong>nos</strong></span> <span class='ocrx_word' id='word_1_228' title='bbox 1376 2547 1562 2618; x_wconf 78' lang='lat' dir='ltr'><strong>affligit</strong></span> <span class='ocrx_word' id='word_1_229' title='bbox 1589 2557 1643 2602; x_wconf 88' lang='lat' dir='ltr'><strong>et</strong></span> <span class='ocrx_word' id='word_1_230' title='bbox 1671 2545 1807 2614; x_wconf 88' lang='lat' dir='ltr'><strong>deji-</strong></span> 
     </span>
    </p>
   </div>
   <div class='ocr_carea' id='block_1_33' title="bbox 200 2637 1801 2695">
    <p class='ocr_par' dir='ltr' id='par_1_33' title="bbox 200 2637 1801 2695">
     <span class='ocr_line' id='line_1_33' title="bbox 200 2637 1801 2695; baseline -0.001 -1"><span class='ocrx_word' id='word_1_231' title='bbox 200 2640 289 2694; x_wconf 90' lang='lat' dir='ltr'><strong>cit</strong></span> <span class='ocrx_word' id='word_1_232' title='bbox 317 2637 565 2694; x_wconf 88' lang='lat' dir='ltr'><strong>fraterna</strong></span> <span class='ocrx_word' id='word_1_233' title='bbox 597 2639 835 2695; x_wconf 77' lang='lat' dir='ltr'><strong>afflictio.</strong></span> <span class='ocrx_word' id='word_1_234' title='bbox 889 2640 998 2695; x_wconf 83' lang='lat' dir='ltr'><strong>Vos</strong></span> <span class='ocrx_word' id='word_1_235' title='bbox 1027 2648 1208 2695; x_wconf 91' lang='lat' dir='ltr'><strong>tamen</strong></span> <span class='ocrx_word' id='word_1_236' title='bbox 1249 2639 1415 2695; x_wconf 92' lang='lat' dir='ltr'><strong>nolite</strong></span> <span class='ocrx_word' id='word_1_237' title='bbox 1443 2638 1670 2693; x_wconf 89' lang='lat' dir='ltr'><strong>multum</strong></span> <span class='ocrx_word' id='word_1_238' title='bbox 1700 2638 1801 2693; x_wconf 90' lang='lat' dir='ltr'><strong>tri-</strong></span> 
     </span>
    </p>
   </div>
   <div class='ocr_carea' id='block_1_34' title="bbox 200 2729 1804 2802">
    <p class='ocr_par' dir='ltr' id='par_1_34' title="bbox 200 2729 1804 2802">
     <span class='ocr_line' id='line_1_34' title="bbox 200 2729 1804 2802; baseline 0.002 -16"><span class='ocrx_word' id='word_1_239' title='bbox 200 2731 374 2798; x_wconf 87' lang='lat' dir='ltr'><strong>stari,</strong></span> <span class='ocrx_word' id='word_1_240' title='bbox 422 2731 551 2802; x_wconf 91' lang='lat' dir='ltr'><strong>quia</strong></span> <span class='ocrx_word' id='word_1_241' title='bbox 603 2732 742 2786; x_wconf 89' lang='lat' dir='ltr'><strong>sicut</strong></span> <span class='ocrx_word' id='word_1_242' title='bbox 786 2732 902 2802; x_wconf 90' lang='lat' dir='ltr'><strong>ipsa</strong></span> <span class='ocrx_word' id='word_1_243' title='bbox 947 2747 1045 2802; x_wconf 90' lang='lat' dir='ltr'><strong>per</strong></span> <span class='ocrx_word' id='word_1_244' title='bbox 1091 2747 1150 2786; x_wconf 93' lang='lat' dir='ltr'><strong>se</strong></span> <span class='ocrx_word' id='word_1_245' title='bbox 1183 2729 1397 2786; x_wconf 89' lang='lat' dir='ltr'><strong>Veritas</strong></span> <span class='ocrx_word' id='word_1_246' title='bbox 1442 2731 1558 2787; x_wconf 89' lang='lat' dir='ltr'><strong>ait:</strong></span> <span class='ocrx_word' id='word_1_247' title='bbox 1594 2747 1613 2781; x_wconf 85' lang='grc'><em>‹</em></span> <span class='ocrx_word' id='word_1_248' title='bbox 1649 2729 1706 2784; x_wconf 90' lang='lat' dir='ltr'><strong>Si</strong></span> <span class='ocrx_word' id='word_1_249' title='bbox 1737 2729 1804 2789; x_wconf 60' lang='grc' dir='ltr'><strong>ἀὲ</strong></span> 
     </span>
    </p>
   </div>
   <div class='ocr_carea' id='block_1_35' title="bbox 200 2822 1798 2894">
    <p class='ocr_par' dir='ltr' id='par_1_35' title="bbox 200 2822 1798 2894">
     <span class='ocr_line' id='line_1_35' title="bbox 200 2822 1798 2894; baseline -0.003 -16"><span class='ocrx_word' id='word_1_250' title='bbox 200 2826 417 2879; x_wconf 89' lang='lat' dir='ltr'><strong>mundo</strong></span> <span class='ocrx_word' id='word_1_251' title='bbox 449 2824 710 2888; x_wconf 87' lang='lat' dir='ltr'><strong>fuissetis,</strong></span> <span class='ocrx_word' id='word_1_252' title='bbox 740 2825 974 2879; x_wconf 89' lang='lat' dir='ltr'><strong>mundus</strong></span> <span class='ocrx_word' id='word_1_253' title='bbox 1000 2825 1145 2894; x_wconf 91' lang='lat' dir='ltr'><strong>quod</strong></span> <span class='ocrx_word' id='word_1_254' title='bbox 1186 2839 1344 2879; x_wconf 91' lang='lat' dir='ltr'><strong>suum</strong></span> <span class='ocrx_word' id='word_1_255' title='bbox 1387 2832 1508 2878; x_wconf 92' lang='lat' dir='ltr'><strong>erat</strong></span> <span class='ocrx_word' id='word_1_256' title='bbox 1529 2822 1798 2894; x_wconf 82' lang='lat' dir='ltr'><strong>diligeret,</strong></span> 
     </span>
    </p>
   </div>
   <div class='ocr_carea' id='block_1_36' title="bbox 201 2915 1803 2988">
    <p class='ocr_par' dir='ltr' id='par_1_36' title="bbox 201 2915 1803 2988">
     <span class='ocr_line' id='line_1_36' title="bbox 201 2915 1803 2988; baseline -0.001 -17"><span class='ocrx_word' id='word_1_257' title='bbox 201 2916 302 2971; x_wconf 87' lang='lat' dir='ltr'><strong>sed</strong></span> <span class='ocrx_word' id='word_1_258' title='bbox 329 2916 462 2986; x_wconf 90' lang='lat' dir='ltr'><strong>quia</strong></span> <span class='ocrx_word' id='word_1_259' title='bbox 489 2915 558 2970; x_wconf 92' lang='lat' dir='ltr'><strong>de</strong></span> <span class='ocrx_word' id='word_1_260' title='bbox 585 2917 688 2971; x_wconf 85' lang='lat' dir='ltr'><strong>hoc</strong></span> <span class='ocrx_word' id='word_1_261' title='bbox 717 2915 919 2972; x_wconf 91' lang='lat' dir='ltr'><strong>mundo</strong></span> <span class='ocrx_word' id='word_1_262' title='bbox 951 2932 1056 2972; x_wconf 90' lang='lat' dir='ltr'><strong>non</strong></span> <span class='ocrx_word' id='word_1_263' title='bbox 1087 2917 1255 2983; x_wconf 89' lang='lat' dir='ltr'><strong>estis,</strong></span> <span class='ocrx_word' id='word_1_264' title='bbox 1285 2917 1380 2972; x_wconf 89' lang='lat' dir='ltr'><strong>sed</strong></span> <span class='ocrx_word' id='word_1_265' title='bbox 1408 2931 1508 2988; x_wconf 87' lang='lat' dir='ltr'><strong>ego</strong></span> <span class='ocrx_word' id='word_1_266' title='bbox 1539 2916 1674 2985; x_wconf 84' lang='lat' dir='ltr'><strong>elegi</strong></span> <span class='ocrx_word' id='word_1_267' title='bbox 1707 2931 1803 2970; x_wconf 90' lang='lat' dir='ltr'><strong>vos</strong></span> 
     </span>
    </p>
   </div>
   <div class='ocr_carea' id='block_1_37' title="bbox 201 3007 1799 3080">
    <p class='ocr_par' dir='ltr' id='par_1_37' title="bbox 201 3007 1799 3080">
     <span class='ocr_line' id='line_1_37' title="bbox 201 3007 1799 3080; baseline 0 -20"><span class='ocrx_word' id='word_1_268' title='bbox 201 3008 274 3060; x_wconf 91' lang='lat' dir='ltr'><strong>de</strong></span> <span class='ocrx_word' id='word_1_269' title='bbox 303 3007 536 3073; x_wconf 87' lang='lat' dir='ltr'><strong>mundo,</strong></span> <span class='ocrx_word' id='word_1_270' title='bbox 567 3017 856 3078; x_wconf 88' lang='lat' dir='ltr'><strong>propterea</strong></span> <span class='ocrx_word' id='word_1_271' title='bbox 904 3009 1018 3063; x_wconf 90' lang='lat' dir='ltr'><strong>odit</strong></span> <span class='ocrx_word' id='word_1_272' title='bbox 1062 3025 1158 3065; x_wconf 89' lang='lat' dir='ltr'><strong>vos</strong></span> <span class='ocrx_word' id='word_1_273' title='bbox 1213 3008 1449 3064; x_wconf 88' lang='lat' dir='ltr'><strong>mundus</strong></span> <span class='ocrx_word' id='word_1_274' title='bbox 1502 3008 1682 3080; x_wconf 83' lang='lat' dir='ltr'><strong>(Joan.</strong></span> <span class='ocrx_word' id='word_1_275' title='bbox 1711 3023 1799 3072; x_wconf 82' lang='lat' dir='ltr'><strong>xv,</strong></span> 
     </span>
    </p>
   </div>
   <div class='ocr_carea' id='block_1_38' title="bbox 202 3101 1801 3171">
    <p class='ocr_par' dir='ltr' id='par_1_38' title="bbox 202 3101 1801 3171">
     <span class='ocr_line' id='line_1_38' title="bbox 202 3101 1801 3171; baseline 0.001 -17"><span class='ocrx_word' id='word_1_276' title='bbox 202 3101 360 3169; x_wconf 66' lang='lat'><strong>19),;</strong></span> <span class='ocrx_word' id='word_1_277' title='bbox 393 3101 448 3155; x_wconf 93' lang='lat' dir='ltr'><strong>id</strong></span> <span class='ocrx_word' id='word_1_278' title='bbox 477 3108 561 3156; x_wconf 89' lang='lat' dir='ltr'><strong>est</strong></span> <span class='ocrx_word' id='word_1_279' title='bbox 589 3102 774 3156; x_wconf 91' lang='lat' dir='ltr'><strong>mundi</strong></span> <span class='ocrx_word' id='word_1_280' title='bbox 821 3110 1111 3158; x_wconf 87' lang='lat' dir='ltr'><strong>amatores.</strong></span> <span class='ocrx_word' id='word_1_281' title='bbox 1134 3102 1405 3171; x_wconf 86' lang='lat' dir='ltr'><strong>Quidquid</strong></span> <span class='ocrx_word' id='word_1_282' title='bbox 1430 3111 1609 3156; x_wconf 91' lang='lat' dir='ltr'><strong>tamen</strong></span> <span class='ocrx_word' id='word_1_283' title='bbox 1631 3101 1685 3155; x_wconf 79' lang='grc' dir='ltr'><strong>Ιιί</strong></span> <span class='ocrx_word' id='word_1_284' title='bbox 1718 3101 1801 3155; x_wconf 94' lang='lat' dir='ltr'><strong>lo-</strong></span> 
     </span>
    </p>
   </div>
   <div class='ocr_carea' id='block_1_39' title="bbox 1909 1899 3499 1982">
    <p class='ocr_par' dir='ltr' id='par_1_39' title="bbox 1909 1899 3499 1982">
     <span class='ocr_line' id='line_1_39' title="bbox 1909 1899 3499 1982; baseline 0.009 -28"><span class='ocrx_word' id='word_1_285' title='bbox 1909 1899 2087 1955; x_wconf 86' lang='lat' dir='ltr'><strong>ablata</strong></span> <span class='ocrx_word' id='word_1_286' title='bbox 2135 1902 2351 1959; x_wconf 88' lang='lat' dir='ltr'><strong>fuerunt</strong></span> <span class='ocrx_word' id='word_1_287' title='bbox 2390 1905 2597 1974; x_wconf 81' lang='lat' dir='ltr'><strong>legibus</strong></span> <span class='ocrx_word' id='word_1_288' title='bbox 2638 1909 3095 1982; x_wconf 88' lang='lat' dir='ltr'><strong>redintegrentur,</strong></span> <span class='ocrx_word' id='word_1_289' title='bbox 3147 1927 3247 1967; x_wconf 90' lang='lat' dir='ltr'><strong>nec</strong></span> <span class='ocrx_word' id='word_1_290' title='bbox 3297 1927 3499 1968; x_wconf 90' lang='lat' dir='ltr'><strong>convo-</strong></span> 
     </span>
    </p>
   </div>
   <div class='ocr_carea' id='block_1_40' title="bbox 1909 1994 3500 2074">
    <p class='ocr_par' dir='ltr' id='par_1_40' title="bbox 1909 1994 3500 2074">
     <span class='ocr_line' id='line_1_40' title="bbox 1909 1994 3500 2074; baseline 0.009 -28"><span class='ocrx_word' id='word_1_291' title='bbox 1909 1994 2050 2059; x_wconf 90' lang='lat' dir='ltr'><strong>cari,</strong></span> <span class='ocrx_word' id='word_1_292' title='bbox 2085 2009 2186 2050; x_wconf 91' lang='lat' dir='ltr'><strong>nec</strong></span> <span class='ocrx_word' id='word_1_293' title='bbox 2211 1995 2446 2063; x_wconf 91' lang='lat' dir='ltr'><strong>judicari</strong></span> <span class='ocrx_word' id='word_1_294' title='bbox 2479 2001 2700 2068; x_wconf 91' lang='lat' dir='ltr'><strong>poterit,</strong></span> <span class='ocrx_word' id='word_1_295' title='bbox 2731 2002 2833 2056; x_wconf 91' lang='lat' dir='ltr'><strong>nisi</strong></span> <span class='ocrx_word' id='word_1_296' title='bbox 2867 2003 2978 2073; x_wconf 88' lang='lat' dir='ltr'><strong>ipse</strong></span> <span class='ocrx_word' id='word_1_297' title='bbox 3000 2019 3098 2074; x_wconf 90' lang='lat' dir='ltr'><strong>pro</strong></span> <span class='ocrx_word' id='word_1_298' title='bbox 3126 2020 3222 2059; x_wconf 91' lang='lat' dir='ltr'><strong>sua</strong></span> <span class='ocrx_word' id='word_1_299' title='bbox 3259 2006 3500 2061; x_wconf 86' lang='lat' dir='ltr'><strong>necessi-</strong></span> 
     </span>
    </p>
   </div>
   <div class='ocr_carea' id='block_1_41' title="bbox 1910 2085 3500 2168">
    <p class='ocr_par' dir='ltr' id='par_1_41' title="bbox 1910 2085 3500 2168">
     <span class='ocr_line' id='line_1_41' title="bbox 1910 2085 3500 2168; baseline 0.01 -30"><span class='ocrx_word' id='word_1_300' title='bbox 1910 2093 2018 2141; x_wconf 85' lang='lat' dir='ltr'><strong>tate</strong></span> <span class='ocrx_word' id='word_1_301' title='bbox 2068 2085 2322 2158; x_wconf 92' lang='lat' dir='ltr'><strong>(minime</strong></span> <span class='ocrx_word' id='word_1_302' title='bbox 2373 2098 2555 2150; x_wconf 89' lang='lat' dir='ltr'><strong>tamen</strong></span> <span class='ocrx_word' id='word_1_303' title='bbox 2592 2089 2947 2166; x_wconf 88' lang='lat' dir='ltr'><strong>judicandus)</strong></span> <span class='ocrx_word' id='word_1_304' title='bbox 3001 2096 3257 2152; x_wconf 89' lang='lat' dir='ltr'><strong>advenire</strong></span> <span class='ocrx_word' id='word_1_305' title='bbox 3304 2109 3500 2168; x_wconf 80' lang='lat' dir='ltr'><strong>sponte</strong></span> 
     </span>
    </p>
   </div>
   <div class='ocr_carea' id='block_1_42' title="bbox 1910 2177 3500 2260">
    <p class='ocr_par' dir='ltr' id='par_1_42' title="bbox 1910 2177 3500 2260">
     <span class='ocr_line' id='line_1_42' title="bbox 1910 2177 3500 2260; baseline 0.009 -28"><span class='ocrx_word' id='word_1_306' title='bbox 1910 2177 2154 2247; x_wconf 81' lang='lat' dir='ltr'><strong>elegerit.</strong></span> <span class='ocrx_word' id='word_1_307' title='bbox 2217 2180 2537 2239; x_wconf 86' lang='lat' dir='ltr'><strong>Nullatenus</strong></span> <span class='ocrx_word' id='word_1_308' title='bbox 2585 2199 2715 2256; x_wconf 87' lang='lat' dir='ltr'><strong>ergo</strong></span> <span class='ocrx_word' id='word_1_309' title='bbox 2759 2201 2790 2240; x_wconf 91' lang='lat' dir='ltr'><strong>a</strong></span> <span class='ocrx_word' id='word_1_310' title='bbox 2840 2203 3111 2258; x_wconf 90' lang='lat' dir='ltr'><strong>quoquam</strong></span> <span class='ocrx_word' id='word_1_311' title='bbox 3170 2191 3500 2260; x_wconf 88' lang='lat' dir='ltr'><strong>respondere</strong></span> 
     </span>
    </p>
   </div>
   <div class='ocr_carea' id='block_1_43' title="bbox 1907 2276 3495 2352">
    <p class='ocr_par' dir='ltr' id='par_1_43' title="bbox 1907 2276 3495 2352">
     <span class='ocr_line' id='line_1_43' title="bbox 1907 2276 3495 2352; baseline 0.009 -29"><span class='ocrx_word' id='word_1_312' title='bbox 1907 2279 2130 2341; x_wconf 86' lang='lat' dir='ltr'><strong>rogetur</strong></span> <span class='ocrx_word' id='word_1_313' title='bbox 2167 2276 2483 2344; x_wconf 78' lang='lat' dir='ltr'><strong>antequam‘</strong></span> <span class='ocrx_word' id='word_1_314' title='bbox 2505 2277 2855 2347; x_wconf 87' lang='lat' dir='ltr'><strong>integerrime</strong></span> <span class='ocrx_word' id='word_1_315' title='bbox 2883 2281 3066 2334; x_wconf 89' lang='lat' dir='ltr'><strong>omnia</strong></span> <span class='ocrx_word' id='word_1_316' title='bbox 3099 2297 3218 2351; x_wconf 62' lang='lat' dir='ltr'><strong>qua:</strong></span> <span class='ocrx_word' id='word_1_317' title='bbox 3242 2296 3340 2350; x_wconf 92' lang='lat' dir='ltr'><strong>per</strong></span> <span class='ocrx_word' id='word_1_318' title='bbox 3366 2297 3495 2352; x_wconf 86' lang='lat' dir='ltr'><strong>sug-</strong></span> 
     </span>
    </p>
   </div>
   <div class='ocr_carea' id='block_1_44' title="bbox 1905 2363 3496 2444">
    <p class='ocr_par' dir='ltr' id='par_1_44' title="bbox 1905 2363 3496 2444">
     <span class='ocr_line' id='line_1_44' title="bbox 1905 2363 3496 2444; baseline 0.007 -27"><span class='ocrx_word' id='word_1_319' title='bbox 1905 2363 2176 2432; x_wconf 84' lang='lat' dir='ltr'><strong>gestiones</strong></span> <span class='ocrx_word' id='word_1_320' title='bbox 2199 2364 2793 2444; x_wconf 61' lang='lat' dir='ltr'><strong>inimicorumsuorum</strong></span> <span class='ocrx_word' id='word_1_321' title='bbox 2821 2371 3080 2424; x_wconf 88' lang='lat' dir='ltr'><strong>amiserat</strong></span> <span class='ocrx_word' id='word_1_322' title='bbox 3100 2372 3356 2441; x_wconf 87' lang='lat' dir='ltr'><strong>potestati</strong></span> <span class='ocrx_word' id='word_1_323' title='bbox 3375 2373 3496 2444; x_wconf 88' lang='lat' dir='ltr'><strong>ejus</strong></span> 
     </span>
    </p>
   </div>
   <div class='ocr_carea' id='block_1_45' title="bbox 1905 2453 3494 2532">
    <p class='ocr_par' dir='ltr' id='par_1_45' title="bbox 1905 2453 3494 2532">
     <span class='ocr_line' id='line_1_45' title="bbox 1905 2453 3494 2532; baseline 0.008 -27"><span class='ocrx_word' id='word_1_324' title='bbox 1905 2454 1974 2506; x_wconf 92' lang='lat' dir='ltr'><strong>ab</strong></span> <span class='ocrx_word' id='word_1_325' title='bbox 2005 2453 2309 2509; x_wconf 87' lang='lat' dir='ltr'><strong>honorabili</strong></span> <span class='ocrx_word' id='word_1_326' title='bbox 2341 2456 2571 2511; x_wconf 92' lang='lat' dir='ltr'><strong>concilio</strong></span> <span class='ocrx_word' id='word_1_327' title='bbox 2610 2457 2765 2528; x_wconf 90' lang='lat' dir='ltr'><strong>legali</strong></span> <span class='ocrx_word' id='word_1_328' title='bbox 2806 2460 2998 2515; x_wconf 88' lang='lat' dir='ltr'><strong>ordine</strong></span> <span class='ocrx_word' id='word_1_329' title='bbox 3024 2461 3494 2532; x_wconf 89' lang='lat' dir='ltr'><strong>redintegrentur;</strong></span> 
     </span>
    </p>
   </div>
   <div class='ocr_carea' id='block_1_46' title="bbox 1903 2543 3497 2621">
    <p class='ocr_par' dir='ltr' id='par_1_46' title="bbox 1903 2543 3497 2621">
     <span class='ocr_line' id='line_1_46' title="bbox 1903 2543 3497 2621; baseline 0.006 -24"><span class='ocrx_word' id='word_1_330' title='bbox 1903 2543 2102 2613; x_wconf 69' lang='lat' dir='ltr'><strong>praesul</strong></span> <span class='ocrx_word' id='word_1_331' title='bbox 2152 2559 2283 2600; x_wconf 89' lang='lat' dir='ltr'><strong>vero</strong></span> <span class='ocrx_word' id='word_1_332' title='bbox 2311 2560 2436 2600; x_wconf 90' lang='lat' dir='ltr'><strong>cum</strong></span> <span class='ocrx_word' id='word_1_333' title='bbox 2470 2547 2618 2600; x_wconf 90' lang='lat' dir='ltr'><strong>omni</strong></span> <span class='ocrx_word' id='word_1_334' title='bbox 2656 2548 2863 2604; x_wconf 89' lang='lat' dir='ltr'><strong>honore</strong></span> <span class='ocrx_word' id='word_1_335' title='bbox 2909 2551 3073 2604; x_wconf 88' lang='lat' dir='ltr'><strong>statui</strong></span> <span class='ocrx_word' id='word_1_336' title='bbox 3102 2551 3332 2621; x_wconf 90' lang='lat' dir='ltr'><strong>pristino</strong></span> <span class='ocrx_word' id='word_1_337' title='bbox 3368 2552 3497 2607; x_wconf 77' lang='lat' dir='ltr'><strong>red—</strong></span> 
     </span>
    </p>
   </div>
   <div class='ocr_carea' id='block_1_47' title="bbox 1904 2635 3493 2712">
    <p class='ocr_par' dir='ltr' id='par_1_47' title="bbox 1904 2635 3493 2712">
     <span class='ocr_line' id='line_1_47' title="bbox 1904 2635 3493 2712; baseline 0.007 -24"><span class='ocrx_word' id='word_1_338' title='bbox 1904 2635 2089 2701; x_wconf 87' lang='lat' dir='ltr'><strong>datur,</strong></span> <span class='ocrx_word' id='word_1_339' title='bbox 2134 2643 2190 2690; x_wconf 92' lang='lat' dir='ltr'><strong>et</strong></span> <span class='ocrx_word' id='word_1_340' title='bbox 2228 2636 2345 2706; x_wconf 90' lang='lat' dir='ltr'><strong>ipse</strong></span> <span class='ocrx_word' id='word_1_341' title='bbox 2372 2637 2649 2707; x_wconf 91' lang='lat' dir='ltr'><strong>dispositis</strong></span> <span class='ocrx_word' id='word_1_342' title='bbox 2690 2639 3061 2711; x_wconf 91' lang='lat' dir='ltr'><strong>ordinatisque</strong></span> <span class='ocrx_word' id='word_1_343' title='bbox 3106 2641 3274 2697; x_wconf 90' lang='lat' dir='ltr'><strong>libere</strong></span> <span class='ocrx_word' id='word_1_344' title='bbox 3325 2651 3493 2712; x_wconf 84' lang='lat' dir='ltr'><strong>atque</strong></span> 
     </span>
    </p>
   </div>
   <div class='ocr_carea' id='block_1_48' title="bbox 1904 2726 3487 2804">
    <p class='ocr_par' dir='ltr' id='par_1_48' title="bbox 1904 2726 3487 2804">
     <span class='ocr_line' id='line_1_48' title="bbox 1904 2726 3487 2804; baseline 0.007 -25"><span class='ocrx_word' id='word_1_345' title='bbox 1904 2741 2095 2780; x_wconf 85' lang='lat' dir='ltr'><strong>secure</strong></span> <span class='ocrx_word' id='word_1_346' title='bbox 2159 2726 2248 2780; x_wconf 92' lang='lat' dir='ltr'><strong>diu</strong></span> <span class='ocrx_word' id='word_1_347' title='bbox 2314 2727 2427 2782; x_wconf 93' lang='lat' dir='ltr'><strong>suis</strong></span> <span class='ocrx_word' id='word_1_348' title='bbox 2477 2737 2603 2783; x_wconf 91' lang='lat' dir='ltr'><strong>tunc</strong></span> <span class='ocrx_word' id='word_1_349' title='bbox 2655 2730 2994 2802; x_wconf 88' lang='lat' dir='ltr'><strong>regulariter,</strong></span> <span class='ocrx_word' id='word_1_350' title='bbox 3051 2731 3186 2787; x_wconf 89' lang='lat' dir='ltr'><strong>infra</strong></span> <span class='ocrx_word' id='word_1_351' title='bbox 3248 2743 3487 2804; x_wconf 87' lang='lat' dir='ltr'><strong>quatuor</strong></span> 
     </span>
    </p>
   </div>
   <div class='ocr_carea' id='block_1_49' title="bbox 1903 2815 3498 2894">
    <p class='ocr_par' dir='ltr' id='par_1_49' title="bbox 1903 2815 3498 2894">
     <span class='ocr_line' id='line_1_49' title="bbox 1903 2815 3498 2894; baseline 0.008 -25"><span class='ocrx_word' id='word_1_352' title='bbox 1903 2815 1988 2870; x_wconf 90' lang='lat' dir='ltr'><strong>vel</strong></span> <span class='ocrx_word' id='word_1_353' title='bbox 2017 2815 2256 2886; x_wconf 91' lang='lat' dir='ltr'><strong>quinque</strong></span> <span class='ocrx_word' id='word_1_354' title='bbox 2299 2826 2393 2871; x_wconf 91' lang='lat' dir='ltr'><strong>aut</strong></span> <span class='ocrx_word' id='word_1_355' title='bbox 2435 2827 2642 2888; x_wconf 91' lang='lat' dir='ltr'><strong>septem</strong></span> <span class='ocrx_word' id='word_1_356' title='bbox 2686 2835 2898 2876; x_wconf 90' lang='lat' dir='ltr'><strong>menses</strong></span> <span class='ocrx_word' id='word_1_357' title='bbox 2920 2863 2935 2888; x_wconf 92' lang='lat'><strong>,</strong></span> <span class='ocrx_word' id='word_1_358' title='bbox 2971 2822 3126 2893; x_wconf 84' lang='lat' dir='ltr'><strong>juxta</strong></span> <span class='ocrx_word' id='word_1_359' title='bbox 3152 2825 3295 2894; x_wconf 92' lang='lat' dir='ltr'><strong>quod</strong></span> <span class='ocrx_word' id='word_1_360' title='bbox 3322 2827 3498 2894; x_wconf 91' lang='lat' dir='ltr'><strong>possi-</strong></span> 
     </span>
    </p>
   </div>
   <div class='ocr_carea' id='block_1_50' title="bbox 1905 2906 3494 2986">
    <p class='ocr_par' dir='ltr' id='par_1_50' title="bbox 1905 2906 3494 2986">
     <span class='ocr_line' id='line_1_50' title="bbox 1905 2906 3494 2986; baseline 0.009 -27"><span class='ocrx_word' id='word_1_361' title='bbox 1905 2906 2086 2961; x_wconf 88' lang='lat' dir='ltr'><strong>bilitas</strong></span> <span class='ocrx_word' id='word_1_362' title='bbox 2116 2907 2165 2961; x_wconf 89' lang='lat' dir='ltr'><strong>ei</strong></span> <span class='ocrx_word' id='word_1_363' title='bbox 2195 2907 2389 2972; x_wconf 84' lang='lat' dir='ltr'><strong>fuerit,</strong></span> <span class='ocrx_word' id='word_1_364' title='bbox 2424 2917 2480 2962; x_wconf 93' lang='lat' dir='ltr'><strong>et</strong></span> <span class='ocrx_word' id='word_1_365' title='bbox 2507 2924 2617 2964; x_wconf 92' lang='lat' dir='ltr'><strong>non</strong></span> <span class='ocrx_word' id='word_1_366' title='bbox 2652 2919 2778 2965; x_wconf 90' lang='lat' dir='ltr'><strong>ante</strong></span> <span class='ocrx_word' id='word_1_367' title='bbox 2822 2921 3151 2968; x_wconf 88' lang='lat' dir='ltr'><strong>convocatus</strong></span> <span class='ocrx_word' id='word_1_368' title='bbox 3181 2916 3248 2969; x_wconf 89' lang='lat' dir='ltr'><strong>ad</strong></span> <span class='ocrx_word' id='word_1_369' title='bbox 3284 2924 3494 2986; x_wconf 86' lang='lat' dir='ltr'><strong>tempus</strong></span> 
     </span>
    </p>
   </div>
   <div class='ocr_carea' id='block_1_51' title="bbox 1905 2997 3498 3075">
    <p class='ocr_par' dir='ltr' id='par_1_51' title="bbox 1905 2997 3498 3075">
     <span class='ocr_line' id='line_1_51' title="bbox 1905 2997 3498 3075; baseline 0.008 -24"><span class='ocrx_word' id='word_1_370' title='bbox 1905 2997 2138 3052; x_wconf 91' lang='lat' dir='ltr'><strong>concilio</strong></span> <span class='ocrx_word' id='word_1_371' title='bbox 2184 2999 2237 3052; x_wconf 93' lang='lat' dir='ltr'><strong>in</strong></span> <span class='ocrx_word' id='word_1_372' title='bbox 2281 2998 2525 3070; x_wconf 88' lang='lat' dir='ltr'><strong>legitimo</strong></span> <span class='ocrx_word' id='word_1_373' title='bbox 2564 3010 2618 3056; x_wconf 84' lang='lat' dir='ltr'><strong>et</strong></span> <span class='ocrx_word' id='word_1_374' title='bbox 2649 3003 2915 3060; x_wconf 88' lang='lat' dir='ltr'><strong>canonico</strong></span> <span class='ocrx_word' id='word_1_375' title='bbox 2955 3007 3142 3060; x_wconf 87' lang='lat' dir='ltr'><strong>veniat</strong></span> <span class='ocrx_word' id='word_1_376' title='bbox 3169 3007 3237 3062; x_wconf 90' lang='lat' dir='ltr'><strong>ad</strong></span> <span class='ocrx_word' id='word_1_377' title='bbox 3262 3021 3405 3075; x_wconf 91' lang='lat' dir='ltr'><strong>eam,</strong></span> <span class='ocrx_word' id='word_1_378' title='bbox 3440 3017 3498 3064; x_wconf 92' lang='lat' dir='ltr'><strong>et</strong></span> 
     </span>
    </p>
   </div>
   <div class='ocr_carea' id='block_1_52' title="bbox 1904 3088 3501 3167">
    <p class='ocr_par' dir='ltr' id='par_1_52' title="bbox 1904 3088 3501 3167">
     <span class='ocr_line' id='line_1_52' title="bbox 1904 3088 3501 3167; baseline 0.009 -26"><span class='ocrx_word' id='word_1_379' title='bbox 1904 3088 1948 3141; x_wconf 89' lang='lat' dir='ltr'><strong>si</strong></span> <span class='ocrx_word' id='word_1_380' title='bbox 1981 3089 2053 3142; x_wconf 89' lang='lat' dir='ltr'><strong>ita</strong></span> <span class='ocrx_word' id='word_1_381' title='bbox 2077 3089 2224 3159; x_wconf 89' lang='lat' dir='ltr'><strong>juste</strong></span> <span class='ocrx_word' id='word_1_382' title='bbox 2252 3090 2467 3146; x_wconf 89' lang='lat' dir='ltr'><strong>videtur</strong></span> <span class='ocrx_word' id='word_1_383' title='bbox 2513 3095 2891 3149; x_wconf 87' lang='lat' dir='ltr'><strong>accusantium</strong></span> <span class='ocrx_word' id='word_1_384' title='bbox 2917 3099 3380 3167; x_wconf 87' lang='lat' dir='ltr'><strong>propositionibus</strong></span> <span class='ocrx_word' id='word_1_385' title='bbox 3413 3115 3501 3156; x_wconf 91' lang='lat' dir='ltr'><strong>re-</strong></span> 
     </span>
    </p>
   </div>
   <div class='ocr_carea' id='block_1_53' title="bbox 202 3179 1802 3265">
    <p class='ocr_par' dir='ltr' id='par_1_53' title="bbox 202 3192 1802 3265">
     <span class='ocr_line' id='line_1_53' title="bbox 202 3192 1802 3265; baseline 0 -19"><span class='ocrx_word' id='word_1_386' title='bbox 202 3203 453 3262; x_wconf 89' lang='lat' dir='ltr'><strong>quantur</strong></span> <span class='ocrx_word' id='word_1_387' title='bbox 493 3202 590 3247; x_wconf 87' lang='lat' dir='ltr'><strong>aut</strong></span> <span class='ocrx_word' id='word_1_388' title='bbox 625 3192 914 3248; x_wconf 86' lang='lat' dir='ltr'><strong>adversum</strong></span> <span class='ocrx_word' id='word_1_389' title='bbox 959 3209 1055 3248; x_wconf 89' lang='lat' dir='ltr'><strong>vos</strong></span> <span class='ocrx_word' id='word_1_390' title='bbox 1096 3201 1282 3265; x_wconf 90' lang='lat' dir='ltr'><strong>agant,</strong></span> <span class='ocrx_word' id='word_1_391' title='bbox 1317 3208 1411 3248; x_wconf 90' lang='lat' dir='ltr'><strong>vos</strong></span> <span class='ocrx_word' id='word_1_392' title='bbox 1441 3203 1622 3248; x_wconf 90' lang='lat' dir='ltr'><strong>tamen</strong></span> <span class='ocrx_word' id='word_1_393' title='bbox 1663 3206 1802 3246; x_wconf 89' lang='lat' dir='ltr'><strong>sem-</strong></span> 
     </span>
    </p>
   </div>
   <div class='ocr_carea' id='block_1_54' title="bbox 1906 3179 3500 3265">
    <p class='ocr_par' dir='ltr' id='par_1_54' title="bbox 1911 3179 3500 3258">
     <span class='ocr_line' id='line_1_54' title="bbox 1911 3179 3500 3258; baseline 0.008 -24"><span class='ocrx_word' id='word_1_394' title='bbox 1911 3181 2196 3248; x_wconf 87' lang='lat' dir='ltr'><strong>spondeat.</strong></span> <span class='ocrx_word' id='word_1_395' title='bbox 2244 3179 2381 3236; x_wconf 88' lang='lat' dir='ltr'><strong>Nam</strong></span> <span class='ocrx_word' id='word_1_396' title='bbox 2437 3185 2542 3240; x_wconf 88' lang='lat' dir='ltr'><strong>hoc</strong></span> <span class='ocrx_word' id='word_1_397' title='bbox 2585 3201 2932 3257; x_wconf 89' lang='lat' dir='ltr'><strong>summopere</strong></span> <span class='ocrx_word' id='word_1_398' title='bbox 2971 3191 3360 3258; x_wconf 88' lang='lat' dir='ltr'><strong>providendum</strong></span> <span class='ocrx_word' id='word_1_399' title='bbox 3391 3201 3500 3258; x_wconf 87' lang='lat' dir='ltr'><strong>est,</strong></span> 
     </span>
    </p>
   </div>
   <div class='ocr_carea' id='block_1_55' title="bbox 199 3286 1802 3356">
    <p class='ocr_par' dir='ltr' id='par_1_55' title="bbox 199 3286 1802 3356">
     <span class='ocr_line' id='line_1_55' title="bbox 199 3286 1802 3356; baseline -0.001 -16"><span class='ocrx_word' id='word_1_400' title='bbox 199 3301 305 3356; x_wconf 87' lang='lat' dir='ltr'><strong>per</strong></span> <span class='ocrx_word' id='word_1_401' title='bbox 333 3286 606 3356; x_wconf 86' lang='lat' dir='ltr'><strong>integram</strong></span> <span class='ocrx_word' id='word_1_402' title='bbox 638 3295 850 3341; x_wconf 86' lang='lat' dir='ltr'><strong>servate</strong></span> <span class='ocrx_word' id='word_1_403' title='bbox 878 3286 1058 3351; x_wconf 88' lang='lat' dir='ltr'><strong>fidem,</strong></span> <span class='ocrx_word' id='word_1_404' title='bbox 1091 3296 1144 3340; x_wconf 92' lang='lat' dir='ltr'><strong>et</strong></span> <span class='ocrx_word' id='word_1_405' title='bbox 1172 3301 1362 3355; x_wconf 88' lang='lat' dir='ltr'><strong>puram</strong></span> <span class='ocrx_word' id='word_1_406' title='bbox 1390 3286 1645 3340; x_wconf 88' lang='lat' dir='ltr'><strong>habetote</strong></span> <span class='ocrx_word' id='word_1_407' title='bbox 1676 3299 1802 3339; x_wconf 92' lang='lat' dir='ltr'><strong>con-</strong></span> 
     </span>
    </p>
   </div>
   <div class='ocr_carea' id='block_1_56' title="bbox 201 3376 1801 3448">
    <p class='ocr_par' dir='ltr' id='par_1_56' title="bbox 201 3376 1801 3448">
     <span class='ocr_line' id='line_1_56' title="bbox 201 3376 1801 3448; baseline -0.002 -16"><span class='ocrx_word' id='word_1_408' title='bbox 201 3377 524 3444; x_wconf 88' lang='lat' dir='ltr'><strong>scientiam,</strong></span> <span class='ocrx_word' id='word_1_409' title='bbox 559 3387 620 3431; x_wconf 90' lang='lat' dir='ltr'><strong>ut</strong></span> <span class='ocrx_word' id='word_1_410' title='bbox 654 3377 866 3448; x_wconf 89' lang='lat' dir='ltr'><strong>integer</strong></span> <span class='ocrx_word' id='word_1_411' title='bbox 911 3378 1133 3448; x_wconf 89' lang='lat' dir='ltr'><strong>spiritus</strong></span> <span class='ocrx_word' id='word_1_412' title='bbox 1162 3387 1216 3432; x_wconf 88' lang='lat' dir='ltr'><strong>ct</strong></span> <span class='ocrx_word' id='word_1_413' title='bbox 1245 3377 1426 3444; x_wconf 76' lang='lat' dir='ltr'><strong>anima</strong></span> <span class='ocrx_word' id='word_1_414' title='bbox 1457 3385 1703 3432; x_wconf 89' lang='lat' dir='ltr'><strong>servetur</strong></span> <span class='ocrx_word' id='word_1_415' title='bbox 1745 3376 1801 3430; x_wconf 91' lang='lat' dir='ltr'><strong>in</strong></span> 
     </span>
    </p>
   </div>
   <div class='ocr_carea' id='block_1_57' title="bbox 205 3468 1798 3542">
    <p class='ocr_par' dir='ltr' id='par_1_57' title="bbox 205 3468 1798 3542">
     <span class='ocr_line' id='line_1_57' title="bbox 205 3468 1798 3542; baseline -0.002 -17"><span class='ocrx_word' id='word_1_416' title='bbox 205 3471 300 3526; x_wconf 89' lang='lat' dir='ltr'><strong>die</strong></span> <span class='ocrx_word' id='word_1_417' title='bbox 330 3469 575 3527; x_wconf 87' lang='lat' dir='ltr'><strong>Domini.</strong></span> <span class='ocrx_word' id='word_1_418' title='bbox 615 3468 728 3526; x_wconf 88' lang='lat' dir='ltr'><strong>Nos</strong></span> <span class='ocrx_word' id='word_1_419' title='bbox 753 3485 882 3525; x_wconf 85' lang='lat' dir='ltr'><strong>vero</strong></span> <span class='ocrx_word' id='word_1_420' title='bbox 919 3472 987 3525; x_wconf 90' lang='lat' dir='ltr'><strong>ad</strong></span> <span class='ocrx_word' id='word_1_421' title='bbox 1044 3471 1478 3542; x_wconf 88' lang='lat' dir='ltr'><strong>supplementum</strong></span> <span class='ocrx_word' id='word_1_422' title='bbox 1532 3479 1798 3534; x_wconf 91' lang='lat' dir='ltr'><strong>vestrum,</strong></span> 
     </span>
    </p>
   </div>
   <div class='ocr_carea' id='block_1_58' title="bbox 199 3559 1802 3632">
    <p class='ocr_par' dir='ltr' id='par_1_58' title="bbox 199 3559 1802 3632">
     <span class='ocr_line' id='line_1_58' title="bbox 199 3559 1802 3632; baseline -0.002 -14"><span class='ocrx_word' id='word_1_423' title='bbox 199 3562 449 3628; x_wconf 87' lang='lat' dir='ltr'><strong>fratres,</strong></span> <span class='ocrx_word' id='word_1_424' title='bbox 495 3571 551 3618; x_wconf 92' lang='lat' dir='ltr'><strong>et</strong></span> <span class='ocrx_word' id='word_1_425' title='bbox 611 3562 957 3632; x_wconf 89' lang='lat' dir='ltr'><strong>coepiscopos</strong></span> <span class='ocrx_word' id='word_1_426' title='bbox 982 3572 1200 3618; x_wconf 91' lang='lat' dir='ltr'><strong>nostros</strong></span> <span class='ocrx_word' id='word_1_427' title='bbox 1224 3560 1536 3616; x_wconf 88' lang='lat' dir='ltr'><strong>voeavimus</strong></span> <span class='ocrx_word' id='word_1_428' title='bbox 1573 3559 1802 3629; x_wconf 89' lang='lat' dir='ltr'><strong>amplius</strong></span> 
     </span>
    </p>
   </div>
   <div class='ocr_carea' id='block_1_59' title="bbox 200 3652 1800 3728">
    <p class='ocr_par' dir='ltr' id='par_1_59' title="bbox 200 3652 1800 3728">
     <span class='ocr_line' id='line_1_59' title="bbox 200 3652 1800 3728; baseline -0.004 -16"><span class='ocrx_word' id='word_1_429' title='bbox 200 3673 377 3727; x_wconf 87' lang='lat' dir='ltr'><strong>quam</strong></span> <span class='ocrx_word' id='word_1_430' title='bbox 424 3656 760 3728; x_wconf 88' lang='lat' dir='ltr'><strong>septuaginta</strong></span> <span class='ocrx_word' id='word_1_431' title='bbox 804 3670 926 3711; x_wconf 91' lang='lat' dir='ltr'><strong>cum</strong></span> <span class='ocrx_word' id='word_1_432' title='bbox 956 3655 1152 3726; x_wconf 90' lang='lat' dir='ltr'><strong>quibus</strong></span> <span class='ocrx_word' id='word_1_433' title='bbox 1193 3654 1310 3709; x_wconf 68' lang='grc' dir='ltr'><strong>ιιωο</strong></span> <span class='ocrx_word' id='word_1_434' title='bbox 1341 3669 1462 3722; x_wconf 73' lang='lat' dir='ltr'><strong>qua:</strong></span> <span class='ocrx_word' id='word_1_435' title='bbox 1482 3652 1669 3707; x_wconf 90' lang='lat' dir='ltr'><strong>subter</strong></span> <span class='ocrx_word' id='word_1_436' title='bbox 1700 3653 1800 3707; x_wconf 88' lang='lat' dir='ltr'><strong>ha-</strong></span> 
     </span>
    </p>
   </div>
   <div class='ocr_carea' id='block_1_60' title="bbox 200 3744 1804 3816">
    <p class='ocr_par' dir='ltr' id='par_1_60' title="bbox 200 3744 1804 3816">
     <span class='ocr_line' id='line_1_60' title="bbox 200 3744 1804 3816; baseline -0.002 -14"><span class='ocrx_word' id='word_1_437' title='bbox 200 3749 410 3802; x_wconf 87' lang='lat' dir='ltr'><strong>bentur</strong></span> <span class='ocrx_word' id='word_1_438' title='bbox 450 3747 685 3813; x_wconf 88' lang='lat' dir='ltr'><strong>inserta,</strong></span> <span class='ocrx_word' id='word_1_439' title='bbox 736 3747 1060 3816; x_wconf 84' lang='lat' dir='ltr'><strong>regulariter</strong></span> <span class='ocrx_word' id='word_1_440' title='bbox 1107 3745 1390 3800; x_wconf 85' lang='lat' dir='ltr'><strong>tractando</strong></span> <span class='ocrx_word' id='word_1_441' title='bbox 1437 3744 1804 3799; x_wconf 77' lang='lat' dir='ltr'><strong>decrevimus.</strong></span> 
     </span>
    </p>
   </div>
   <div class='ocr_carea' id='block_1_61' title="bbox 201 3835 1798 3908">
    <p class='ocr_par' dir='ltr' id='par_1_61' title="bbox 201 3835 1798 3908">
     <span class='ocr_line' id='line_1_61' title="bbox 201 3835 1798 3908; baseline -0.003 -14"><span class='ocrx_word' id='word_1_442' title='bbox 201 3839 424 3894; x_wconf 72' lang='lat' dir='ltr'><strong>Vestris</strong></span> <span class='ocrx_word' id='word_1_443' title='bbox 455 3839 596 3892; x_wconf 91' lang='lat' dir='ltr'><strong>enim</strong></span> <span class='ocrx_word' id='word_1_444' title='bbox 622 3838 866 3908; x_wconf 89' lang='lat' dir='ltr'><strong>epistolis</strong></span> <span class='ocrx_word' id='word_1_445' title='bbox 897 3839 950 3892; x_wconf 90' lang='lat' dir='ltr'><strong>in</strong></span> <span class='ocrx_word' id='word_1_446' title='bbox 966 3838 1206 3894; x_wconf 92' lang='lat' dir='ltr'><strong>omnium</strong></span> <span class='ocrx_word' id='word_1_447' title='bbox 1227 3837 1500 3892; x_wconf 89' lang='lat' dir='ltr'><strong>audientia</strong></span> <span class='ocrx_word' id='word_1_448' title='bbox 1523 3835 1798 3906; x_wconf 88' lang='lat' dir='ltr'><strong>perlectis,</strong></span> 
     </span>
    </p>
   </div>
   <div class='ocr_carea' id='block_1_62' title="bbox 202 3929 1800 4003">
    <p class='ocr_par' dir='ltr' id='par_1_62' title="bbox 202 3929 1800 4003">
     <span class='ocr_line' id='line_1_62' title="bbox 202 3929 1800 4003; baseline -0.001 -19"><span class='ocrx_word' id='word_1_449' title='bbox 202 3947 332 4001; x_wconf 62' lang='lat' dir='ltr'><strong>quae</strong></span> <span class='ocrx_word' id='word_1_450' title='bbox 365 3931 562 3986; x_wconf 85' lang='lat' dir='ltr'><strong>multas</strong></span> <span class='ocrx_word' id='word_1_451' title='bbox 593 3933 691 4003; x_wconf 85' lang='lat' dir='ltr'><strong>(ut</strong></span> <span class='ocrx_word' id='word_1_452' title='bbox 713 3930 917 4000; x_wconf 88' lang='lat' dir='ltr'><strong>nostis)</strong></span> <span class='ocrx_word' id='word_1_453' title='bbox 945 3929 1312 4000; x_wconf 87' lang='lat' dir='ltr'><strong>querimonias</strong></span> <span class='ocrx_word' id='word_1_454' title='bbox 1337 3937 1393 3984; x_wconf 90' lang='lat' dir='ltr'><strong>et</strong></span> <span class='ocrx_word' id='word_1_455' title='bbox 1420 3929 1800 3998; x_wconf 88' lang='lat' dir='ltr'><strong>oppressiones</strong></span> 
     </span>
    </p>
   </div>
   <div class='ocr_carea' id='block_1_63' title="bbox 202 4021 1802 4094">
    <p class='ocr_par' dir='ltr' id='par_1_63' title="bbox 202 4021 1802 4094">
     <span class='ocr_line' id='line_1_63' title="bbox 202 4021 1802 4094; baseline -0.003 -15"><span class='ocrx_word' id='word_1_456' title='bbox 202 4025 262 4079; x_wconf 90' lang='lat' dir='ltr'><strong>in</strong></span> <span class='ocrx_word' id='word_1_457' title='bbox 299 4039 361 4079; x_wconf 90' lang='lat' dir='ltr'><strong>se</strong></span> <span class='ocrx_word' id='word_1_458' title='bbox 397 4025 748 4080; x_wconf 89' lang='lat' dir='ltr'><strong>continebant</strong></span> <span class='ocrx_word' id='word_1_459' title='bbox 778 4033 1006 4089; x_wconf 88' lang='lat' dir='ltr'><strong>vestras,</strong></span> <span class='ocrx_word' id='word_1_460' title='bbox 1031 4023 1374 4093; x_wconf 89' lang='lat' dir='ltr'><strong>decretisque</strong></span> <span class='ocrx_word' id='word_1_461' title='bbox 1405 4038 1526 4094; x_wconf 83' lang='lat' dir='ltr'><strong>quae</strong></span> <span class='ocrx_word' id='word_1_462' title='bbox 1564 4030 1690 4077; x_wconf 90' lang='lat' dir='ltr'><strong>sunt</strong></span> <span class='ocrx_word' id='word_1_463' title='bbox 1733 4021 1802 4076; x_wconf 89' lang='lat' dir='ltr'><strong>de</strong></span> 
     </span>
    </p>
   </div>
   <div class='ocr_carea' id='block_1_64' title="bbox 203 4113 1799 4188">
    <p class='ocr_par' dir='ltr' id='par_1_64' title="bbox 203 4113 1799 4188">
     <span class='ocr_line' id='line_1_64' title="bbox 203 4113 1799 4188; baseline -0.005 -14"><span class='ocrx_word' id='word_1_464' title='bbox 203 4119 651 4174; x_wconf 82' lang='lat' dir='ltr'><strong>accusationibus</strong></span> <span class='ocrx_word' id='word_1_465' title='bbox 701 4119 1077 4188; x_wconf 88' lang='lat' dir='ltr'><strong>episcoporum</strong></span> <span class='ocrx_word' id='word_1_466' title='bbox 1127 4127 1316 4172; x_wconf 90' lang='lat' dir='ltr'><strong>sancta</strong></span> <span class='ocrx_word' id='word_1_467' title='bbox 1357 4117 1596 4188; x_wconf 87' lang='lat' dir='ltr'><strong>synodus</strong></span> <span class='ocrx_word' id='word_1_468' title='bbox 1641 4113 1799 4168; x_wconf 79' lang='lat' dir='ltr'><strong>dixit.</strong></span> 
     </span>
    </p>
   </div>
   <div class='ocr_carea' id='block_1_65' title="bbox 201 4207 1801 4281">
    <p class='ocr_par' dir='ltr' id='par_1_65' title="bbox 201 4207 1801 4281">
     <span class='ocr_line' id='line_1_65' title="bbox 201 4207 1801 4281; baseline -0.004 -15"><span class='ocrx_word' id='word_1_469' title='bbox 201 4211 343 4266; x_wconf 74' lang='lat' dir='ltr'><strong>Haec</strong></span> <span class='ocrx_word' id='word_1_470' title='bbox 369 4219 495 4265; x_wconf 89' lang='lat' dir='ltr'><strong>sunt</strong></span> <span class='ocrx_word' id='word_1_471' title='bbox 523 4225 644 4280; x_wconf 86' lang='lat' dir='ltr'><strong>quae</strong></span> <span class='ocrx_word' id='word_1_472' title='bbox 673 4211 927 4281; x_wconf 88' lang='lat' dir='ltr'><strong>deinceps</strong></span> <span class='ocrx_word' id='word_1_473' title='bbox 963 4218 1184 4281; x_wconf 89' lang='lat' dir='ltr'><strong>propter</strong></span> <span class='ocrx_word' id='word_1_474' title='bbox 1225 4209 1487 4264; x_wconf 90' lang='lat' dir='ltr'><strong>malorum</strong></span> <span class='ocrx_word' id='word_1_475' title='bbox 1521 4207 1801 4263; x_wconf 90' lang='lat' dir='ltr'><strong>hominum</strong></span> 
     </span>
    </p>
   </div>
   <div class='ocr_carea' id='block_1_66' title="bbox 201 4298 1804 4372">
    <p class='ocr_par' dir='ltr' id='par_1_66' title="bbox 201 4298 1804 4372">
     <span class='ocr_line' id='line_1_66' title="bbox 201 4298 1804 4372; baseline -0.004 -14"><span class='ocrx_word' id='word_1_476' title='bbox 201 4302 443 4358; x_wconf 89' lang='lat' dir='ltr'><strong>insidias</strong></span> <span class='ocrx_word' id='word_1_477' title='bbox 470 4302 561 4372; x_wconf 86' lang='lat' dir='ltr'><strong>qui</strong></span> <span class='ocrx_word' id='word_1_478' title='bbox 589 4303 643 4356; x_wconf 91' lang='lat' dir='ltr'><strong>in</strong></span> <span class='ocrx_word' id='word_1_479' title='bbox 656 4301 955 4357; x_wconf 87' lang='lat' dir='ltr'><strong>Ecclesiam</strong></span> <span class='ocrx_word' id='word_1_480' title='bbox 986 4309 1044 4355; x_wconf 88' lang='lat' dir='ltr'><strong>et</strong></span> <span class='ocrx_word' id='word_1_481' title='bbox 1069 4301 1121 4354; x_wconf 94' lang='lat' dir='ltr'><strong>in</strong></span> <span class='ocrx_word' id='word_1_482' title='bbox 1149 4299 1549 4355; x_wconf 89' lang='lat' dir='ltr'><strong>ecclesiasticos</strong></span> <span class='ocrx_word' id='word_1_483' title='bbox 1575 4298 1804 4353; x_wconf 71' lang='lat' dir='ltr'><strong>smviunt</strong></span> 
     </span>
    </p>
   </div>
   <div class='ocr_carea' id='block_1_67' title="bbox 197 4388 1802 4448">
    <p class='ocr_par' dir='ltr' id='par_1_67' title="bbox 197 4388 1802 4448">
     <span class='ocr_line' id='line_1_67' title="bbox 197 4388 1802 4448; baseline -0.002 -3"><span class='ocrx_word' id='word_1_484' title='bbox 197 4395 364 4448; x_wconf 90' lang='lat' dir='ltr'><strong>viros</strong></span> <span class='ocrx_word' id='word_1_485' title='bbox 413 4392 785 4448; x_wconf 77' lang='lat' dir='ltr'><strong>indifferenter</strong></span> <span class='ocrx_word' id='word_1_486' title='bbox 832 4406 1156 4447; x_wconf 90' lang='lat' dir='ltr'><strong>conservare</strong></span> <span class='ocrx_word' id='word_1_487' title='bbox 1205 4390 1514 4445; x_wconf 89' lang='lat' dir='ltr'><strong>ﬁrmissime</strong></span> <span class='ocrx_word' id='word_1_488' title='bbox 1550 4388 1802 4444; x_wconf 89' lang='lat' dir='ltr'><strong>volumus</strong></span> 
     </span>
    </p>
   </div>
   <div class='ocr_carea' id='block_1_68' title="bbox 198 4481 1800 4556">
    <p class='ocr_par' dir='ltr' id='par_1_68' title="bbox 198 4481 1800 4556">
     <span class='ocr_line' id='line_1_68' title="bbox 198 4481 1800 4556; baseline -0.004 -15"><span class='ocrx_word' id='word_1_489' title='bbox 198 4487 260 4541; x_wconf 89' lang='lat' dir='ltr'><strong>in</strong></span> <span class='ocrx_word' id='word_1_490' title='bbox 299 4485 517 4540; x_wconf 84' lang='lat' dir='ltr'><strong>saecula.</strong></span> <span class='ocrx_word' id='word_1_491' title='bbox 557 4487 616 4541; x_wconf 89' lang='lat' dir='ltr'><strong>Si</strong></span> <span class='ocrx_word' id='word_1_492' title='bbox 641 4487 764 4556; x_wconf 87' lang='lat' dir='ltr'><strong>quis</strong></span> <span class='ocrx_word' id='word_1_493' title='bbox 801 4486 1088 4555; x_wconf 90' lang='lat' dir='ltr'><strong>episcopus</strong></span> <span class='ocrx_word' id='word_1_494' title='bbox 1126 4484 1194 4538; x_wconf 91' lang='lat' dir='ltr'><strong>ab</strong></span> <span class='ocrx_word' id='word_1_495' title='bbox 1231 4483 1338 4537; x_wconf 91' lang='lat' dir='ltr'><strong>illis</strong></span> <span class='ocrx_word' id='word_1_496' title='bbox 1387 4481 1800 4538; x_wconf 88' lang='lat' dir='ltr'><strong>accusatoribus</strong></span> 
     </span>
    </p>
   </div>
   <div class='ocr_carea' id='block_1_69' title="bbox 1907 3277 3490 3354">
    <p class='ocr_par' dir='ltr' id='par_1_69' title="bbox 1907 3277 3490 3354">
     <span class='ocr_line' id='line_1_69' title="bbox 1907 3277 3490 3354; baseline 0.009 -28"><span class='ocrx_word' id='word_1_497' title='bbox 1907 3288 1974 3327; x_wconf 91' lang='lat' dir='ltr'><strong>ne</strong></span> <span class='ocrx_word' id='word_1_498' title='bbox 2005 3282 2298 3344; x_wconf 84' lang='lat' dir='ltr'><strong>antequam</strong></span> <span class='ocrx_word' id='word_1_499' title='bbox 2339 3277 2452 3331; x_wconf 87' lang='lat' dir='ltr'><strong>haec</strong></span> <span class='ocrx_word' id='word_1_500' title='bbox 2481 3279 2663 3333; x_wconf 92' lang='lat' dir='ltr'><strong>omnia</strong></span> <span class='ocrx_word' id='word_1_501' title='bbox 2699 3279 2836 3334; x_wconf 84' lang='lat' dir='ltr'><strong>ﬁant</strong></span> <span class='ocrx_word' id='word_1_502' title='bbox 2877 3291 3098 3337; x_wconf 90' lang='lat' dir='ltr'><strong>coactus</strong></span> <span class='ocrx_word' id='word_1_503' title='bbox 3143 3283 3490 3354; x_wconf 88' lang='lat' dir='ltr'><strong>respondeat,</strong></span> 
     </span>
    </p>
   </div>
   <div class='ocr_carea' id='block_1_70' title="bbox 1907 3365 3498 3448">
    <p class='ocr_par' dir='ltr' id='par_1_70' title="bbox 1907 3365 3498 3448">
     <span class='ocr_line' id='line_1_70' title="bbox 1907 3365 3498 3448; baseline 0.011 -31"><span class='ocrx_word' id='word_1_504' title='bbox 1907 3365 2034 3435; x_wconf 91' lang='lat' dir='ltr'><strong>quia</strong></span> <span class='ocrx_word' id='word_1_505' title='bbox 2069 3367 2346 3421; x_wconf 91' lang='lat' dir='ltr'><strong>contentio</strong></span> <span class='ocrx_word' id='word_1_506' title='bbox 2382 3383 2598 3438; x_wconf 91' lang='lat' dir='ltr'><strong>semper</strong></span> <span class='ocrx_word' id='word_1_507' title='bbox 2623 3371 2843 3426; x_wconf 89' lang='lat' dir='ltr'><strong>vitanda</strong></span> <span class='ocrx_word' id='word_1_508' title='bbox 2881 3382 2983 3427; x_wconf 90' lang='lat' dir='ltr'><strong>est.</strong></span> <span class='ocrx_word' id='word_1_509' title='bbox 3028 3374 3207 3429; x_wconf 83' lang='lat' dir='ltr'><strong>Adimi</strong></span> <span class='ocrx_word' id='word_1_510' title='bbox 3260 3391 3498 3448; x_wconf 81' lang='lat' dir='ltr'><strong>namque</strong></span> 
     </span>
    </p>
   </div>
   <div class='ocr_carea' id='block_1_71' title="bbox 1906 3458 3500 3534">
    <p class='ocr_par' dir='ltr' id='par_1_71' title="bbox 1906 3458 3500 3534">
     <span class='ocr_line' id='line_1_71' title="bbox 1906 3458 3500 3534; baseline 0.009 -24"><span class='ocrx_word' id='word_1_511' title='bbox 1906 3458 2162 3526; x_wconf 87' lang='lat' dir='ltr'><strong>episcopo</strong></span> <span class='ocrx_word' id='word_1_512' title='bbox 2208 3458 2580 3529; x_wconf 83' lang='lat' dir='ltr'><strong>episcOpatum</strong></span> <span class='ocrx_word' id='word_1_513' title='bbox 2624 3471 2914 3532; x_wconf 89' lang='lat' dir='ltr'><strong>antequam</strong></span> <span class='ocrx_word' id='word_1_514' title='bbox 2949 3479 3128 3520; x_wconf 53' lang='lat' dir='ltr'><strong>causa</strong></span> <span class='ocrx_word' id='word_1_515' title='bbox 3157 3465 3274 3534; x_wconf 91' lang='lat' dir='ltr'><strong>ejus</strong></span> <span class='ocrx_word' id='word_1_516' title='bbox 3316 3469 3500 3525; x_wconf 81' lang='lat' dir='ltr'><strong>exitus</strong></span> 
     </span>
    </p>
   </div>
   <div class='ocr_carea' id='block_1_72' title="bbox 1905 3550 3500 3628">
    <p class='ocr_par' dir='ltr' id='par_1_72' title="bbox 1905 3550 3500 3628">
     <span class='ocr_line' id='line_1_72' title="bbox 1905 3550 3500 3628; baseline 0.008 -24"><span class='ocrx_word' id='word_1_517' title='bbox 1905 3559 2166 3620; x_wconf 88' lang='lat' dir='ltr'><strong>appareat</strong></span> <span class='ocrx_word' id='word_1_518' title='bbox 2188 3550 2320 3604; x_wconf 90' lang='lat' dir='ltr'><strong>nulli</strong></span> <span class='ocrx_word' id='word_1_519' title='bbox 2341 3550 2634 3607; x_wconf 86' lang='lat' dir='ltr'><strong>Christiani</strong></span> <span class='ocrx_word' id='word_1_520' title='bbox 2658 3554 2825 3609; x_wconf 89' lang='lat' dir='ltr'><strong>videri</strong></span> <span class='ocrx_word' id='word_1_521' title='bbox 2849 3555 2971 3623; x_wconf 90' lang='lat' dir='ltr'><strong>jure</strong></span> <span class='ocrx_word' id='word_1_522' title='bbox 2995 3567 3190 3625; x_wconf 90' lang='lat' dir='ltr'><strong>potest,</strong></span> <span class='ocrx_word' id='word_1_523' title='bbox 3220 3560 3345 3628; x_wconf 90' lang='lat' dir='ltr'><strong>quia</strong></span> <span class='ocrx_word' id='word_1_524' title='bbox 3374 3561 3500 3617; x_wconf 82' lang='lat' dir='ltr'><strong>talis</strong></span> 
     </span>
    </p>
   </div>
   <div class='ocr_carea' id='block_1_73' title="bbox 1903 3641 3490 3717">
    <p class='ocr_par' dir='ltr' id='par_1_73' title="bbox 1903 3641 3490 3717">
     <span class='ocr_line' id='line_1_73' title="bbox 1903 3641 3490 3717; baseline 0.008 -21"><span class='ocrx_word' id='word_1_525' title='bbox 1903 3641 2012 3714; x_wconf 66' lang='grc'><strong>45</strong></span> <span class='ocrx_word' id='word_1_526' title='bbox 2047 3645 2396 3714; x_wconf 76' lang='lat' dir='ltr'><strong>praesumptio</strong></span> <span class='ocrx_word' id='word_1_527' title='bbox 2420 3645 2762 3717; x_wconf 89' lang='lat' dir='ltr'><strong>sacrilegium</strong></span> <span class='ocrx_word' id='word_1_528' title='bbox 2783 3657 2955 3713; x_wconf 87' lang='lat' dir='ltr'><strong>est,et</strong></span> <span class='ocrx_word' id='word_1_529' title='bbox 2980 3663 3169 3705; x_wconf 86' lang='lat' dir='ltr'><strong>auctor</strong></span> <span class='ocrx_word' id='word_1_530' title='bbox 3188 3651 3372 3706; x_wconf 84' lang='lat' dir='ltr'><strong>talium</strong></span> <span class='ocrx_word' id='word_1_531' title='bbox 3397 3669 3490 3708; x_wconf 90' lang='lat' dir='ltr'><strong>sa-</strong></span> 
     </span>
    </p>
   </div>
   <div class='ocr_carea' id='block_1_74' title="bbox 1903 3733 3485 3816">
    <p class='ocr_par' dir='ltr' id='par_1_74' title="bbox 1903 3733 3485 3816">
     <span class='ocr_line' id='line_1_74' title="bbox 1903 3733 3485 3816; baseline 0.008 -26"><span class='ocrx_word' id='word_1_532' title='bbox 1903 3733 2156 3806; x_wconf 84' lang='lat' dir='ltr'><strong>crilegus.</strong></span> <span class='ocrx_word' id='word_1_533' title='bbox 2175 3735 2326 3804; x_wconf 87' lang='lat' dir='ltr'><strong>Quod</strong></span> <span class='ocrx_word' id='word_1_534' title='bbox 2344 3738 2388 3792; x_wconf 92' lang='lat' dir='ltr'><strong>si</strong></span> <span class='ocrx_word' id='word_1_535' title='bbox 2407 3748 2672 3809; x_wconf 84' lang='lat' dir='ltr'><strong>aegrotans</strong></span> <span class='ocrx_word' id='word_1_536' title='bbox 2689 3738 3164 3813; x_wconf 84' lang='lat' dir='ltr'><strong>fueritepiscopus,</strong></span> <span class='ocrx_word' id='word_1_537' title='bbox 3197 3745 3485 3816; x_wconf 83' lang='lat' dir='ltr'><strong>autaliqua</strong></span> 
     </span>
    </p>
   </div>
   <div class='ocr_carea' id='block_1_75' title="bbox 1905 3829 3490 3908">
    <p class='ocr_par' dir='ltr' id='par_1_75' title="bbox 1905 3829 3490 3908">
     <span class='ocr_line' id='line_1_75' title="bbox 1905 3829 3490 3908; baseline 0.008 -27"><span class='ocrx_word' id='word_1_538' title='bbox 1905 3843 2026 3882; x_wconf 89' lang='lat' dir='ltr'><strong>eum</strong></span> <span class='ocrx_word' id='word_1_539' title='bbox 2066 3829 2248 3899; x_wconf 85' lang='lat' dir='ltr'><strong>gravis</strong></span> <span class='ocrx_word' id='word_1_540' title='bbox 2286 3830 2585 3885; x_wconf 87' lang='lat' dir='ltr'><strong>necessitas</strong></span> <span class='ocrx_word' id='word_1_541' title='bbox 2615 3831 2932 3900; x_wconf 89' lang='lat' dir='ltr'><strong>delinuerit,</strong></span> <span class='ocrx_word' id='word_1_542' title='bbox 2955 3849 3053 3904; x_wconf 91' lang='lat' dir='ltr'><strong>pro</strong></span> <span class='ocrx_word' id='word_1_543' title='bbox 3080 3851 3140 3891; x_wconf 87' lang='lat' dir='ltr'><strong>se</strong></span> <span class='ocrx_word' id='word_1_544' title='bbox 3170 3836 3400 3908; x_wconf 87' lang='lat' dir='ltr'><strong>legatum</strong></span> <span class='ocrx_word' id='word_1_545' title='bbox 3421 3841 3490 3893; x_wconf 88' lang='lat' dir='ltr'><strong>ad</strong></span> 
     </span>
    </p>
   </div>
   <div class='ocr_carea' id='block_1_76' title="bbox 1905 3920 3494 3998">
    <p class='ocr_par' dir='ltr' id='par_1_76' title="bbox 1905 3920 3494 3998">
     <span class='ocr_line' id='line_1_76' title="bbox 1905 3920 3494 3998; baseline 0.009 -26"><span class='ocrx_word' id='word_1_546' title='bbox 1905 3920 2171 3990; x_wconf 88' lang='lat' dir='ltr'><strong>synodum</strong></span> <span class='ocrx_word' id='word_1_547' title='bbox 2195 3921 2392 3986; x_wconf 88' lang='lat' dir='ltr'><strong>mittat,</strong></span> <span class='ocrx_word' id='word_1_548' title='bbox 2422 3936 2519 3978; x_wconf 91' lang='lat' dir='ltr'><strong>nec</strong></span> <span class='ocrx_word' id='word_1_549' title='bbox 2545 3937 2576 3976; x_wconf 90' lang='lat' dir='ltr'><strong>a</strong></span> <span class='ocrx_word' id='word_1_550' title='bbox 2607 3926 2988 3981; x_wconf 88' lang='lat' dir='ltr'><strong>communione</strong></span> <span class='ocrx_word' id='word_1_551' title='bbox 3014 3930 3379 3998; x_wconf 88' lang='lat' dir='ltr'><strong>suspendatur</strong></span> <span class='ocrx_word' id='word_1_552' title='bbox 3405 3943 3494 3991; x_wconf 87' lang='lat' dir='ltr'><strong>cut</strong></span> 
     </span>
    </p>
   </div>
   <div class='ocr_carea' id='block_1_77' title="bbox 1905 4014 3490 4080">
    <p class='ocr_par' dir='ltr' id='par_1_77' title="bbox 1905 4014 3490 4080">
     <span class='ocr_line' id='line_1_77' title="bbox 1905 4014 3490 4080; baseline 0.005 -12"><span class='ocrx_word' id='word_1_553' title='bbox 1905 4014 2112 4070; x_wconf 91' lang='lat' dir='ltr'><strong>crimen</strong></span> <span class='ocrx_word' id='word_1_554' title='bbox 2144 4015 2474 4080; x_wconf 89' lang='lat' dir='ltr'><strong>intenditur,</strong></span> <span class='ocrx_word' id='word_1_555' title='bbox 2516 4016 2620 4072; x_wconf 91' lang='lat' dir='ltr'><strong>nisi</strong></span> <span class='ocrx_word' id='word_1_556' title='bbox 2669 4017 2736 4072; x_wconf 92' lang='lat' dir='ltr'><strong>ad</strong></span> <span class='ocrx_word' id='word_1_557' title='bbox 2767 4033 2988 4074; x_wconf 89' lang='lat' dir='ltr'><strong>causam</strong></span> <span class='ocrx_word' id='word_1_558' title='bbox 3019 4035 3172 4075; x_wconf 88' lang='lat' dir='ltr'><strong>suam</strong></span> <span class='ocrx_word' id='word_1_559' title='bbox 3205 4021 3490 4077; x_wconf 88' lang='lat' dir='ltr'><strong>dicendam</strong></span> 
     </span>
    </p>
   </div>
   <div class='ocr_carea' id='block_1_78' title="bbox 1908 4106 3491 4177">
    <p class='ocr_par' dir='ltr' id='par_1_78' title="bbox 1908 4106 3491 4177">
     <span class='ocr_line' id='line_1_78' title="bbox 1908 4106 3491 4177; baseline 0.005 -17"><span class='ocrx_word' id='word_1_560' title='bbox 1908 4106 2201 4162; x_wconf 91' lang='lat' dir='ltr'><strong>electorum</strong></span> <span class='ocrx_word' id='word_1_561' title='bbox 2239 4106 2507 4177; x_wconf 90' lang='lat' dir='ltr'><strong>judicium</strong></span> <span class='ocrx_word' id='word_1_562' title='bbox 2537 4109 2623 4164; x_wconf 88' lang='lat' dir='ltr'><strong>die</strong></span> <span class='ocrx_word' id='word_1_563' title='bbox 2653 4118 2854 4165; x_wconf 89' lang='lat' dir='ltr'><strong>statuta</strong></span> <span class='ocrx_word' id='word_1_564' title='bbox 2883 4111 3080 4168; x_wconf 89' lang='lat' dir='ltr'><strong>litteris</strong></span> <span class='ocrx_word' id='word_1_565' title='bbox 3101 4122 3360 4170; x_wconf 87' lang='lat' dir='ltr'><strong>evocatus</strong></span> <span class='ocrx_word' id='word_1_566' title='bbox 3386 4115 3491 4168; x_wconf 77' lang='lat' dir='ltr'><strong>nti-</strong></span> 
     </span>
    </p>
   </div>
   <div class='ocr_carea' id='block_1_79' title="bbox 1905 4199 3496 4275">
    <p class='ocr_par' dir='ltr' id='par_1_79' title="bbox 1905 4199 3496 4275">
     <span class='ocr_line' id='line_1_79' title="bbox 1905 4199 3496 4275; baseline 0.004 -23"><span class='ocrx_word' id='word_1_567' title='bbox 1905 4199 2052 4253; x_wconf 91' lang='lat' dir='ltr'><strong>nime</strong></span> <span class='ocrx_word' id='word_1_568' title='bbox 2096 4200 2422 4266; x_wconf 89' lang='lat' dir='ltr'><strong>occurrerit,</strong></span> <span class='ocrx_word' id='word_1_569' title='bbox 2470 4201 2576 4256; x_wconf 87' lang='lat' dir='ltr'><strong>hoc</strong></span> <span class='ocrx_word' id='word_1_570' title='bbox 2619 4210 2724 4269; x_wconf 88' lang='lat' dir='ltr'><strong>est,</strong></span> <span class='ocrx_word' id='word_1_571' title='bbox 2767 4202 2872 4258; x_wconf 90' lang='lat' dir='ltr'><strong>nisi</strong></span> <span class='ocrx_word' id='word_1_572' title='bbox 2902 4202 3004 4257; x_wconf 89' lang='lat' dir='ltr'><strong>alia</strong></span> <span class='ocrx_word' id='word_1_573' title='bbox 3026 4205 3496 4275; x_wconf 57' lang='lat' dir='ltr'><strong>praeoccupatione</strong></span> 
     </span>
    </p>
   </div>
   <div class='ocr_carea' id='block_1_80' title="bbox 1904 4288 3496 4362">
    <p class='ocr_par' dir='ltr' id='par_1_80' title="bbox 1904 4288 3496 4362">
     <span class='ocr_line' id='line_1_80' title="bbox 1904 4288 3496 4362; baseline 0.005 -20"><span class='ocrx_word' id='word_1_574' title='bbox 1904 4289 2246 4344; x_wconf 90' lang='lat' dir='ltr'><strong>necessitatis</strong></span> <span class='ocrx_word' id='word_1_575' title='bbox 2280 4288 2420 4343; x_wconf 89' lang='lat' dir='ltr'><strong>infra</strong></span> <span class='ocrx_word' id='word_1_576' title='bbox 2462 4291 2694 4359; x_wconf 89' lang='lat' dir='ltr'><strong>spatium</strong></span> <span class='ocrx_word' id='word_1_577' title='bbox 2734 4293 3116 4362; x_wconf 70' lang='lat' dir='ltr'><strong>praedictorum</strong></span> <span class='ocrx_word' id='word_1_578' title='bbox 3145 4296 3411 4350; x_wconf 88' lang='lat' dir='ltr'><strong>mensium</strong></span> <span class='ocrx_word' id='word_1_579' title='bbox 3439 4303 3496 4350; x_wconf 94' lang='lat' dir='ltr'><strong>et</strong></span> 
     </span>
    </p>
   </div>
   <div class='ocr_carea' id='block_1_81' title="bbox 1902 4381 3490 4452">
    <p class='ocr_par' dir='ltr' id='par_1_81' title="bbox 1902 4381 3490 4452">
     <span class='ocr_line' id='line_1_81' title="bbox 1902 4381 3490 4452; baseline 0.002 -17"><span class='ocrx_word' id='word_1_580' title='bbox 1902 4395 1968 4435; x_wconf 93' lang='lat' dir='ltr'><strong>eo</strong></span> <span class='ocrx_word' id='word_1_581' title='bbox 2019 4381 2271 4451; x_wconf 89' lang='lat' dir='ltr'><strong>amplius,</strong></span> <span class='ocrx_word' id='word_1_582' title='bbox 2299 4389 2482 4452; x_wconf 63' lang='grc' dir='ltr'><strong>ιρι-θυι</strong></span> <span class='ocrx_word' id='word_1_583' title='bbox 2533 4397 2756 4437; x_wconf 89' lang='lat' dir='ltr'><strong>causam</strong></span> <span class='ocrx_word' id='word_1_584' title='bbox 2806 4383 3111 4440; x_wconf 88' lang='lat' dir='ltr'><strong>dictaverit.</strong></span> <span class='ocrx_word' id='word_1_585' title='bbox 3147 4385 3301 4452; x_wconf 87' lang='lat' dir='ltr'><strong>Quod</strong></span> <span class='ocrx_word' id='word_1_586' title='bbox 3339 4385 3386 4440; x_wconf 90' lang='lat' dir='ltr'><strong>si</strong></span> <span class='ocrx_word' id='word_1_587' title='bbox 3418 4401 3490 4440; x_wconf 79' lang='lat' dir='ltr'><strong>ex.</strong></span> 
     </span>
    </p>
   </div>
   <div class='ocr_carea' id='block_1_82' title="bbox 1905 4472 3498 4546">
    <p class='ocr_par' dir='ltr' id='par_1_82' title="bbox 1905 4472 3498 4546">
     <span class='ocr_line' id='line_1_82' title="bbox 1905 4472 3498 4546; baseline 0.004 -20"><span class='ocrx_word' id='word_1_588' title='bbox 1905 4483 2137 4543; x_wconf 90' lang='lat' dir='ltr'><strong>utraque</strong></span> <span class='ocrx_word' id='word_1_589' title='bbox 2168 4480 2322 4543; x_wconf 91' lang='lat' dir='ltr'><strong>parte</strong></span> <span class='ocrx_word' id='word_1_590' title='bbox 2361 4472 2430 4526; x_wconf 90' lang='lat' dir='ltr'><strong>ad</strong></span> <span class='ocrx_word' id='word_1_591' title='bbox 2471 4488 2695 4529; x_wconf 88' lang='lat' dir='ltr'><strong>causam</strong></span> <span class='ocrx_word' id='word_1_592' title='bbox 2739 4474 3022 4532; x_wconf 89' lang='lat' dir='ltr'><strong>dicendam</strong></span> <span class='ocrx_word' id='word_1_593' title='bbox 3061 4478 3328 4541; x_wconf 90' lang='lat' dir='ltr'><strong>venerint,</strong></span> <span class='ocrx_word' id='word_1_594' title='bbox 3365 4477 3498 4546; x_wconf 83' lang='lat' dir='ltr'><strong>quia.</strong></span> 
     </span>
    </p>
   </div>
   <div class='ocr_carea' id='block_1_83' title="bbox 200 4557 3498 4650">
    <p class='ocr_par' dir='ltr' id='par_1_83' title="bbox 200 4557 3498 4650">
     <span class='ocr_line' id='line_1_83' title="bbox 200 4557 3498 4650; baseline 0 -26"><span class='ocrx_word' id='word_1_595' title='bbox 200 4578 304 4650; x_wconf 78' lang='lat' dir='ltr'><strong>qui</strong></span> <span class='ocrx_word' id='word_1_596' title='bbox 340 4579 631 4648; x_wconf 72' lang='lat' dir='ltr'><strong>recipiendi</strong></span> <span class='ocrx_word' id='word_1_597' title='bbox 663 4587 789 4633; x_wconf 73' lang='lat' dir='ltr'><strong>sum,</strong></span> <span class='ocrx_word' id='word_1_598' title='bbox 818 4577 983 4633; x_wconf 60' lang='lat' dir='ltr'><strong>fuerit</strong></span> <span class='ocrx_word' id='word_1_599' title='bbox 1011 4583 1318 4639; x_wconf 63' lang='lat' dir='ltr'><strong>accusatus,</strong></span> <span class='ocrx_word' id='word_1_600' title='bbox 1351 4583 1639 4645; x_wconf 63' lang='lat' dir='ltr'><strong>postquam</strong></span> <span class='ocrx_word' id='word_1_601' title='bbox 1684 4573 1799 4643; x_wconf 79' lang='lat' dir='ltr'><strong>ipse</strong></span> <span class='ocrx_word' id='word_1_602' title='bbox 1825 4557 1878 4618; x_wconf 94' lang='lat' dir='ltr'><strong>D</strong></span> <span class='ocrx_word' id='word_1_603' title='bbox 1904 4581 2044 4622; x_wconf 91' lang='lat' dir='ltr'><strong>unus</strong></span> <span class='ocrx_word' id='word_1_604' title='bbox 2068 4567 2274 4636; x_wconf 90' lang='lat' dir='ltr'><strong>absque</strong></span> <span class='ocrx_word' id='word_1_605' title='bbox 2301 4566 2472 4623; x_wconf 90' lang='lat' dir='ltr'><strong>altero</strong></span> <span class='ocrx_word' id='word_1_606' title='bbox 2500 4567 2675 4622; x_wconf 89' lang='lat' dir='ltr'><strong>audiri</strong></span> <span class='ocrx_word' id='word_1_607' title='bbox 2699 4582 2806 4623; x_wconf 92' lang='lat' dir='ltr'><strong>non</strong></span> <span class='ocrx_word' id='word_1_608' title='bbox 2831 4569 3012 4635; x_wconf 90' lang='lat' dir='ltr'><strong>debet,</strong></span> <span class='ocrx_word' id='word_1_609' title='bbox 3043 4569 3394 4640; x_wconf 67' lang='lat' dir='ltr'><strong>qumrendum</strong></span> <span class='ocrx_word' id='word_1_610' title='bbox 3409 4577 3498 4624; x_wconf 90' lang='lat' dir='ltr'><strong>est</strong></span> 
     </span>
    </p>
   </div>
   <div class='ocr_carea' id='block_1_84' title="bbox 201 4667 1800 4737">
    <p class='ocr_par' dir='ltr' id='par_1_84' title="bbox 201 4667 1800 4737">
     <span class='ocr_line' id='line_1_84' title="bbox 201 4667 1800 4737; baseline -0.005 -12"><span class='ocrx_word' id='word_1_611' title='bbox 201 4672 278 4725; x_wconf 84' lang='lat' dir='ltr'><strong>ab</strong></span> <span class='ocrx_word' id='word_1_612' title='bbox 301 4671 383 4723; x_wconf 89' lang='lat' dir='ltr'><strong>eis</strong></span> <span class='ocrx_word' id='word_1_613' title='bbox 412 4671 734 4726; x_wconf 89' lang='lat' dir='ltr'><strong>charitative</strong></span> <span class='ocrx_word' id='word_1_614' title='bbox 755 4677 1053 4726; x_wconf 90' lang='lat' dir='ltr'><strong>conventus</strong></span> <span class='ocrx_word' id='word_1_615' title='bbox 1081 4668 1265 4733; x_wconf 86' lang='lat' dir='ltr'><strong>fuerit,</strong></span> <span class='ocrx_word' id='word_1_616' title='bbox 1298 4675 1357 4721; x_wconf 91' lang='lat' dir='ltr'><strong>ut</strong></span> <span class='ocrx_word' id='word_1_617' title='bbox 1385 4667 1556 4737; x_wconf 90' lang='lat' dir='ltr'><strong>ipsam</strong></span> <span class='ocrx_word' id='word_1_618' title='bbox 1578 4679 1800 4720; x_wconf 90' lang='lat' dir='ltr'><strong>causam</strong></span> 
     </span>
    </p>
   </div>
   <div class='ocr_carea' id='block_1_85' title="bbox 202 4757 1799 4831">
    <p class='ocr_par' dir='ltr' id='par_1_85' title="bbox 202 4757 1799 4831">
     <span class='ocr_line' id='line_1_85' title="bbox 202 4757 1799 4831; baseline -0.006 -12"><span class='ocrx_word' id='word_1_619' title='bbox 202 4765 506 4820; x_wconf 87' lang='lat' dir='ltr'><strong>emendare</strong></span> <span class='ocrx_word' id='word_1_620' title='bbox 553 4765 770 4829; x_wconf 87' lang='lat' dir='ltr'><strong>debeat,</strong></span> <span class='ocrx_word' id='word_1_621' title='bbox 814 4773 867 4818; x_wconf 92' lang='lat' dir='ltr'><strong>et</strong></span> <span class='ocrx_word' id='word_1_622' title='bbox 904 4778 1026 4817; x_wconf 90' lang='lat' dir='ltr'><strong>eam</strong></span> <span class='ocrx_word' id='word_1_623' title='bbox 1068 4761 1349 4831; x_wconf 89' lang='lat' dir='ltr'><strong>corrigere</strong></span> <span class='ocrx_word' id='word_1_624' title='bbox 1390 4757 1646 4821; x_wconf 90' lang='lat' dir='ltr'><strong>noluerit,</strong></span> <span class='ocrx_word' id='word_1_625' title='bbox 1689 4771 1799 4811; x_wconf 88' lang='lat' dir='ltr'><strong>non</strong></span> 
     </span>
    </p>
   </div>
   <div class='ocr_carea' id='block_1_86' title="bbox 202 4849 1800 4924">
    <p class='ocr_par' dir='ltr' id='par_1_86' title="bbox 202 4849 1800 4924">
     <span class='ocr_line' id='line_1_86' title="bbox 202 4849 1800 4924; baseline -0.006 -12"><span class='ocrx_word' id='word_1_626' title='bbox 202 4858 367 4922; x_wconf 91' lang='lat' dir='ltr'><strong>olim,</strong></span> <span class='ocrx_word' id='word_1_627' title='bbox 399 4857 493 4911; x_wconf 90' lang='lat' dir='ltr'><strong>sed</strong></span> <span class='ocrx_word' id='word_1_628' title='bbox 522 4867 650 4911; x_wconf 89' lang='lat' dir='ltr'><strong>tunc</strong></span> <span class='ocrx_word' id='word_1_629' title='bbox 675 4856 744 4910; x_wconf 91' lang='lat' dir='ltr'><strong>ad</strong></span> <span class='ocrx_word' id='word_1_630' title='bbox 779 4870 1021 4910; x_wconf 91' lang='lat' dir='ltr'><strong>summos</strong></span> <span class='ocrx_word' id='word_1_631' title='bbox 1059 4853 1325 4924; x_wconf 89' lang='lat' dir='ltr'><strong>primates</strong></span> <span class='ocrx_word' id='word_1_632' title='bbox 1354 4865 1518 4906; x_wconf 90' lang='lat' dir='ltr'><strong>causa</strong></span> <span class='ocrx_word' id='word_1_633' title='bbox 1553 4849 1672 4920; x_wconf 86' lang='lat' dir='ltr'><strong>ejus</strong></span> <span class='ocrx_word' id='word_1_634' title='bbox 1708 4863 1800 4903; x_wconf 87' lang='lat' dir='ltr'><strong>ca-</strong></span> 
     </span>
    </p>
   </div>
   <div class='ocr_carea' id='block_1_87' title="bbox 201 4939 1798 5016">
    <p class='ocr_par' dir='ltr' id='par_1_87' title="bbox 201 4939 1798 5016">
     <span class='ocr_line' id='line_1_87' title="bbox 201 4939 1798 5016; baseline -0.008 -12"><span class='ocrx_word' id='word_1_635' title='bbox 201 4948 409 5004; x_wconf 87' lang='lat' dir='ltr'><strong>nonice</strong></span> <span class='ocrx_word' id='word_1_636' title='bbox 454 4947 754 5012; x_wconf 87' lang='lat' dir='ltr'><strong>deferatur,</strong></span> <span class='ocrx_word' id='word_1_637' title='bbox 787 4947 879 5016; x_wconf 90' lang='lat' dir='ltr'><strong>qui</strong></span> <span class='ocrx_word' id='word_1_638' title='bbox 921 4946 973 5000; x_wconf 93' lang='lat' dir='ltr'><strong>in</strong></span> <span class='ocrx_word' id='word_1_639' title='bbox 1017 4959 1258 5014; x_wconf 88' lang='lat' dir='ltr'><strong>congruo</strong></span> <span class='ocrx_word' id='word_1_640' title='bbox 1297 4941 1415 4996; x_wconf 92' lang='lat' dir='ltr'><strong>loco</strong></span> <span class='ocrx_word' id='word_1_641' title='bbox 1451 4940 1592 4995; x_wconf 87' lang='lat' dir='ltr'><strong>infra</strong></span> <span class='ocrx_word' id='word_1_642' title='bbox 1625 4939 1798 5008; x_wconf 91' lang='lat' dir='ltr'><strong>ipsam</strong></span> 
     </span>
    </p>
   </div>
   <div class='ocr_carea' id='block_1_88' title="bbox 202 5031 1798 5112">
    <p class='ocr_par' dir='ltr' id='par_1_88' title="bbox 202 5031 1798 5112">
     <span class='ocr_line' id='line_1_88' title="bbox 202 5031 1798 5112; baseline -0.006 -16"><span class='ocrx_word' id='word_1_643' title='bbox 202 5040 549 5112; x_wconf 89' lang='lat' dir='ltr'><strong>provinciam</strong></span> <span class='ocrx_word' id='word_1_644' title='bbox 607 5051 849 5110; x_wconf 89' lang='lat' dir='ltr'><strong>tempore</strong></span> <span class='ocrx_word' id='word_1_645' title='bbox 879 5054 1153 5110; x_wconf 86' lang='lat' dir='ltr'><strong>congruo,</strong></span> <span class='ocrx_word' id='word_1_646' title='bbox 1185 5036 1239 5092; x_wconf 89' lang='lat' dir='ltr'><strong>id</strong></span> <span class='ocrx_word' id='word_1_647' title='bbox 1273 5046 1355 5092; x_wconf 86' lang='lat' dir='ltr'><strong>est</strong></span> <span class='ocrx_word' id='word_1_648' title='bbox 1385 5033 1683 5090; x_wconf 89' lang='lat' dir='ltr'><strong>autumnali</strong></span> <span class='ocrx_word' id='word_1_649' title='bbox 1714 5031 1798 5086; x_wconf 89' lang='lat' dir='ltr'><strong>vel</strong></span> 
     </span>
    </p>
   </div>
   <div class='ocr_carea' id='block_1_89' title="bbox 205 5125 1797 5202">
    <p class='ocr_par' dir='ltr' id='par_1_89' title="bbox 205 5125 1797 5202">
     <span class='ocr_line' id='line_1_89' title="bbox 205 5125 1797 5202; baseline -0.007 -14"><span class='ocrx_word' id='word_1_650' title='bbox 205 5133 404 5188; x_wconf 76' lang='lat' dir='ltr'><strong>aestivo</strong></span> <span class='ocrx_word' id='word_1_651' title='bbox 443 5131 731 5189; x_wconf 91' lang='lat' dir='ltr'><strong>concilium</strong></span> <span class='ocrx_word' id='word_1_652' title='bbox 777 5130 1105 5202; x_wconf 89' lang='lat' dir='ltr'><strong>regulariter</strong></span> <span class='ocrx_word' id='word_1_653' title='bbox 1155 5141 1459 5183; x_wconf 85' lang='lat' dir='ltr'><strong>convocare</strong></span> <span class='ocrx_word' id='word_1_654' title='bbox 1504 5125 1797 5190; x_wconf 91' lang='lat' dir='ltr'><strong>debebunt,</strong></span> 
     </span>
    </p>
   </div>
   <div class='ocr_carea' id='block_1_90' title="bbox 210 5217 1800 5294">
    <p class='ocr_par' dir='ltr' id='par_1_90' title="bbox 210 5217 1800 5294">
     <span class='ocr_line' id='line_1_90' title="bbox 210 5217 1800 5294; baseline -0.004 -15"><span class='ocrx_word' id='word_1_655' title='bbox 210 5227 289 5280; x_wconf 92' lang='lat' dir='ltr'><strong>ita</strong></span> <span class='ocrx_word' id='word_1_656' title='bbox 335 5234 397 5280; x_wconf 90' lang='lat' dir='ltr'><strong>ut</strong></span> <span class='ocrx_word' id='word_1_657' title='bbox 444 5225 513 5280; x_wconf 91' lang='lat' dir='ltr'><strong>ab</strong></span> <span class='ocrx_word' id='word_1_658' title='bbox 555 5225 806 5280; x_wconf 92' lang='lat' dir='ltr'><strong>omnibus</strong></span> <span class='ocrx_word' id='word_1_659' title='bbox 871 5223 1114 5294; x_wconf 87' lang='lat' dir='ltr'><strong>ejusdem</strong></span> <span class='ocrx_word' id='word_1_660' title='bbox 1178 5219 1471 5290; x_wconf 87' lang='lat' dir='ltr'><strong>provinciae</strong></span> <span class='ocrx_word' id='word_1_661' title='bbox 1516 5217 1800 5288; x_wconf 73' lang='lat' dir='ltr'><strong>,episcopis</strong></span> 
     </span>
    </p>
   </div>
   <div class='ocr_carea' id='block_1_91' title="bbox 211 5309 1799 5386">
    <p class='ocr_par' dir='ltr' id='par_1_91' title="bbox 211 5309 1799 5386">
     <span class='ocr_line' id='line_1_91' title="bbox 211 5309 1799 5386; baseline -0.006 -12"><span class='ocrx_word' id='word_1_662' title='bbox 211 5318 350 5374; x_wconf 90' lang='lat' dir='ltr'><strong>inibi</strong></span> <span class='ocrx_word' id='word_1_663' title='bbox 379 5318 652 5372; x_wconf 89' lang='lat' dir='ltr'><strong>audiatur.</strong></span> <span class='ocrx_word' id='word_1_664' title='bbox 683 5318 800 5385; x_wconf 86' lang='lat' dir='ltr'><strong>Quo</strong></span> <span class='ocrx_word' id='word_1_665' title='bbox 825 5324 881 5372; x_wconf 92' lang='lat' dir='ltr'><strong>et</strong></span> <span class='ocrx_word' id='word_1_666' title='bbox 907 5316 1020 5386; x_wconf 91' lang='lat' dir='ltr'><strong>ipse</strong></span> <span class='ocrx_word' id='word_1_667' title='bbox 1049 5313 1372 5385; x_wconf 88' lang='lat' dir='ltr'><strong>regulariter</strong></span> <span class='ocrx_word' id='word_1_668' title='bbox 1397 5318 1724 5367; x_wconf 89' lang='lat' dir='ltr'><strong>convocatus</strong></span> <span class='ocrx_word' id='word_1_669' title='bbox 1753 5309 1799 5365; x_wconf 91' lang='lat' dir='ltr'><strong>si</strong></span> 
     </span>
    </p>
   </div>
   <div class='ocr_carea' id='block_1_92' title="bbox 210 5407 1799 5481">
    <p class='ocr_par' dir='ltr' id='par_1_92' title="bbox 210 5407 1799 5481">
     <span class='ocr_line' id='line_1_92' title="bbox 210 5407 1799 5481; baseline -0.004 -14"><span class='ocrx_word' id='word_1_670' title='bbox 210 5429 336 5468; x_wconf 91' lang='lat' dir='ltr'><strong>eum</strong></span> <span class='ocrx_word' id='word_1_671' title='bbox 369 5422 463 5467; x_wconf 91' lang='lat' dir='ltr'><strong>aut</strong></span> <span class='ocrx_word' id='word_1_672' title='bbox 510 5412 798 5466; x_wconf 89' lang='lat' dir='ltr'><strong>infirmitas</strong></span> <span class='ocrx_word' id='word_1_673' title='bbox 821 5452 835 5476; x_wconf 93' lang='lat'><strong>,</strong></span> <span class='ocrx_word' id='word_1_674' title='bbox 874 5420 968 5465; x_wconf 90' lang='lat' dir='ltr'><strong>aut</strong></span> <span class='ocrx_word' id='word_1_675' title='bbox 1000 5408 1103 5464; x_wconf 89' lang='lat' dir='ltr'><strong>alia</strong></span> <span class='ocrx_word' id='word_1_676' title='bbox 1135 5409 1315 5481; x_wconf 88' lang='lat' dir='ltr'><strong>gravis</strong></span> <span class='ocrx_word' id='word_1_677' title='bbox 1355 5407 1653 5462; x_wconf 91' lang='lat' dir='ltr'><strong>necessitas</strong></span> <span class='ocrx_word' id='word_1_678' title='bbox 1693 5420 1799 5460; x_wconf 90' lang='lat' dir='ltr'><strong>non</strong></span> 
     </span>
    </p>
   </div>
   <div class='ocr_carea' id='block_1_93' title="bbox 213 5496 1804 5572">
    <p class='ocr_par' dir='ltr' id='par_1_93' title="bbox 213 5496 1804 5572">
     <span class='ocr_line' id='line_1_93' title="bbox 213 5496 1804 5572; baseline -0.004 -15"><span class='ocrx_word' id='word_1_679' title='bbox 213 5505 510 5560; x_wconf 86' lang='lat' dir='ltr'><strong>detinuerit</strong></span> <span class='ocrx_word' id='word_1_680' title='bbox 543 5505 734 5560; x_wconf 87' lang='lat' dir='ltr'><strong>adesse</strong></span> <span class='ocrx_word' id='word_1_681' title='bbox 768 5503 1006 5567; x_wconf 86' lang='lat' dir='ltr'><strong>debebit,</strong></span> <span class='ocrx_word' id='word_1_682' title='bbox 1039 5501 1166 5572; x_wconf 89' lang='lat' dir='ltr'><strong>quia</strong></span> <span class='ocrx_word' id='word_1_683' title='bbox 1193 5500 1332 5554; x_wconf 88' lang='lat' dir='ltr'><strong>ultra</strong></span> <span class='ocrx_word' id='word_1_684' title='bbox 1371 5496 1662 5569; x_wconf 55' lang='lat' dir='ltr'><strong>provincia</strong></span> <span class='ocrx_word' id='word_1_685' title='bbox 1694 5505 1804 5552; x_wconf 90' lang='lat' dir='ltr'><strong>ter-</strong></span> 
     </span>
    </p>
   </div>
   <div class='ocr_carea' id='block_1_94' title="bbox 217 5596 1801 5661">
    <p class='ocr_par' dir='ltr' id='par_1_94' title="bbox 217 5596 1801 5661">
     <span class='ocr_line' id='line_1_94' title="bbox 217 5596 1801 5661; baseline -0.006 -10"><span class='ocrx_word' id='word_1_686' title='bbox 217 5598 396 5653; x_wconf 88' lang='lat' dir='ltr'><strong>minos</strong></span> <span class='ocrx_word' id='word_1_687' title='bbox 428 5597 721 5653; x_wconf 89' lang='lat' dir='ltr'><strong>accusandi</strong></span> <span class='ocrx_word' id='word_1_688' title='bbox 765 5605 890 5651; x_wconf 90' lang='lat' dir='ltr'><strong>ante</strong></span> <span class='ocrx_word' id='word_1_689' title='bbox 937 5596 1152 5651; x_wconf 84' lang='lat' dir='ltr'><strong>licentia</strong></span> <span class='ocrx_word' id='word_1_690' title='bbox 1197 5608 1302 5647; x_wconf 89' lang='lat' dir='ltr'><strong>non</strong></span> <span class='ocrx_word' id='word_1_691' title='bbox 1339 5601 1456 5656; x_wconf 83' lang='lat' dir='ltr'><strong>est,</strong></span> <span class='ocrx_word' id='word_1_692' title='bbox 1497 5605 1660 5661; x_wconf 90' lang='lat' dir='ltr'><strong>quam</strong></span> <span class='ocrx_word' id='word_1_693' title='bbox 1707 5605 1801 5643; x_wconf 88' lang='lat' dir='ltr'><strong>au-</strong></span> 
     </span>
    </p>
   </div>
   <div class='ocr_carea' id='block_1_95' title="bbox 216 5681 1797 5761">
    <p class='ocr_par' dir='ltr' id='par_1_95' title="bbox 216 5681 1797 5761">
     <span class='ocr_line' id='line_1_95' title="bbox 216 5681 1797 5761; baseline -0.007 -16"><span class='ocrx_word' id='word_1_694' title='bbox 216 5690 419 5746; x_wconf 91' lang='lat' dir='ltr'><strong>dientia</strong></span> <span class='ocrx_word' id='word_1_695' title='bbox 451 5700 692 5761; x_wconf 87' lang='lat' dir='ltr'><strong>rogetur.</strong></span> <span class='ocrx_word' id='word_1_696' title='bbox 723 5689 857 5744; x_wconf 86' lang='lat' dir='ltr'><strong>Nam</strong></span> <span class='ocrx_word' id='word_1_697' title='bbox 881 5690 924 5744; x_wconf 91' lang='lat' dir='ltr'><strong>si</strong></span> <span class='ocrx_word' id='word_1_698' title='bbox 959 5687 1073 5744; x_wconf 91' lang='lat' dir='ltr'><strong>suis</strong></span> <span class='ocrx_word' id='word_1_699' title='bbox 1109 5685 1271 5740; x_wconf 91' lang='lat' dir='ltr'><strong>fuerit</strong></span> <span class='ocrx_word' id='word_1_700' title='bbox 1300 5691 1392 5739; x_wconf 88' lang='lat' dir='ltr'><strong>aut</strong></span> <span class='ocrx_word' id='word_1_701' title='bbox 1418 5683 1675 5738; x_wconf 76' lang='lat' dir='ltr'><strong>Ecclesia:</strong></span> <span class='ocrx_word' id='word_1_702' title='bbox 1696 5681 1797 5736; x_wconf 89' lang='lat' dir='ltr'><strong>sibi</strong></span> 
     </span>
    </p>
   </div>
   <div class='ocr_carea' id='block_1_96' title="bbox 214 5775 1798 5854">
    <p class='ocr_par' dir='ltr' id='par_1_96' title="bbox 214 5775 1798 5854">
     <span class='ocr_line' id='line_1_96' title="bbox 214 5775 1798 5854; baseline -0.007 -16"><span class='ocrx_word' id='word_1_703' title='bbox 214 5783 519 5838; x_wconf 68' lang='lat' dir='ltr'><strong>commissa:</strong></span> <span class='ocrx_word' id='word_1_704' title='bbox 549 5783 713 5838; x_wconf 89' lang='lat' dir='ltr'><strong>rebus</strong></span> <span class='ocrx_word' id='word_1_705' title='bbox 741 5781 1104 5854; x_wconf 86' lang='lat' dir='ltr'><strong>exspoliatus,</strong></span> <span class='ocrx_word' id='word_1_706' title='bbox 1141 5789 1237 5835; x_wconf 91' lang='lat' dir='ltr'><strong>aut</strong></span> <span class='ocrx_word' id='word_1_707' title='bbox 1264 5779 1434 5851; x_wconf 88' lang='lat' dir='ltr'><strong>(quod</strong></span> <span class='ocrx_word' id='word_1_708' title='bbox 1461 5775 1624 5847; x_wconf 89' lang='lat' dir='ltr'><strong>absit)</strong></span> <span class='ocrx_word' id='word_1_709' title='bbox 1655 5775 1798 5844; x_wconf 90' lang='lat' dir='ltr'><strong>quod</strong></span> 
     </span>
    </p>
   </div>
   <div class='ocr_carea' id='block_1_97' title="bbox 215 5869 1850 5955">
    <p class='ocr_par' dir='ltr' id='par_1_97' title="bbox 215 5869 1850 5955">
     <span class='ocr_line' id='line_1_97' title="bbox 215 5869 1850 5955; baseline -0.006 -26"><span class='ocrx_word' id='word_1_710' title='bbox 215 5876 449 5932; x_wconf 88' lang='lat' dir='ltr'><strong>alienum</strong></span> <span class='ocrx_word' id='word_1_711' title='bbox 479 5875 549 5930; x_wconf 88' lang='lat' dir='ltr'><strong>ab</strong></span> <span class='ocrx_word' id='word_1_712' title='bbox 575 5874 826 5932; x_wconf 90' lang='lat' dir='ltr'><strong>omnibus</strong></span> <span class='ocrx_word' id='word_1_713' title='bbox 853 5889 973 5929; x_wconf 89' lang='lat' dir='ltr'><strong>esse</strong></span> <span class='ocrx_word' id='word_1_714' title='bbox 1003 5873 1164 5928; x_wconf 91' lang='lat' dir='ltr'><strong>debet</strong></span> <span class='ocrx_word' id='word_1_715' title='bbox 1192 5871 1442 5955; x_wconf 79' lang='lat' dir='ltr'><strong>fidelibus</strong></span> <span class='ocrx_word' id='word_1_716' title='bbox 1468 5885 1497 5925; x_wconf 91' lang='lat' dir='ltr'><strong>a</strong></span> <span class='ocrx_word' id='word_1_717' title='bbox 1529 5869 1654 5926; x_wconf 83' lang='lat' dir='ltr'><strong>sede</strong></span> <span class='ocrx_word' id='word_1_718' title='bbox 1682 5881 1850 5954; x_wconf 28' lang='lat' dir='ltr'><strong>pro-ﬂ</strong></span> 
     </span>
    </p>
   </div>
   <div class='ocr_carea' id='block_1_98' title="bbox 589 5950 1260 6037">
    <p class='ocr_par' dir='ltr' id='par_1_98' title="bbox 589 5950 1260 6037">
     <span class='ocr_line' id='line_1_98' title="bbox 589 5950 1260 6037; baseline -0.003 -11"><span class='ocrx_word' id='word_1_719' title='bbox 589 6031 598 6037; x_wconf 90' lang='lat'><strong>_</strong></span> <span class='ocrx_word' id='word_1_720' title='bbox 639 5953 910 6027; x_wconf 62' lang='lat' dir='ltr'><strong>anno...</strong></span> <span class='ocrx_word' id='word_1_721' title='bbox 943 5950 1260 6027; x_wconf 90' lang='lat' dir='ltr'><strong>CXXX.</strong></span> 
     </span>
    </p>
   </div>
   <div class='ocr_carea' id='block_1_99' title="bbox 1904 4654 3494 4729">
    <p class='ocr_par' dir='ltr' id='par_1_99' title="bbox 1904 4654 3494 4729">
     <span class='ocr_line' id='line_1_99' title="bbox 1904 4654 3494 4729; baseline 0.003 -19"><span class='ocrx_word' id='word_1_722' title='bbox 1904 4657 1958 4711; x_wconf 89' lang='lat' dir='ltr'><strong>in</strong></span> <span class='ocrx_word' id='word_1_723' title='bbox 1996 4655 2203 4726; x_wconf 89' lang='lat' dir='ltr'><strong>judicio</strong></span> <span class='ocrx_word' id='word_1_724' title='bbox 2245 4654 2400 4726; x_wconf 91' lang='lat' dir='ltr'><strong>cujus</strong></span> <span class='ocrx_word' id='word_1_725' title='bbox 2443 4657 2554 4712; x_wconf 86' lang='lat' dir='ltr'><strong>sint</strong></span> <span class='ocrx_word' id='word_1_726' title='bbox 2597 4659 3033 4716; x_wconf 87' lang='lat' dir='ltr'><strong>conversationis</strong></span> <span class='ocrx_word' id='word_1_727' title='bbox 3079 4669 3134 4714; x_wconf 88' lang='lat' dir='ltr'><strong>et</strong></span> <span class='ocrx_word' id='word_1_728' title='bbox 3172 4660 3296 4715; x_wconf 91' lang='lat' dir='ltr'><strong>fidei</strong></span> <span class='ocrx_word' id='word_1_729' title='bbox 3329 4669 3494 4729; x_wconf 86' lang='lat' dir='ltr'><strong>atque</strong></span> 
     </span>
    </p>
   </div>
   <div class='ocr_carea' id='block_1_100' title="bbox 1904 4752 3494 4823">
    <p class='ocr_par' dir='ltr' id='par_1_100' title="bbox 1904 4752 3494 4823">
     <span class='ocr_line' id='line_1_100' title="bbox 1904 4752 3494 4823; baseline -0.001 -15"><span class='ocrx_word' id='word_1_730' title='bbox 1904 4752 2224 4822; x_wconf 88' lang='lat' dir='ltr'><strong>suspicionis</strong></span> <span class='ocrx_word' id='word_1_731' title='bbox 2254 4761 2620 4818; x_wconf 88' lang='lat' dir='ltr'><strong>accusatores,</strong></span> <span class='ocrx_word' id='word_1_732' title='bbox 2661 4761 2753 4807; x_wconf 91' lang='lat' dir='ltr'><strong>aut</strong></span> <span class='ocrx_word' id='word_1_733' title='bbox 2794 4767 2902 4823; x_wconf 92' lang='lat' dir='ltr'><strong>qua</strong></span> <span class='ocrx_word' id='word_1_734' title='bbox 2941 4753 3241 4807; x_wconf 85' lang='lat' dir='ltr'><strong>intentione</strong></span> <span class='ocrx_word' id='word_1_735' title='bbox 3271 4754 3374 4807; x_wconf 90' lang='lat' dir='ltr'><strong>hoc</strong></span> <span class='ocrx_word' id='word_1_736' title='bbox 3413 4752 3494 4806; x_wconf 87' lang='lat' dir='ltr'><strong>fa-</strong></span> 
     </span>
    </p>
   </div>
   <div class='ocr_carea' id='block_1_101' title="bbox 1903 4845 3494 4918">
    <p class='ocr_par' dir='ltr' id='par_1_101' title="bbox 1903 4845 3494 4918">
     <span class='ocr_line' id='line_1_101' title="bbox 1903 4845 3494 4918; baseline -0.003 -14"><span class='ocrx_word' id='word_1_737' title='bbox 1903 4849 2084 4914; x_wconf 88' lang='lat' dir='ltr'><strong>ciant;</strong></span> <span class='ocrx_word' id='word_1_738' title='bbox 2125 4847 2251 4918; x_wconf 90' lang='lat' dir='ltr'><strong>quia</strong></span> <span class='ocrx_word' id='word_1_739' title='bbox 2291 4848 2360 4902; x_wconf 88' lang='lat' dir='ltr'><strong>ad</strong></span> <span class='ocrx_word' id='word_1_740' title='bbox 2400 4849 2505 4905; x_wconf 86' lang='lat' dir='ltr'><strong>hoc</strong></span> <span class='ocrx_word' id='word_1_741' title='bbox 2539 4847 2754 4902; x_wconf 91' lang='lat' dir='ltr'><strong>admitti</strong></span> <span class='ocrx_word' id='word_1_742' title='bbox 2794 4861 2900 4901; x_wconf 93' lang='lat' dir='ltr'><strong>non</strong></span> <span class='ocrx_word' id='word_1_743' title='bbox 2929 4845 3158 4912; x_wconf 88' lang='lat' dir='ltr'><strong>debent,</strong></span> <span class='ocrx_word' id='word_1_744' title='bbox 3200 4845 3300 4900; x_wconf 90' lang='lat' dir='ltr'><strong>nisi</strong></span> <span class='ocrx_word' id='word_1_745' title='bbox 3339 4846 3494 4900; x_wconf 62' lang='lat' dir='ltr'><strong>bona;</strong></span> 
     </span>
    </p>
   </div>
   <div class='ocr_carea' id='block_1_102' title="bbox 1903 4922 3492 5008">
    <p class='ocr_par' dir='ltr' id='par_1_102' title="bbox 1903 4922 3492 5008">
     <span class='ocr_line' id='line_1_102' title="bbox 1903 4922 3492 5008; baseline -0.001 -13"><span class='ocrx_word' id='word_1_746' title='bbox 1903 4939 2328 4995; x_wconf 90' lang='lat' dir='ltr'><strong>conversationis</strong></span> <span class='ocrx_word' id='word_1_747' title='bbox 2368 4947 2424 4994; x_wconf 91' lang='lat' dir='ltr'><strong>et</strong></span> <span class='ocrx_word' id='word_1_748' title='bbox 2467 4947 2629 4994; x_wconf 65' lang='lat' dir='ltr'><strong>rectae</strong></span> <span class='ocrx_word' id='word_1_749' title='bbox 2678 4937 2811 4993; x_wconf 85' lang='lat' dir='ltr'><strong>fidei</strong></span> <span class='ocrx_word' id='word_1_750' title='bbox 2835 4922 2974 5002; x_wconf 77' lang='lat' dir='ltr'><strong>viri,</strong></span> <span class='ocrx_word' id='word_1_751' title='bbox 3005 4936 3059 4990; x_wconf 92' lang='lat' dir='ltr'><strong>hi</strong></span> <span class='ocrx_word' id='word_1_752' title='bbox 3096 4935 3344 4992; x_wconf 91' lang='lat' dir='ltr'><strong>videlicet</strong></span> <span class='ocrx_word' id='word_1_753' title='bbox 3398 4937 3492 5008; x_wconf 87' lang='lat' dir='ltr'><strong>qui</strong></span> 
     </span>
    </p>
   </div>
   <div class='ocr_carea' id='block_1_103' title="bbox 1903 5026 3489 5101">
    <p class='ocr_par' dir='ltr' id='par_1_103' title="bbox 1903 5026 3489 5101">
     <span class='ocr_line' id='line_1_103' title="bbox 1903 5026 3489 5101; baseline -0.001 -15"><span class='ocrx_word' id='word_1_754' title='bbox 1903 5031 2051 5086; x_wconf 90' lang='lat' dir='ltr'><strong>omni</strong></span> <span class='ocrx_word' id='word_1_755' title='bbox 2099 5030 2406 5101; x_wconf 90' lang='lat' dir='ltr'><strong>suspicione</strong></span> <span class='ocrx_word' id='word_1_756' title='bbox 2453 5039 2717 5093; x_wconf 88' lang='lat' dir='ltr'><strong>careant,</strong></span> <span class='ocrx_word' id='word_1_757' title='bbox 2755 5035 2812 5082; x_wconf 90' lang='lat' dir='ltr'><strong>et</strong></span> <span class='ocrx_word' id='word_1_758' title='bbox 2863 5029 3006 5083; x_wconf 89' lang='lat' dir='ltr'><strong>bona</strong></span> <span class='ocrx_word' id='word_1_759' title='bbox 3049 5027 3160 5082; x_wconf 91' lang='lat' dir='ltr'><strong>vita</strong></span> <span class='ocrx_word' id='word_1_760' title='bbox 3211 5026 3489 5095; x_wconf 90' lang='lat' dir='ltr'><strong>clareant,</strong></span> 
     </span>
    </p>
   </div>
   <div class='ocr_carea' id='block_1_104' title="bbox 1903 5119 3490 5194">
    <p class='ocr_par' dir='ltr' id='par_1_104' title="bbox 1903 5119 3490 5194">
     <span class='ocr_line' id='line_1_104' title="bbox 1903 5119 3490 5194; baseline -0.001 -16"><span class='ocrx_word' id='word_1_761' title='bbox 1903 5137 2078 5194; x_wconf 89' lang='lat' dir='ltr'><strong>neque</strong></span> <span class='ocrx_word' id='word_1_762' title='bbox 2125 5123 2356 5178; x_wconf 87' lang='lat' dir='ltr'><strong>infames</strong></span> <span class='ocrx_word' id='word_1_763' title='bbox 2385 5123 2640 5178; x_wconf 80' lang='lat' dir='ltr'><strong>existant.</strong></span> <span class='ocrx_word' id='word_1_764' title='bbox 2675 5119 2831 5188; x_wconf 89' lang='lat' dir='ltr'><strong>Quod</strong></span> <span class='ocrx_word' id='word_1_765' title='bbox 2875 5119 2921 5174; x_wconf 90' lang='lat' dir='ltr'><strong>si</strong></span> <span class='ocrx_word' id='word_1_766' title='bbox 2951 5128 3332 5175; x_wconf 89' lang='lat' dir='ltr'><strong>accusatorum</strong></span> <span class='ocrx_word' id='word_1_767' title='bbox 3363 5137 3490 5191; x_wconf 87' lang='lat' dir='ltr'><strong>per-</strong></span> 
     </span>
    </p>
   </div>
   <div class='ocr_carea' id='block_1_105' title="bbox 1904 5209 3488 5285">
    <p class='ocr_par' dir='ltr' id='par_1_105' title="bbox 1904 5209 3488 5285">
     <span class='ocr_line' id='line_1_105' title="bbox 1904 5209 3488 5285; baseline -0.003 -15"><span class='ocrx_word' id='word_1_768' title='bbox 1904 5230 2050 5271; x_wconf 68' lang='lat' dir='ltr'><strong>sona:</strong></span> <span class='ocrx_word' id='word_1_769' title='bbox 2077 5215 2130 5269; x_wconf 90' lang='lat' dir='ltr'><strong>in</strong></span> <span class='ocrx_word' id='word_1_770' title='bbox 2161 5213 2370 5282; x_wconf 89' lang='lat' dir='ltr'><strong>judicio</strong></span> <span class='ocrx_word' id='word_1_771' title='bbox 2391 5215 2773 5285; x_wconf 87' lang='lat' dir='ltr'><strong>episcoporum</strong></span> <span class='ocrx_word' id='word_1_772' title='bbox 2799 5209 3096 5281; x_wconf 87' lang='lat' dir='ltr'><strong>culpabiles</strong></span> <span class='ocrx_word' id='word_1_773' title='bbox 3117 5213 3488 5283; x_wconf 88' lang='lat' dir='ltr'><strong>apparuerint,</strong></span> 
     </span>
    </p>
   </div>
   <div class='ocr_carea' id='block_1_106' title="bbox 1903 5302 3493 5378">
    <p class='ocr_par' dir='ltr' id='par_1_106' title="bbox 1903 5302 3493 5378">
     <span class='ocr_line' id='line_1_106' title="bbox 1903 5302 3493 5378; baseline -0.001 -20"><span class='ocrx_word' id='word_1_774' title='bbox 1903 5306 1971 5360; x_wconf 87' lang='lat' dir='ltr'><strong>ad</strong></span> <span class='ocrx_word' id='word_1_775' title='bbox 2011 5306 2347 5376; x_wconf 89' lang='lat' dir='ltr'><strong>arguendum</strong></span> <span class='ocrx_word' id='word_1_776' title='bbox 2387 5319 2494 5359; x_wconf 90' lang='lat' dir='ltr'><strong>non</strong></span> <span class='ocrx_word' id='word_1_777' title='bbox 2546 5302 2929 5368; x_wconf 89' lang='lat' dir='ltr'><strong>admittantur,</strong></span> <span class='ocrx_word' id='word_1_778' title='bbox 2960 5302 3061 5357; x_wconf 91' lang='lat' dir='ltr'><strong>nisi</strong></span> <span class='ocrx_word' id='word_1_779' title='bbox 3095 5304 3343 5378; x_wconf 88' lang='lat' dir='ltr'><strong>proprias</strong></span> <span class='ocrx_word' id='word_1_780' title='bbox 3365 5318 3493 5358; x_wconf 86' lang='lat' dir='ltr'><strong>cau-</strong></span> 
     </span>
    </p>
   </div>
   <div class='ocr_carea' id='block_1_107' title="bbox 1904 5394 3490 5464">
    <p class='ocr_par' dir='ltr' id='par_1_107' title="bbox 1904 5394 3490 5464">
     <span class='ocr_line' id='line_1_107' title="bbox 1904 5394 3490 5464; baseline -0.003 -9"><span class='ocrx_word' id='word_1_781' title='bbox 1904 5413 1994 5455; x_wconf 83' lang='lat' dir='ltr'><strong>sas</strong></span> <span class='ocrx_word' id='word_1_782' title='bbox 2010 5413 2277 5464; x_wconf 88' lang='lat' dir='ltr'><strong>asserere,</strong></span> <span class='ocrx_word' id='word_1_783' title='bbox 2301 5413 2408 5454; x_wconf 90' lang='lat' dir='ltr'><strong>non</strong></span> <span class='ocrx_word' id='word_1_784' title='bbox 2433 5407 2611 5452; x_wconf 91' lang='lat' dir='ltr'><strong>tamen</strong></span> <span class='ocrx_word' id='word_1_785' title='bbox 2642 5394 2957 5452; x_wconf 83' lang='lat' dir='ltr'><strong>criminales</strong></span> <span class='ocrx_word' id='word_1_786' title='bbox 2981 5395 3067 5451; x_wconf 90' lang='lat' dir='ltr'><strong>vel</strong></span> <span class='ocrx_word' id='word_1_787' title='bbox 3093 5396 3490 5452; x_wconf 89' lang='lat' dir='ltr'><strong>ecclesiasticas</strong></span> 
     </span>
    </p>
   </div>
   <div class='ocr_carea' id='block_1_108' title="bbox 1901 5487 3488 5558">
    <p class='ocr_par' dir='ltr' id='par_1_108' title="bbox 1901 5487 3488 5558">
     <span class='ocr_line' id='line_1_108' title="bbox 1901 5487 3488 5558; baseline -0.004 -14"><span class='ocrx_word' id='word_1_788' title='bbox 1901 5490 2190 5546; x_wconf 78' lang='lat' dir='ltr'><strong>voluerint.</strong></span> <span class='ocrx_word' id='word_1_789' title='bbox 2222 5488 2447 5544; x_wconf 89' lang='lat' dir='ltr'><strong>lnfamis</strong></span> <span class='ocrx_word' id='word_1_790' title='bbox 2471 5487 2615 5541; x_wconf 90' lang='lat' dir='ltr'><strong>enim</strong></span> <span class='ocrx_word' id='word_1_791' title='bbox 2641 5501 2874 5558; x_wconf 88' lang='lat' dir='ltr'><strong>persona</strong></span> <span class='ocrx_word' id='word_1_792' title='bbox 2907 5502 3009 5544; x_wconf 88' lang='lat' dir='ltr'><strong>nec</strong></span> <span class='ocrx_word' id='word_1_793' title='bbox 3034 5495 3356 5558; x_wconf 86' lang='lat' dir='ltr'><strong>procurator</strong></span> <span class='ocrx_word' id='word_1_794' title='bbox 3390 5500 3488 5554; x_wconf 90' lang='lat' dir='ltr'><strong>po-</strong></span> 
     </span>
    </p>
   </div>
   <div class='ocr_carea' id='block_1_109' title="bbox 1904 5576 3471 5652">
    <p class='ocr_par' dir='ltr' id='par_1_109' title="bbox 1904 5576 3471 5652">
     <span class='ocr_line' id='line_1_109' title="bbox 1904 5576 3471 5652; baseline -0.005 -14"><span class='ocrx_word' id='word_1_795' title='bbox 1904 5592 2009 5638; x_wconf 85' lang='lat' dir='ltr'><strong>test</strong></span> <span class='ocrx_word' id='word_1_796' title='bbox 2038 5597 2281 5638; x_wconf 90' lang='lat' dir='ltr'><strong>essenec</strong></span> <span class='ocrx_word' id='word_1_797' title='bbox 2304 5581 2569 5652; x_wconf 88' lang='lat' dir='ltr'><strong>cognitor.</strong></span> <span class='ocrx_word' id='word_1_798' title='bbox 2603 5578 2840 5636; x_wconf 86' lang='lat' dir='ltr'><strong>Absente</strong></span> <span class='ocrx_word' id='word_1_799' title='bbox 2868 5593 2998 5635; x_wconf 90' lang='lat' dir='ltr'><strong>vero</strong></span> <span class='ocrx_word' id='word_1_800' title='bbox 3021 5576 3336 5634; x_wconf 87' lang='lat' dir='ltr'><strong>adversario</strong></span> <span class='ocrx_word' id='word_1_801' title='bbox 3363 5592 3471 5631; x_wconf 90' lang='lat' dir='ltr'><strong>non</strong></span> 
     </span>
    </p>
   </div>
   <div class='ocr_carea' id='block_1_110' title="bbox 1903 5652 3485 5739">
    <p class='ocr_par' dir='ltr' id='par_1_110' title="bbox 1903 5652 3485 5739">
     <span class='ocr_line' id='line_1_110' title="bbox 1903 5652 3485 5739; baseline -0.006 -9"><span class='ocrx_word' id='word_1_802' title='bbox 1903 5674 2154 5730; x_wconf 90' lang='lat' dir='ltr'><strong>audiatur</strong></span> <span class='ocrx_word' id='word_1_803' title='bbox 2173 5681 2475 5739; x_wconf 88' lang='lat' dir='ltr'><strong>accusator;</strong></span> <span class='ocrx_word' id='word_1_804' title='bbox 2502 5686 2602 5727; x_wconf 93' lang='lat' dir='ltr'><strong>nec</strong></span> <span class='ocrx_word' id='word_1_805' title='bbox 2623 5671 2916 5736; x_wconf 88' lang='lat' dir='ltr'><strong>sententia,</strong></span> <span class='ocrx_word' id='word_1_806' title='bbox 2937 5671 3159 5726; x_wconf 90' lang='lat' dir='ltr'><strong>absente</strong></span> <span class='ocrx_word' id='word_1_807' title='bbox 3180 5652 3334 5737; x_wconf 70' lang='lat' dir='ltr'><strong>parte</strong></span> <span class='ocrx_word' id='word_1_808' title='bbox 3355 5665 3485 5732; x_wconf 89' lang='lat' dir='ltr'><strong>alia,</strong></span> 
     </span>
    </p>
   </div>
   <div class='ocr_carea' id='block_1_111' title="bbox 1904 5759 3488 5837">
    <p class='ocr_par' dir='ltr' id='par_1_111' title="bbox 1904 5759 3488 5837">
     <span class='ocr_line' id='line_1_111' title="bbox 1904 5759 3488 5837; baseline -0.006 -17"><span class='ocrx_word' id='word_1_809' title='bbox 1904 5783 1933 5820; x_wconf 89' lang='lat' dir='ltr'><strong>a</strong></span> <span class='ocrx_word' id='word_1_810' title='bbox 1971 5766 2153 5837; x_wconf 87' lang='lat' dir='ltr'><strong>judice</strong></span> <span class='ocrx_word' id='word_1_811' title='bbox 2200 5765 2342 5820; x_wconf 89' lang='lat' dir='ltr'><strong>dicta</strong></span> <span class='ocrx_word' id='word_1_812' title='bbox 2397 5764 2562 5818; x_wconf 92' lang='lat' dir='ltr'><strong>ullam</strong></span> <span class='ocrx_word' id='word_1_813' title='bbox 2611 5763 2880 5819; x_wconf 90' lang='lat' dir='ltr'><strong>obtinebit</strong></span> <span class='ocrx_word' id='word_1_814' title='bbox 2932 5759 3241 5815; x_wconf 86' lang='lat' dir='ltr'><strong>firmitatem</strong></span> <span class='ocrx_word' id='word_1_815' title='bbox 3269 5774 3283 5824; x_wconf 90' lang='lat'><strong>;</strong></span> <span class='ocrx_word' id='word_1_816' title='bbox 3311 5772 3488 5827; x_wconf 90' lang='lat' dir='ltr'><strong>neque</strong></span> 
     </span>
    </p>
   </div>
   <div class='ocr_carea' id='block_1_112' title="bbox 1903 5857 3489 5944">
    <p class='ocr_par' dir='ltr' id='par_1_112' title="bbox 1903 5857 3489 5944">
     <span class='ocr_line' id='line_1_112' title="bbox 1903 5857 3489 5944; baseline -0.008 -26"><span class='ocrx_word' id='word_1_817' title='bbox 1903 5862 2098 5918; x_wconf 85' lang='lat' dir='ltr'><strong>absens</strong></span> <span class='ocrx_word' id='word_1_818' title='bbox 2124 5875 2219 5933; x_wconf 87' lang='lat' dir='ltr'><strong>per</strong></span> <span class='ocrx_word' id='word_1_819' title='bbox 2251 5859 2414 5914; x_wconf 88' lang='lat' dir='ltr'><strong>alium</strong></span> <span class='ocrx_word' id='word_1_820' title='bbox 2446 5857 2693 5915; x_wconf 89' lang='lat' dir='ltr'><strong>accusari</strong></span> <span class='ocrx_word' id='word_1_821' title='bbox 2728 5860 3489 5944; x_wconf 44' lang='lat' dir='ltr'><strong>aut’accusarepotest,_ncc</strong></span> 
     </span>
    </p>
   </div>
  </div>
