3926 6452
492 443 596 500 195

1337 445 1625 505 ΑΡΡΕΝΙ).
1664 445 1756 501 ΑΙ)
1789 443 1964 502 ΞΕΟ.
2005 443 2102 501 IX.
2143 471 2216 485 —
2245 437 2498 502 lSlDORl
2535 439 2984 501 MERCATOBIS

3673 443 3776 502 I96

490 555 664 614 amitis
719 557 876 614 testis
919 556 1257 615 admittatur.
1320 559 1603 616 Neminem
1655 573 1786 631 ergo
1837 557 2084 614 exhiberi
2108 562 2163 624 Α
2187 556 2382 629 pheta,
2421 557 2516 628 qui
2544 566 2733 628 potum
2768 557 2863 613 dat
2899 555 3078 613 amico
3127 567 3228 612 suo
3265 554 3490 613 mittens
3509 555 3582 613 fel
3612 571 3775 616 suum

490 651 554 704 de
581 651 856 718 provincia
895 651 964 707 ad
1006 651 1339 724 provinciam
1364 653 1451 710 vel
1473 655 1539 709 ad
1571 651 1888 710 comitatum
1917 665 2081 722 opera

491 751 585 809 tet,
609 743 713 800 nisi
757 745 825 801 ad
863 745 1182 802 relationem
1219 744 1420 816 judicis
1463 747 1531 804 ad
1563 759 1725 818 quem
1773 743 1941 802 fuerit
1987 759 2082 817 ap-

487 833 763 902 pellatum,
801 833 855 892 id
884 841 988 904 est,
1015 843 1076 893 ut
1114 847 1269 894 actor
1306 851 1523 910 semper
1545 837 1626 894 rei
1655 836 1833 896 forum
1885 851 2082 910 sequa-

489 937 594 981 tur.
630 924 688 983 Si
714 925 838 1000 quis
881 935 1064 985 autem
1105 929 1347 1000 iudicem
1391 930 1683 988 adversum
1711 930 1815 987 sibi
1845 931 2080 986 senserit

489 1031 676 1076 vocem
707 1021 1080 1092 appellationis
1104 1027 1381 1096 exhibeat,
1423 1028 1680 1099 quoniam
1706 1027 1839 1084 nulli
1861 1033 2078 1098 Oportet

487 1129 618 1185 nega
627 1113 689 1168 ri.
711 1103 1003 1188 Peregrina
1026 1118 1369 1191 verojudicia
1387 1121 1626 1194 generali
1642 1121 1924 1179 sanctione
1944 1133 2072 1192 pro-

485 1206 752 1276 bibemus,
775 1211 902 1280 quia
933 1212 1212 1284 indignum
1231 1225 1315 1272 est
1337 1224 1398 1272 ut
1425 1217 1493 1274 ab
1513 1217 1756 1274 externis
1775 1215 2072 1286 judicotur,

482 1299 573 1367 qui
596 1302 1084 1372 comprovinciales
1113 1315 1168 1362 et
1189 1321 1220 1362 a
1241 1323 1300 1365 se
1319 1307 1526 1366 electos
1551 1309 1714 1367 debet
1740 1309 1944 1367 habere
1982 1306 2074 1380 ju-

481 1393 650 1452 dices.

552 1486 697 1556 haec,
715 1487 935 1557 fratres,
951 1491 1019 1546 ad
1040 1501 1274 1550 vestram
1294 1503 1352 1552 et
1366 1495 1609 1552 omnium
1629 1509 2070 1568 coepiscoporum

478 1591 638 1648 opem
665 1588 723 1636 et
747 1579 1120 1639 defensionem
1145 1584 1202 1638 in
1234 1585 1443 1657 synodo
1471 1582 1803 1644 unanimiter
1827 1594 1954 1642 sunt
1977 1585 2071 1642 de-

477 1685 626 1730 creta
642 1714 660 1742 ,
686 1683 747 1730 ut
773 1676 818 1731 si
850 1674 994 1733 forte
1022 1676 1191 1749 aliqui
1217 1678 1510 1736 stultorum
1533 1694 1630 1736 vos
1656 1693 1921 1737 accusare
1950 1679 2068 1752 (qui

477 1769 758 1826 diabolica:
785 1771 1118 1842 deceptionis
1133 1787 1323 1829 errore
1367 1773 1577 1845 decepti
1601 1771 1748 1844 sunt)
1771 1772 2063 1838 voluerint,

476 1863 601 1918 dum
641 1862 742 1918 ista
785 1862 1014 1938 legerint
1039 1865 1126 1920 vel
1169 1865 1442 1922 audierint
1489 1866 1850 1937 resipiscam,
1895 1873 1949 1920 et
1996 1865 2063 1920 ad

2184 647 2414 722 (Hebae.
2442 663 2504 718 ιι,
2533 649 2645 722 15).
2677 669 2698 704 ι
2729 647 2799 705 Et
2826 649 3028 706 iterum
3053 649 3486 720 sapientissimus
3514 650 3779 708 Salomon

2183 745 2292 802 ait:
2312 743 2446 814 «Qui
2458 727 2708 816 loquitur
2728 741 2936 816 iniqua,
2963 758 3072 800 non
3091 752 3274 816 potest
3298 744 3490 812 latere,
3514 760 3617 800 nec
3636 761 3779 818 prte-

2183 838 2342 894 teriet
2370 836 2522 893 illum
2558 837 2864 910 corripiens
2905 835 3196 909 judicium.
3251 837 3310 893 In
3351 838 3778 909 cogitationibus

2180 931 2326 987 enim
2359 931 2511 1002 impii
2552 932 2912 1005 interrogatio
2951 933 3056 990 erit
3083 949 3098 988 :
3123 931 3453 990 Sermonem
3481 939 3668 988 autem
3712 933 3776 987 εις

2179 1023 2284 1079 lius
2306 1024 2514 1081 auditio
2540 1025 2608 1082 ad
2629 1025 2919 1082 Dominum
2939 1026 3141 1092 veniet,
3165 1035 3222 1083 et
3249 1024 3318 1082 ad
3369 1026 3776 1098 correptionen.

2177 1117 2528 1188 iniquitatum
2548 1117 2714 1187 illius,
2739 1118 2997 1190 quoniam
3012 1119 3163 1178 auris
3191 1119 3294 1176 zeli
3316 1118 3469 1176 audit
3491 1119 3704 1188 omnia,
3722 1127 3778 1176 et

2176 1209 2441 1266 tumultus
2479 1212 2970 1268 murmurationem
3023 1226 3134 1268 non
3191 1211 3556 1267 abscondetur
3617 1209 3770 1282 (Sep.

2158 1313 2214 1366 ‘1,
2245 1301 2456 1374 8-10).»
2481 1301 2608 1360 litae
2637 1304 2786 1360 enim
2812 1303 2858 1360 si
2885 1303 3137 1376 amplecti
3150 1302 3450 1360 voluissent
3476 1302 3702 1374 preprio
3719 1311 3776 1358 et

2173 1401 2308 1451 sano
2353 1409 2540 1463 sensu,
2597 1399 2666 1452 ad
2721 1397 3012 1469 reprobum
3069 1411 3294 1455 sensum
3339 1397 3566 1452 minime
3617 1395 3774 1452 labe-

2173 1497 2378 1554 rentur,
2408 1487 2502 1544 sed
2526 1503 2624 1559 per
2645 1489 2741 1544 Dei
2770 1489 3022 1546 timorem
3049 1503 3364 1546 sermonum
3388 1503 3611 1546 suorum
3634 1503 3777 1559 prm-

2173 1587 2430 1680 caveu.tes
2457 1581 2784 1648 custodiam,
2809 1582 2956 1653 piam
2985 1589 3306 1639 sanctorum
3325 1579 3548 1637 Patrum
3569 1578 3772 1637 dillini-

2172 1675 2371 1734 tionem
2398 1679 2518 1736 sine
2540 1675 2775 1752 quadam
2797 1681 3113 1738 nocumenti
3135 1678 3558 1753 praesumptione
3584 1677 3775 1748 utique

2169 1779 2608 1841 conservassem,
2624 1771 2882 1845 quoniam
2898 1767 3030 1832 dicit
3043 1789 3258 1832 sacrum
3273 1771 3572 1844 eloquium,
3587 1771 3773 1827 consi-

2168 1861 2304 1918 lium
2324 1861 2528 1921 bonum
2554 1863 2900 1929 conservabit
2931 1875 3004 1935 te,
3037 1875 3093 1923 et
3132 1881 3292 1923 mens
3320 1867 3463 1922 bona
3491 1858 3776 1921 custodiet

475 1956 700 2016 unitatis
726 1957 1074 2015 concordiam
1101 1968 1452 2016 revertantur
1470 2000 1485 2024 ,
1516 1967 1572 2014 et
1595 1959 1737 2028 quod
1761 1958 1916 2028 prius
1943 1968 2064 2014 erat
2093 1945 2141 2006 Β
2172 1968 2242 2012 te.
2277 1955 2395 2014 Non
2426 1961 2572 2014 enim
2601 1953 2669 2017 de
2691 1957 2935 2016 fontibus
2963 1957 3264 2017 salutiferis
3290 1954 3652 2030 spiritualiter
3702 1955 3771 2012 ad

471 2051 526 2104 in
553 2048 809 2106 ultionem
841 2051 1096 2107 transibit
1118 2051 1174 2108 in
1195 2051 1444 2123 gloriam.
1474 2050 1634 2116 Nam,
1671 2049 1864 2120 procul
1903 2048 2066 2106 dubio

472 2144 628 2200 multi
649 2154 778 2201 sunt
795 2147 885 2216 qui
909 2145 1692 2216 secundumApostolivoccm,
1713 2163 1732 2196 ι
1758 2143 2067 2216 prurientes

471 2237 693 2293 auribus
721 2253 752 2292 a
783 2237 1010 2294 veritate
1039 2233 1262 2308 quidem
1291 2237 1536 2293 auditum
1565 2246 1816 2291 avertunt
1840 2277 1854 2300 ,
1878 2237 1944 2290 ad
1980 2235 2065 2290 fa-

473 2333 622 2388 bulas
651 2341 831 2386 autem
869 2340 1252 2388 convertentur
1280 2328 1366 2402 (II
1396 2328 1533 2384 Tim.
1569 2345 1644 2396 tv,
1667 2331 1724 2395 5,
1748 2329 1824 2400 4),
1861 2349 1878 2380 ι
1916 2337 1969 2384 ct
1995 2327 2066 2384 ad

475 2434 798 2482 nocumenta
823 2425 1090 2480 bonorum
1109 2432 1410 2478 transeunt.
1430 2423 1716 2477 Aitautem
1741 2421 1882 2475 idem
1917 2421 2061 2491 Apo-

469 2520 639 2576 stolus
669 2520 737 2576 de
775 2520 1073 2576 inﬁdelium
1103 2519 1411 2590 ignorantia
1447 2536 1460 2572 :
1496 2535 1514 2569 ‹
1548 2517 1604 2571 Si
1657 2516 2060 2588 cognovissent,

469 2629 744 2684 nunquam
788 2614 1075 2668 Dominum
1130 2612 1315 2684 gloriae
1377 2613 1778 2668 crucilixissent
1827 2610 1880 2684 (Ι
1933 2611 2057 2667 Cor.

473 2723 526 2770 ιι,
546 2709 660 2773 8).»
681 2705 946 2762 Similiter
968 2708 1010 2762 si
1044 2707 1098 2761 hi
1123 2705 1410 2762 Dominum
1438 2706 1677 2775 perfecte
1712 2705 2064 2777 agnovissent

467 2808 522 2850 et
566 2807 864 2863 aniassent,
913 2809 1188 2868 nunquam
1233 2811 1423 2852 servos
1460 2797 1578 2867 ejus
1627 2797 2060 2867 perturbasscnt,

469 2905 572 2945 nec
617 2890 796 2946 verbis
843 2897 936 2944 aut
975 2888 1137 2945 factis
1183 2886 1451 2958 persecuti
1495 2901 1698 2945 essent.
1735 2889 1886 2956 Quod
1929 2903 2061 2944 vero

466 2983 609 3038 idem
645 2981 938 3053 Apostolus
971 2982 1144 3040 dicit:
1186 3001 1204 3035 σ
1242 2982 1300 3038 Si
1329 2983 1476 3039 enim
1511 2999 1632 3039 cum
1671 2984 1875 3038 inimici
1915 3000 2062 3038 csse-

466 3093 606 3144 mus,
652 3077 988 3134 reconciliati
1033 3094 1222 3135 sumus
1255 3080 1366 3134 Deo
1399 3095 1497 3148 per
1527 3089 1754 3135 mortem
1787 3079 1906 3134 Filii
1946 3078 2062 3148 ejus

467 3170 643 3238 (Rom.
679 3185 736 3236 ν,
769 3169 883 3240 10),
915 3189 935 3224 ι
965 3186 1062 3227 cur
1091 3172 1450 3242 insequimur,
1476 3172 1694 3237 fratres,
1725 3187 1821 3225 cur
1843 3181 2062 3242 pertur-

463 3261 660 3316 bamus
708 3271 908 3317 statum
957 3262 1216 3318 Ecclesia:
1258 3263 1385 3328 Dei,
1428 3271 1483 3317 et
1513 3277 1610 3317 eos
1637 3262 1730 3332 qui
1774 3263 1822 3316 ci
1852 3262 2062 3318 servire

2170 2047 2583 2120 acquisitionem
2625 2060 2843 2107 aeterna:
2867 2051 2994 2108 vita:
3040 2051 3346 2124 procedunt
3379 2047 3514 2104 tales
3546 2059 3773 2104 accusa-

2167 2141 2346 2199 tiones
2375 2153 2432 2230 et
2459 2143 2852 2214 detractiones,
2883 2157 3060 2218 atque
3088 2145 3210 2203 ideo
3250 2145 3624 2218 competenter
3670 2155 3773 2197 nos

2164 2234 2356 2291 beatus
2391 2235 2592 2293 Paulus
2617 2235 2896 2308 apostolus
2922 2236 3288 2308 praemuniens
3309 2237 3388 2292 ait
3417 2253 3430 2289 :
3469 2255 3487 2288 ι
3519 2229 3643 2291 Non
3671 2233 3770 2288 de-

2166 2327 2294 2384 bere
2317 2327 2438 2399 plus
2457 2343 2654 2401 sapere
2676 2345 2841 2401 quam
2871 2339 3086 2402 oportet
3107 2345 3318 2402 sapere,
3361 2325 3457 2385 sed
3481 2341 3678 2398 sapere
3701 2321 3771 2380 ad

2165 2421 2514 2480 sobrietatem
2540 2423 2713 2498 (Rom.
2748 2441 2844 2490 xu,
2875 2419 2954 2496 ὅ),
2994 2444 3014 2478 ι
3064 2425 3118 2480 in
3183 2421 3500 2481 definitione
3549 2419 3770 2492 pietatis

2163 2519 2542 2591 perdurantes.
2568 2520 2668 2589 Qui
2696 2521 2842 2577 enim
2875 2521 3020 2576 hanc
3052 2526 3406 2592 prmtereunt,
3448 2533 3556 2573 non
3586 2525 3768 2571 tamen

2163 2609 2276 2666 laesi
2317 2622 2444 2668 sunt
2465 2611 2778 2670 decidentes
2807 2629 2838 2669 a
2861 2611 3312 2672 corroboratione
3358 2623 3476 2674 sua,
3507 2609 3604 2664 sed
3633 2609 3769 2664 insi-

2161 2704 2384 2790 p'pnttiae
2414 2721 2527 2764 sua:
2550 2705 2960 2778 dereliquerunt
2986 2705 3235 2762 domibus
3257 2701 3604 2769 memoriam,
3631 2711 3693 2756 ut
3714 2701 3769 2756 in

2162 2796 2249 2854 his
2277 2797 2328 2852 in
2362 2799 2560 2869 quibus
2587 2803 2953 2870 peccaverunt
2983 2799 3209 2856 minime
3240 2795 3412 2853 latere
3437 2797 3763 2869 potuissent.

2163 2887 2346 2944 Gloria
2383 2891 2528 2946 enim
2575 2903 2628 2945 et
2670 2873 2998 2948 contumelia
3045 2890 3099 2946 in
3147 2886 3363 2960 loquela
3389 2897 3443 2944 et
3470 2888 3523 2942 in
3552 2884 3768 2957 loquela

2164 2983 2361 3055 lingum
2387 2983 2621 3040 hominis
2651 3000 2810 3042 casus
2840 2984 2986 3041 illius
3009 2994 3115 3041 est.
3143 2981 3377 3054 Ideoque
3427 2981 3765 3038 conveniens

2164 3085 2248 3130 est
2273 3076 2415 3130 hanc
2444 3077 2661 3146 quidem
2691 3077 3064 3134 ostensionem
3108 3073 3596 3148 reprehensionum
3650 3072 3767 3128 illo.

2165 3182 2286 3221 rum
2311 3169 2516 3226 neStris
2543 3169 2757 3225 actibus
2789 3169 2977 3235 inseri,
3008 3185 3076 3224 ne
3107 3167 3335 3223 ulterius
3353 3165 3469 3238 jam
3502 3163 3631 3221 talia
3665 3179 3764 3237 pa-

2169 3260 2378 3315 tiamini
2406 3262 2800 3319 seminantibus
2823 3263 2902 3319 eis
2929 3261 3135 3318 zizania
3164 3270 3219 3317 et
3241 3259 3518 3327 scandala,
3551 3259 3649 3316 sed
3674 3257 3767 3315 la:-

466 3354 668 3410 debent
695 3353 1015 3425 aﬂligimus?
1042 3355 1307 3426 Martyres
1332 3355 1478 3412 enim
1501 3355 1648 3426 passi
1677 3365 1824 3420 sunt,
1852 3370 1957 3409 non
1988 3364 2062 3410 ta-
2088 3347 2133 3409 C
2166 3354 2270 3408 tari
2303 3355 2355 3409 in
2381 3351 2574 3411 ciliciis
2601 3365 2656 3410 et
2681 3355 3028 3428 dogmatibus
3058 3356 3254 3413 vestris
3293 3353 3637 3412 mcreamiui.
3665 3351 3766 3425 lgi-

462 3461 588 3503 men
611 3447 806 3502 anima:
835 3463 1022 3503 eorum
1055 3449 1252 3505 occisae
1274 3458 1402 3506 sunt
1427 3449 1482 3504 in
1510 3450 1758 3521 corporis
1781 3441 2057 3520 passione,

461 3554 556 3596 ore
579 3541 841 3598 Veritatis
867 3550 1178 3599 attestante.
1213 3563 1233 3595 ι
1265 3543 1440 3599 Nolite
1465 3545 1657 3600 timere
1677 3559 1774 3599 eos
1793 3544 1886 3614 qui
1911 3544 2058 3599 occi-

461 3633 841 3705 dunteorpus,
893 3635 1132 3690 animam
1188 3645 1368 3691 autem
1421 3652 1526 3690 non
1560 3645 1786 3706 possunt
1811 3637 2059 3692 occidere

459 3724 676 3797 (Matth.
705 3742 759 3791 χ,
803 3726 918 3797 28).
958 3746 978 3780 ι
1021 3727 1122 3782 Ubi
1150 3729 1370 3800 agnosci
1412 3739 1626 3797 oportet
1647 3729 1850 3798 quippe
1873 3728 1920 3782 si
1943 3728 2060 3782 ani-

459 3833 563 3873 mte
582 3827 885 3889 martyrum
917 3834 1146 3890 corpore
1170 3829 1456 3892 perempto
1480 3821 1763 3891 suppliciis
1785 3821 2054 3891 exstingui

459 3922 568 3962 non
595 3919 818 3978 possunt
839 3950 852 3974 ,
889 3924 986 3964 nec
1024 3912 1219 3964 animm
1246 3912 1667 3980 praedicatorum
1691 3922 1748 3968 et
1772 3913 2055 3968 doctorum

458 4001 712 4070 persequi
744 4001 1062 4058 debuissent
1087 4014 1180 4058 aut
1210 4006 1516 4075 perturbari
1539 4016 1594 4062 et
1617 4024 1646 4060 a
1671 4006 1762 4061 Dei
1790 4007 2054 4063 famulatu

458 4095 654 4162 averti,
674 4096 801 4167 quia
828 4112 954 4153 cum
977 4100 1297 4170 corporibus
1325 4115 1434 4156 non
1459 4100 1739 4158 deficiunt.
1771 4101 1929 4158 Tales
1952 4117 2051 4156 au-

457 4197 570 4245 tem
623 4192 1036 4262 perturbatores
1099 4193 1353 4250 Ecclesiae
1403 4209 1509 4250 non
1567 4195 1740 4251 solum
1794 4196 2053 4266 praedicta

456 4290 625 4354 agunt
639 4284 801 4352 mala,
826 4286 923 4342 sed
951 4295 1007 4341 et
1023 4288 1313 4342 memorias
1341 4297 2047 4360 martyrum,exsecrantur.

455 4373 800 4446 Quapropter
849 4379 905 4434 in
933 4380 1161 4450 praelata
1198 4380 1578 4437 constituimus
1613 4381 1844 4453 synodo,
1872 4381 2052 4437 vobis-

454 4481 564 4540 que
613 4475 668 4522 et
713 4471 966 4527 omnibus
1013 4471 1272 4530 Ecclesiis
1320 4475 1612 4530 tenendum
1666 4484 1722 4530 et
1782 4475 2050 4546 agendum

454 4559 801 4629 mandamus,
853 4569 913 4616 ut
953 4569 1120 4633 super
1170 4565 1465 4620 meritorias
1515 4574 1824 4638 martyrum
1868 4567 2051 4624 missis

453 4650 818 4720 celebrentur,
845 4669 913 4708 ne
941 4657 1214 4711 memerita
1242 4671 1432 4711 eorum
1484 4671 1516 4712 a
1547 4657 1746 4714 talibus
1773 4657 2048 4730 exstingui

2167 3457 2254 3502 tur
2282 3449 2631 3516 erubescant,
2663 3466 2730 3505 ac
2772 3450 2899 3506 talia
2926 3461 2984 3505 et
3014 3448 3322 3521 hujusmodi
3365 3447 3763 3518 blasphemiam

2163 3542 2488 3598 subtrahere
2507 3542 2795 3610 festinent,
2827 3543 2876 3598 si
2915 3542 3190 3598 noluerint
3241 3558 3273 3598 a
3315 3539 3643 3599 sacerdotali
3673 3556 3768 3595 no.

2163 3642 2281 3690 stro
2315 3634 2542 3708 collegio
2571 3636 2871 3708 segregari,
2909 3645 2964 3690 et
2990 3651 3021 3690 a
3045 3637 3216 3692 totius
3243 3633 3541 3692 Christiani
3577 3632 3764 3705 populi

2162 3725 2425 3782 societate
2452 3725 2657 3782 divelli.
2687 3725 2840 3783 Licet
2882 3743 3120 3798 namque
3147 3727 3212 3784 de
3249 3726 3334 3782 his
3362 3725 3515 3797 plura
3553 3736 3608 3780 et
3639 3737 3764 3795 per-

2161 3817 2468 3873 necessaria
2499 3832 2619 3888 qua:
2661 3818 2716 3872 in.
2747 3817 2983 3874 decretis
3031 3815 3177 3874 sedis
3216 3815 3546 3888 apostolicae,
3591 3827 3650 3870 et
3693 3815 3762 3870 ab

2159 3909 2418 3980 apostolis
2475 3926 2774 3982 eorumque
2811 3909 3223 3968 successoribus
3265 3909 3466 3966 nostris
3508 3907 3764 3964 videlicet

2157 4003 2656 4072 prtedecessorihus
2697 4013 2901 4061 statuta
2951 4002 3305 4060 inveniuntur
3331 4001 3515 4057 dicere
3545 4007 3600 4055 et
3624 4015 3756 4056 con-

2157 4098 2399 4154 scribere
2440 4097 2826 4169 potuissemus,
2853 4108 3032 4154 tamen
3065 4096 3260 4153 melius
3286 4091 3447 4152 nobis
3469 4093 3646 4149 visum
3676 4105 3760 4149 est

2155 4200 2220 4245 ut
2264 4188 2552 4261 epistolam
2595 4189 2844 4248 oratione
2869 4191 3208 4247 claudamus.
3239 4191 3384 4246 Deus
3410 4189 3760 4260 omnipotens

2157 4297 2214 4344 et
2237 4287 2398 4359 hujus
2425 4287 2736 4361 unigenitus
2764 4287 2932 4356 filius,
2957 4297 3013 4344 et
3033 4286 3271 4344 salvator
3295 4287 3482 4342 noster
3503 4285 3758 4341 Christus

2154 4379 2314 4438 Iesus
2359 4381 2464 4438 hoc
2504 4381 2662 4439 vobis
2704 4381 2908 4439 tribuat
2943 4382 3384 4447 incitamentum,
3409 4386 3470 4435 ut
3498 4379 3758 4435 omnibus

2153 4474 2428 4534 fratribus
2445 4488 2504 4534 et
2531 4477 2873 4549 coepiscopis
2899 4477 3104 4534 nostris
3130 4477 3547 4549 quibuscunque
3580 4477 3758 4530 tribu-

2155 4567 2452 4628 lotionibus
2499 4569 2878 4627 laborantibus
2905 4570 3035 4627 totis
3064 4569 3401 4627 succurratis
3436 4568 3671 4624 viribus.
3700 4577 3756 4622 ct

2157 4677 2282 4718 cum
2299 4663 2382 4720 eis
2407 4664 2803 4736 compatientes
2841 4679 3066 4720 crucem
3107 4663 3355 4737 ejusdem
3397 4661 3614 4717 Domini
3639 4657 3749 4717 sal-

451 4752 550 4800 aut
565 4746 842 4800 veneratio
854 4747 1026 4816 possit
1041 4747 1340 4818 prohiberi.
1372 4747 1482 4805 Vos
1508 4763 1660 4816 vero,
1696 4750 1918 4818 fratres,
1944 4724 2048 4809 no-
2075 4724 2133 4789 D
2153 4756 2360 4812 vatoris
2380 4724 2610 4828 portatis
2639 4765 2701 4812 ut
2743 4756 2860 4814 veri
2885 4757 3057 4830 ipsius
3084 4724 3336 4827 discipuli
3361 4769 3546 4810 coram
3575 4753 3756 4810 omni-

452 4833 552 4892 lite
583 4836 814 4892 multum
849 4835 1075 4906 turbari,
1108 4839 1274 4895 nolite
1297 4843 1506 4910 vexari,
1539 4844 1635 4900 sed
1665 4843 2049 4904 confortamini

451 4929 508 4986 in
558 4931 815 4998 Domino,
865 4941 918 4987 et
957 4933 1012 4988 in
1043 4931 1287 5004 potentia
1317 4935 1586 4993 claritatis
1607 4936 1750 5009 ejus.
1784 4937 2049 4996 Habetote

448 5020 672 5078 interim
699 5023 803 5080 ista
843 5025 910 5080 ad
940 5024 1258 5099 suffragium
1285 5037 1524 5085 vestrum
1586 5031 1885 5099 apostolica
1947 5046 2047 5084 au-

447 5113 588 5170 ctori
596 5121 707 5172 tate
717 5115 956 5184 decreta,
972 5127 1028 5174 et
1038 5120 1236 5176 scitote
1246 5135 1347 5177 nos
1361 5135 1575 5194 semper
1587 5132 1810 5194 paratos
1825 5121 2044 5187 habere,

445 5207 615 5266 etiam
643 5209 713 5283 (si
742 5225 964 5270 necesse
993 5211 1178 5288 fuerit)
1209 5229 1382 5286 usque
1411 5215 1479 5272 ad
1516 5225 1752 5272 mortem
1792 5215 1861 5270 ad
1899 5229 2042 5286 qua:-

447 5316 666 5374 cunque
712 5305 866 5362 vobis
915 5308 1221 5364 necessaria
1263 5308 1467 5365 fuerint
1493 5309 1745 5381 (Domino
1768 5321 1928 5378 opem
1965 5305 2047 5364 fe-

448 5396 628 5470 rente)
649 5397 1002 5469 perficienda.
1027 5399 1108 5456 llli
1129 5409 1333 5471 tamen,
1360 5407 1584 5460 auctore
1606 5405 1739 5469 Deo,
1763 5402 2042 5474 peribunt,

447 5495 504 5546 et
528 5505 622 5547 vos
643 5494 879 5564 stabilis,
909 5494 956 5552 si
1001 5501 1182 5552 tamen
1209 5496 1368 5555 labor
1393 5507 1576 5556 vester
1600 5509 1710 5554 non
1735 5496 1902 5554 fuerit
1926 5497 2046 5552 ina-

446 5581 556 5653 nis,
584 5585 688 5642 sed
713 5587 908 5659 plenus
949 5589 1054 5650 llde
1093 5599 1150 5650 et
1185 5592 1474 5650 eharitate.
1511 5611 1531 5648 ι
1561 5591 1676 5660 Vae,
1707 5590 1884 5662 inquit
1924 5603 2047 5660 pro-

2153 4847 2256 4904 bus
2298 4849 2630 4920 appetentis,
2658 4857 2720 4906 ut
2757 4859 2817 4907 et
2843 4865 2942 4908 vos
2977 4860 3036 4908 et
3061 4851 3157 4924 qui
3188 4850 3470 4907 vobiscum
3501 4856 3633 4905 sunt
3667 4848 3755 4904 hic

2152 4951 2210 4997 et
2233 4943 2286 4996 in
2313 4943 2493 4998 futro
2514 4943 2739 5000 meliora
2758 4946 3085 5016 possidentis
3097 4962 3222 5018 quae
3245 4943 3442 5002 oculus
3457 4960 3569 5000 non
3594 4943 3752 5010 vidit,

2154 5051 2258 5092 nec
2284 5037 2434 5092 auris
2462 5039 2697 5108 audivit,
2724 5054 2828 5097 nec
2863 5041 2920 5097 in
2949 5056 3048 5098 cor
3075 5039 3317 5096 hominis
3354 5037 3605 5096 ascendit
3633 5052 3754 5108 qua:

2151 5133 2480 5202 praeparavit
2507 5134 2651 5192 Deus
2677 5134 3032 5209 diligentibus
3059 5151 3140 5192 se.
3165 5134 3273 5191 Per
3322 5133 3618 5192 Dominum
3659 5147 3754 5188 no.

2149 5230 2328 5279 atrum
2348 5222 2533 5282 Iesum
2561 5225 2861 5292 Christum,
2891 5242 2990 5298 per
3009 5241 3197 5299 quem,
3214 5236 3268 5284 et
3289 5242 3410 5284 cum
3439 5240 3550 5298 quo
3571 5224 3751 5281 omni-

2151 5315 2362 5386 potenti
2413 5316 2526 5374 Deo
2567 5317 2743 5389 gloria
2796 5319 2854 5375 in
2907 5319 3108 5376 saecula
3161 5318 3513 5376 saeculorum.
3551 5319 3749 5374 Amen.

2153 5405 2349 5464 Valere
2399 5423 2496 5466 vos
2545 5420 2707 5482 opto,
2753 5410 3064 5468 charissimi
3103 5411 3322 5468 fratres.
3381 5410 3519 5466 Data
3549 5425 3585 5466 v
3633 5409 3752 5466 ldus

2151 5500 2381 5575 Augusti
2407 5501 2715 5574 Claudioet
2742 5503 3074 5577 Paternopr
3095 5520 3180 5564 ee.
3212 5503 3551 5562 consulibus.

1395 5815 1564 5874 lTEM
1602 5815 1943 5876 EPISTOLA
1981 5814 2294 5877 EIUSDEM
2335 5813 2429 5872 AD
2467 5805 2846 5872 BENXGNUM.

521 5885 886 5991 Dilectissimo
912 5902 1065 5960 fratri
1111 5905 1347 5963 BENIGNO
1379 5908 1661 5981 episcopo,
1714 5905 1885 5966 Fsux
1935 5909 2050 5983 epi-

445 6010 645 6055 scopus
678 5998 730 6052 in
770 5995 999 6055 Domino
1027 6001 1277 6060 salutem.

2227 5908 2598 5981 Suscipientcs
2639 5906 2995 5963 fraternitatis
3025 5915 3130 5962 tuae
3157 5907 3418 5978 epistolas
3437 5907 3639 5978 quibus
3663 5916 3743 5959 me

2161 6019 2324 6078 super
2355 6002 2479 6060 ﬁdei
2503 6002 2844 6060 documentis
2863 6017 2984 6073 quae
3005 6003 3076 6058 alt
3107 6001 3228 6059 aliis
3261 6001 3566 6060 habebatur
3591 6002 3738 6057 aliter
