3926 6474
155 558 245 626 497
1329 549 1820 612 DECRETALIUM
1859 549 2255 608 COLLECTIO.

3302 561 3408 623 198

153 696 294 757 quam
324 683 474 734 recte
507 674 627 732 ﬁdei
657 673 971 730 contineant
1003 679 1378 739 sacramenta,
1407 678 1570 743 prout
1606 669 1714 726 Βο-
1739 671 1788 732 Α
1815 665 2058 724 omnium
2104 673 2418 722 sanctorum
2462 663 2691 720 minimo
2717 665 2846 722 data
2879 675 2966 724 est
2989 672 3162 742 gratia
3191 673 3310 732 hate
3345 678 3406 734 in

152 774 308 831 minus
337 769 500 833 dedit,
525 782 624 840 pro
651 763 1011 820 fraternitatis
1041 775 1223 818 amore
1256 761 1582 834 respondere
1604 769 1712 816 non

152 859 532 921 resultavimus.
560 855 789 928 Semper
819 855 963 910 enim
995 847 1158 910 dubia
1198 855 1253 909 et
1291 851 1501 924 majora
1552 865 1714 922 nego-

156 960 216 1012 tia
246 955 530 1012 terminum
562 951 631 1007 ab
651 951 756 1006 hac
786 957 974 1005 sancta
1004 938 1134 1005 sede
1162 963 1190 1003 a
1222 955 1468 1018 tempore
1491 954 1711 1018 aposto-

151 1050 305 1108 lorum
349 1047 441 1118 qui
467 1057 586 1102 eam
623 1043 736 1100 suis
765 1041 1106 1098 documentis
1141 1041 1542 1102 instruxerunt,
1573 1039 1716 1094 acci-

152 1158 263 1216 pere
281 1137 694 1202 consueverunt,
719 1143 772 1191 et
793 1128 914 1191 ideo
939 1141 995 1190 tu
1021 1143 1168 1190 recte
1189 1131 1364 1190 fecisti
1387 1132 1534 1204 quod
1553 1129 1713 1202 hujus

152 1244 327 1292 sancta:
357 1231 502 1288 sedis
545 1229 802 1286 consultis
841 1237 893 1283 te
943 1235 1278 1299 czetcrosque
1305 1225 1512 1281 ﬁrmari
1540 1233 1593 1283 et
1623 1225 1707 1281 iii-

152 1319 267 1386 strui
286 1323 520 1380 voluisti.
538 1319 900 1378 Conﬂuebant
923 1320 1068 1374 enim
1097 1318 1292 1375 litterae
1320 1325 1424 1373 tua:
1456 1313 1712 1372 fratrum-

150 1437 236 1492 quc
277 1421 487 1473 tuorum
520 1413 664 1485 quod
693 1411 914 1483 quidam
955 1413 1142 1468 dicunt
1166 1409 1366 1466 Filium
1390 1426 1517 1466 anon
1549 1421 1714 1480 posse

152 1499 338 1584 proprie
365 1503 553 1564 videre
602 1505 838 1574 Patrem,
867 1507 992 1577 quia
1033 1505 1295 1576 scriptum
1337 1514 1459 1560 est:
1490 1521 1509 1555 ι
1542 1503 1710 1558 Deum

151 1605 272 1660 enim
319 1614 476 1658 neruo
521 1600 658 1656 vidit
688 1611 925 1670 unquam
965 1598 1018 1671 (1
1045 1595 1204 1654 Joan.
1233 1609 1306 1666 Iv,
1333 1597 1444 1671 12),
1481 1615 1500 1652 ι
1527 1607 1582 1653 et
1619 1597 1708 1653 alii

151 1697 349 1766 ﬁngunt.
378 1693 506 1749 Ideo
531 1693 709 1748 minor
731 1697 814 1747 est
839 1689 1000 1746 Patre
1051 1687 1220 1746 Filius
1249 1691 1503 1761 quoniam
1549 1687 1712 1746 Pater

151 1785 211 1842 illi
249 1783 492 1854 perbibet
539 1781 934 1838 testimonium.
977 1781 1210 1850 Quidam
1249 1789 1430 1838 autem
1461 1781 1711 1854 garriunt

149 1879 264 1947 quod
315 1877 435 1932 ideo
490 1875 660 1931 Patre
709 1875 887 1930 minor
951 1882 1054 1940 est,
1088 1874 1213 1944 quia
1259 1871 1544 1929 invisibilis
1594 1873 1710 1947 ipse

149 1969 336 2034 dicitur,
357 1967 534 2024 Filius
559 1982 692 2024 vero
714 1965 944 2024 visibilis
971 1965 1373 2038 comprobatur.

1817 759 2068 833 gentibus
2091 758 2468 830 evangelizare
2507 759 2914 832 investigabiles
2937 763 3157 822 divitias
3173 766 3401 838 Christi,

1815 861 1872 908 et
1899 851 2204 907 illuminare
2237 865 2426 907 omnes
2453 868 2576 924 qua:
2601 853 2674 909 sit
2700 855 3031 926 dispensatio
3071 865 3406 921 sacramenti

1816 943 2120 999 abscondlti
2137 954 2167 997 a
2193 943 2404 1000 saeculis
2431 945 2485 998 in
2521 946 2718 1016 quibus
2740 949 2922 1004 omnia
2942 953 3149 1008 ereavit
3180 953 3402 1026 (Ephesi

1816 1049 1901 1100 in,
1923 1031 1976 1100 8,
2001 1034 2078 1104 9).
2106 1053 2126 1084 ι
2153 1033 2286 1090 Item
2313 1032 2428 1104 ipse
2460 1051 2474 1087 :
2511 1051 2530 1088 ε
2553 1033 2656 1103 Qui
2677 1047 2782 1105 est,
2811 1040 2906 1105 ait,
2938 1041 3117 1115 imago
3147 1043 3247 1104 Del
3272 1043 3410 1102 in'vte

1813 1124 1984 1180 sibilis
2018 1121 2244 1194 (Colore.
2291 1135 2342 1191 i,
2376 1125 2490 1198 i5).
2523 1145 2544 1178 ›
2585 1127 2652 1184 Et
2695 1129 3151 1192 adﬂetossenses
3181 1154 3194 1190 :
3235 1153 3258 1190 σ
3287 1137 3407 1210 Εευ

1812 1217 2014 1274 Paulus
2030 1219 2280 1275 minister
2299 1221 2394 1290 qui
2411 1235 2558 1277 nunc
2581 1223 2792 1294 gaudeo
2819 1225 2874 1282 in
2901 1229 3246 1298 passionibus
3268 1234 3407 1290 meis

1812 1323 1914 1382 pro
1963 1311 2120 1368 vobis
2177 1321 2234 1368 et
2289 1313 2512 1384 suppleo
2570 1327 2692 1388 quae
2745 1319 2942 1376 desunt
2987 1321 3404 1380 tribulationtnti

1813 1405 2016 1462 Christi
2045 1407 2101 1462 in
2121 1421 2290 1464 carne
2317 1421 2436 1466 mea
2459 1424 2560 1481 pro
2589 1421 2818 1484 corpore
2845 1412 2990 1483 eius,
3024 1416 3169 1486 quod
3193 1423 3278 1472 est
3302 1417 3408 1473 se:

1813 1497 1999 1564 etesia,
2029 1497 2186 1570 cujus
2213 1499 2389 1558 factus
2419 1510 2540 1558 sum
2561 1517 2666 1576 ego
2697 1505 2949 1562 minister
2975 1510 3271 1563 secundum
3301 1509 3408 1566 die:

1811 1591 2188 1662 pensationem
2220 1593 2315 1651 Dei
2355 1595 2411 1651 in
2453 1597 2820 1655 ministerium
2843 1599 3069 1668 Christi,
3099 1602 3246 1673 quod
3274 1603 3404 1659 abs:-

1811 1683 2090 1739 conditum
2118 1683 2222 1741 fult
2266 1701 2298 1742 a
2350 1689 2566 1746 saeculis
2609 1695 2664 1747 et
2715 1704 2746 1746 a
2801 1693 3246 1766 generationibus
3277 1682 3403 1768 (dd-

1811 1773 1908 1831 loa.
1939 1792 1980 1843 ι,
2002 1775 2222 1850 25-26).
2259 1796 2278 1832 ι
2305 1777 2438 1836 Item
2469 1779 2542 1837 ibi
2571 1785 2632 1838 ut
2658 1786 3010 1842 consolentur
3028 1789 3190 1845 corda
3211 1789 3402 1845 eorum

1813 1863 1868 1918 in
1893 1865 2185 1932 charitate,
2211 1867 2266 1922 in
2291 1878 2482 1926 omnes
2508 1870 2724 1929 divitias
2752 1874 3153 1946 adimpletionis
3197 1879 3407 1935 intelleo

1813 1966 1934 2015 ctus
1962 1958 2016 2014 in
2045 1959 2640 2036 agnitionem‘mysterii
2665 1965 2904 2036 quodest
2926 1968 3195 2038 Christus,
3216 1971 3273 2026 in
3296 1986 3406 2043 quo

204 2059 259 2114 ni
302 2061 442 2116 enim
499 2059 815 2132 ignorantes
860 2059 1166 2114 divinarum
1193 2057 1596 2130 scripturarum
1648 2067 1706 2117 οι
1733 2057 1782 2118 Β
1807 2061 1934 2106 sunt
1953 2067 2146 2108 omnes
2173 2054 2413 2110 thesauri
2442 2056 2720 2128 sapientia:
2742 2067 2797 2114 et
2811 2060 3052 2117 scientia:
3069 2061 3406 2134 absconditi,

151 2152 476 2224 apostolorum
497 2151 623 2222 jura
633 2193 648 2219 ,
663 2165 730 2206 ex
749 2151 970 2223 proprio
981 2160 1076 2206 aut
1087 2149 1390 2207 adulterino
1403 2166 1566 2207 sensu
1581 2150 1709 2208 talia

150 2241 462 2312 labricant,et
473 2243 739 2300 seducere
753 2242 915 2300 corda
930 2241 1168 2299 ﬁdelium
1184 2241 1568 2314 qureruntZNos
1583 2253 1712 2301 vero

149 2334 203 2390 ad
223 2335 376 2405 ipsius
399 2333 576 2390 fontis
599 2333 866 2407 originem
914 2333 1199 2390 redeamus
1223 2374 1238 2400 ,
1275 2347 1342 2388 ex
1378 2348 1486 2405 quo
1514 2333 1709 2390 Filium

147 2425 330 2482 Patrem
358 2441 581 2498 semper
609 2427 795 2483 videre
823 2427 1068 2497 potuisse
1107 2425 1193 2480 vel
1221 2441 1379 2497 posse
1407 2416 1712 2482 evidentio-

147 2519 272 2575 ribus
297 2518 624 2576 testimoniis
641 2517 710 2574 de
739 2518 942 2574 veteris
967 2526 1024 2574 et
1046 2517 1173 2574 novi
1195 2517 1543 2574 instrumenti
1571 2517 1714 2573 litte-

147 2611 208 2666 ris
229 2611 530 2678 doceamus,
571 2609 862 2667 Salomone
906 2611 1124 2667 dicente
1157 2629 1170 2665 :
1209 2629 1228 2663 ι
1254 2610 1351 2666 Est
1404 2619 1582 2666 tecum
1625 2624 1712 2666 sa-

145 2703 314 2774 pientia
339 2720 456 2776 qua:
488 2703 645 2760 novit
665 2704 958 2777 Opera'tua,
977 2713 1032 2760 et
1057 2701 1209 2759 affuit
1232 2714 1361 2760 tunc
1373 2719 1495 2759 cum
1521 2703 1709 2758 orbem

145 2805 377 2854 terrarum
432 2795 672 2863 faceres,
709 2807 774 2876 'et
821 2792 1031 2854 sciebat
1084 2791 1227 2868 quod
1271 2805 1415 2852 esset
1454 2794 1708 2866 placitum

145 2905 296 2946 coram
343 2891 526 2948 oculis
576 2891 682 2946 tuis
723 2889 874 2964 (Sap.
911 2906 992 2957 ix,
1028 2889 1108 2962 9).
1138 2909 1158 2944 ι
1207 2887 1276 2945 Et
1322 2887 1585 2944 Dominus
1656 2887 1710 2943 in

145 2982 399 3058 Evangelio
431 3005 444 3042 :
485 3005 510 3038 ι
535 2975 704 3042 Nemo
730 2985 880 3041 novit
909 2983 1101 3041 Filium
1155 2983 1259 3040 nisi
1305 2982 1492 3050 Pater,
1535 2999 1712 3054 neque

144 3073 325 3132 Patrem
355 3079 480 3150 quis
518 3079 667 3132 novit
706 3077 809 3133 nisi
839 3075 1013 3133 Filius
1054 3085 1108 3132 et
1155 3077 1242 3132 cui
1282 3075 1513 3130 voluerit
1541 3073 1711 3130 Filius

143 3157 350 3225 revelare
373 3165 608 3243 (Hatria.
642 3185 719 3238 χι,
746 3167 864 3242 27).
887 3189 906 3223 ι
941 3167 1010 3224 Et
1030 3168 1260 3224 iterum:
1297 3186 1317 3219 ι
1338 3165 1508 3222 Nemo
1539 3165 1708 3220 Deum

143 3259 253 3314 vidit
286 3277 528 3334 unquam
548 3302 564 3329 ,
591 3259 694 3316 nisi
729 3259 1040 3335 unigenitus
1071 3258 1242 3316 Filius
1271 3259 1361 3331 qui
1392 3259 1556 3315 estin
1587 3258 1708 3313 sinu

141 3347 308 3420 Patris,
353 3353 470 3426 ipse
507 3353 752 3409 narravit
777 3349 960 3424 (Joan.
993 3367 1034 3407 ι.
1065 3349 1177 3422 18).
1213 3371 1234 3405 ι
1277 3349 1344 3405 Et
1391 3350 1588 3405 iterum
1615 3345 1710 3402 Ju-

1813 2149 1867 2198 et
1903 2142 1956 2198 in
1981 2143 2190 2214 psalmo
2228 2147 2628 2220 septuagesimo
2665 2158 2860 2206 sexto:
2899 2169 2922 2206 ι
2953 2151 3010 2206 1η
3045 2153 3180 2208 mari
3209 2163 3295 2210 est
3318 2154 3404 2212 via

1813 2241 1904 2288 tua
1927 2274 1941 2299 ,
1969 2243 2024 2288 et
2053 2235 2264 2292 semitae
2291 2246 2398 2294 tua:
2431 2237 2488 2293 iii
2515 2241 2914 2312 aquis-inultis,
2941 2251 2999 2299 et
3034 2245 3264 2317 vestigia
3313 2255 3402 2301 tua

1811 2341 1918 2382 non
1953 2338 2351 2400 cognoscentur
2380 2330 2554 2402 (Psal.
2587 2348 2769 2398 uxvr,
2805 2334 2924 2406 20).
2962 2355 2981 2388 ι
3014 2336 3081 2391 Et
3134 2337 3220 2392 in-
3249 2337 3404 2394 Salo-

1811 2433 1972 2474 mone
2003 2437 2016 2474 :
2055 2437 2075 2472 (
2111 2411 2447 2492 Sapientiam
2489 2416 2588 2479 Dei
2624 2425 3021 2496 praecedentem
3061 2429 3244 2484 omnia
3284 2431 3408 2501 quis

1812 2507 2200 2580 investigabit?
2235 2509 2427 2582 (Eccli.
2465 2527 2503 2579 ι,
2540 2513 2620 2585 5.)
2666 2533 2685 2567 ι
2715 2515 2848 2570 Item
2893 2517 2968 2572 ibi
2999 2535 3012 2570 :
3050 2536 3068 2570 ι
3103 2517 3279 2576 Radix
3321 2537 3412 2577 sa-

1810 2601 2030 2672 pientiae
2061 2602 2148 2658 cui
2176 2603 2414 2660 revelata
2437 2613 2542 2674 est,
2575 2614 2625 2662 et
2653 2608 2884 2664 astutias
2920 2609 3069 2666 illius
3095 2612 3220 2683 quis
3241 2628 3408 2686 agno-

1812 2694 1928 2750 vit?
1960 2713 1980 2746 ι
2017 2691 2202 2766 (lbid.,
2235 2695 2314 2768 6.)
2367 2696 2500 2752 Item
2550 2695 2625 2754 ibi
2657 2715 2674 2756 :
2719 2713 2742 2752 ς
2779 2697 3080 2773 Disciplina
3127 2705 3410 2776 sapientiae

1814 2783 1901 2839 cui
1936 2783 2283 2842 manifestata
2324 2793 2441 2854 est,
2489 2796 2545 2844 et
2594 2789 3100 2862 multiplicationem
3128 2794 3411 2867 ingressus

1813 2877 1957 2934 illius
1987 2879 2111 2950 quis
2138 2879 2448 2936 intellexit?
2482 2900 2501 2935 ι
2539 2879 2730 2953 (Mitt,
2752 2881 2832 2956 7.)
2873 2883 3005 2940 item
3048 2884 3123 2940 ibi
3154 2901 3170 2940 :
3205 2904 3224 2938 ‹
3257 2886 3408 2955 Quo-

1813 2972 1960 3026 niam
2006 2969 2277 3028 nirabilia
2319 2971 2448 3028 stmt
2487 2965 2651 3045 opera
2684 2973 2950 3032 Altissiriii
2983 2977 3170 3047 solius,
3205 2980 3260 3034 et
3297 2977 3410 3052 glo-

1812 3071 1956 3126 riosa
1981 3069 2334 3138 ctabSconsa,
2357 3081 2413 3126 et
2432 3069 2608 3129 invisa
2631 3084 2798 3144 Opera
2816 3064 3166 3144 illiusfilbid.,
3191 3089 3266 3140 χιε
3284 3071 3360 3147 At).
3385 3095 3404 3129 ι

1811 3167 1952 3224 Ecce
1982 3167 2123 3223 sicut
2164 3165 2332 3223 Patei"
2369 3164 2662 3225 inrisibilis
2709 3164 2814 3236 est,
2847 3165 2924 3225 lta
2943 3172 3000 3224 et
3023 3163 3137 3240 jam
3163 3175 3220 3228 et
3240 3159 3411 3226 Filius

1813 3259 2105 3315 invenitur.
2136 3255 2422 3326 Quomodo
2437 3265 2568 3334 ergo“
2591 3253 2786 3318 abillis
2807 3263 2900 3332 Qui
2929 3252 3031 3318 hoc
3053 3259 3240 3319 dicunt
3265 3261 3410 3336 quod

1813 3351 2112 3406 mandastis
2150 3349 2205 3404 in
2241 3367 2308 3406 eo
2333 3352 2478 3422 quod
2511 3353 2666 3409 nobis
2705 3348 3001 3419 carnaliter
3026 3367 3084 3410 se
3119 3343 3293 3412 videri
3331 3355 3410 3412 (ll--

141 3440 248 3500 datis
287 3445 454 3502 dixit:
498 3463 517 3497 ι
554 3444 665 3501 Vos
693 3460 801 3500 non
833 3444 1005 3500 nostis
1045 3459 1170 3499 eum
1191 3483 1206 3508 ,
1235 3457 1336 3513 ego
1367 3449 1549 3497 autem
1582 3439 1707 3494 novi
1736 3434 1780 3495 C
1812 3454 2007 3516 gnatus
2047 3449 2132 3500 est
2169 3442 2333 3500 Patre
2382 3441 2610 3500 inferior
2643 3442 2962 3518 iudicatur?
2985 3445 3212 3503 Talibus
3240 3443 3408 3504 nolite

141 3552 261 3592 eum.
287 3525 434 3607 Quod
467 3539 521 3594 si
546 3538 736 3594 dixero
773 3537 903 3609 quia
931 3552 1038 3592 non
1069 3534 1193 3592 novi
1220 3550 1368 3602 eum,
1396 3549 1490 3590 ero
1517 3531 1709 3589 similis

142 3633 264 3689 vobis
296 3633 535 3689 mendax
572 3629 757 3705 (Joan.
794 3647 919 3697 vui,
951 3628 1070 3702 55).
1109 3649 1128 3683 ι
1163 3625 1298 3713 Item
1330 3626 1436 3682 ibi:
1467 3645 1485 3678 ι
1517 3624 1619 3694 Qui
1639 3642 1708 3682 ex

143 3725 229 3783 Deo
263 3736 361 3795 est,
389 3727 492 3784 hic
524 3726 675 3782 novit
702 3741 848 3782 eum.
873 3744 891 3778 ι
919 3723 985 3780 Ει
1013 3723 1232 3780 iterum.
1268 3741 1285 3774 ι
1307 3719 1420 3794 Ego
1441 3719 1554 3777 scio
1583 3734 1708 3774 eum

142 3822 240 3889 quia
260 3823 320 3878 ab
346 3822 470 3894 ipso
501 3836 620 3878 sum
651 3819 832 3894 (Joan.
862 3836 959 3885 vn,
983 3818 1097 3891 29).
1138 3838 1156 3872 ι

195 3914 318 3972 Ecce
347 3915 659 3982 docuimus,
682 3913 809 3986 quia
839 3912 990 3968 videt
1022 3926 1235 3982 semper
1258 3909 1430 3966 Filius
1461 3907 1702 3966 Patrem.

143 4003 382 4072 Quomodo
431 4015 694 4062 astruunt
743 4021 869 4061 eum
915 4003 1135 4060 Patrem
1167 4019 1272 4060 non
1309 4017 1468 4074 posse
1497 4001 1705 4066 videre,

144 4095 185 4149 in
219 4097 356 4168 cujus
393 4100 525 4156 sinu
555 4097 802 4153 noscitur
831 4110 1174 4167 permanere.
1203 4091 1270 4149 Si
1309 4109 1507 4150 sereno
1542 4108 1706 4148 sensu

143 4186 318 4244 divinas
341 4204 636 4246 recenseas
659 4186 992 4260 Scripturas,
1018 4187 1261 4241 invenies
1283 4201 1388 4240 non
1409 4185 1581 4242 solum
1601 4183 1708 4238 Pa-

147 4286 256 4334 trem
284 4280 415 4337 Filio
457 4279 837 4337 testimonium
871 4277 1252 4348 perbibentem
1273 4317 1287 4344 ,
1310 4277 1406 4333 sed
1435 4284 1604 4332 totam
1635 4273 1710 4330 si-

145 4370 234 4423 mul
273 4353 1036 4444 inseparabilemTrinitatem
1091 4367 1208 4438 ipso
1246 4367 1474 4424 Domino
1523 4375 1710 4438 prote-

145 4469 310 4529 stante,
331 4466 423 4536 qui
449 4465 530 4520 ait
563 4481 578 4518 ε
611 4481 631 4514 ‹
659 4461 771 4534 Ego
795 4476 915 4518 sum
933 4449 1024 4532 qui
1051 4459 1423 4515 testimonium
1447 4457 1710 4530 perhich

145 4551 198 4608 de
221 4572 436 4628 ineipso,
465 4567 526 4614 ct
560 4554 935 4612 testimonium
957 4549 1206 4624 perbibet
1229 4549 1296 4607 de
1319 4568 1429 4618 me,
1451 4551 1710 4622 quimisit

145 4664 231 4714 ine,
273 4651 432 4709 Pater
462 4651 651 4726 (Joan.
689 4666 810 4718 viii,
844 4650 958 4722 18).
997 4653 1016 4702 ὸ
1065 4649 1132 4706 Ει
1163 4650 1404 4704 iterum:
1442 4666 1461 4699 ι
1501 4645 1557 4701 Si
1597 4647 1709 4720 Ego

146 4743 483 4802 testimonium
505 4745 770 4818 perbibeo
793 4745 860 4800 de
880 4743 1109 4815 meipso,
1135 4741 1504 4798 testiinonium
1526 4757 1707 4797 meum

1810 3539 2035 3594 credere
2050 3552 2148 3593 vos
2163 3544 2218 3592 et
2243 3537 2381 3594 alios
2407 3538 2475 3595 ab
2495 3552 2684 3593 eorum
2713 3551 2874 3596 sentin
2901 3548 3150 3597 avertere
3169 3539 3364 3598 docete
3393 3560 3405 3596 :

1810 3630 1920 3688 Vos
1947 3645 2078 3703 ergo
2118 3629 2322 3688 servite
2363 3629 2593 3686 Domino
2624 3631 2678 3688 in
2709 3631 2939 3701 timore,
2973 3643 3032 3690 et
3051 3633 3324 3691 exsulta‘te
3359 3636 3408 3690 ci

1811 3739 1936 3780 cum
1969 3731 2226 3780 tremore.
2261 3718 2667 3796 Apprebendite
2695 3723 3041 3801 disciplinam
3066 3733 3134 3786 ne
3171 3725 3411 3802 pereatis

1810 3814 1878 3870 de
1902 3813 1987 3868 via
2017 3811 2182 3884 iusta.

1883 3902 2010 3960 Haec
2041 3918 2174 3962 vero
2210 3907 2584 3978 apostolorum
2607 3915 2690 3967 est
2713 3907 2840 3967 viva
2861 3908 3106 3981 traditio,
3127 3911 3256 3970 haec
3278 3913 3404 3970 vera

1812 3999 2056 4054 charitas
2084 4015 2205 4070 quae
2229 4001 2579 4072 praedicanda
2605 4010 2711 4070 est,
2738 4010 2795 4060 et
2819 4003 3088 4061 veraciter
3115 4004 3408 4079 diligenda,

1811 4106 1874 4147 ac
1898 4091 2127 4148 fovenda
2148 4134 2164 4162 ,
2205 4097 2372 4165 atque
2410 4095 2738 4152 ﬁducialiter
2766 4091 2836 4153 ab
2863 4097 3120 4155 omnibus
3153 4099 3408 4156 tenenda.

1810 4181 1938 4258 Haec
1981 4191 2172 4241 sancta
2221 4195 2276 4242 et
2315 4187 2612 4259 apostolica
2653 4197 2831 4246 mater
2867 4191 3110 4246 omnium
3142 4191 3410 4248 Ecclesia-

1810 4291 1934 4331 rum
1957 4275 2160 4334 Christi
2189 4279 2437 4336 Ecclesia
2465 4297 2584 4352 qua:
2615 4298 2711 4352 per
2738 4284 2835 4338 Dei
2871 4285 3260 4356 omnipotentis
3281 4289 3408 4359 gra-

1812 4370 1944 4427 tiam
1987 4375 2016 4426 a
2057 4371 2274 4428 tramite
2315 4373 2628 4445 apostoliéa:
2672 4369 2980 4432 traditionis
3018 4394 3293 4448 nunquam
3323 4395 3410 4434 er-

1811 4477 1963 4519 rasse
1987 4461 2267 4534 probatur,
2297 4481 2399 4522 nec
2430 4467 2498 4524 ab
2522 4467 2796 4524 luereticis
2834 4470 3166 4525 novitatibus
3209 4469 3408 4541 depra-

1811 4551 1989 4611 vanda
2030 4558 2482 4624 succubuit:sed,
2527 4570 2584 4614 ut
2629 4561 2682 4616 in
2725 4561 2948 4616 exordio
2983 4565 3229 4618 normam
3283 4551 3408 4620 ﬁdei

1811 4649 2130 4706 Christianm
2165 4652 2414 4723 percepit
2451 4653 2517 4708 ab
2544 4653 2858 4710 auctoribus
2893 4653 3008 4710 suis
3037 4654 3406 4725 apostolorum

1811 4741 2014 4799 Christi
2044 4743 2382 4815 principibus
2402 4741 2628 4811 illibata,
2661 4745 2770 4799 ﬁne
2799 4749 2954 4800 tenus
2983 4754 3183 4809 manet,
3209 4757 3406 4799 secun-

143 4849 302 4892 verum
323 4848 428 4908 est,
450 4815 583 4911 quia
618 4837 733 4896 scio
761 4836 902 4892 unde
931 4836 1084 4892 venio
1111 4845 1166 4891 et
1197 4851 1303 4920 quo
1345 4835 1482 4891 vado
1520 4826 1703 4908 (Joan.
1734 4815 1786 4876 Ῑ)
1815 4834 1941 4889 dum
1963 4834 2132 4906 ipsius
2152 4835 2369 4891 Domini
2391 4833 2694 4894 Salvatoris
2715 4837 2950 4891 divinam
2966 4835 3407 4904 pollicitatiOnem

144 4937 244 4996 nn,
271 4930 377 5002 Μ).
419 4950 438 4984 ι
465 4930 540 4988 Et
586 4929 654 4988 de
705 4927 914 5002 Spiritu
964 4937 1190 4984 sancto:
1251 4949 1268 4980 ι
1311 4928 1446 4982 Dum
1495 4927 1710 4984 venerit

143 5023 414 5088 paracletus
441 5023 682 5098 Spiritus
721 5022 968 5079 veritatis
995 5022 1086 5078 ille
1119 5021 1488 5078 testimonium
1519 5020 1706 5090 perbi-

144 5109 265 5167 beliit
303 5117 369 5171 de
403 5107 502 5172 'me
541 5115 726 5187 (Joan.
756 5129 848 5180 xv,
880 5113 1003 5185 9.6);
1044 5133 1062 5168 υ
1101 5114 1342 5180 intende,
1371 5127 1575 5182 quaeso,
1617 5113 1704 5167 in-

145 5206 278 5260 tende
315 5210 572 5278 quoniam
618 5207 672 5262 in
722 5206 919 5279 quibus
964 5222 1069 5260 una
1109 5205 1509 5260 testiﬁcationis
1531 5205 1706 5259 virtus

143 5300 433 5368 ostenditur,
457 5299 638 5356 nullus
664 5299 734 5354 ab
760 5297 868 5356 alio
887 5313 1064 5369 neque
1082 5298 1260 5368 potior
1284 5314 1456 5369 neque
1479 5296 1704 5352 inferior

138 5381 399 5452 iudicatur.
431 5391 639 5463 Saepius
667 5391 770 5446 ista
791 5391 906 5463 jam
947 5390 1206 5458 diximus,
1244 5393 1372 5462 quia
1404 5389 1704 5447 secundum

143 5477 352 5539 hominis
389 5483 619 5541 romam
667 5482 838 5540 Filius
872 5469 1098 5540 visibilis
1143 5484 1356 5549 dicitur,
1406 5484 1702 5541 secundum

144 5583 250 5630 vero
276 5575 496 5633 Deitatis
513 5577 872 5634 substantiam
894 5573 1180 5632 invisibilis
1194 5576 1519 5648 prtedicatur
1536 5571 1704 5633 Paulo

143 5672 408 5723 attestante
431 5666 676 5741 apostolo
705 5684 720 5722 :
753 5686 773 5718 r
802 5666 848 5724 0
873 5649 1131 5734 altitudo,
1160 5667 1358 5737 inquit,
1391 5666 1702 5724 divitiarum

144 5757 396 5827 sapientiai
439 5769 490 5816 et
541 5761 782 5818 scientiae
804 5761 922 5826 Dei,
950 5776 1112 5830 quam
1141 5757 1705 5830 incomprehensibilia

145 5858 251 5903 sunt
269 5851 469 5921 judicia
489 5837 608 5923 ejus
655 5859 711 5908 et
737 5851 1164 5924 investigabiles
1209 5852 1314 5906 viae
1357 5844 1473 5920 ejus
1522 5845 1700 5924 (Rom.

146 5951 208 6004 xl,
242 5941 349 6012 55).
386 5965 406 5999 ι
441 5945 501 6002 Ει
556 5948 610 6003 in
651 5945 829 6002 Isaia:
869 5945 969 6003 Cui
997 5946 1231 6003 similem
1263 5948 1548 6003 aestimatis
1575 5963 1702 6003 eum

147 6046 248 6090 cum
276 6038 344 6094 sit
375 6039 485 6110 ipse
513 6039 829 6115 invisibilis.)
859 6039 930 6097 Et
965 6041 1099 6099 item
1147 6040 1470 6114 Apostolus:
1513 6061 1532 6096 ι
1569 6038 1704 6098 Mihi

1815 4926 1907 4998 qui
1928 4941 2148 4982 suorum
2166 4925 2678 5002 “discipulorum
2697 4928 2923 5000 principi
2943 4927 2996 4981 in
3013 4927 3124 4984 suis
3151 4928 3294 4984 fatos
3321 4940 3408 4986 est

1813 5015 2140 5088 evangeliis:
2169 5037 2188 5068 ι
2208 5016 2391 5084 Petre,
2423 5017 2694 5088 inquiens,
2725 5027 2851 5072 ecce
2881 5023 3098 5074 satanas
3147 5021 3409 5092 expetivit

1817 5111 2260 5168 utcribraretvos
2274 5112 2524 5184 sicutqui
2553 5111 2757 5167 cribrat
2793 5109 3050 5166 triticum.
3086 5113 3196 5187 Ego
3225 5123 3405 5170 autem

1819 5205 2000 5276 rogavi
2019 5221 2116 5275 pro
2139 5210 2191 5261 te
2214 5215 2401 5262 utnon
2427 5205 2642 5260 deﬁciat
2668 5203 2800 5261 ﬁdes
2821 5211 2934 5274 tua,
2962 5215 3016 5260 ct
3039 5211 3092 5262 tu
3117 5207 3407 5280 aliquando

1809 5311 2108 5352 conversus
2122 5296 2382 5353 conﬁrma
2422 5295 2618 5353 fratres
2643 5299 2762 5352 tuo‘s
2793 5294 2947 5369 (Luc.
2965 5313 3102 5369 xui,
3117 5283 3344 5374 ἔψη).
3376 5320 3398 5356 ι

1810 5389 2131 5444 Consideret
2172 5389 2353 5462 itaque
2393 5393 2568 5445 vestra
2601 5381 2874 5447 excellens
2919 5392 3209 5464 prudentia
3239 5397 3406 5464 quam

1809 5483 2011 5539 bonum
2045 5482 2118 5538 sit
2143 5482 2436 5556 persistere
2462 5481 2517 5536 in
2554 5479 2958 5554 dispensatione
3011 5485 3170 5542 nobis
3195 5480 3405 5541 credita

1809 5580 1867 5633 et
1916 5575 1970 5630 in
2006 5573 2110 5630 ﬁde
2150 5580 2321 5641 recta,
2356 5585 2520 5646 atque.
2557 5577 2826 5634 haereticis
2855 5565 2908 5635 ἐι
2944 5579 3155 5635 ωιηιιιίε
3194 5577 3402 5635 Christi

1811 5669 2208 5738 repiignare,ct
2237 5683 2509 5738 nunquam
2529 5684 2558 5723 a
2583 5671 2832 5728 veritatis
2855 5672 3070 5727 tramite
3095 5670 3402 5728 declinare:

1812 5761 2069 5830 quoniam
2086 5759 2348 5816 Dominus
2373 5767 2427 5816 et
2447 5760 2698 5819 salvator
2719 5764 2964 5821 omnium
2987 5761 3141 5832 cujus
3161 5763 3296 5820 ﬁdes
3316 5775 3403 5824 est

1811 5855 1905 5926 qui
1931 5869 2031 5925 pro
2050 5851 2206 5909 nobis
2229 5853 2369 5911 mori
2396 5870 2504 5911 non
2531 5855 2822 5926 dubitavit,
2859 5854 2914 5912 et
2933 5857 3154 5929 proprio
3177 5873 3278 5915 nos
3301 5874 3400 5918 suo

1811 5947 2044 6005 redemit
2093 5949 2379 6022 sanguine,
2409 5949 2504 6023 qui
2543 5949 2705 6009 ﬁdem
2732 5949 2882 6006 beati
2907 5947 3056 6007 Petri
3091 5966 3200 6008 non
3245 5951 3400 6024 dere:

1811 6047 2022 6098 cturam
2042 6041 2313 6114 promisit,
2343 6053 2397 6100 et
2423 6043 2751 6102 conﬁrmare
2775 6059 2899 6102 eum
2929 6043 3130 6104 fratres
3159 6063 3287 6105 suos
3310 6047 3404 6103 ad-
