3908 5434
490 487 595 539 199

1346 487 1636 538 APPLND.
1659 486 1753 537 AD
1792 485 1964 535 bim...
1996 484 2087 534 Ill.
2125 476 2464 536 —|SIDORI
2511 474 2954 536 MERCATORIS

3661 469 3763 529 9.00

486 594 703 655 monuit
733 597 880 668 quod
919 597 1249 669 apostolicos
1274 600 1565 671 pontifices
1593 614 1728 656 meae
1752 599 2069 668 exiguitatis
2095 601 2150 662 Α
2173 606 2425 666 suscepto
2447 597 2713 652 rationem
2736 594 2918 666 justus
2938 591 3105 664 judex
3131 588 3382 647 Christus
3410 588 3556 645 Deus
3581 599 3766 646 noster

486 688 923 760 pmdecessores
946 689 1282 749 confidenter
1308 691 1504 748 fecisse
1528 705 1743 762 semper
1763 688 1978 745 cunctis
2000 696 2083 743 est

484 782 789 853 cognitum.
819 782 1069 851 Quorum,
1087 793 1144 841 et
1171 785 1442 857 pusillitas
1474 798 1617 849 mea,
1646 783 1774 837 licet
1817 781 1991 851 impar
2028 789 2083 835 et

484 872 738 940 minima,
761 888 867 945 pro
895 883 1148 945 suscepto
1174 885 1357 930 tamen
1379 875 1559 930 divina
1584 871 1895 945 dignatione
1923 868 2081 924 mini-

483 966 658 1023 sterio
700 970 1029 1040 pedissequa
1071 966 1225 1039 cupit
1278 967 1558 1045 existere:
1600 966 1693 1020 Vae
1729 964 1884 1031 enim,
1926 961 2080 1017 nobis

482 1056 618 1125 erit,
647 1060 740 1131 qui
771 1060 931 1130 hujus
956 1058 1252 1115 ministerii
1278 1073 1415 1113 onus
1448 1066 1758 1127 susceptum
1790 1054 2075 1117 habemus,

481 1145 536 1207 si
577 1149 861 1206 veritatem
913 1149 1215 1223 Salvatoris
1266 1148 1435 1205 nostri
1482 1146 1609 1203 Jesu
1650 1145 1884 1211 Christi,
1912 1159 2077 1214 quam

485 1241 715 1311 apostoli
738 1242 1173 1312 praedicaverunt
1199 1241 1495 1312 praedicare
1526 1222 1946 1310 neglexerimus.
1987 1236 2107 1292 Vae

485 1331 594 1388 erit
616 1332 794 1398 nobis,
823 1333 867 1387 si
898 1332 1114 1387 silentio
1139 1332 1424 1387 veritatem
1445 1329 1894 1400 oppresserimus,
1917 1341 2080 1397 quam

484 1435 715 1491 erogare
768 1422 1149 1477 nummulariis
1195 1422 1474 1492 jubemur,
1510 1421 1564 1475 id
1599 1429 1703 1486 est,
1735 1418 2080 1473 Christianos

482 1513 716 1584 populos
764 1515 958 1585 iuvare
1000 1524 1058 1571 et
1104 1515 1322 1570 docere.
1375 1512 1617 1583 Quid‘in
1672 1512 1843 1583 ipsius
1895 1511 2081 1565 futuro

484 1605 698 1663 Christi
727 1607 926 1664 dicturi
948 1623 1137 1664 sumus
1163 1607 1415 1663 examine
1435 1607 1482 1662 si
1505 1620 1821 1661 sermonum
1849 1603 1967 1674 ejus
1988 1617 2084 1659 ve-
2126 1660 2127 1665 η

484 1700 704 1756 ritatem
730 1700 1115 1756 confundimur
1142 1699 1477 1771 praedicare?
1502 1698 1643 1766 Quid
1673 1699 1782 1753 erit
1819 1697 1888 1753 de
1920 1698 2081 1753 nobis
2118 1723 2122 1727 ι

484 1804 612 1847 cum
662 1791 730 1847 de
779 1791 1089 1848 commissis
1134 1791 1292 1848 nobis
1329 1788 1618 1845 animabus
1658 1797 1714 1843 et
1758 1788 1825 1843 de
1885 1785 2075 1842 cilicio

506 1966 3474 1996 W

2184 689 2487 746 districtam
2517 688 2758 761 exegerit
2772 689 2795 743 ?
2807 688 2954 753 Ideo,
2979 685 3200 751 fratres,
3216 686 3405 740 hortor
3423 682 3767 738 dilectionem

2184 793 2445 851 vestram,
2477 784 2722 839 obtestor
2763 789 2820 838 et
2856 795 3084 848 moneo,
3122 788 3184 835 ut
3217 794 3324 850 qua
3348 777 3578 850 potestis
3601 786 3657 833 et
3680 778 3769 832 de-

2181 873 2321 930 betis
2350 873 2716 930 sollicitudine
2741 871 2981 944 vigiletis
3008 871 3077 927 ad
3107 869 3516 941 investigandos
3553 866 3766 923 htereti-

2182 983 2275 1025 cos
2318 976 2374 1023 et
2413 968 2661 1024 inimicos
2701 976 2903 1022 sanctte
2964 966 3059 1022 Dei
3098 965 3384 1029 Ecclesiae,
3432 972 3491 1019 et
3551 979 3583 1017 a
3630 963 3770 1019 sanis

2184 1058 2476 1124 mentibus,
2500 1073 2569 1113 ne
2596 1057 2763 1128 pestis
2789 1058 2905 1114 haec
2934 1056 3096 1112 latius
3120 1055 3449 1128 divulgetur,
3481 1054 3771 1110 severitate

2184 1164 2346 1221 quam
2361 1149 2587 1220 potestis
2608 1163 2708 1219 pro
2735 1147 2937 1203 viribus
2958 1148 3276 1217 extirpetis;
3299 1146 3558 1218 quoniam
3587 1152 3648 1200 ut
3676 1144 3771 1199 ha-

2182 1240 2333 1296 bebit
2370 1254 2403 1295 a
2435 1239 2547 1296 Deo
2570 1239 2732 1312 digne
2768 1238 3224 1295 remunerationis
3248 1237 3535 1308 praemium
3566 1236 3657 1309 qui
3691 1235 3770 1292 di-

2184 1332 2442 1403 ligentius
2461 1332 2607 1402 quod
2631 1332 2699 1388 ad
2730 1332 2961 1388 salutem
2988 1331 3295 1389 commissas
3324 1329 3426 1387 sibi
3457 1330 3637 1401 plebis
3660 1344 3771 1400 per-

2185 1424 2335 1482 ficiat
2380 1424 2545 1482 fuerit
2576 1433 2887 1493 exsecutus,
2917 1425 2996 1480 ita
3030 1432 3157 1480 ante
3185 1423 3421 1479 tribunal
3459 1420 3677 1478 Domini
3710 1422 3772 1476 de

2189 1524 2342 1571 reatu
2366 1514 2707 1588 negligentiae
2730 1531 2792 1572 se
2814 1516 3145 1585 nonpoterit
3168 1528 3431 1571 excusare
3466 1514 3772 1584 quicunque

2187 1607 2398 1679 plebem
2423 1624 2574 1665 suam
2611 1621 2800 1664 contra
2827 1608 3104 1680 sacrilegae
3131 1607 3503 1680 persuasionis
3529 1616 3774 1661 auctores

2189 1699 2423 1755 noluerit
2448 1700 2742 1756 custodire.
2768 1699 2903 1756 Data
2933 1700 3116 1757 Nonas
3135 1684 3444 1764 Februarii,
3472 1697 3701 1755 Claudio
3723 1706 3772 1751 ct

2187 1789 2421 1848 Paterno
2453 1790 2523 1847 1V
2557 1806 2639 1847 cc.
2667 1792 2856 1848 consul

929 2058 1565 2219 INCI‘PIUNT
1635 2085 2177 2218 DECRETA
2244 2121 2874 2218 EUTICIANI
2953 2125 3329 2218 mm.

1291 2318 1469 2384 (Anno
1500 2313 1717 2373 Domini
1737 2314 1862 2382 276,
1887 2312 2183 2369 Aureliano
2212 2321 2269 2370 et
2296 2312 2485 2372 Tacito
2517 2313 2956 2388 imperantibus.)

555 2612 906 2673 Charissimis
943 2610 1203 2668 fratribus
1241 2609 1433 2669 Joxuur
1462 2619 1519 2666 et
1562 2609 1816 2666 omnibus
1850 2623 1947 2680 per
1978 2608 2081 2664 Be-
2107 2583 2155 2645 Β
2182 2601 2483 2675 profertur.
2516 2604 2600 2659 Ad
2632 2603 2785 2674 cujus
2807 2619 2993 2662 vocem
3031 2606 3344 2680 archangeli
3386 2615 3555 2682 amne
3604 2610 3766 2684 angeli

486 2708 658 2765 ticam
709 2706 1045 2779 provinciam
1076 2705 1387 2762 constitutis
1429 2704 1717 2776 episcopis,
1748 2703 2079 2761 Eurrcunus

485 2800 772 2872 episcopus
800 2798 854 2853 in
884 2797 1114 2855 Domino
1140 2797 1391 2853 salutem.

557 2887 819 2943 Hortatur
846 2902 946 2944 nos
988 2888 1217 2958 aquilas
1250 2887 1632 2958 postulationis
1665 2887 1938 2945 desiderio
1967 2889 2077 2943 fra-

481 2978 770 3033 ternitatis
804 2987 907 3033 tua:
953 2986 1235 3050 gratanter
1280 2993 1547 3045 annuere,
1580 2986 1636 3034 et
1671 2978 1940 3035 consultis
1974 2979 2079 3034 tuis

482 3069 722 3125 breviter
750 3070 1102 3143 respondere.
1135 3069 1204 3124 Et
1250 3071 1498 3140 quamvis
1536 3070 1879 3128 dilectionem
1932 3080 2076 3125 tuam

478 3158 654 3213 sciam
688 3160 757 3214 ad
797 3173 961 3214 omne
985 3173 1126 3229 opus
1153 3174 1317 3214 omne
1358 3160 1560 3215 bonum
1592 3175 1714 3216 esse
1740 3161 1992 3216 devotam
2024 3168 2082 3215 ut

484 3258 673 3305 tamen
712 3247 989 3306 efficacior
1037 3249 1134 3305 ﬂat
1173 3251 1241 3306 ad
1270 3250 1391 3308 illos
1421 3252 1513 3322 qui
1544 3267 1675 3308 sane
1714 3267 1821 3309 non
1864 3253 2082 3323 sapiunt

490 3342 731 3413 qualiter
785 3358 881 3400 eos
923 3345 988 3399 de
1029 3344 1758 3404 lncarnationeﬁalvatoris
1790 3348 1963 3403 nostri
2003 3347 2082 3402 in-

479 3430 734 3490 formare.
747 3433 970 3504 debeas,
1005 3436 1353 3498 mandamus.

554 3523 732 3581 Unum
782 3527 948 3599 igitur
996 3526 1102 3587 hoc
1142 3529 1422 3589 immobile
1472 3530 1926 3599 fundamentum,
1969 3547 2079 3587 una

476 3616 598 3672 haec
640 3616 771 3673 felix
802 3618 928 3675 ﬁdei
965 3633 1119 3692 petra
1147 3622 1292 3677 Petri
1344 3637 1441 3678 ore
1466 3622 1738 3679 confessa.
1765 3623 1845 3678 Tu
1879 3638 1960 3689 es,
1998 3625 2083 3677 in-

477 3709 622 3779 quit,
653 3709 904 3771 Christus
929 3715 1097 3771 Filius
1120 3715 1215 3770 Dei
1246 3716 1379 3782 vivi,
1409 3724 1557 3771 tanta
1586 3717 1642 3771 in
1672 3731 1731 3773 se
1761 3726 2080 3788 argumenta

478 3801 763 3859 sustinens
776 3806 1025 3865 veritatis
1045 3815 1262 3876 quantae
1291 3808 1665 3877 perversitatis
1679 3810 2008 3878 quaestiones
2025 3818 2078 3865 ct

482 3895 827 3954 infidelitatis
855 3898 1141 3955 calumniae
1189 3900 1571 3955 movebuntur.
1603 3899 1724 3955 Jam
1768 3901 1823 3955 in
1866 3903 2079 3958 caeteris

2186 2704 2445 2764 tremunt,
2478 2698 2678 2753 ccelum
2706 2708 2762 2754 et
2797 2707 2943 2754 terra
2976 2707 3029 2756 et
3060 2701 3244 2755 omnia
3286 2700 3445 2771 hujus
3478 2705 3670 2760 mundi
3697 2721 3769 2759 re-

2139 2833 2147 2841 .
2183 2788 2399 2843 solvunt
2426 2788 2716 2857 elementa,
2746 2791 2960 2862 vagitus
2994 2790 3238 2848 infantiae
3276 2794 3517 2849 auditur.
3559 2795 3664 2863 Qui
3698 2796 3769 2851 in-

2181 2881 2414 2938 visibilis
2442 2891 2496 2938 et
2526 2883 3099 2954 incomprehensibilis
3120 2894 3235 2951 est,
3280 2901 3388 2941 non
3411 2885 3557 2953 visu,
3592 2902 3768 2951 sensu,

2185 2983 2437 3045 tactuque
2480 2975 2863 3041 moderandus,
2908 2977 3063 3031 cunis
3095 2986 3180 3032 est
3202 2976 3532 3043 obvolutus;
3591 2978 3707 3033 haec
3731 2978 3769 3032 si

2183 3064 2303 3135 quis
2340 3067 2559 3138 indigna
2607 3066 2718 3125 Deo
2758 3069 2972 3137 recolit,
3009 3077 3158 3128 tanto
3187 3087 3247 3127 se
3274 3070 3500 3141 majoris
3529 3073 3768 3130 beneficii

2182 3157 2475 3212 obnoxium
2502 3160 2809 3225 confitetur,
2841 3170 3047 3231 quanto
3073 3162 3254 3218 minus
3284 3164 3401 3218 haec
3447 3163 3548 3219 Dei
3575 3179 3766 3220 conveo

2185 3259 2382 3305 nerunt
2402 3251 2696 3323 majestati.
2724 3253 2842 3309 Non
2871 3254 2960 3309 ille
2982 3255 3129 3326 eguit
3154 3256 3317 3311 homo
3342 3255 3482 3311 effici
3501 3271 3605 3327 per
3621 3270 3767 3329 quem

2185 3342 2348 3396 homo
2390 3341 2567 3399 factus
2598 3354 2725 3411 est,
2775 3346 2871 3401 sed
2926 3362 3026 3402 nos
3068 3347 3316 3419 eguimus
3360 3357 3421 3402 ut
3464 3347 3617 3405 Deus
3654 3362 3769 3404 caro

2187 3434 2362 3499 licrct,
2379 3444 2432 3490 ct
2449 3435 2721 3492 habitaret
2741 3437 2794 3492 in
2818 3438 2997 3504 nobis,
3019 3438 3072 3494 id
3085 3447 3189 3505 est,
3207 3440 3584 3510 assumptione
3602 3440 3771 3497 carnis

2186 3541 2326 3580 unus
2364 3525 2577 3581 interna
2609 3527 2878 3583 universa:
2931 3528 3112 3584 carnis
3167 3529 3467 3585 incoleret:
3503 3530 3771 3585 humilitas

2185 3618 2303 3689 ejus
2342 3628 2529 3676 nostra
2581 3622 2834 3677 nobilitas
2888 3630 2993 3688 est,
3050 3622 3375 3678 contumelia
3436 3623 3558 3695 ejus
3608 3625 3771 3680 honor

2186 3724 2372 3770 noster
2397 3724 2501 3771 est.
2532 3715 2686 3784 Quod
2716 3715 2805 3772 ille
2843 3715 2987 3773 Deus
3028 3715 3082 3771 in
3113 3730 3279 3772 carne
3319 3716 3649 3785 consistens,
3677 3718 3769 3774 hoc

2188 3822 2285 3862 nos
2310 3808 2547 3864 vicissim
2580 3808 2632 3862 in
2663 3807 2833 3863 Deum
2882 3824 2948 3865 ex
2997 3824 3163 3865 carne
3199 3810 3463 3865 renovati.
3502 3810 3669 3867 Plane
3701 3811 3771 3865 vi-

2188 3906 2300 3953 tam
2346 3913 2499 3954 suam
2557 3901 2731 3954 nescit
2774 3899 2864 3970 qui
2919 3897 3202 3955 Christum
3253 3898 3441 3956 Iesum
3486 3911 3549 3957 ut
3583 3917 3766 3958 verum

481 3988 819 4061 dispensatio
838 3992 1134 4049 voluntatis
1146 4001 1385 4061 paternae
1406 3993 1495 4048 sit.
1515 3993 1657 4064 Ergo
1675 4003 1867 4065 pectus
1890 4008 1945 4050 et
1964 4011 2083 4051 εον·
2111 3978 2156 4042 C
2189 3990 2355 4044 Deum
2373 3979 2397 4055 ν’
2429 3988 2504 4043 ila
2532 3998 2587 4043 et
2633 4003 2820 4052 velum
2856 3990 3070 4060 ignorat
3110 3989 3406 4058 hominem,
3437 4000 3493 4046 et
3539 3992 3769 4063 ejusdem

481 4095 618 4151 pus,
663 4090 952 4152 postquam
982 4097 1148 4147 crux,
1209 4097 1355 4138 mors
1404 4080 1639 4150 inferni,
1694 4083 1840 4141 salus
1894 4095 2079 4141 nostra

483 4179 591 4227 est.

559 4260 796 4318 Humani
837 4263 985 4320 enim
1026 4265 1241 4338 generis
1261 4279 1425 4321 causa
1452 4264 1550 4322 Dei
1598 4265 1768 4323 Filius
1813 4277 1975 4325 natus
2013 4285 2081 4326 ex

485 4354 712 4426 Virgine
739 4365 842 4424 est,
872 4366 927 4412 et
952 4358 1159 4429 Spiritu
1190 4368 1377 4415 sancto
1406 4358 1525 4430 ipso
1546 4359 1649 4415 sibi
1702 4360 1756 4415 in
1798 4361 1900 4417 hac
1949 4375 2082 4430 ope-

485 4447 701 4503 ratione
723 4446 1042 4515 famulante,
1077 4460 1133 4506 et
1154 4467 1249 4506 sua
1282 4451 1401 4523 (Dei
1432 4452 1706 4524 videlicet)
1733 4455 2083 4511 inumbrante

484 4538 709 4608 virtute,
730 4543 974 4611 corporis
993 4543 1095 4598 sibi
1129 4544 1284 4599 initia
1311 4546 1553 4601 consevit
1570 4556 1628 4601 et
1650 4548 1874 4603 exordia
1902 4548 2084 4603 carnis

485 4634 753 4702 instituit,
786 4646 843 4691 ut
879 4638 1044 4693 homo
1081 4636 1260 4694 factus
1300 4656 1367 4695 ex
1396 4640 1614 4712 Virgine
1649 4649 1895 4697 naturam
1930 4643 1984 4696 in
2026 4656 2085 4696 se

485 4727 671 4784 carnis
715 4730 1007 4799 acciperet,
1058 4744 1156 4800 per
1180 4746 1344 4802 quam
1387 4730 1546 4801 hujus
1598 4734 1941 4790 admistionis
1993 4750 2082 4790 so-

491 4818 747 4874 cietatem
795 4819 1192 4875 sanctificatum
1247 4822 1300 4876 in
1342 4838 1408 4877 eo
1446 4824 1687 4880 universi
1726 4825 1948 4880 humani
1992 4839 2086 4897 ge-

486 4908 642 4964 neris
663 4924 862 4981 corpus
888 4910 1166 4966 existeret.
1196 4911 1285 4979 Et,
1315 4914 1768 4983 quemadmodum
1798 4929 1987 4970 omnes
2030 4916 2083 4968 in

488 5001 612 5073 ipso
622 5016 721 5073 per
733 5003 786 5058 id
802 5003 947 5073 quod
958 5018 1281 5074 corporeum
1298 5020 1359 5060 se
1377 5021 1499 5062 esse
1512 5005 1683 5061 voluit
1697 5008 2079 5071 conderentur,

488 5094 571 5149 ita
593 5109 812 5150 rursum
853 5095 907 5149 in
932 5108 1123 5150 omnes
1146 5097 1281 5165 ipse,
1308 5111 1407 5167 per
1429 5097 1485 5153 id
1506 5097 1650 5168 quod
1669 5096 1786 5166 ejus
1810 5106 1913 5163 est,
1946 5097 2087 5151 invi-

486 5184 650 5243 sibile
678 5185 999 5242 referretur.
1047 5187 1143 5242 Dei
1171 5187 1339 5259 igitur
1367 5188 1544 5259 imago
1590 5188 1873 5244 invisibilis
1914 5189 2085 5259 pudo—

482 5293 606 5336 rem
632 5278 856 5336 humani
883 5280 1097 5337 exordii
1118 5295 1227 5337 non
1248 5281 1543 5347 recusavit,
1580 5291 1634 5335 et
1653 5296 1749 5351 per
1772 5282 2083 5353 conceptio-

2186 4079 2410 4150 pericnli
2433 4094 2520 4135 res
2533 4078 3107 4136 esthsumChristum
3136 4081 3218 4135 vel
3242 4081 3506 4151 Spiritum
3533 4092 3767 4138 sanctum

2186 4170 2357 4224 Deum
2382 4183 2488 4224 non
2521 4171 2762 4236 credere,
2807 4169 2890 4225 vel
2919 4183 3137 4226 carnem
3185 4171 3359 4226 nostri
3406 4172 3655 4244 corporis
3686 4171 3771 4227 de-

2187 4274 2409 4330 negare.
2446 4277 2464 4311 t
2500 4257 2691 4316 Omnis
2733 4275 2865 4332 ergo
2908 4262 3002 4331 qui
3049 4261 3399 4318 confitebitur
3448 4277 3537 4319 me
3595 4277 3766 4319 coram

2187 4350 2518 4416 hominibus,
2542 4351 2846 4407 conﬁtebor
2873 4362 2931 4409 et
2960 4368 3063 4425 ego
3103 4368 3227 4409 eum
3256 4369 3442 4409 coram
3463 4353 3630 4411 Patre
3655 4367 3767 4409 meo

2186 4445 2280 4515 qui
2329 4446 2384 4500 in
2437 4445 2593 4501 caelis
2620 4454 2723 4502 est.
2768 4445 2871 4513 Qui
2918 4457 3100 4503 autem
3149 4449 3430 4519 negaverit
3468 4465 3557 4505 me
3597 4462 3766 4504 coram

2188 4539 2519 4606 hominibus,
2545 4540 2753 4611 negabo
2787 4548 2842 4593 et
2868 4554 2969 4612 ego
2994 4556 3117 4596 eum
3147 4555 3333 4596 coram
3359 4541 3526 4597 Patre
3554 4556 3675 4597 meo
3688 4539 3767 4611 qui

2189 4634 2243 4687 in
2277 4633 2428 4689 caelis
2461 4641 2547 4689 est
2572 4632 2791 4705 (Matth.
2823 4649 2877 4698 x,
2908 4633 3003 4700 '52,
3031 4634 3145 4699 55).
3178 4655 3199 4687 ι
3238 4634 3364 4691 Haec
3395 4635 3627 4691 verbum
3652 4649 3767 4692 caro

2190 4724 2394 4779 factum
2420 4724 2742 4794 loquebatur
2770 4734 2826 4780 et
2855 4726 3019 4781 homo
3047 4724 3204 4782 Jesus
3236 4725 3488 4782 Christus
3524 4727 3766 4783 Dominus

2189 4814 2492 4885 majestatis
2515 4816 2775 4881 docebat,
2817 4816 3085 4873 mediator
3112 4818 3226 4887 ipse
3272 4817 3326 4872 in
3354 4832 3417 4873 se
3445 4818 3517 4872 ad
3557 4819 3763 4873 salutem

2191 4908 2447 4963 Ecclesia:
2478 4908 2831 4976 constitutus,
2866 4917 2919 4964 et
2955 4911 3072 4980 ipso
3100 4910 3192 4966 illo
3227 4911 3370 4966 inter
3397 4910 3573 4967 Deum
3600 4920 3651 4967 et
3678 4912 3762 4966 ho-

2191 5002 2366 5056 mines
2409 5001 2725 5057 mediatoris
2765 5012 3111 5059 sacramento
3150 5011 3446 5073 utrumque
3477 5020 3618 5060 unus
3662 5003 3760 5058 exi-

2191 5101 2343 5147 stens
2377 5091 2503 5147 dum
2547 5094 2663 5163 ipse
2710 5108 2779 5149 ex
2832 5094 3004 5150 unilis
3041 5095 3098 5149 in
3141 5095 3372 5166 idipsum
3429 5097 3660 5162 naturis,
3689 5110 3761 5149 na-

2193 5192 2327 5239 turae
2354 5184 2639 5257 utriusque
2668 5200 2759 5242 res
2794 5185 2985 5242 eadem
3009 5195 3112 5252 est,
3136 5186 3213 5242 ita
3258 5196 3442 5243 tamen
3481 5196 3543 5242 ut
3590 5196 3760 5242 neuu-o

2192 5286 2405 5333 careret
2462 5277 2516 5331 in
2576 5279 2841 5348 utroque,
2899 5293 2971 5334 ne
3018 5278 3159 5334 forte
3208 5277 3350 5333 Deus
3436 5292 3567 5334 esse
3620 5279 3759 5333 homo

507 5381 883 5423 mm,
909 5376 1157 5430 vetitum
1202 5382 1492 5434 etcuuas.
1532 5389 1831 5434 omnesque
1878 5336 2079 5434 nostra:
2109 5336 2165 5401 Β
2189 5370 2462 5425 nascendo
2488 5371 2779 5434 desineret,
2814 5379 2871 5428 et
2898 5372 3063 5428 homo
3092 5386 3308 5428 rursum
3335 5372 3483 5428 Deus
3512 5370 3758 5427 manendo
