3926 6502
227 525 333 584 201
1461 528 1952 590 DECRETALIUM
1991 529 2383 594 COLLECTIO.
2836 580 2839 583 η
3425 537 3536 596 202

235 646 410 702 Deum
433 625 713 701 hominem
742 644 888 701 hunc
906 658 1006 716 per
1024 645 1208 702 omnia
1235 646 1533 719 evangelici
1564 648 1835 705 sermonis
1861 652 1915 713 Α
1939 648 2214 720 disperdet
2256 658 2327 706 te.
2380 650 2501 707 Noli
2530 653 2726 708 anxius
2763 667 2886 709 esse
2929 654 2985 709 in
3041 653 3244 711 divitiis
3287 654 3536 729 iniustis,

232 738 464 794 modum
504 736 710 804 tenuit,
733 747 796 794 ut
845 752 904 794 se
930 738 1028 795 Dei
1059 737 1256 796 Filium
1305 741 1454 797 credi
1491 741 1732 810 doceret,
1774 748 1834 798 et
1938 740 2073 796 nihil
2123 741 2423 812 proderunt
2461 744 2555 798 tibi
2610 745 2665 798 in
2694 744 3150 815 dielobductionis
3180 755 3238 802 et
3258 748 3535 807 vindictae.

234 835 480 891 hominis
505 834 677 892 ﬁlium
703 836 1047 906 praedicaret,
1078 845 1135 893 et
1164 838 1484 895 admoneret
1522 840 1751 912 loquens
1779 848 1837 898 et

234 940 459 995 gerens,
490 925 655 982 homo
679 927 934 984 universa
970 942 1092 999 quae
1119 929 1212 985 Dei
1244 940 1372 987 sunt
1415 932 1645 1003 loquens
1668 940 1724 988 et
1748 946 1838 1003 ge-

237 1032 394 1084 rens,
421 1017 617 1073 deinde
662 1019 806 1074 Deus
855 1020 1111 1077 universa
1136 1035 1258 1092 qua!
1299 1022 1536 1079 hominis
1567 1032 1724 1091 sunt,
1762 1023 1837 1081 ita

236 1116 426 1164 tamen
447 1109 587 1165 utin
611 1109 835 1181 ipsoillo
861 1111 1147 1183 utriusque
1170 1115 1386 1185 generis
1412 1129 1667 1172 sermone
1706 1132 1839 1171 nun-

234 1217 415 1272 quam
431 1201 535 1256 nisi
554 1216 678 1257 cum
708 1202 1106 1272 significatione
1134 1205 1370 1262 hominis
1402 1206 1636 1275 loculus,
1655 1217 1712 1264 et
1739 1208 1836 1264 Dei

235 1292 335 1349 sit.
369 1291 496 1349 Haec
522 1293 709 1365 itaque
752 1292 973 1349 fallendi
1014 1295 1291 1367 simplices
1328 1308 1493 1368 atque
1523 1299 1837 1371 ignorantes

234 1383 517 1440 haereticis
557 1384 776 1441 occasio
812 1394 918 1453 est,
955 1395 1016 1441 ut
1057 1402 1178 1458 quae
1216 1388 1284 1442 ab
1310 1402 1377 1444 eo
1409 1389 1707 1445 secundum
1740 1390 1839 1447 bo-

235 1478 446 1533 minem
472 1477 617 1534 dicta
644 1487 811 1546 sunt,
837 1480 979 1535 dicta
1010 1496 1134 1536 esse
1168 1482 1468 1538 secundum
1492 1483 1710 1540 divinae
1737 1499 1839 1540 na-

238 1580 379 1626 tura:
422 1572 794 1630 inﬁrmitatem
821 1575 1173 1630 mentiantur.
1220 1576 1289 1630 Et
1314 1577 1443 1647 quia
1484 1592 1626 1633 unus
1672 1586 1836 1649 atque

238 1669 386 1724 idem
410 1677 516 1734 est,
541 1669 781 1742 ,loquens
799 1671 980 1726 omnia
1012 1687 1134 1741 qua:
1162 1673 1405 1744 loquitur
1427 1674 1496 1729 de
1515 1676 1833 1745 semetipso,

235 1758 429 1815 omnia
453 1773 578 1814 eum
606 1760 674 1816 de
714 1762 999 1818 divinitate
1040 1763 1280 1819 locutum
1313 1781 1435 1821 esse
1480 1768 1835 1823 contendant.

237 1848 355 1903 Nec
376 1863 510 1904 sane
537 1865 800 1920 negamus
822 1860 991 1907 totum
1040 1853 1191 1909 illum
1220 1855 1311 1925 qui
1336 1856 1387 1911 ei
1418 1864 1603 1912 manet
1630 1865 1841 1913 natura:

237 1956 355 1997 suae
385 1956 507 1997 esse
551 1956 877 1999 sermonem.
913 1942 1019 2000 Sed
1047 1946 1091 2000 si
1121 1945 1280 2002 Jesus
1308 1944 1559 2003 Christus
1582 1956 1637 2003 et
1675 1949 1841 2003 homo

1938 829 2058 887 Non
2100 832 2329 889 ventiles
2360 840 2412 888 te
2448 834 2505 888 in
2551 850 2769 892 omnem
2809 845 3063 901 ventum.
3101 848 3299 896 etnon
3337 854 3432 898 eas
3478 843 3537 899 in

1939 922 2086 978 omni
2113 924 2220 978 via.
2254 922 2347 981 Sic
2370 925 2516 981 enim
2539 927 2717 983 omnis
2767 936 3020 998 peccator
3045 929 3310 1001 probatur
3333 931 3540 1005 duplici

1939 1012 2142 1086 lingua.
2174 1014 2304 1073 Esto
2346 1016 2537 1073 ﬁrmus
2560 1018 2615 1072 in
2640 1018 2728 1073 via
2752 1018 2883 1086 Dei,
2919 1029 2974 1077 et
2998 1020 3054 1076 in
3074 1021 3313 1078 veritate
3342 1040 3541 1083 sensus

1940 1107 2039 1176 tui,
2069 1115 2126 1162 et
2154 1109 2403 1177 scientia,
2446 1119 2502 1166 et
2547 1122 2908 1183 prosequatur
2934 1123 2987 1171 te
3034 1116 3261 1172 verbum
3302 1119 3456 1190 pacis
3482 1131 3541 1176 et

1934 1200 2178 1274 justitiae.
2216 1202 2347 1258 Esto
2390 1215 2704 1261 mansuetus
2727 1208 2793 1262 ad
2821 1207 3147 1265 audiendum
3176 1212 3405 1268 verbum
3427 1254 3443 1280 ,
3474 1222 3537 1269 ut

1941 1295 2236 1365 intelligas,
2275 1303 2481 1352 etcum
2530 1298 2794 1369 sapientia
2838 1296 2922 1354 fer
2949 1315 3288 1371 responsum.
3342 1302 3399 1359 Si
3452 1313 3541 1375 est

1942 1386 2039 1441 tibi
2066 1387 2393 1456 intellectus,
2424 1390 2694 1459 responde
2714 1390 2984 1462 proximo;
3007 1393 3090 1449 sin
3115 1402 3296 1449 autem
3331 1396 3405 1451 sit
3425 1411 3542 1451 ma-

1942 1492 2045 1534 nus
2091 1487 2182 1533 tua
2212 1494 2380 1552 super
2410 1496 2472 1535 os
2498 1491 2652 1535 tuum
2676 1496 2743 1536 ne
2782 1482 3017 1539 caniaris
3042 1483 3096 1539 in
3122 1486 3289 1541 verbo
3314 1485 3541 1542 indisci-

1940 1571 2171 1642 plinato,
2204 1582 2261 1630 et
2294 1573 2664 1631 confundaris.
2712 1574 2897 1631 Honor
2920 1584 2976 1632 et
3004 1576 3175 1648 gloria
3201 1578 3255 1632 in
3288 1593 3544 1635 sermone

1943 1668 2145 1723 sensati
2173 1709 2189 1735 ,
2239 1668 2419 1742 lingua
2463 1684 2593 1725 vero
2634 1670 2994 1740 imprudentis
3037 1673 3319 1728 subversio
3374 1672 3541 1728 illius.

1916 1760 2061 1818 .Non
2092 1763 2381 1834 appelleris
2412 1780 2657 1830 susurro,
2681 1772 2736 1818 et
2763 1765 2947 1836 lingua
2977 1773 3068 1820 tua
3110 1780 3179 1820 ne
3202 1765 3460 1835 capiaris,
3488 1774 3546 1820 et

1945 1857 2312 1914 confundaris.
2351 1857 2525 1929 Super
2549 1857 2720 1913 furem
2742 1859 2887 1915 enim
2915 1868 2999 1915 est
3030 1860 3307 1924 confusio,
3342 1866 3397 1914 et
3427 1872 3545 1930 pte-

1950 1949 2180 2005 nitentia
2214 1990 2230 2015 ,
2258 1957 2315 2005 et
2342 1951 2619 2006 denotatio
2640 1950 2872 2021 pessima
2898 1965 3062 2020 super
3083 1950 3379 2024 hilinguem
3411 1967 3426 2004 :
3455 1967 3543 2008 su-

237 2042 301 2089 et
325 2033 490 2100 Deus,
506 2043 563 2091 et
588 2050 820 2106 nequam
846 2052 969 2092 cum
995 2038 1156 2094 homo
1169 2039 1260 2104 sit,
1283 2046 1396 2093 tum
1412 2040 1650 2109 primum
1674 2040 1839 2107 Deus,
1873 2022 1925 2084 Β
1952 2042 2218 2097 surratori
2247 2050 2426 2097 autem
2454 2043 2660 2107 odium,
2684 2052 2737 2098 et
2778 2043 3082 2111 inimicitia,
3111 2052 3167 2100 et
3193 2022 3544 2117 contumelia,

241 2142 425 2197 neque
443 2133 560 2181 tum
601 2142 728 2182 cum
753 2136 809 2183 et
840 2128 1005 2184 homo
1025 2129 1098 2184 sit
1128 2139 1186 2185 et
1210 2129 1373 2198 Deus,
1402 2138 1517 2186 tum
1543 2147 1651 2187 non
1678 2133 1843 2187 etiam

238 2225 302 2275 et
344 2219 511 2286 Deus,
556 2234 732 2291 neque
775 2229 898 2291 post
936 2221 1215 2278 hominem
1273 2223 1329 2278 in
1384 2224 1496 2279 Deo
1547 2240 1655 2280 non
1696 2233 1844 2280 totus

241 2315 432 2381 homo,
466 2323 613 2371 totus
647 2316 809 2381 Deus,
859 2333 1027 2373 unum
1060 2327 1224 2389 atque
1267 2319 1409 2376 idem
1453 2335 1678 2376 necesse
1726 2329 1842 2387 est,

242 2406 461 2462 dicatur
486 2407 606 2479 ejus
629 2423 750 2464 esse
785 2419 1187 2466 sacramentum
1212 2414 1357 2482 quod
1376 2414 1612 2484 generis.
1633 2413 1700 2468 Et
1717 2429 1841 2469 cum

244 2496 300 2551 in
322 2512 389 2552 co
418 2499 717 2554 secundum
732 2507 944 2570 tempus
970 2501 1237 2558 discernis
1262 2503 1729 2569 hominemaDeo,
1748 2505 1845 2562 Dei

247 2600 377 2644 tunc
388 2600 553 2663 atque
574 2592 810 2649 hominis
825 2593 1075 2650 discerne
1089 2611 1416 2653 sermonem.
1441 2598 1511 2654 Et
1532 2614 1657 2656 cum
1673 2601 1843 2657 Deum

243 2692 412 2754 atque
459 2684 735 2740 hominem
781 2686 837 2741 in
867 2697 1113 2759 tempore
1140 2690 1444 2759 conﬁteris,
1476 2692 1570 2750 Dei
1605 2703 1734 2750 tunc
1762 2703 1846 2750 at-

243 2790 354 2845 que
385 2775 623 2832 hominis
651 2777 705 2832 in
734 2787 979 2851 tempore
1007 2780 1152 2836 dicta
1179 2781 1438 2851 diiudica.
1466 2784 1599 2841 Cum
1623 2801 1757 2843 vero
1778 2802 1847 2843 ex

248 2868 475 2924 homine
505 2879 563 2924 et
612 2870 726 2927 Deo
772 2886 990 2927 rursum
1024 2873 1190 2930 totius
1229 2876 1489 2945 hominis,
1538 2879 1707 2935 totius
1730 2882 1845 2947 lant

246 2958 348 3015 Dei
380 2968 594 3032 tempus
634 2963 907 3037 intelligis,
947 2965 994 3021 si
1046 2967 1266 3035 quidem
1326 2968 1456 3025 illud
1506 2970 1576 3027 ad
1629 2972 1849 3028 demon-

247 3055 573 3110 strationem
599 3057 858 3127 temporis
891 3058 1095 3114 dictum
1140 3068 1246 3128 est,
1289 3062 1522 3132 tempori
1573 3066 1846 3135 coaptatio

246 3164 375 3220 quae
405 3146 575 3221 dicta,
604 3157 766 3216 sunt,
798 3158 861 3205 ut
887 3165 1010 3207 cum
1056 3151 1202 3208 aliud
1259 3154 1331 3209 sit
1373 3164 1500 3211 ante
1568 3156 1845 3215 hominem

246 3240 417 3306 Deus,
452 3240 598 3296 aliud
623 3242 697 3297 sit
724 3242 888 3298 homo
914 3260 927 3297 :
959 3251 1014 3299 et
1040 3243 1207 3311 Deus,
1231 3245 1377 3301 aliud
1409 3247 1480 3302 sit
1518 3257 1641 3317 post
1668 3250 1849 3306 homi-

246 3333 457 3388 minem
477 3342 533 3388 et
554 3334 746 3401 Deum,
761 3343 908 3391 totus
917 3334 1083 3391 homo
1096 3345 1152 3392 et
1164 3346 1309 3394 totus
1320 3338 1484 3406 Deus,
1499 3355 1608 3395 non
1621 3341 1850 3398 confun-

246 3424 350 3480 das
378 3424 710 3495 temporibus
727 3434 783 3482 et
793 3426 1085 3498 generibus
1098 3428 1517 3500 dispensationis
1538 3445 1851 3488 sacramen-

250 3504 396 3582 tum,
421 3532 544 3572 cum
558 3532 656 3588 pro
676 3518 939 3589 qualitate
964 3536 1230 3593 generum
1258 3536 1325 3578 ac
1351 3530 1673 3581 naturarum
1701 3526 1850 3582 aliud

252 3623 383 3665 cum
397 3596 741 3667 sacramento
764 3610 1000 3668 hominis
1020 3610 1246 3670 necesse
1256 3622 1344 3670 est
1356 3612 1665 3672 sermonem
1683 3616 1851 3675 fuisse

251 3715 367 3755 non
390 3710 537 3766 nato,
559 3702 702 3758 aliud
732 3704 912 3761 adhuc
934 3706 1224 3775 morituro,
1240 3707 1386 3763 aliud
1411 3708 1575 3765 etiam
1621 3718 1849 3770 aeterno.

251 3794 441 3851 Nostri
462 3795 628 3867 igitur
644 3812 810 3853 causa
826 3798 943 3855 haec
954 3798 1136 3855 omnia
1148 3797 1309 3857 Jesus
1319 3798 1573 3859 Christus
1589 3818 1786 3874 gerens
1797 3812 1855 3860 et

252 3887 505 3957 corporis
528 3888 699 3944 nostri
724 3889 885 3946 homo
908 3898 1067 3946 natus
1087 3890 1385 3947 secundum
1408 3894 1854 3950 consuetudinem

253 3988 473 4037 natura;
505 3990 704 4036 nostra:
728 3980 940 4038 locutus
960 3990 1062 4046 est,
1094 3998 1204 4038 non
1248 3992 1431 4040 tamen
1461 3985 1721 4042 omittens
1754 4001 1855 4041 na-

254 4082 402 4129 tura:
458 4081 732 4129 suat'esse
784 4074 927 4144 quod
976 4074 1121 4130 Deus
1162 4082 1267 4131 est.
1315 4073 1452 4131 Nam
1496 4078 1727 4133 .tametsi
1799 4078 1855 4133 in

250 4172 445 4236 partu,
461 4173 516 4220 et
544 4165 818 4236 passione,
840 4173 896 4221 et
924 4174 1100 4222 morte
1122 4174 1330 4224 naturai
1358 4176 1561 4224 nostrae
1591 4184 1704 4226 rem
1735 4183 1860 4238 per-

252 4257 477 4329 egerit,
518 4272 606 4313 res
654 4265 836 4314 tamen
868 4257 1016 4329 ipsas
1063 4274 1254 4315 omnes
1280 4260 1481 4317 virtute
1512 4270 1723 4317 naturae
1746 4276 1859 4318 suae

254 4350 455 4422 gessit.
478 4347 645 4407 Vides
668 4365 737 4405 ne
760 4350 835 4405 ita
864 4351 1038 4406 Deum
1071 4359 1127 4407 et
1156 4352 1433 4409 hominem
1488 4354 1772 4424 pmdicari
1802 4363 1862 4410 ut

253 4455 413 4497 mors
462 4441 687 4506 homini,
715 4440 828 4497 Deo
868 4457 1001 4498 vero
1037 4443 1222 4499 carnis
1266 4443 1527 4500 excitatio
1549 4445 1860 4515 deputetur,

251 4550 372 4590 non
401 4542 582 4588 tamen
622 4533 761 4589 alius
807 4534 876 4588 sit
914 4534 1006 4605 qui
1050 4543 1298 4592 mortuus
1336 4544 1459 4603 est,
1509 4547 1565 4592 et
1610 4537 1748 4593 alius
1792 4538 1866 4593 sit

252 4642 363 4698 per
390 4641 552 4697 quem
599 4636 845 4682 mortuus
892 4628 1148 4699 resurgit.
1202 4626 1450 4698 Spoliata
1502 4631 1651 4686 enim
1697 4645 1866 4688 carne

254 4717 519 4773 Christus
568 4726 656 4772 est
689 4726 972 4783 mortuus,
1003 4726 1060 4775 et
1094 4734 1314 4774 rursum
1353 4717 1633 4776 Christum
1657 4736 1687 4775 a
1711 4736 1863 4777 mor«

258 4810 376 4865 tuis
394 4809 665 4877 excitans,
689 4810 833 4866 idem
857 4810 1111 4867 Christus
1139 4820 1225 4867 est
1245 4827 1412 4868 carne
1437 4828 1499 4869 se
1523 4814 1856 4885 exspolians.

256 4902 532 4959 Naturam
554 4903 651 4957 Dei
688 4903 744 4957 in
772 4902 977 4960 virtute
1007 4905 1431 4961 resurrectionis
1457 4906 1715 4979 intellige,
1746 4907 1860 4963 dis-

254 4996 644 5070 pensationem
680 4996 918 5053 hominis
945 4998 1001 5054 in
1030 5007 1206 5055 morte
1231 4981 1486 5072 agnosce.
1512 5002 1729 5058 Etcum
1752 5003 1864 5059 sint

258 5096 501 5158 utraque
544 5087 658 5142 suis
703 5098 857 5157 gesta
904 5088 1135 5157 naturis,
1168 5106 1335 5145 unum
1372 5099 1555 5147 tamen
1581 5091 1861 5148 Christum

256 5180 477 5245 Iesum,
508 5174 940 5237 eum'memento
981 5196 1101 5238 esse
1136 5184 1230 5253 qui
1258 5192 1549 5256 utrumque
1590 5194 1694 5242 est.
1737 5184 1864 5241 Haec

260 5273 439 5344 igitur
465 5271 889 5327 demonstranda
915 5286 947 5325 a
984 5286 1072 5327 me
1097 5274 1555 5343 paucisifuerunt,
1582 5284 1643 5331 ut
1670 5276 1871 5332 utrius-

261 5382 375 5437 que
419 5373 628 5420 natura:
656 5363 886 5419 formam
924 5366 1151 5420 tractari
1198 5366 1253 5421 in
1293 5366 1525 5423 Domino
1569 5376 1759 5424 nostro
1780 5367 1872 5424 .le-

262 5471 334 5511 su
359 5454 579 5512 Christo
595 5454 1049 5521 meminissemus,
1075 5456 1199 5527 quia
1237 5459 1330 5529 qui
1359 5472 1585 5514 manens
1608 5458 1663 5512 in
1699 5457 1875 5513 forma

264 5550 391 5616 Dei,
435 5548 668 5604 formam
697 5549 839 5604 servi
862 5549 1131 5621 suscepit,
1157 5552 1273 5624 ipse
1299 5551 1636 5609 divinitatem
1664 5566 1871 5623 nequa-

267 5658 438 5715 quam
466 5643 666 5701 amisit.
1580 5632 1593 5645 Ν

340 5737 637 5806 Caeterum,
671 5739 891 5809 fratres,
921 5737 1209 5796 hortamur
1233 5752 1359 5804 vos,
1389 5744 1450 5792 ut
1478 5736 1748 5793 moneatis
1778 5750 1873 5792 eos

268 5834 515 5889 converti
560 5835 627 5888 ad
668 5837 855 5890 Deum.
906 5834 1063 5890 Unde
1129 5832 1390 5903 scriptum
1436 5838 1520 5886 est
1550 5848 1562 5882 :
1589 5847 1607 5880 ‹
1641 5828 1766 5894 Fili,
1803 5842 1872 5883 ne

272 5926 461 5981 tardes
488 5928 724 5982 converti
749 5924 829 5982 ad’
845 5928 1036 5992 Deum,
1070 5941 1136 5982 ne
1167 5924 1386 5981 dilferas
1419 5923 1486 5978 de
1511 5923 1597 5977 die
1624 5921 1679 5975 iu
1703 5919 1868 5974 diem.

277 6018 476 6077 Subito
502 6020 648 6077 enim
678 6021 860 6078 veniet
888 6019 971 6077 ira
1001 6020 1165 6088 illius,
1194 6026 1248 6074 et
1273 6018 1326 6073 in
1358 6025 1601 6086 tempore
1620 6013 1873 6071 vindicta:

1888 4762 1941 4823 D

1943 2130 2185 2199 justifica
2219 2132 2471 2202 pusillum
2504 2142 2558 2189 et
2585 2148 2838 2203 magnum
2869 2134 3137 2219 similiter.
3159 2133 3279 2191 Noli
3305 2135 3421 2191 ﬁeri
3446 2149 3548 2207 pro

1953 2223 2131 2278 amico
2163 2224 2416 2280 inimicus
2439 2226 2707 2295 proximo.
2744 2225 3138 2296 lmproperium
3160 2226 3305 2281 enim
3333 2235 3389 2283 et
3416 2242 3542 2283 con-

1953 2316 2232 2372 tumeliam
2267 2317 2442 2373 malus
2489 2317 2852 2384 hmreditahit,
2892 2327 2949 2374 et
2978 2319 3154 2375 omnis
3182 2328 3435 2391 peccator
3459 2320 3548 2376 in-

1953 2412 2111 2468 vidus
2137 2420 2194 2469 et
2222 2412 2497 2484 bilinguis.
2524 2411 2638 2468 Non
2666 2421 2721 2469 te
2747 2412 2974 2468 extollas
2994 2413 3049 2468 in
3071 2413 3403 2481 cegitatione
3430 2414 3549 2470 ani-

1952 2518 2058 2559 mae
2088 2511 2192 2559 ture
2221 2502 2366 2557 velut
2389 2510 2596 2569 taurus,
2615 2518 2686 2559 ne
2714 2502 2854 2558 forte
2884 2502 3118 2558 elidatur
3139 2503 3314 2558 virtus
3341 2512 3427 2558 tua
3451 2517 3552 2575 per

1952 2595 2260 2662 stultitiam,
2288 2604 2344 2651 et
2368 2595 2495 2651 folia
2523 2605 2613 2651 tua
2644 2596 2918 2662 comedat,
2948 2604 3004 2651 et
3031 2596 3240 2654 fructus
3279 2606 3396 2653 tuos
3423 2612 3550 2670 per-

1953 2687 2081 2752 dat,
2119 2695 2176 2743 et
2225 2687 2549 2758 relinquaris
2579 2687 2726 2743 velut
2770 2685 2974 2758 lignum
2999 2687 3212 2743 aridum
3253 2687 3307 2742 in
3342 2702 3553 2744 eremo.

1950 2777 2148 2833 Anima
2196 2777 2343 2834 enim
2367 2792 2600 2849 nequam
2629 2778 2894 2848 dispertiit
2939 2792 3061 2848 quae
3111 2792 3170 2834 se
3196 2778 3384 2845 habet,
3416 2787 3472 2835 et
3496 2777 3556 2834 in

1956 2868 2210 2941 gaudium
2242 2869 2448 2925 inimici
2477 2869 2571 2925 dat
2604 2869 2776 2937 illum,
2807 2878 2864 2925 et
2886 2868 3105 2928 deducit
3140 2870 3197 2926 in
3225 2880 3428 2927 sortem
3451 2870 3557 2928 im-

1953 2961 2169 3032 piorum
2213 2961 2402 3032 (Eccli.
2451 2977 2502 3026 v,
2554 2961 2720 3030 8-l8;
2769 2977 2844 3028 vr,
2883 2962 3021 3033 1-4).
3084 2981 3104 3016 ι
3169 2963 3392 3020 Talibus
3456 2978 3556 3022 vos

1955 3054 2469 3121 exhortationibus,
2527 3053 2764 3123 fratres,
2813 3053 3057 3111 vicissim
3114 3064 3426 3122 monetote,
3497 3067 3558 3114 et

1954 3148 2102 3204 bona
2146 3163 2361 3218 semper
2414 3147 2743 3215 sectamini,
2807 3147 3058 3219 malaque
3125 3148 3314 3204 vitate.
3385 3148 3559 3222 Magis

1958 3242 2107 3297 enim
2156 3240 2350 3296 studiis
2407 3241 2702 3297 secundum
2774 3240 2994 3296 beatum
3035 3239 3355 3310 Apostolum
3415 3256 3559 3313 prte-

1959 3334 2262 3390 cavendum
2315 3343 2438 3398 est,
2486 3348 2553 3387 ne
2598 3332 2732 3388 ﬁdes
2759 3341 2815 3387 et
2844 3332 3129 3403 disciplina
3171 3333 3385 3389 Domini
3435 3333 3557 3391 bla-
3601 3385 3605 3388 .

1956 3428 2327 3499 sphementur.
2370 3425 2438 3480 Et
2481 3425 2527 3481 si
2577 3424 2667 3481 illa
2697 3440 3086 3496 nonnunquam
3139 3425 3365 3482 sinenda
3405 3434 3555 3493 sunt,

1955 3534 2079 3588 quae
2099 3516 2167 3591 (si
2195 3526 2517 3574 caaterorum
2559 3523 2769 3573 constet
2814 3515 3145 3589 integritas)
3192 3516 3304 3572 sola
3355 3532 3556 3574 nocere

1957 3623 2063 3664 non
2103 3607 2319 3663 valeant
2343 3648 2357 3672 ,
2381 3605 2472 3662 illa
2504 3614 2685 3661 tamen
2714 3612 2840 3662 sunt
2855 3618 3185 3677 magnopere
3200 3608 3557 3676 praecavenda

1959 3717 2082 3773 qua)
2106 3701 2272 3772 recipi
2296 3700 2416 3756 sine
2438 3696 2725 3755 manifesta
2751 3696 3155 3762 decoloratione
3174 3690 3556 3770 non'possunt,

1962 3809 2028 3850 ac
2067 3795 2113 3851 si
2156 3809 2221 3849 ea
2260 3795 2377 3864 ipsa
2416 3807 2536 3863 qua:
2563 3790 2711 3847 nullo
2764 3789 3092 3846 detrimento
3144 3789 3432 3861 aliquoties
3477 3791 3561 3846 in-

1961 3886 2252 3959 telligenda
2274 3885 2586 3949 credentur,
2633 3881 2720 3937 vel
2741 3896 2924 3937 rerum
2970 3891 3388 3953 temporumque
3418 3880 3566 3953 cogit

1960 3981 2226 4046 intuitus,
2251 3979 2338 4037 vel
2362 3977 2677 4034 accelerataa
2694 3975 3022 4055 provisiunis
3070 3984 3352 4047 respectus
3404 3988 3567 4031 accu-

1959 4085 2066 4141 sat,
2114 4082 2322 4145 quanto
2365 4071 2543 4143 magis
2587 4069 2677 4125 illa
2731 4076 2859 4127 sunt
2901 4068 3208 4125 nullatenus
3261 4067 3565 4125 mutilanda

1959 4181 2084 4238 quas
2104 4179 2208 4222 nec
2231 4164 2339 4221 ulla
2382 4164 2683 4220 necessitas
2709 4203 2725 4229 ,
2767 4175 2868 4219 nec
2925 4162 3298 4219 ecclesiastica
3338 4177 3565 4232 prorsus

1962 4267 2251 4330 extorquet
2279 4256 2528 4314 utilitas?
2557 4256 2785 4323 Idcirco,
2816 4256 3018 4312 fratres
3038 4296 3055 4324 ,
3083 4257 3190 4312 ista
3212 4256 3555 4327 praetulimus

1962 4359 2025 4405 ut
2064 4349 2149 4405 ha:
2178 4348 2388 4420 species
2439 4362 2574 4418 quas
2617 4361 2726 4403 non
2771 4346 2901 4403 licet
2944 4344 3127 4403 oﬁ‘erri
3162 4352 3352 4419 ‘super
3393 4347 3569 4404 altare

1957 4440 2117 4511 juxta
2164 4439 2610 4497 constitutionem
2658 4439 3026 4509 apostolorum
3049 4479 3065 4507 ,
3093 4454 3395 4510 eorumque
3441 4453 3568 4496 suc-

1968 4550 2249 4593 cessorum
2282 4534 2353 4591 ad
2393 4534 2611 4591 domum
2669 4533 3015 4589 sacerdotum
3061 4530 3397 4599 deierantur,
3452 4541 3509 4588 et
3533 4547 3569 4588 a

1968 4626 2344 4685 sawrdotibus
2362 4625 2771 4691 benedicantur,
2799 4632 2857 4680 et
2888 4638 2988 4694 per
3005 4622 3306 4694 simplicem
3337 4620 3566 4676 benedi~

1971 4722 2213 4779 ctionem
2233 4720 2517 4776 benedicta
2541 4721 2759 4776 demum
2782 4733 2813 4772 a
2840 4716 3053 4789 populis
3071 4722 3378 4779 sumantur,
3429 4713 3569 4769 fabae

1969 4821 2179 4870 tantum
2200 4820 2265 4868 et
2292 4827 2427 4874 uvae,
2456 4822 2513 4868 et
2539 4819 2737 4868 caetera
2760 4824 2882 4882 quae
2909 4807 3137 4881 apostoli
3167 4806 3569 4863 constituerunt

1967 4918 2131 4974 super
2149 4902 2323 4959 altare
2344 4901 2663 4959 oﬁ'erantur.

2042 4992 2309 5065 Optamus
2331 4993 2517 5066 igitur,
2543 4991 2745 5050 fratres
2766 4990 3098 5059 charissimi,
3129 4999 3186 5049 et
3221 4993 3351 5049 totis
3389 4994 3568 5051 omni—

1966 5074 2557 5161 potentemDominum
2604 5086 2860 5158 precibus
2889 5100 3180 5142 exoramus
3217 5093 3280 5142 ut
3327 5086 3570 5144 dilectio-

1970 5195 2092 5235 nem
2119 5188 2358 5236 vestram
2383 5180 2437 5235 in
2459 5180 2664 5235 amoris
2685 5180 2767 5235 sui
2799 5178 3161 5236 constantiam
3205 5179 3373 5237 faciat
3394 5174 3572 5252 ma'gis

1975 5269 2259 5339 magisque
2281 5268 2611 5333 fervescere,
2667 5277 2828 5337 atque
2858 5268 2912 5321 in
2936 5281 3072 5337 pace
3096 5266 3355 5327 Ecclesiae
3376 5270 3433 5326 in
3460 5284 3568 5326 una

1976 5375 2073 5414 vos
2101 5359 2364 5415 concedat
2384 5372 2608 5414 manere
2629 5357 2938 5414 concordia.
2988 5357 3360 5415 Admonemus
3401 5359 3571 5413 etiam

1976 5448 2375 5506 fraternitatem
2403 5457 2662 5516 vestram,
2693 5457 2753 5504 ut
2773 5448 2827 5503 in
2853 5448 3161 5506 commissis
3180 5449 3335 5505 vobis
3361 5449 3570 5505 anima-

1977 5543 2080 5599 bus
2098 5542 2329 5598 solerter
2353 5540 2647 5613 invigiletis
2670 5582 2686 5607 ,
2738 5541 3152 5612 animarumque
3199 5541 3373 5609 magis
3402 5539 3571 5597 lucris

1978 5648 2143 5704 quam
2171 5631 2472 5688 commodis
2494 5631 2619 5687 vitae
2644 5632 2926 5703 praesentis
2976 5628 3291 5688 iﬁtendatis.
3345 5629 3401 5684 In
3438 5646 3569 5687 con-

1981 5725 2217 5781 tinendis
2247 5740 2378 5779 vero
2403 5739 2468 5779 ac
2485 5725 2839 5796 disponendis
2860 5727 3022 5782 rebus
3066 5724 3450 5781 ecclesiasticis
3480 5725 3567 5781 di-

1974 5818 2202 5890 ligentes
2227 5818 2480 5874 custodes
2499 5819 2769 5887 existatis,
2800 5828 2858 5875 ut
2880 5835 2948 5874 ex
2986 5819 3130 5873 omni
3176 5826 3331 5887 parte
3378 5833 3566 5876 susce-

1976 5921 2125 5981 ptum
2154 5925 2247 5965 vos
2277 5910 2542 5982 condigne
2563 5913 2796 5984 gessisse
2818 5911 3054 5982 pastoris
3081 5908 3338 5977 olﬁcium,
3367 5920 3566 5966 ventu-

1980 6020 2072 6059 rus
2091 6004 2277 6075 iudex,
2305 6020 2428 6061 cum
2457 6005 2887 6077 adjudicandum
2911 6006 3144 6076 venerit,
3162 5990 3357 6065 debeat
3375 6020 3569 6081 appro-
