3908 5434
477 389 580 446 205
1292 383 1583 441 ΑΡΡΕΝΙ).
1617 385 1709 439 AD
1756 382 1931 439 ΒΑΜ).
1963 381 2055 437 IX.

2206 376 2461 433 lSlDORl
2503 376 2945 435 MERCATORIS
3659 391 3761 447 ωε

480 516 628 561 nare.
656 501 1015 576 Omnipotens
1043 510 1224 558 autem
1251 501 1395 558 Deus
1446 516 1543 558 sua
1583 516 1679 556 vos
1734 500 2073 571 proiectione
2100 500 2148 563 Λ
2177 494 2705 587 sibiqueconudignc‘
2724 508 3117 581 repraesentare
3156 501 3375 573 adjuvet
3398 546 3414 574 ,
3460 522 3662 581 vosque
3684 509 3764 565 in-

479 598 753 659 custodiat
778 598 1149 667 honoremque
1183 611 1212 650 a
1244 596 1355 650 Deo
1390 595 1545 651 vobis
1601 593 1853 650 collatum
1905 594 2073 649 mori—
2176 597 2263 683 ter
2286 598 2599 683 sanctos__et
2628 591 2834 683 electos
2860 608 2984 655 suos
3014 594 3293 661 collocare
3328 599 3601 683 dignetur,
3628 602 3761 663 nam

481 691 583 753 bus
610 704 834 749 servare
858 689 1137 755 concedat,
1196 695 1359 758 atque
1391 704 1512 745 cum
1558 687 1843 758 multiplici
1893 686 2073 743 fructu
2176 696 2217 736 tt
2248 679 2371 738 ldus
2391 681 2592 754 Aprilis
2615 682 2929 753 Aureliano,
2954 695 3008 742 et
3039 686 3295 745 Marcello
3316 679 3484 761 lV‘cc.
3506 694 3716 757 consul.

484 784 693 845 animas
717 784 873 841 vobis
893 784 1216 841 commissas
1245 783 1313 838 ad
1336 797 1539 853 pascua
1571 792 1775 837 aeterna
1807 783 2077 837 adducere

486 1059 652 1121 ιτΕΜ
689 1054 1024 1114 EPISTOLA
1063 1049 1413 1111 EUTICIANI
1444 1048 1650 1107 PAPE
1690 1044 2063 1106 UNIVERSIS
2103 1046 2456 1107 EPISCDPIS
2480 1048 2613 1108 PER
2645 1049 2942 1111 SICILIAM
2973 1053 3431 1127 CONSTITUTIS
3453 1057 3763 1119 DlRECTA.

446 1202 453 1205 ’
552 1215 659 1304 47
708 1216 1082 1285 Dilectissimis
1110 1213 1368 1275 fratribus
1402 1216 1672 1275 universis
1692 1213 2079 1285 epimepister

485 1308 726 1369 Siciliam
766 1308 1078 1375 constitutis
1109 1309 1459 1366 Emmeranus.

553 1401 879 1456 Benedictus
938 1401 1080 1457 Dens
1130 1410 1184 1455 et
1230 1400 1392 1455 Pater
1445 1400 1657 1459 Domini
1720 1400 1895 1456 nostri
1949 1397 2079 1454 Jesu

485 1493 689 1549 Christi
717 1493 809 1562 qui
842 1492 1123 1548 benedixit
1157 1508 1259 1549 nos
1291 1492 1342 1546 in
1369 1493 1514 1547 enini
1552 1492 1934 1548 benedictione
1966 1493 2078 1563 spi—

490 1586 667 1651 rituali
700 1586 751 1642 in
779 1586 1088 1643 cmiestibns
1126 1586 1178 1641 in
1207 1585 1450 1653 Christo,
1499 1587 1639 1647 sicut
1675 1586 1842 1657 elegit
1886 1602 1985 1642 nos
2024 1587 2078 1641 in

489 1694 605 1749 Ipso
631 1687 755 1737 ante
804 1678 986 1737 mundi
1027 1679 1492 1745 constitutionem,
1541 1690 1597 1743 ut
1622 1695 1871 1737 essemus
1900 1680 2076 1737 sancti

487 1780 541 1827 et
564 1769 900 1824 immaculati
936 1770 988 1824 in
1042 1778 1335 1842 compectu
1368 1770 1485 1841 ejus
1514 1772 1567 1826 in
1610 1772 1904 1837 charitate,
1938 1788 2077 1842 prae-

486 1863 763 1918 destinans
814 1877 912 1917 nos
955 1862 1008 1921 in
1072 1864 1417 1935 adoptionem
1468 1865 1700 1923 ﬁliorum
1746 1882 1842 1938 per
1894 1866 2081 1925 Jesnm

485 1953 761 2021 Christum
802 1952 859 2023 in
912 1952 1123 2039 ipsum,
1164 1957 1464 2012 secundum
1501 1958 1839 2027 propositum
1885 1958 2079 2015 volun-

488 2050 617 2106 tatis
640 2065 753 2106 suae
778 2049 836 2115 in
876 2048 1090 2111 laudent
1127 2049 1311 2120 gloriae
1340 2051 1530 2122 gratiae
1560 2068 1691 2117 suae,
1724 2052 1777 2108 in
1824 2068 1929 2122 qua
1952 2069 2080 2123 gra-

422 2161 425 2164 ν
486 2140 722 2210 tiﬁcatus
745 2152 831 2201 est
860 2142 1018 2207 nobis
1045 2142 1100 2198 in
1131 2142 1331 2205 dilecto
1366 2142 1504 2199 Filio
1544 2159 1645 2201 suo
1674 2144 1728 2199 in
1764 2161 1873 2216 quo
1915 2147 2081 2202 babe—

488 2250 606 2301 mus
629 2235 1056 2305 redemptionem
1082 2248 1182 2307 per
1202 2235 1523 2307 sanguinem
1553 2235 1671 2305 ejus
1699 2237 2078 2293 remissionem

486 2335 872 2397 peccatorum,
924 2327 1224 2385 secundum
1275 2327 1491 2391 divitias
1542 2330 1735 2400 gratim
1794 2327 1909 2397 ejus
1958 2346 2082 2399 qum

490 2416 779 2481 abundavit
818 2419 874 2474 in
908 2420 1084 2486 nobis,
1150 2419 1206 2474 in
1244 2420 1390 2477 omni
1442 2422 1708 2491 sapientia
1749 2430 1804 2477 et
1844 2424 2080 2494 pruden-

2183 1213 2596 1285 cogitatienum,
2628 1223 2685 1269 et
2732 1230 2949 1271 eramus
3001 1224 3196 1272 natura
3255 1216 3350 1273 ﬁlii
3400 1219 3497 1274 ira:
3535 1220 3674 1276 sicut
3718 1230 3770 1277 et

2182 1307 2384 1362 caeteri.
2406 1308 2583 1371 Modo,
2617 1308 2834 1372 fratres,
2865 1312 2991 1379 quia
3014 1327 3080 1365 ex
3114 1311 3239 1367 ﬁliis
3263 1313 3360 1368 ira:
3395 1330 3491 1369 sua
3519 1316 3691 1384 gratia
3718 1327 3768 1372 et

2178 1402 2417 1472 gratuita
2452 1402 2804 1459 miseratione
2836 1404 2963 1460 fecit
3017 1420 3117 1459 nos
3162 1407 3301 1461 Dens
3352 1405 3490 1463 ﬁlios
3542 1425 3693 1475 suos,
3720 1419 3771 1464 et

2182 1508 2303 1559 nos,
2327 1494 2580 1566 quidigni
2608 1496 2750 1551 servi
2778 1512 2886 1552 non
2909 1511 3129 1554 eramus
3151 1498 3312 1554 nullis
3334 1501 3543 1555 meritis
3569 1517 3767 1571 prmce-

2180 1587 2457 1654 dentibus,
2474 1588 2570 1642 sed
2593 1604 2708 1654 sua,
2734 1597 2794 1647 ut
2821 1589 3079 1657 diximus,
3108 1592 3280 1663 gratia
3306 1592 3436 1647 facti
3467 1608 3653 1649 sumus
3680 1592 3768 1647 ﬁlii

2180 1676 2318 1743 eius,
2346 1677 2402 1732 in
2440 1693 2548 1748 quo
2588 1679 2926 1737 clamamus:
2960 1682 3095 1737 abba
3128 1692 3303 1753 pater,
3332 1694 3627 1754 sequentes
3665 1685 3773 1755 ejus

2181 1772 2447 1841 exempla,
2479 1773 2649 1829 simus
2673 1773 2765 1831 lilii
2808 1776 3196 1832 misericordia:
3244 1788 3297 1832 et
3332 1778 3586 1847 iustitiae,
3618 1789 3774 1850 atque

2183 1864 2523 1933 dilectionis,
2552 1876 2615 1922 ut
2639 1868 2755 1923 veri
2779 1868 2873 1924 lilii
2900 1869 2994 1925 Dei
3027 1879 3084 1926 et
3120 1871 3225 1926 dici
3249 1881 3305 1927 et
3332 1887 3455 1928 esse
3478 1872 3595 1944 ipso
3628 1875 3775 1929 auxi-

2184 1956 2349 2013 liante
2365 1957 2658 2017 valeamus.
2681 1978 2701 2010 ‹
2721 1959 3061 2031 Deponentes
3084 1962 3268 2033 igitur,
3280 1962 3432 2033 juxta
3450 1963 3771 2034 apostolum.

2182 2064 2401 2105 omnem
2454 2052 2742 2119 malitiam,
2783 2062 2838 2107 et
2878 2068 3095 2109 omnem
3134 2053 3336 2123 dolum,
3370 2066 3427 2112 et
3472 2057 3771 2113 simulatio-

2184 2158 2300 2209 nes,
2328 2154 2383 2199 et
2406 2143 2659 2211 invidias,
2686 2154 2743 2201 et
2772 2160 2961 2202 omnes
2992 2148 3378 2213 detractiones,
3407 2159 3518 2205 etc.
3548 2147 3599 2220 (1
3632 2148 3773 2204 Petr.

2185 2252 2245 2302 ιι,
2277 2237 2352 2307 l).
2386 2256 2405 2288 δ
2440 2237 2503 2292 Hi
2534 2253 2663 2295 vero
2685 2241 2776 2310 qui
2814 2241 2940 2294 talia
2974 2252 3142 2311 agunt
3172 2258 3276 2297 non
3307 2242 3405 2297 lilii
3433 2242 3532 2297 Dei
3566 2243 3663 2297 sed
3688 2258 3773 2314 po-

2185 2329 2292 2384 tius
2324 2329 2416 2384 ﬁiii
2448 2346 2681 2401 nequam
2727 2347 2845 2387 esse
2872 2333 3325 2402 comprobantur,
3356 2334 3501 2389 sicut
3531 2334 3675 2388 idem
3709 2334 3776 2388 ait

2185 2423 2513 2493 Apostolus:
2553 2443 2571 2476 ι
2612 2424 2899 2479 Manifesta
2935 2436 3062 2480 sunt
3087 2440 3251 2499 opera
3285 2426 3469 2480 carnis
3512 2440 3637 2495 qua:
3665 2433 3777 2478 sunt

489 2508 564 2563 tia
589 2549 605 2575 ,
654 2518 713 2566 ut
756 2518 942 2569 notum
998 2511 1202 2581 faceret
1238 2514 1396 2570 nobis
1453 2525 1853 2575 sacranuunum
1894 2517 2086 2573 velun-
2113 2509 2161 2570 B
2190 2516 2499 2581 fornicatie,
2530 2518 2898 2584 immnnditia,
2941 2517 3178 2583 luxnria,
3224 2517 3498 2573 idolorum
3526 2518 3774 2579 servitus,

490 2603 614 2671 tatis
641 2619 753 2661 suae
779 2606 1077 2665 secundum
1115 2607 1514 2678 beneplacitum
1539 2608 1680 2678 ejus,
1708 2611 1851 2679 quod
1884 2626 2083 2684 proptr

491 2697 601 2763 suit
643 2696 696 2751 in
727 2712 793 2754 eo
838 2697 892 2752 in
929 2698 1335 2771 dispensatione
1388 2700 1737 2770 plenitudinis
1778 2711 2083 2774 temporum

492 2789 799 2857 instaurare
844 2790 1026 2849 omnia
1084 2791 1135 2846 in
1177 2790 1419 2860 Christo,
1452 2809 1573 2865 quze
1604 2794 1658 2849 in
1692 2794 1847 2849 caelis
1874 2803 1932 2850 et
1962 2812 2084 2867 quae

492 2882 548 2947 in
588 2891 732 2938 terra
769 2893 897 2941 sunt
924 2883 978 2940 in
1003 2883 1122 2954 ipso
1153 2903 1165 2939 :
1201 2884 1254 2939 in
1284 2901 1392 2956 quo
1418 2887 1584 2943 etiam
1615 2897 1764 2942 sorte
1786 2888 1966 2943 vocati
1993 2903 2083 2944 su-

494 2990 616 3037 mus
659 2976 1027 3047 prtedestinati
1088 2978 1387 3034 secundum
1436 2981 1773 3051 propositum
1821 2981 1959 3050 ejus,
1991 2983 2084 3052 qui

490 3068 675 3135 omnia
700 3079 957 3141 operatur
980 3073 1279 3137 secundum
1309 3074 1594 3135 consilium
1626 3076 1918 3139 voluntatis
1952 3092 2084 3145 suae,

492 3168 552 3219 nt
581 3162 751 3219 simus
784 3163 839 3219 in
872 3163 1085 3221 tandem
1117 3175 1174 3220 et
1203 3166 1438 3236 gloriam
1466 3166 1588 3238 ejus
1611 3170 1701 3239 qui
1747 3180 1875 3225 ante
1900 3187 2086 3243 spera-

494 3254 669 3313 vimus
723 3256 778 3311 in
830 3256 1070 3321 Christo,
1124 3258 1177 3313 in
1232 3274 1341 3328 quo
1392 3268 1449 3314 et
1507 3276 1603 3316 vos
1634 3277 1758 3317 cum
1792 3264 2085 3321 audissetis

494 3347 716 3413 verbum
740 3348 986 3405 veritatis
1011 3349 1359 3423 Evangeiium
1380 3352 1569 3409 salutis
1592 3363 1791 3411 vestrae
1813 3357 1867 3412 in
1893 3372 2002 3428 quo
2030 3366 2087 3413 et

494 3443 784 3503 credentes
806 3444 1007 3517 signati
1035 3446 1168 3507 estis
1208 3444 1413 3517 Spiritu
1458 3451 1835 3518 promissionis
1871 3462 2084 3518 sancto,

490 3536 695 3606 quiest
722 3536 916 3610 pignus
945 3537 1279 3605 bmeditatis
1321 3548 1524 3597 nostra:
1553 3543 1607 3597 in
1658 3545 2082 3615 redemptionem

494 3629 870 3700 acquisitionis
898 3631 951 3689 in
1002 3630 1217 3691 laudem
1246 3632 1434 3704 gloria
1478 3634 1672 3704 ipsius.
1714 3635 2004 3708 Propterea
2030 3647 2085 3696 et

493 3738 597 3797 ego
617 3724 846 3782 audiens
887 3725 1048 3783 ﬁdem
1078 3734 1317 3781 vestram
1349 3728 1403 3782 in
1446 3727 1675 3785 Domino
1696 3729 1824 3785 Jesn
1865 3729 2085 3787 Christo

494 3826 554 3883 et
579 3818 923 3875 dilectionem
968 3820 1022 3877 in
1054 3833 1244 3874 omnes
1286 3832 1529 3887 sanctos,
1558 3837 1666 3877 non
1703 3836 1858 3879 cesso
1880 3825 2083 3894 gratias

2188 2609 2469 2674 veneﬁcia,
2526 2610 2857 2675 inimicitiae,
2910 2612 3331 2678 contentiones,
3385 2611 3775 2674 mmulationcs,

2187 2703 2301 2769 iraa,
2333 2702 2489 2767 ήκω,
2531 2702 2916 2765 dissensiones,
2948 2712 3134 2770 sectae,
3188 2703 3424 2767 invidim,
3466 2702 3775 2765 homicidia,

2185 2797 2502 2864 ebrietates,
2530 2798 2974 2865 comessationes,
3005 2807 3060 2853 et
3112 2799 3201 2854 his
3251 2798 3471 2863 similia,
3499 2816 3624 2868 qum
3652 2815 3777 2870 pne-

2185 2892 2309 2947 dico
2337 2892 2491 2947 vobis
2534 2892 2677 2947 sicut
2708 2892 2956 2962 praedixi,
3006 2892 3265 2962 quoniam
3313 2892 3404 2963 qui
3452 2892 3589 2946 talia
3632 2897 3781 2963 agunt

2187 2999 2412 3055 regnum
2470 2984 2562 3039 Dei
2618 2999 2726 3039 non
2764 2992 3172 3055 consequentur
3229 2980 3374 3055 (Gal.
3413 2997 3466 3049 ν,
3519 2981 3774 3055 19-20.:

2186 3076 2367 3133 Grave
2391 3119 2405 3145 ,
2438 3077 2657 3141 fratres,
2688 3078 2918 3131 verbum
2950 3086 3005 3131 et
3036 3076 3371 3132 horrendum
3426 3074 3624 3140 nimis,
3651 3072 3778 3146 quod

2189 3172 2283 3237 ait,
2311 3171 2570 3242 quoniam
2593 3170 2684 3240 qui
2715 3170 2843 3225 talia
2871 3176 3040 3240 agunt
3072 3184 3299 3239 regnum
3324 3166 3419 3222 Dei
3454 3182 3569 3221 non
3606 3180 3779 3221 consr-

2187 3270 2441 3333 quentur.
2474 3262 2540 3316 Et
2566 3262 2682 3330 ipsa
2707 3276 2807 3331 per
2832 3275 2893 3316 se
2914 3260 3131 3316 Veritas
3150 3259 3281 3315 dicit
3309 3276 3321 3312 :
3355 3276 3371 3310 ι
3395 3256 3541 3325 Quid
3573 3258 3779 3327 prodest

2188 3354 2394 3410 homini
2417 3353 2732 3408 universum
2763 3352 3022 3407 mundum
3048 3349 3276 3417 lucrari,
3301 3349 3502 3404 animae
3524 3363 3662 3404 vero
3683 3362 3781 3401 sua:

2189 3448 2572 3503 detrimentum
2625 3445 2903 3516 patiatur?
2939 3464 2957 3497 ι
2987 3443 3186 3516 (Marc.
3236 3459 3336 3498 vm
3362 3483 3376 3508 ,
3409 3440 3529 3511 56.)
3592 3439 3778 3497 Gravia

2188 3550 2316 3598 sunt
2355 3541 2518 3597 nimis
2569 3555 2690 3612 quae
2739 3539 3072 3610 praetulimus
3120 3548 3177 3595 et
3228 3536 3488 3609 pervaidc
3518 3535 3775 3591 cavenda.

2189 3636 2395 3705 Quibus
2417 3636 2563 3690 enim
2586 3650 2813 3706 regnum
2841 3634 2936 3690 Dei
2973 3632 3280 3689 excluditur
3312 3631 3504 3703 procul
3540 3629 3703 3684 dubio
3727 3635 3777 3683 ct

2188 3727 2431 3783 Ecciesia
2461 3726 2780 3795 denegatur,
2803 3725 2872 3781 de
2902 3725 3100 3797 quibus
3128 3722 3393 3779 Dominus
3442 3721 3501 3775 in
3542 3719 3783 3790 Evange-

2188 3822 2261 3878 lio
2285 3830 2612 3894 potestatem
2643 3820 3009 3892 apostolorum
3056 3832 3353 3889 eorumque
3403 3826 3781 3871 successorum

496 3923 666 3980 βεεηε
686 3923 788 3979 PFO
813 3908 992 3975 vobis,
1024 3910 1346 3971 memoriam
1376 3913 1542 3967 vestri
1570 3912 1776 3969 faciens
1800 3916 1852 3969 in
1879 3917 2085 3972 oratio-
2113 3901 2159 3965 C
2193 3914 2542 3981 annuntians,
2573 3914 2649 3969 ait
2675 3933 2688 3967 :
2727 3912 2969 3982 Quorum
3012 3910 3331 3967 dimiseritls
3352 3916 3583 3980 peccata
3613 3905 3783 3961 dimit-

495 4000 658 4071 nipus
681 4001 840 4067 meis,
874 4010 934 4063 ut
968 4000 1111 4059 Deus
1142 4001 1358 4058 Domini
1388 4006 1561 4061 nostri
1589 4005 1717 4063 Iesu
1751 4007 1955 4066 Christi
1982 4009 2087 4066 Pa-

497 4102 579 4161 ter
593 4088 888 4165 gloriaz'det
913 4094 1069 4151 vobis
1092 4095 1342 4166 spiritum
1364 4098 1645 4169 sapientia:
1670 4109 1723 4157 et
1738 4103 2087 4161 revelationis

495 4185 552 4245 in
595 4186 925 4255 agnitionem
957 4186 1074 4256 ejus
1111 4188 1443 4245 iiluminatos
1495 4194 1681 4249 oculos
1717 4197 1867 4251 cordi
1896 4199 2084 4264 vestri,

497 4288 555 4335 ut
591 4279 777 4335 sciatis
811 4294 934 4350 qnze
982 4280 1054 4339 sit
1100 4295 1226 4350 spes
1256 4282 1559 4339 vocationis
1587 4285 1727 4356 ejus,
1765 4296 1821 4343 et
1851 4304 1970 4360 qua:
2002 4290 2085 4345 di-

496 4372 645 4437 vitiae
667 4372 850 4444 gloria:
900 4375 1232 4431 baereditatis
1260 4376 1381 4446 ejus
1427 4377 1482 4432 in
1537 4383 1765 4445 sanctis,
1793 4391 1850 4437 et
1876 4399 1996 4453 quae
2016 4386 2087 4439 sit

494 4469 905 4539 supereminens
950 4472 1265 4542 magnitudo
1299 4474 1520 4531 virtutis
1565 4466 1682 4546 ejus
1734 4479 1786 4531 iu
1843 4495 1961 4543 nos,
1989 4479 2083 4549 qui

496 4561 827 4625 credidimus
853 4565 1149 4629 secundum
1176 4567 1549 4637 operationem
1580 4572 1834 4639 potentiae
1858 4573 2086 4627 virtutis

498 4652 614 4721 ejus
649 4670 811 4724 quam
853 4667 1108 4726 operatus
1135 4671 1218 4714 est
1254 4662 1307 4714 in
1336 4661 1552 4719 Christo
1578 4666 1846 4723 suscitans
1873 4667 2022 4722 illum
2056 4684 2085 4723 a

498 4749 750 4812 mortuis,
795 4758 851 4805 et
888 4752 1230 4809 constituens
1253 4755 1321 4809 ad
1371 4757 1652 4812 dexteram
1693 4774 1846 4815 suam
1884 4761 1940 4816 in
1983 4776 2087 4817 cte-

497 4840 719 4896 lt'SiibUS
751 4857 914 4913 super
942 4859 1161 4900 omnem
1209 4847 1597 4919 principatum,
1634 4860 1690 4908 et
1735 4862 2082 4924 potestatem,

496 4941 550 4986 et
576 4933 857 4998 virtutem,
884 4946 941 4991 et
960 4936 1409 5006 dominationem,
1440 4950 1498 4997 et
1528 4958 1686 4999 omne
1721 4961 1915 5001 nomen
1943 4949 2085 5017 quod

497 5024 813 5079 nominatur
842 5042 952 5082 non
980 5029 1154 5084 solum
1185 5033 1239 5085 in
1294 5022 1415 5088 hoc.
1444 5035 1644 5091 smculo
1668 5037 1761 5091 scd
1796 5038 1848 5092 in
1882 5038 2082 5094 futuro.

495 5115 562 5185 Et
598 5118 781 5173 omnia
813 5120 1043 5190 subjecit
1067 5124 1167 5178 sub
1196 5125 1428 5195 pedibus
1476 5129 1617 5197 ejus,
1650 5138 1705 5184 et
1734 5131 1910 5203 ipsum
1941 5133 2089 5189 dedit

494 5219 657 5311 caput
686 5226 851 5281 super
872 5228 1091 5269 omnem
1121 5233 1239 5288 quae
1265 5227 1347 5275 est
1370 5235 1567 5292 corpus
1583 5222 1699 5291 ejus
1722 5234 1777 5280 et
1805 5226 2085 5295 plenitudo

494 5303 614 5370 ejus
636 5303 729 5374 qui
757 5303 941 5357 omnia
990 5304 1043 5358 in
1067 5308 1316 5366 omnibus
1357 5313 1701 5383 adimpletur.
1737 5316 1803 5371 Et
1839 5334 1937 5373 vos
1959 5335 2083 5375 cum

495 5396 689 5434 manlia
731 5395 931 5434 mnrlni
966 5395 1176 5434 dalinlia
1202 5408 1253 5434 nl
1290 5406 1529 5434 πωπω-ς..
1555 5407 1753 5434 ινΛηΙ-ξρ.
1808 5409 1860 5434 ε..
1896 5411 2085 5434 ..ηειηη

2192 4017 2383 4064 tuntur
2408 4007 2509 4074 eis,
2541 4015 2595 4063 et
2618 4021 2850 4078 quorum
2897 4002 3252 4076 alligaveritis
3278 4001 3501 4072 alligata
3530 4007 3713 4061 erunt,
3733 3996 3779 4050 id

2189 4110 2291 4166 est,
2322 4101 2517 4172 quibus
2542 4099 2830 4155 ecclesiam
2859 4096 3256 4153 interdixeritis
3305 4092 3411 4149 nisi
3444 4087 3777 4173 reconciliati

2188 4209 2285 4265 per
2318 4193 2750 4250 satisfactionem
2780 4190 2983 4246 fuerint
3032 4187 3167 4258 ipsis
3197 4196 3253 4243 et
3284 4184 3455 4255 janua
3486 4183 3640 4255 regni
3673 4195 3779 4237 cm-

2184 4289 2338 4346 lestis
2358 4289 2541 4345 clausa
2564 4288 2688 4344 erit.

2261 4380 2417 4437 Unde
2450 4382 2551 4439 ista
2592 4388 2962 4454 praecaventes
2990 4386 3045 4435 et
3092 4377 3382 4435 stultorum
3410 4374 3625 4428 animos
3650 4385 3780 4441 pne-

2186 4476 2452 4541 videntes,
2486 4492 2619 4531 cura
2658 4474 2936 4546 pastorali,
2971 4487 3095 4528 cum
3145 4467 3397 4525 omnibus
3425 4466 3699 4537 episcopis
3734 4472 3780 4515 rt

2188 4579 2390 4624 sancta:
2450 4568 2709 4623 Romanae
2739 4578 2900 4637 atque
2932 4562 3257 4620 universalis
3288 4559 3550 4616 Ecclesia:
3578 4557 3774 4610 utrius-

2189 4645 2291 4731 que
2324 4662 2529 4717 ordinis
2582 4660 2848 4727 fidelibus,
2884 4659 3177 4716 statuimus
3225 4670 3334 4712 non
3376 4654 3455 4708 ita
3510 4654 3565 4708 in
3612 4649 3777 4705 ercis-

2189 4755 2423 4810 siasticis
2447 4754 2712 4826 agendum
2743 4768 2862 4809 esse
2886 4751 3118 4822 negotiis
3142 4749 3285 4805 sicut
3310 4748 3363 4802 in
3401 4744 3772 4802 saecularibus.

2189 4849 2322 4905 Nam
2346 4850 2399 4903 in
2423 4846 2774 4903 szecuiaribus
2827 4844 3033 4916 legibus
3087 4850 3375 4915 postquam
3402 4847 3635 4894 vocatus
3667 4834 3776 4905 quis

2188 4941 2422 5007 venerit,
2468 4949 2525 4994 et
2567 4941 2621 4994 in
2675 4939 2793 4994 foro
2824 4938 3105 4994 decertare
3144 4934 3411 5006 coeperit,
3444 4948 3555 4987 non
3589 4926 3772 4985 lintri

2192 5040 2316 5087 ante
2376 5041 2651 5102 peractam
2694 5045 2915 5086 causam
2968 5029 3241 5084 recedere.
3291 5026 3347 5081 in
3395 5023 3775 5081 ecclesiasticis

2189 5110 2319 5179 vero
2342 5123 2484 5178 dicta
2503 5138 2661 5177 causa
2697 5108 2952 5178 recedere
2985 5119 3111 5177 licet
3146 5120 3191 5176 si
3226 5131 3449 5175 necesse
3477 5116 3662 5181 fuerit,
3691 5122 3774 5175 aut

2192 5221 2233 5275 si
2262 5220 2573 5291 pergravari
2604 5216 2817 5274 viderit.

2260 5312 2649 5367 Accusationes
2675 5325 2807 5367 vero
2848 5308 3092 5365 ordinem
3133 5306 3295 5363 talem
3321 5315 3378 5361 et
3403 5304 3698 5361 didicimus
3722 5309 3772 5356 et

2733 5402 2784 5434 ἷιΙ
2829 5409 2905 5434 nnl
2959 5402 3002 5434 οἶ
3040 5416 3107 5434 nn

2191 5403 2393 5434 ἢΛηιηιιις
2431 5405 2683 5434 ΓΙΛΙιιιηΊΩΙΒ
2733 5402 2784 5434 :1.
2829 5409 2905 5434 nnl
2959 5400 3002 5434 οἶ
3040 5399 3158 5434 ιιιιῖα
3201 5399 3527 5434 nini-innisum
3582 5399 3633 5434 ill
3670 5399 3769 5434 ιιι-ἱ-
