3926 6444
207 399 314 455 205

1428 397 1919 458 DECRETALIUM
1954 398 2355 457 COLLECTIO.

3392 412 3500 470 206

209 516 437 590 gnitatis
457 513 832 577 aestimatione,
872 514 1127 584 patiatur.
1159 513 1268 572 Nec
1306 514 1422 572 fore
1451 518 1551 573 sibi
1590 519 1801 573 noverit
1830 526 1883 586 Α
1909 516 2071 572 dilexi
2120 533 2214 574 eos
2262 519 2400 583 sicut
2448 534 2535 574 me
2583 520 2841 574 dilexisti.
2911 522 3096 589 Pater,
3139 540 3274 597 quos
3304 524 3497 584 dedisti

208 609 488 666 licentiam
508 607 804 662 mentiendi
827 622 951 663 cum
983 608 1382 668 calumniantes
1410 611 1478 667 ad
1506 612 1802 668 vindictam

211 710 403 775 poscat
422 699 718 757 similitudo
763 701 1029 773 supplicii.
1074 701 1322 761 Hzeretici
1353 706 1498 761 enim
1535 721 1724 765 omnes
1753 718 1807 765 et

208 797 471 869 suspecti,
494 803 551 852 et
567 795 1044 861 excommunicati,
1068 796 1355 853 homicidae
1376 814 1612 870 quoque,
1645 808 1807 873 atque

207 892 466 960 maleﬁci,
489 889 656 956 fures,
681 890 951 962 sacrilegi,
969 898 1233 961 raptores,
1266 891 1517 958 venefici,
1550 893 1805 961 adulteri,

208 996 265 1044 et
307 987 402 1058 qui
456 992 671 1057 raptum
726 984 994 1052 fecerint,
1055 984 1139 1040 vel
1187 984 1384 1042 falsum
1437 986 1806 1043 testimonium

207 1080 469 1144 dixerint,
501 1092 599 1134 seu
626 1077 717 1148 qui
754 1078 823 1134 ad
853 1075 1139 1149 sortilegos
1182 1092 1477 1150 magosque
1511 1093 1807 1135 concurre-

206 1176 346 1235 rint,
377 1172 693 1228 nullatenus
741 1169 808 1225 ad
838 1169 1242 1226 accusationem
1291 1178 1419 1225 sunt
1461 1169 1804 1226 admittendi.

204 1267 355 1324 Nulli
385 1266 575 1322 infami
607 1279 845 1336 unquam
874 1273 1040 1335 atque
1069 1262 1334 1335 sacrilego
1362 1264 1430 1319 de
1483 1278 1810 1334 quocunque

205 1360 433 1433 negotio
479 1358 640 1413 liceat
690 1357 947 1413 adversus
1018 1356 1336 1425 religiosum
1400 1354 1806 1421 Christianum,

205 1450 465 1522 quamvis
492 1448 713 1504 humilis
731 1448 1052 1520 servilisque
1072 1462 1308 1520 persona
1336 1448 1407 1505 sit
1439 1447 1807 1505 testimonium

206 1544 417 1605 dicere.
449 1556 550 1597 nec
580 1543 646 1597 de
677 1540 918 1611 qualibet
964 1555 1027 1597 re
1078 1540 1296 1597 actione
1327 1540 1412 1597 vel
1452 1540 1810 1611 inscriptione

205 1637 583 1695 Christianum
651 1636 933 1707 impetere.
979 1634 1243 1691 Omnibus
1296 1649 1514 1706 quoque
1562 1633 1810 1690 similiter

205 1730 511 1787 accusandi
557 1728 643 1784 vel
692 1728 1015 1785 testiﬁcandi
1084 1727 1307 1783 licentia
1368 1726 1671 1798 denegetur
1716 1726 1810 1796 qui

208 1823 542 1879 Christianae
584 1819 862 1888 religionis
903 1828 958 1876 et
987 1819 1222 1875 nominis
1258 1818 1575 1890 dignitatem
1620 1827 1676 1873 et
1698 1832 1810 1873 sua)

1907 609 2066 675 mihi,
2096 609 2241 677 volo,
2267 620 2329 666 ut
2356 611 2446 666 ubi
2491 626 2590 683 ego
2620 627 2737 668 sum
2798 622 2851 667 et
2902 613 2975 670 illi
3020 615 3129 670 sint
3173 633 3408 688 mecum,
3443 628 3504 676 ut

1907 703 2131 759 videant
2176 704 2483 762 claritatem
2535 721 2711 761 meam
2765 722 2928 779 quam
2967 710 3160 767 dedisti
3190 712 3342 781 mihi,
3375 713 3504 786 quia

1908 795 2142 853 dilexisti
2170 811 2255 850 me
2281 806 2406 853 ante
2437 800 2879 858 constitutionem
2910 804 3117 859 mundi.
3147 805 3311 873 Pater
3331 805 3501 876 juste,

1908 890 2142 943 inundus
2184 898 2234 944 te
2266 906 2373 945 non
2416 893 2687 963 cognovit,
2732 888 2831 967 ego
2870 905 3049 953 autem
3086 906 3136 954 te
3172 899 3504 972 cognovi,et

1906 980 1963 1035 hi
1989 990 2377 1055 cognoverunt,
2416 984 2541 1055 quia
2597 994 2651 1040 tu
2698 1001 2784 1041 me
2814 987 3045 1057 misisti;
3093 999 3147 1046 et
3178 989 3505 1063 notum'feci

1909 1073 1988 1129 eis
2015 1088 2209 1129 nomen
2239 1083 2424 1141 tuum,
2474 1083 2530 1131 et
2575 1085 2760 1133 notum
2808 1078 3026 1148 faciam,
3052 1090 3114 1137 ut
3143 1082 3363 1141 dilectio
3394 1097 3504 1157 qua

1908 1164 2148 1221 dilexisti
2174 1180 2259 1221 me
2299 1168 2354 1223 in
2390 1166 2525 1238 ipsis
2556 1167 2629 1224 sit
2666 1179 2722 1225 et
2747 1185 2847 1240 ego
2881 1171 2934 1225 in
2982 1172 3113 1244 ipsis
3144 1172 3330 1247 (Joan.
3364 1189 3502 1242 xvu,

1910 1256 2080 1329 6-26).
2114 1277 2133 1311 ι
2166 1258 2233 1315 Ει
2263 1258 2404 1314 idem
2433 1257 2673 1317 Joannes
2709 1262 2982 1333 apostolus
3011 1273 3067 1319 et
3086 1264 3419 1337 evangelista
3448 1265 3505 1320 in

1909 1350 2083 1419 prima
2123 1350 2348 1421 epistola
2388 1366 2484 1407 sua
2534 1352 2793 1424 loquitur,
2820 1354 3044 1410 dicens:
3078 1373 3098 1407 ι
3135 1355 3455 1412 Charissimi
3485 1395 3503 1421 ,

1910 1440 2197 1513 diligamus
2225 1442 2479 1511 invicem,
2511 1445 2640 1515 quia
2667 1445 2905 1503 Charitas
2940 1462 3007 1502 ex
3033 1449 3145 1503 Deo
3164 1459 3266 1505 est.
3299 1449 3369 1505 Et
3389 1463 3506 1507 0m-

1910 1534 1997 1590 nis
2020 1535 2112 1606 qui
2137 1535 2335 1608 diligit,
2369 1552 2436 1593 ex
2468 1537 2580 1593 Deo
2609 1548 2769 1596 natus
2793 1549 2900 1608 est,
2927 1551 2981 1595 et
3005 1542 3289 1613 cognoscit
3314 1543 3502 1599 Deum.

1910 1625 2013 1696 Qui
2046 1644 2156 1684 non
2192 1629 2387 1703 diligit,
2412 1647 2520 1688 non
2546 1633 2693 1689 novit
2723 1635 2913 1704 Deum,
2942 1636 3069 1708 quia
3097 1637 3237 1703 Deus
3267 1637 3511 1693 charitas

1910 1730 2013 1779 est.
2045 1722 2103 1778 ln
2132 1724 2232 1779 hoc
2255 1726 2508 1796 apparuit
2538 1729 2785 1785 eharitas
2816 1728 2910 1785 Dei
2944 1730 2997 1784 in
3037 1731 3211 1798 nobis,
3245 1733 3505 1803 quoniam

1910 1819 2110 1875 Filium
2148 1836 2306 1876 suum
2340 1822 2675 1895 unigenitum
2706 1825 2854 1880 misit
2882 1824 3027 1881 Deus
3061 1826 3114 1881 in
3142 1828 3426 1893 mundum,
3448 1834 3510 1883 ut

206 1915 350 1987 legis
374 1912 460 1970 vel
489 1912 571 1968 sui
601 1912 872 1983 praepositi
910 1928 1158 1968 normam
1187 1920 1281 1971 aut
1330 1911 1654 1983 regulariter
1677 1926 1806 1985 pro-
1840 1902 1886 1965 Β
1912 1915 2160 1971 vivamus
2190 1932 2284 1987 per
2305 1933 2450 1973 eum.
2475 1918 2534 1974 ln
2559 1919 2662 1975 hoc
2684 1928 2768 1977 est
2796 1920 3059 1986 Charitas,
3091 1937 3196 1976 non
3227 1922 3381 1991 quasi
3408 1934 3512 1976 nos

209 2006 389 2061 hibita
435 2003 791 2075 neglexerint.
852 2002 1115 2058 Similiter
1162 2003 1517 2073 prohibemus
1559 2010 1621 2057 ut
1654 2002 1815 2059 nullas

210 2116 399 2159 causa:
426 2115 456 2154 a
494 2098 772 2167 judicibus
814 2096 1214 2154 Ecclesiasticis
1254 2097 1568 2165 audiantur,
1593 2112 1714 2169 qua:
1740 2096 1814 2153 lc-

208 2200 373 2273 gibus
400 2213 509 2252 non
545 2194 932 2259 continentur,
970 2192 1053 2248 vel
1083 2208 1203 2264 qua:
1241 2192 1528 2263 prohibitae
1570 2208 1692 2249 esse
1714 2208 1813 2249 no-

211 2300 464 2346 scuntur.
503 2288 625 2343 llree
661 2303 765 2341 non
789 2285 963 2342 solum
988 2284 1516 2351 Ecclesiasticae,sed
1552 2294 1607 2341 et
1629 2286 1814 2343 saeculi

210 2384 361 2453 leges
389 2383 681 2437 observare
722 2378 1058 2450 przecipiunt.
1090 2376 1204 2432 Non
1245 2378 1388 2432 enim
1417 2378 1618 2446 passim
1648 2394 1815 2451 vage-

211 2492 321 2547 que
349 2475 694 2531 sacerdotum
721 2472 1000 2528 accusatio
1030 2471 1189 2527 debet
1222 2469 1361 2526 fleri.
1388 2470 1545 2535 Nam,
1580 2471 1624 2526 si
1656 2470 1818 2526 facile

210 2568 617 2633 admitteretur,
650 2564 902 2635 perpauci
935 2564 1095 2619 nimis
1123 2562 1515 2629 invenirentur,
1541 2564 1667 2633 quia
1699 2579 1818 2618 om-

210 2676 313 2716 nes
344 2660 436 2731 qui
462 2660 549 2731 pie
579 2658 764 2713 volunt
791 2657 976 2713 vivere
1024 2656 1077 2711 in
1108 2655 1349 2720 Christo,
1379 2656 1817 2726 persecutionem

210 2758 523 2827 patiuntur.
549 2754 695 2809 Beati
730 2763 908 2811 tamen
942 2753 1032 2824 qui
1064 2752 1500 2824 persecutionem
1530 2750 1817 2824 patiuntur

211 2858 445 2923 propter
460 2848 754 2921 justitiam.
791 2847 942 2905 Unde
971 2857 1025 2903 et
1056 2834 1172 2918 ipsa
1221 2861 1319 2917 per
1358 2860 1417 2902 se
1448 2844 1665 2902 Veritas
1696 2846 1811 2900 ait:

218 2968 234 3000 ι
268 2946 458 3011 Pater,
501 2943 837 3000 manifestavi
890 2958 1085 2997 nomen
1128 2951 1277 2996 tuum
1328 2940 1647 2997 hominibus
1679 2955 1816 3012 quos

213 3038 416 3096 dedisti
442 3037 573 3092 mihi
610 3037 676 3092 de
697 3035 895 3090 mundo
929 3053 942 3088 :
973 3033 1075 3089 Τιιί
1110 3041 1268 3089 erant
1306 3042 1361 3088 et
1392 3031 1521 3087 mihi
1554 3047 1647 3088 eos
1671 3029 1821 3087 dedi-

213 3137 310 3202 sti,
342 3143 726 3191 etsermoncm
758 3141 909 3186 tuum
940 3136 1317 3186 servaverunt.
1363 3125 1519 3183 Nunc
1548 3140 1817 3198 cognove-

216 3236 347 3283 runt
376 3225 504 3297 quia
534 3223 714 3279 omnia
746 3236 865 3292 qua:
898 3218 1093 3275 dedisti
1138 3218 1271 3273 mihi
1302 3217 1400 3273 abs
1425 3226 1477 3274 te
1516 3225 1662 3283 sunt,
1689 3217 1816 3288 quia

214 3322 388 3379 verba
411 3302 755 3391 quae‘tledisti
794 3317 895 3386 eis,
941 3325 997 3372 et
1032 3316 1130 3387 ipsi
1183 3322 1513 3387 acceperunt
1541 3321 1819 3389 etcogno-

216 3428 418 3477 verunt
451 3433 577 3474 vere
605 3417 730 3490 quia
769 3433 798 3472 a
830 3426 881 3473 te
909 3416 1077 3483 exivi,
1118 3423 1174 3470 ct
1207 3412 1575 3480 crediderunt,
1605 3413 1729 3485 quia
1764 3422 1819 3469 tu

222 3529 309 3570 me
336 3510 554 3567 misisti.
581 3509 692 3583 Ego
720 3524 817 3580 pro
846 3510 925 3565 eis
964 3522 1115 3581 rogo,
1148 3521 1253 3562 non
1283 3520 1383 3578 pro
1418 3504 1620 3563 mundo
1664 3518 1817 3576 rogo,

226 3604 318 3660 sed
341 3617 444 3675 pro
473 3603 550 3659 eis
576 3616 714 3674 quos
743 3600 937 3658 dedisti
966 3598 1118 3667 milii,
1158 3600 1284 3671 quia
1321 3597 1396 3654 tui
1437 3607 1583 3654 sunt.
1613 3597 1678 3654 Et
1701 3611 1818 3655 mea

225 3696 403 3754 omnia
440 3704 529 3751 tua
558 3704 701 3759 sunt,
733 3704 789 3750 et
823 3703 913 3750 tua
947 3708 1066 3750 mea
1090 3703 1237 3765 sunt,
1261 3703 1315 3749 et
1336 3690 1673 3753 clarificatus
1698 3705 1819 3751 sum

228 3790 277 3845 in
302 3789 407 3846 eis.
433 3787 501 3844 Et
524 3788 636 3861 jam
668 3803 774 3842 non
807 3803 926 3844 sum
969 3787 1021 3842 in
1054 3785 1277 3853 mundo,
1311 3795 1365 3841 et
1415 3785 1471 3849 Ιιὶ
1519 3784 1572 3843 ἱιι
1619 3783 1821 3845 mundo

225 3892 371 3951 sunt,
396 3889 450 3938 et
473 3896 574 3950 ego
617 3880 683 3936 ad
713 3889 764 3937 te
787 3879 962 3935 venio.
990 3878 1149 3936 Pater
1181 3887 1392 3949 sancte,
1421 3893 1583 3943 serva
1623 3892 1718 3935 eos
1766 3878 1822 3939 in

223 3972 447 4029 nomine
480 3981 573 4026 tuo
605 3986 741 4044 quos
790 3969 983 4027 dedisti
1020 3970 1174 4038 mihi,
1211 3980 1270 4025 ut
1312 3985 1479 4029 unum
1533 3969 1643 4025 sint
1685 3969 1826 4027 sicut

222 4073 278 4121 et
305 4081 429 4122 nos.
461 4061 599 4120 Cum
650 4078 825 4120 essem
870 4078 994 4121 cum
1042 4064 1122 4120 cis
1157 4077 1257 4136 ego
1293 4062 1582 4125 servabant
1632 4075 1727 4123 eos
1768 4060 1823 4117 in

226 4159 450 4214 nomine
481 4165 593 4212 tuo.
631 4154 781 4226 Quos
825 4154 1017 4212 dedisti
1068 4154 1225 4223 mihi,
1255 4155 1546 4221 custodiri,
1576 4164 1633 4217 ct
1663 4169 1824 4215 nemo

225 4266 289 4308 ex
325 4252 411 4308 his
459 4250 646 4322 periit,
697 4248 799 4307 nisi
851 4248 992 4305 titius
1032 4248 1376 4325 perditionis,
1429 4257 1487 4305 ut
1536 4247 1823 4321 Scriptura

229 4345 539 4417 impleatur.
572 4342 725 4401 Nunc
757 4349 937 4401 autem
979 4341 1047 4407 ad
1078 4351 1131 4399 te
1164 4342 1345 4411 venio,
1390 4351 1448 4401 et
1489 4343 1607 4401 hmo
1634 4343 1825 4417 loquor

228 4437 282 4492 in
313 4436 543 4502 mundo,
570 4444 629 4490 ut
674 4435 911 4493 habeant
949 4435 1203 4505 gaudium
1244 4451 1424 4492 meum
1455 4435 1734 4507 impletum
1770 4436 1824 4490 in

229 4531 564 4601 semetipsis.
596 4528 707 4600 Ego
734 4529 852 4587 dedi
878 4528 958 4584 eis
985 4542 1297 4584 sermonem
1327 4538 1475 4585 tuum
1501 4536 1559 4583 et
1595 4528 1827 4585 mundus

1919 2008 2271 2064 dilexerimus
2302 2007 2494 2074 Deum,
2527 2010 2620 2065 sed
2657 2012 2911 2080 quoniam
2949 2011 3064 2081 ipse
3088 2012 3274 2068 dilexit
3306 2026 3423 2075 nos,
3451 2017 3510 2065 et

1919 2101 2068 2157 misit
2109 2100 2306 2157 Filium
2359 2118 2516 2157 suum
2550 2103 2991 2173 propitiationem
3022 2120 3118 2175 pro
3146 2104 3380 2175 peccatis
3406 2088 3512 2158 no:

1919 2194 2068 2250 stris.
2095 2194 2438 2259 Charissimi,
2490 2196 2534 2251 si
2586 2196 2666 2251 sic
2708 2196 2849 2253 Deus
2894 2196 3082 2252 dilexit
3142 2212 3262 2262 nos,
3314 2205 3370 2252 et
3411 2211 3510 2253 nos

1917 2287 2520 2343 debemusalterutrum
2556 2288 2804 2359 diligere.
2847 2289 3018 2345 Deum
3064 2304 3224 2345 nemo
3245 2289 3385 2344 vidit
3411 2305 3513 2343 un-

1918 2394 2101 2450 quam.
2138 2378 2193 2434 Si
2227 2380 2513 2449 dilig'unus
2540 2379 2799 2446 invicem,
2834 2382 2974 2436 Deus
3023 2382 3076 2436 in
3123 2381 3277 2441 nobis
3304 2388 3510 2446 manet,

1919 2478 1975 2526 et
2003 2471 2242 2526 Charitas
2274 2470 2392 2539 ejus
2416 2471 2469 2527 in
2500 2472 2658 2527 nobis
2686 2472 2924 2544 perfecta
2958 2480 3059 2529 est.
3094 2474 3148 2528 In
3180 2475 3281 2529 hoc
3310 2489 3513 2546 cogno-

1920 2562 2146 2628 scimus,
2177 2564 2430 2634 quoniam
2460 2564 2513 2618 in
2546 2578 2613 2619 eo
2640 2579 2945 2633 manemus,
2989 2572 3044 2623 et
3091 2566 3207 2638 ipse
3246 2567 3297 2622 in
3335 2566 3507 2632 nobis,

1920 2652 2176 2725 quoniam
2205 2654 2269 2709 de
2301 2652 2504 2725 Spiritu
2537 2671 2634 2710 suo
2662 2655 2809 2711 dedit
2848 2657 3022 2713 nobis.
3056 2658 3119 2712 Et
3156 2673 3253 2713 nos
3272 2658 3512 2715 vidimus

1921 2752 1976 2800 et
2008 2745 2385 2812 testificantur,
2434 2747 2693 2817 quoniam
2746 2748 2907 2804 Pater
2951 2747 3320 2806 misitFilium
3354 2765 3515 2806 suum

1921 2834 2245 2892 salvatorem
2274 2838 2478 2891 mutuli.
2516 2837 2776 2910 Quisquis
2832 2839 3113 2897 confessus
3162 2840 3346 2908 fuerit,
3384 2856 3518 2913 quo-

1921 2932 2067 2987 niam
2104 2929 2262 2987 Jesus
2293 2940 2375 2987 est
2404 2929 2574 2987 Filius
2596 2931 2716 2999 Dei,
2746 2932 2887 2990 Deus
2916 2935 2970 2989 in
3002 2949 3068 2990 eo
3095 2943 3297 3001 manet,
3326 2945 3383 2991 et
3404 2937 3519 3006 ipse

1921 3027 1977 3083 in
2017 3028 2145 3083 Deo.
2193 3026 2257 3081 Et
2289 3042 2384 3082 nos
2409 3028 2785 3098 cognovimus,
2823 3036 2878 3083 et
2906 3027 3239 3083 credidimus
3266 3027 3517 3084 charitati

1921 3135 2083 3192 quam
2114 3120 2276 3176 habet
2303 3120 2446 3176 Deus
2473 3120 2525 3175 in
2558 3120 2732 3176 nobis.
2774 3119 2917 3176 Deus
2950 3120 3191 3177 Charitas
3223 3132 3307 3177 est
3332 3130 3388 3177 et
3418 3120 3511 3191 qui

1924 3222 2107 3269 manet
2143 3212 2195 3267 in
2242 3212 2530 3281 charitate,
2574 3214 2629 3268 in
2683 3213 2795 3270 Deo
2824 3224 3027 3281 manet,
3075 3223 3130 3270 et
3172 3215 3316 3270 Deus
3345 3215 3398 3271 in
3427 3229 3513 3271 eo.

1923 3304 1980 3361 ln
2023 3305 2128 3359 hoc
2156 3303 2397 3375 perfecta
2424 3312 2508 3360 est
2545 3305 2783 3362 Charitas
2825 3306 3128 3371 nobiscum,
3179 3317 3236 3362 ut
3266 3306 3515 3363 fiduciam

1923 3397 2221 3453 habeamus
2254 3397 2305 3451 in
2338 3397 2423 3453 die
2466 3397 2683 3467 judicii,
2730 3400 2857 3469 quia
2896 3401 3039 3455 sicut
3084 3399 3175 3456 ille
3203 3410 3305 3467 est,
3337 3408 3393 3457 et
3417 3414 3516 3457 nos

1922 3503 2110 3545 sumus
2164 3489 2218 3543 in
2246 3490 2348 3545 hoc
2386 3490 2607 3545 mundo.
2654 3489 2841 3546 Timor
2888 3507 2993 3548 non
3035 3492 3195 3548 estin
3228 3492 3515 3558 charitate,

1925 3583 2020 3637 sed
2051 3581 2289 3654 perfecta
2318 3582 2555 3638 charitas
2584 3581 2735 3640 foras
2761 3584 2930 3641 mittit
2954 3584 3228 3651 timorem,
3257 3586 3515 3657 quoniam

1926 3676 2087 3732 timor
2114 3689 2330 3748 poenam
2370 3676 2551 3732 habet.
2586 3675 2688 3745 Qui
2727 3685 2909 3735 autem
2938 3677 3115 3743 timet,
3162 3692 3266 3733 non
3289 3685 3373 3734 est
3403 3691 3524 3751 per-

1927 3770 2099 3827 fectus
2146 3771 2199 3826 in
2246 3770 2533 3827 charitate.
2585 3768 2694 3829 Nos
2729 3785 2860 3843 ergo
2913 3771 3201 3843 diligamus
3239 3771 3435 3839 Deum,
3464 3780 3523 3828 et

1926 3864 2185 3937 quoniam
2213 3864 2356 3921 Deus
2378 3863 2529 3936 prior
2559 3863 2750 3923 dilexit
2773 3879 2892 3929 nos.
2927 3863 2984 3923 Si
3011 3866 3133 3936 quis
3158 3865 3356 3923 dixerit
3380 3879 3519 3939 quo-

1926 3959 2073 4023 niam
2107 3960 2272 4031 diligo
2301 3959 2469 4016 Deum
2516 3968 2571 4016 et
2611 3959 2837 4019 fratrem
2873 3974 3032 4021 suum
3066 3960 3262 4028 oderit,
3284 3959 3523 4017 mendax

1926 4062 2031 4111 est.
2059 4051 2163 4127 Qui
2188 4060 2370 4109 autem
2396 4067 2502 4109 non
2529 4051 2703 4131 diligit
2732 4051 2957 4111 fratrem
2980 4068 3135 4109 suum
3161 4067 3320 4125 quem
3350 4050 3521 4113 Videt,

1928 4148 2099 4205 Deum
2139 4160 2299 4219 quem
2347 4159 2453 4203 non
2484 4145 2630 4202 videt
2666 4147 2937 4216 quomodo
2964 4153 3147 4219 potest
3169 4142 3423 4215 diligere?
3470 4147 3528 4195 et

1928 4242 2033 4297 hoc
2063 4237 2378 4295 mandatum
2409 4237 2670 4295 habemus
2698 4252 2730 4292 a
2762 4239 2893 4302 Deo,
2922 4245 2982 4291 ut
3004 4236 3097 4307 qui
3129 4235 3305 4305 diligit
3327 4233 3523 4295 Deum,

1928 4343 1985 4390 et
2012 4332 2202 4405 diligat
2229 4330 2454 4387 fratrem
2493 4346 2672 4387 suum.
2706 4331 2896 4387 Omnis
2933 4330 3025 4401 qui
3056 4328 3234 4385 credit
3261 4324 3522 4398 quoniam

1925 4425 2082 4485 Jesus
2101 4433 2188 4483 est
2206 4423 2460 4481 Christus
2507 4437 2572 4477 ex
2605 4423 2717 4479 Deo
2745 4432 2925 4488 natus,
2947 4429 3003 4478 et
3029 4422 3208 4477 omnis
3234 4420 3326 4491 qui
3349 4414 3524 4485 diligit

1929 4533 2053 4574 eum
2079 4517 2171 4589 qui
2201 4518 2408 4590 genuit,
2462 4514 2640 4586 diligit
2686 4529 2810 4571 eum
2850 4516 2940 4586 qui
2971 4524 3132 4569 natus
3159 4522 3335 4569 estex
3356 4526 3441 4568 eo.
3467 4514 3526 4569 ln

228 4621 352 4676 odio
374 4619 572 4679 habuit
598 4633 714 4687 eos,
744 4617 871 4695 quia
916 4632 1026 4675 non
1062 4627 1193 4674 sunt
1231 4618 1298 4672 de
1340 4618 1568 4689 mundo,
1603 4617 1743 4679 sicut
1773 4627 1829 4675 et
1854 4651 1907 4713 Β
1932 4614 2035 4675 hoc
2056 4613 2459 4687 cognoscimus,
2477 4611 2732 4681 quoniam
2764 4610 3040 4713 diligimqs
3067 4617 3224 4712 natos
3258 4609 3373 4713 Dei,
3402 4624 3523 4662 cum

230 4729 329 4786 ego
364 4730 478 4773 non
518 4728 639 4771 sum
671 4715 737 4769 de
776 4713 997 4773 nutndo.
1049 4709 1164 4769 Non
1210 4725 1343 4783 rogo
1368 4720 1428 4767 ut
1457 4711 1614 4785 tollas
1645 4727 1738 4781 eos
1761 4711 1827 4767 de

234 4808 460 4873 mundo,
513 4805 609 4862 sed
640 4815 698 4861 ut
744 4819 927 4862 serves
977 4818 1072 4861 eos
1112 4820 1141 4859 a
1184 4804 1348 4859 malo.
1377 4805 1453 4861 De
1476 4803 1678 4861 mundo
1716 4820 1827 4863 non

236 4909 381 4965 sunt,
413 4899 559 4954 sicut
586 4913 687 4971 ego
738 4913 844 4953 non
889 4912 1007 4953 sum
1054 4898 1120 4952 de
1152 4899 1376 4953 mundo.
1415 4896 1708 4956 Sanctifica
1732 4912 1828 4953 eos

238 4995 289 5050 in
311 4995 571 5051 veritate.
604 4993 798 5049 Sermo
824 5002 949 5050 tuus
977 4991 1179 5049 veritas
1201 4999 1306 5049 est.
1343 4990 1498 5048 Sicut
1519 5005 1606 5049 me
1631 4992 1829 5049 misisti

240 5089 289 5145 in
314 5088 576 5144 mundum
600 5128 616 5152 ,
644 5095 699 5142 et
727 5101 827 5158 ego
854 5085 976 5142 misi
998 5100 1093 5140 eos
1132 5084 1187 5139 in
1228 5083 1510 5139 mundum.
1543 5082 1611 5138 Et
1635 5097 1731 5152 pro
1751 5082 1830 5139 eis

241 5198 335 5254 ego
354 5179 644 5237 sanetilico
672 5179 959 5251 meipsum,
988 5184 1048 5234 ut
1075 5176 1186 5232 sint
1210 5183 1263 5231 et
1289 5176 1391 5247 ipsi
1421 5173 1746 5230 sanctiﬁcati
1775 5174 1830 5229 in

242 5277 505 5344 veritate;
533 5289 641 5330 non
677 5287 777 5345 pro
798 5272 880 5329 eis
914 5280 1092 5327 autem
1122 5284 1253 5340 rogo
1280 5277 1515 5337 tantum,
1538 5269 1633 5324 sed
1654 5275 1710 5324 et
1734 5280 1833 5337 pro

244 5370 321 5426 eis
357 5369 449 5441 qui
494 5365 757 5426 credituri
784 5374 912 5423 sunt
934 5378 1033 5436 per
1051 5363 1279 5421 verbum
1305 5375 1495 5416 eorum
1516 5359 1570 5415 in
1602 5374 1720 5422 me,
1776 5366 1836 5414 ut

246 5477 431 5519 omnes
476 5475 646 5519 umtm
674 5458 803 5524 sint,
851 5457 994 5513 sicut
1028 5466 1083 5512 tu
1114 5453 1275 5511 Pater
1303 5453 1358 5509 in
1402 5466 1509 5517 me,
1555 5459 1611 5507 et
1647 5465 1748 5523 ego
1778 5451 1833 5506 in

249 5570 316 5625 te,
346 5566 486 5615 utet
521 5556 621 5628 ipsi
653 5556 706 5612 in
752 5552 907 5611 nobis
934 5567 1101 5611 unum
1142 5549 1274 5618 sint,
1316 5555 1375 5604 ιιι
1396 5546 1629 5603 mundus
1647 5546 1837 5603 credat

248 5657 367 5726 quia
394 5664 448 5711 tu
488 5667 576 5709 me
610 5650 830 5707 misisti.
864 5647 931 5703 Et
974 5661 1073 5718 ego
1115 5642 1417 5701 claritatem
1444 5655 1608 5711 quam
1636 5640 1832 5697 dedisti

249 5750 400 5813 mihi,
430 5745 551 5802 dedi
574 5745 675 5810 eis,
708 5752 768 5798 ut
805 5742 917 5798 sint
946 5753 1112 5799 unum
1151 5738 1292 5795 sicut
1326 5744 1383 5793 et
1415 5750 1516 5795 nos
1540 5749 1709 5792 unum
1745 5752 1836 5793 su-

251 5857 387 5898 tuus.
432 5840 546 5913 Ego
578 5839 633 5896 iu
667 5838 747 5894 cis
777 5844 831 5893 et
857 5845 912 5893 tu
940 5834 995 5893 in
1020 5847 1130 5901 me,
1157 5840 1216 5889 ut
1246 5832 1355 5889 sint
1387 5830 1748 5889 consummati
1779 5829 1833 5885 in

253 5951 439 6007 unum,
468 5942 530 5993 ut
556 5937 850 6011 cognoscat
876 5928 1127 6002 tuendus,
1161 5926 1287 6006 quia
1340 5934 1398 5991 tn
1444 5940 1534 5989 me
1558 5922 1756 5988 misisti
1779 5931 1836 5987 et

1937 4708 2103 4763 Deum
2128 4706 2434 4775 diligamus,
2456 4711 2512 4759 et
2540 4701 2793 4758 mandata
2835 4701 2952 4771 ejus
2983 4700 3268 4763 faciamus,
3298 4699 3414 4753 htec
3442 4705 3527 4752 est

1936 4798 2079 4855 enim
2109 4795 2349 4851 Charitas
2380 4794 2500 4861 Dei,
2527 4802 2585 4849 ιιι
2633 4793 2886 4848 mandata
2914 4790 3031 4860 ejus
3053 4788 3443 4852 custodiamus,
3471 4797 3528 4842 et

1936 4889 2193 4944 mandata
2231 4885 2350 4957 ejus
2394 4883 2581 4955 gravia
2634 4899 2743 4941 non
2775 4890 2901 4938 sunt
2944 4879 2998 4951 (ι
3033 4879 3198 4934 Joan.
3238 4893 3325 4944 tv,
3358 4877 3522 4945 7-2l;

1938 4997 1995 5047 v,
2030 4978 2170 5050 1-4).
2203 4997 2224 5031 ι

2011 5073 2079 5128 Ει
2099 5087 2198 5144 per
2229 5070 2546 5143 prophetam
2578 5068 2838 5124 Dominus
2867 5061 3137 5123 monendo
3162 5077 3231 5118 ne
3254 5061 3527 5118 laedantur

1935 5167 2181 5238 discipuli
2236 5167 2341 5232 sui,
2396 5178 2693 5232 eorumque
2734 5172 3092 5220 successores,
3136 5154 3351 5227 inquit:
3404 5154 3527 5211 Cir-

1937 5264 2162 5321 cumdat
2197 5261 2423 5333 angelus
2455 5258 2671 5315 Domini
2715 5256 2767 5311 in
2810 5270 2945 5326 gyro
2984 5253 3237 5309 timentes
3276 5267 3433 5317 eum,
3470 5258 3528 5306 et

1938 5366 2093 5415 eruet
2121 5372 2235 5412 eos.
2267 5355 2495 5412 Gustate
2534 5362 2590 5407 et
2617 5350 2797 5405 videte
2824 5348 3082 5419 quoniam
3118 5348 3292 5403 bonus
3315 5345 3531 5401 estDe-

1940 5452 2142 5509 minus.
2165 5449 2365 5506 Beatus
2386 5448 2470 5503 vir
2496 5446 2587 5515 qui
2614 5452 2797 5514 sperat
2818 5441 2977 5501 ineo.
3010 5440 3219 5499 Timete
3242 5437 3529 5492 Dominum

1937 5560 2130 5605 omnes
2156 5543 2330 5601 sancti
2365 5541 2505 5609 ejus,
2534 5536 2791 5608 quoniam
2833 5548 2939 5591 non
2968 5542 3053 5591 est
3085 5531 3263 5602 inOpia
3292 5526 3530 5585 timenti-

1938 5642 2041 5697 bus
2069 5654 2215 5695 eum.
2238 5638 2447 5694 Leonas
2472 5634 2818 5703 indiguerunt
2840 5639 2897 5687 et
2919 5628 3247 5691 esurierunt,
3275 5639 3531 5695 quaeren-

1942 5735 2087 5790 tibus
2129 5742 2308 5788 autem
2365 5728 2653 5785 Dominum
2705 5740 2814 5781 non
2863 5722 3039 5779 deerit
3086 5735 3248 5776 omne
3302 5721 3526 5775 bonum.

1938 5826 2246 5892 Ambulate,
2271 5823 2390 5889 filii,
2420 5822 2605 5885 audite
2637 5835 2745 5886 me,
2795 5818 3047 5874 timorem
3082 5812 3295 5870 Domini
3323 5812 3531 5868 docebo

1940 5941 2057 5987 vos.
2093 5924 2226 5999 Quis
2251 5931 2334 5983 est
2364 5920 2448 5979 vir
2475 5920 2568 5999 qui
2598 5917 2728 5977 velit
2778 5915 2968 5983 vitam,
2996 5909 3172 5989 diligit
3198 5909 3314 5971 dies
3346 5907 3533 5970 videre
