3908 5434
496 413 601 469 207

1321 423 1610 479 APPEND.
1652 421 1742 476 AD
1772 418 1943 478 SEC.
1974 418 2066 476 IX.
2114 450 2183 460 -——
2222 418 2470 476 lSlDORl
2506 420 2949 480 MERCATORIS

3658 432 3761 488 203

494 537 699 596 bonos?
736 540 957 600 Custodi
997 542 1235 615 linguam
1278 549 1426 596 tuam
1476 556 1507 594 a
1547 538 1712 604 malo,
1737 546 1793 593 et
1820 534 1966 592 labia
1992 544 2083 592 tua
2112 537 2163 598 Α
2187 547 2376 588 verum
2409 548 2652 601 suorum,
2679 543 2735 591 et
2772 535 3025 594 liberabit
3072 553 3189 596 eos.
3232 539 3341 597 Vos
3371 554 3523 614 ergo,
3552 540 3762 607 fratres,

494 644 564 685 ne
593 629 883 701 loquantur
921 633 1123 689 dolum.
1160 631 1373 687 Recede
1400 646 1431 685 a
1460 628 1603 685 malo
1648 636 1704 684 et
1742 627 1830 683 fac
1852 628 2075 693 bonum,

493 735 677 791 quaere
701 738 890 793 pacem
915 734 968 779 et
988 737 1313 794 persequere
1334 737 1476 778 eam.
1506 720 1659 777 Oculi
1682 719 1893 779 Domini
1917 733 2080 789 super

492 808 688 879 iustos,
719 822 774 869 et
812 829 969 870 aures
1015 813 1132 884 ejus
1168 813 1236 869 ad
1280 812 1574 869 clamorem
1618 825 1828 867 eorum.
1892 808 2081 866 Vultus

495 917 673 963 autem
698 909 907 966 Domini
929 911 983 966 in
1013 909 1274 966 facientes
1298 908 1521 973 malum,
1546 914 1606 962 ut
1636 907 1827 978 perdat
1844 908 1910 962 de
1934 915 2078 962 terra

495 1003 811 1056 memoriam
861 1017 1068 1058 eorum.
1119 1001 1502 1058 Clamavernnt
1537 998 1671 1068 justi
1726 1007 1781 1054 et
1818 998 2079 1054 Dominus

495 1091 772 1147 exaudivit
795 1107 913 1161 eos,
940 1101 994 1147 et
1023 1107 1091 1148 ex
1127 1091 1380 1147 omnibus
1425 1088 1864 1145 tribulationibus
1888 1103 2078 1145 eorum

492 1180 745 1237 liberavit
770 1168 864 1239 eos
905 1184 1185 1239 Dominus.
1224 1181 1386 1237 Juxta
1436 1189 1521 1237 est
1547 1181 1806 1237 Dominus
1831 1180 2081 1238 contritis

493 1273 679 1339 corde,
730 1283 787 1330 et
831 1273 1139 1330 confractos
1179 1272 1373 1345 spiritu
1422 1272 1673 1329 salvabit.
1728 1271 1892 1327 Multa
1939 1271 2081 1328 mala

489 1364 657 1436 juSto,
684 1375 738 1422 et
776 1382 845 1423 ex
891 1369 1141 1424 omnibus
1178 1367 1285 1423 illis
1336 1367 1589 1423 liberavit
1625 1383 1748 1422 eum
1797 1367 2079 1424 Dominus.

493 1457 738 1515 Custodit
761 1461 1020 1518 Dominus
1046 1462 1227 1518 omnia
1256 1477 1378 1519 ossa
1402 1459 1540 1530 ejus,
1564 1476 1732 1517 unum
1762 1477 1828 1517 ex
1859 1461 1944 1517 bis
1972 1477 2081 1517 non

494 1547 880 1622 confringetur.
914 1551 1205 1608 lnterﬁciet
1239 1552 1462 1621 impium
1490 1551 1717 1618 malitia,
1750 1561 1805 1607 et
1832 1552 2080 1608 odieutes

492 1638 691 1707 justum
719 1642 1100 1714 culpabuntur.
1144 1644 1395 1700 Redimet
1442 1644 1704 1700 Dominus
1729 1646 1943 1701 animas
1963 1661 2078 1702 ser-

2160 639 2344 714 .super
2374 625 2661 682 Dominum
2683 628 2868 698 ponite
2899 630 3063 685 corda
3088 638 3290 696 vestra,
3319 641 3376 687 et
3396 631 3514 701 ipse
3533 634 3767 690 enutriet

2156 733 2299 789 qvos,
2321 718 2446 790 quia
2473 734 2582 776 non
2605 719 2753 776 dabit
2775 722 2829 777 in
2852 730 3113 781 aeternum
3151 723 3559 784 fluctuationem
3579 727 3761 798 iustis.

2180 811 2324 886 Deus
2345 820 2525 869 autem
2552 812 2821 872 Dominus
2862 827 3050 877 noster
3099 819 3330 877 deducet
3373 820 3489 894 48
3526 822 3767 880 inimicos

2182 914 2399 962 nostros
2421 906 2579 977 juxta
2597 908 2875 978 prophetae
2899 925 3086 971 vocem
3118 929 3130 964 :
3176 930 3196 960 ι
3231 913 3290 967 In
3320 921 3545 985 puteum
3599 914 3766 969 inter-

2181 994 2315 1062 itus,
2337 997 2593 1069 quoniam
2620 998 2724 1057 viri
2747 1001 3071 1072 sanguinum
3098 1012 3154 1059 et
3187 1003 3359 1060 dolosi
3388 1020 3496 1059 non
3518 1004 3767 1060 dimidia-

2182 1087 2316 1143 bunt
2339 1088 2456 1146 dies
2489 1105 2619 1148 suos
2644 1089 2819 1163 (Paul.
2854 1109 2964 1159 LIV,
3004 1094 3119 1167 24).
3158 1115 3179 1149 ο
3214 1094 3323 1152 Vos
3346 1106 3528 1152 autem
3561 1110 3770 1167 semper

2162 1190 2401 1265 sperate
2445 1181 2498 1237 in
2537 1181 2766 1238 Domino
2794 1191 2848 1239 et
2876 1184 3131 1243 ﬁduciam
3168 1187 3425 1243 habetote
3452 1187 3508 1241 in
3533 1201 3626 1253 eo,
3646 1188 3767 1257 quia

2182 1273 2299 1345 ipse
2320 1273 2573 1331 liberabit
2595 1289 2710 1339 nos,
2755 1275 2871 1346 ipse
2892 1286 2979 1333 est
3003 1278 3150 1335 enim
3172 1278 3495 1335 benedictus
3521 1293 3552 1332 a
3574 1278 3770 1334 sreculo

2186 1380 2357 1436 usque
2382 1367 2435 1421 in
2458 1367 2734 1432 saeculum,
2760 1377 2814 1423 et
2855 1371 3005 1440 regni
3030 1370 3145 1442 ejus
3180 1386 3289 1427 non
3318 1372 3426 1426 erit
3455 1370 3598 1425 finis.
3640 1371 3768 1425 Data

2162 1469 2290 1529 ann
2316 1453 2540 1600 Kzlilend.
2588 1454 2861 1546 Octobris,
2895 1458 3035 1515 Caro
3071 1458 3213 1518 Vero
3250 1468 3307 1517 et
3333 1457 3535 1516 Carino
3568 1455 3640 1515 ιν
3692 1472 3769 1514 cc.

2195 1557 2366 1600 censu
2393 1585 2407 1600 .

2195 1557 2326 1601 COllS
2333 1557 2407 1601 111.

1969 1775 3749 1809 Cm

1118 1912 1760 2005 INCIPIUNT
1846 1913 2093 2006 DEC]

2191 1913 2386 2005 ΕΤΑ
2455 1914 2699 2008 GAII
2776 1914 3151 2008 ΡΑΡλΕ.

1724 2100 1903 2174 (Auno
1931 2100 2149 2159 Domini
2174 2102 2466 2178 285-295.)

574 2390 936 2449 Dilectissimo
962 2391 1113 2448 fratri
1142 2391 1325 2449 Feucr
1362 2394 1614 2464 episcopo
1638 2391 1824 2451 αλιυδ.

568 2484 813 2540 Directas
839 2486 905 2540 ad
933 2500 1029 2543 nos
1059 2495 1162 2541 tuae
1196 2486 1479 2542 cbaritatis
1499 2484 1757 2556 epistolas
1782 2484 1969 2556 plenas
1998 2500 2091 2541 ea-

500 2575 717 2632 tbolicae
761 2577 1124 2646 inquisitionis
1162 2576 1521 2633 sollicitudine
1566 2584 1842 2646 gratanter
1881 2575 2092 2644 accepi-

499 2680 642 2732 mus,
664 2666 1044 2723 benedicentes
1062 2667 1276 2724 Domini
1296 2668 1467 2723 nostri
1488 2666 1852 2733 clementiam,
1866 2668 1991 2737 quia
2014 2676 2095 2723 ta-

503 2762 585 2817 les
607 2760 1065 2817 extremis‘mundi
1088 2761 1333 2831 partibus
1347 2760 1600 2832 dignatur
1618 2761 1729 2815 suis
1750 2761 1942 2829 ovibus
1971 2774 2097 2831 pro-

500 2855 683 2910 videre
703 2863 948 2924 pastores
971 2869 1070 2935 per
1099 2869 1240 2925 quos
1265 2862 1321 2908 et
1341 2853 1557 2923 pascuis
1586 2852 1804 2908 valeant
1841 2851 2094 2908 salutari-

502 2947 607 3003 bus
634 2947 927 3011 abundare,
970 2953 1025 3001 et
1071 2947 1140 3002 ab
1186 2945 1357 3016 iniqui
1390 2944 1500 3015 lupi
1536 2945 1835 3014 rapacitate
1868 2944 2094 3010 servari,

503 3048 564 3095 ut
610 3040 835 3096 insidias
881 3047 1151 3109 nequeant
1210 3036 1325 3107 ejus
1379 3036 1746 3107 subreptionis
1798 3038 2094 3092 incurrere.

504 3129 661 3186 Unde
703 3139 908 3186 certum
969 3139 1054 3185 est
1112 3130 1237 3200 quia
1282 3128 1548 3198 promisse
1599 3142 1696 3183 vos
1745 3126 2098 3183 beatitudinis

504 3224 679 3292 gratia
724 3223 1108 3293 subsequatur,
1137 3220 1355 3295 quando
1398 3236 1430 3274 a
1453 3220 1606 3275 vobis
1634 3219 1932 3275 coeleslium
1976 3233 2099 3292 per-

504 3315 675 3373 fectio
703 3314 1070 3377 doctrinarum
1110 3323 1218 3372 tam
1254 3312 1430 3373 votiva
1474 3313 1842 3373 sciscitatione
1878 3315 2095 3386 perqui-

508 3408 670 3473 ritur,
696 3409 954 3479 seriptum
976 3416 1059 3464 est
1080 3408 1223 3464 enim
1254 3424 1268 3462 :
1306 3424 1325 3458 ι
1356 3405 1506 3462 Beati
1537 3407 1629 3475 qui
1668 3414 1984 3461 scrutantur
2019 3415 2097 3460 te-

511 3500 767 3555 stimonia
815 3499 960 3568 ejus,
1012 3506 1066 3554 et
1127 3498 1179 3552 in
1238 3505 1351 3578 toto
1398 3496 1562 3553 corde
1607 3496 1899 3565 exquirunt
1970 3509 2098 3578 eum

507 3585 680 3662 (Psal.
702 3603 889 3653 cxvm,
925 3588 1004 3655 2).
1038 3606 1059 3642 ι
1077 3587 1205 3652 Hoc
1227 3571 1376 3660 ergo,
1402 3589 1571 3667 frater
1601 3586 1943 3653 charissime,
1973 3571 2099 3656 p'ro-

502 3680 745 3751 positum
775 3686 880 3735 tuae
904 3678 1315 3735 consultationis
1341 3687 1452 3733 tota
1482 3687 1660 3733 mente
1683 3685 2003 3741 tractantes,
2033 3676 2101 3732 de

509 3779 565 3828 te
585 3785 799 3841 quoque
824 3769 1109 3840 provenire
1136 3768 1476 3833 conﬁdimus,
1509 3769 1600 3839 qui
1639 3768 1883 3839 regulam
1912 3767 2099 3821 catho-

508 3863 628 3919 lica:
656 3863 778 3918 ﬁdei
815 3863 1003 3917 iisdem
1033 3861 1218 3917 studes
1256 3871 1439 3916 tenere
1465 3860 1725 3932 vestigiis,
1748 3858 1943 3931 quibus
1974 3872 2095 3914 eam

513 3954 570 4010 in
614 3955 907 4025 apostolica
957 3954 1084 4010 sede
1146 3955 1429 4025 cognoscis
1491 3969 1613 4010 esse
1667 3953 1966 4009 fundatam.
2031 3951 2101 4008 Et

515 4047 763 4117 quamvis
789 4062 955 4103 sonus
976 4062 1161 4104 eorum
1184 4055 1299 4103 toto
1317 4048 1449 4103 orbe
1474 4046 1717 4115 diffusus,
1757 4055 1810 4103 et
1834 4060 2002 4118 usque
2031 4046 2102 4103 ad

515 4137 651 4192 ﬁnes
688 4138 833 4194 orbis
882 4147 1040 4193 terrae
1084 4139 1252 4193 verba
1288 4152 1475 4193 eorum
1514 4137 1749 4193 distensa
1801 4135 2103 4191 dilectionis

518 4237 627 4283 tua:
657 4230 818 4284 corda
845 4230 1061 4286 Christo
1100 4230 1464 4300 probaverunt
1507 4243 1627 4285 esse
1670 4227 1869 4292 ﬁdelia,
1920 4237 2102 4282 tamen

517 4319 562 4372 si
590 4318 721 4387 quid
741 4333 808 4373 ex
836 4319 921 4375 bis
940 4320 993 4374 in
1024 4319 1265 4375 Ecclesia
1296 4334 1416 4389 quae
1441 4328 1546 4375 tute
1570 4319 1967 4391 gubernationi,
1998 4318 2104 4375 Do-

523 4408 668 4463 mino
697 4410 1006 4476 auxiliante,
1034 4411 1321 4467 commissa
1365 4421 1463 4475 est,
1517 4427 1616 4467 nec
1640 4412 1765 4467 dum
1787 4411 1944 4483 plena
1984 4411 2105 4467 luce

520 4496 796 4565 claruerit,
842 4500 907 4553 ad
947 4501 1194 4557 eumdem
1223 4501 1425 4557 fontem
1465 4501 1532 4557 de
1575 4517 1681 4572 quo
1714 4501 1805 4557 illa
1851 4500 2105 4557 salutaris

523 4600 769 4645 manarat
793 4591 1007 4662 lympha
1042 4594 1340 4657 recurritis,
1371 4592 1423 4647 id
1441 4601 1546 4659 est,
1566 4595 1707 4664 quod
1726 4592 1906 4649 debita
1926 4591 2108 4649 chari-

525 4692 635 4738 tate
661 4698 846 4738 sumus
862 4681 1118 4752 amplexi,
1134 4684 1259 4753 quia
1280 4684 1602 4740 ﬁducialiter
1615 4687 1682 4741 de
1701 4685 1785 4742 bis
1804 4685 1946 4741 unde
1965 4684 2107 4754 apud

521 4791 616 4831 eos
658 4775 1056 4831 observantiam
1097 4792 1218 4833 esse
1252 4777 1469 4832 dixiStis
1509 4778 1816 4848 ambiguam
1861 4781 2105 4832 nostram

524 4865 771 4920 voluistis
791 4867 1140 4936 responsione
1158 4866 1386 4922 ﬁrmari.
1409 4867 1747 4939 Quapropter
1766 4866 2107 4923 dilectionem

2116 2421 2167 2482 Β
2195 2395 2456 2462 accusati,
2484 2397 2790 2469 quicunque
2821 2396 3008 2464 fuerit,
3036 2397 3152 2454 sive
3177 2397 3267 2456 ille
3296 2399 3548 2458 sublimis
3567 2400 3654 2457 vir
3685 2403 3771 2458 bo-

2194 2485 2361 2550 noris,
2415 2486 2528 2543 sive
2566 2486 2726 2544 ullius
2775 2486 2997 2544 alterius
3045 2488 3321 2560 dignitatis
3345 2490 3439 2562 qui
3476 2490 3584 2547 hoc
3613 2506 3772 2563 genus

2168 2576 2517 2659 illaudabilis
2542 2578 2856 2635 intentionis
2887 2579 3196 2650 arripuerit,
3221 2584 3433 2638 noverit
3443 2585 3772 2655 probationis

2192 2666 2516 2725 documenta
2549 2684 2608 2725 se
2635 2670 2831 2727 debere
2856 2671 3076 2728 inferre.
3109 2671 3167 2728 Si
3197 2674 3319 2745 quis
3342 2689 3476 2746 ergo
3513 2676 3660 2732 circa
3687 2678 3773 2734 hu-

2186 2753 2424 2824 jusmodi
2469 2774 2726 2828 personas
2772 2775 2878 2817 non
2916 2760 3189 2831 probanda
3229 2763 3504 2831 detulerit,
3551 2772 3775 2825 auctori-

2197 2857 2307 2905 tate
2332 2847 2489 2918 hujus
2526 2851 2820 2908 sanctionis
2858 2852 3124 2923 intelligat
3164 2870 3223 2911 se
3244 2852 3521 2923 iacturam
3550 2862 3778 2917 infamia

2196 2944 2486 3008 sustinere,
2512 2953 2571 3000 ut
2606 2944 2804 3001 damno
2830 2946 3049 3015 pudoris
3074 2936 3447 3008 aestimationis
3479 2955 3773 3026 dispendio,

2196 3033 2371 3089 discat
2397 3034 2498 3089 sibi
2538 3034 2728 3091 aliena:
2756 3038 3095 3096 verccumlite
3143 3042 3361 3113 impune
3405 3044 3656 3101 insidiari
3684 3047 3780 3101 sal-

2196 3136 2307 3181 tem
2329 3126 2609 3184 decaztcm
2630 3142 2738 3186 non
2770 3131 2951 3189 licere.
2975 3132 3110 3188 Nam
3136 3135 3368 3204 qualiter
3397 3136 3467 3192 ad
3497 3139 3777 3194 concilium

2194 3224 2468 3290 veniatur,
2495 3236 2587 3279 aut
2608 3225 2841 3296 qualiter
2871 3228 2938 3283 de
2976 3228 3089 3284 suis
3127 3229 3287 3285 rebus
3324 3230 3673 3301 exspoliatis,
3701 3231 3779 3286 vel

2198 3317 2385 3388 ejectis
2410 3332 2439 3371 a
2465 3316 2683 3375 sedibus
2717 3318 2969 3389 propriis,
3017 3327 3112 3374 aut
3144 3320 3235 3390 qui
3271 3330 3620 3377 accusatores
3665 3333 3782 3377 sunt

2200 3408 2514 3479 recipiendi,
2549 3411 2710 3479 quive
2734 3425 2842 3465 non
2867 3411 2998 3476 sint,
3024 3418 3118 3466 aut
3142 3411 3377 3482 qualiter
3403 3410 3600 3481 ejectis
3618 3422 3675 3469 et
3699 3427 3782 3467 ex-

2176 3497 2442 3569 spoliatis
2490 3498 2599 3554 sint
2642 3500 2823 3555 omnia
2871 3499 3077 3571 legibus
3106 3501 3516 3573 redintegranda
3560 3517 3682 3573 quae
3709 3502 3783 3558 eis

2201 3589 2380 3669 ablata
2405 3598 2548 3655 sunt,
2593 3590 2720 3661 quia
2759 3591 3071 3662 priusquam
3096 3591 3201 3649 hoc
3230 3592 3431 3647 factum
3473 3591 3641 3647 fuerit
3667 3594 3781 3647 nul-

2200 3681 2308 3737 lum
2332 3681 2537 3738 crimen
2568 3681 2649 3738 eis
2674 3682 2911 3754 objicere
2938 3684 3156 3755 poterit,
3201 3693 3255 3739 et
3295 3683 3535 3755 qualiter
3564 3683 3671 3740 illis
3701 3685 3783 3738 in-

2202 3772 2373 3827 duciae
2408 3779 2537 3842 post
2586 3771 2852 3842 integram
2907 3774 3358 3830 restaurationem
3398 3774 3784 3829 anniversaria

2200 3862 2287 3917 vel
2311 3877 2408 3918 sex
2436 3862 2704 3918 mensium
2754 3863 3088 3936 indulgendae
3134 3864 3266 3931 sint,
3312 3873 3367 3919 et
3410 3863 3646 3935 qualiter
3691 3879 3783 3918 sua

2202 3954 2383 4013 omnia
2411 3954 2638 4011 licenter
2663 3965 2720 4010 et
2745 3955 2969 4026 paciﬁce
2998 3956 3200 4026 absque
3235 3955 3396 4012 ullius
3423 3957 3576 4026 gravi
3614 3956 3784 4024 impe-

2203 4047 2446 4102 dimento
2482 4046 2786 4116 disponere,
2832 4054 2889 4100 et
2925 4059 3143 4101 suorum
3182 4045 3483 4102 amicorum
3526 4057 3581 4102 et
3621 4045 3787 4101 eccle-

2202 4138 2544 4195 siastieorum
2574 4137 2795 4192 Patrum
2827 4136 3071 4193 conciliis
3096 4137 3173 4192 uti
3201 4137 3433 4193 debeant
3461 4134 3788 4192 sufﬁcienter

2203 4228 2272 4283 ab
2292 4227 2549 4299 apostolis
2574 4241 2905 4298 suorumque
2928 4228 3309 4283 decessoribus
3335 4242 3401 4284 ac
3429 4228 3633 4283 nostris
3651 4241 3788 4297 prae-

2205 4319 2578 4377 decessoribus
2629 4326 2887 4375 statutum
2951 4335 3072 4376 esse
3135 4329 3423 4391 putamus;
3473 4335 3637 4390 super
3700 4319 3786 4375 bis

2208 4418 2389 4465 autem
2416 4424 2525 4465 non
2554 4423 2679 4466 reor
2700 4408 2929 4481 amplius
2958 4426 3100 4467 nunc
3125 4409 3240 4467 fore
3260 4410 3662 4481 disputandum,
3687 4412 3787 4466 nisi

2207 4503 2254 4558 si
2283 4501 2620 4579 surrexerint
2650 4499 2778 4555 talia
2806 4516 2925 4571 quae
2959 4502 3135 4557 adhuc
3167 4517 3272 4556 non
3322 4510 3449 4556 sunt
3482 4501 3786 4557 manifesta.

2208 4592 2477 4648 Sieorum
2495 4599 2677 4648 autem
2691 4600 2890 4647 statuta
2911 4607 3017 4646 non
3039 4592 3357 4658 habueritis,
3372 4593 3573 4648 mittite
3598 4592 3790 4648 ﬁdelis-

2207 4684 2375 4741 simos
2397 4684 2690 4753 scriptores
2712 4683 2803 4754 qui
2829 4684 2945 4739 haec
2964 4698 3147 4739 coram
3179 4683 3426 4742 ﬁdelibus
3452 4686 3681 4742 testibus
3699 4699 3790 4740 ex-

2208 4777 2391 4848 cipere
2413 4816 2428 4843 ,
2492 4776 2752 4847 vobisque
2786 4782 3088 4849 {reportare
3110 4778 3121 4848 l
3143 4776 3244 4835 sub
3298 4776 3648 4850 stipulatione
3676 4792 3790 4866 ova-

2210 4868 2376 4926 leant.

527 4967 670 5011 tuam
700 4958 753 5010 in
783 4958 1010 5013 Domino
1056 4959 1369 5026 salutantes,
1416 4963 1482 5017 de
1531 4960 1755 5031 singulis
1776 4960 1920 5031 quod
1955 4959 2108 5029 juxta
2154 4960 2183 4993 ⁸
2281 4958 2545 5015 Caeterum
2583 4967 2642 5015 ut
2691 4960 2823 5016 satis
2861 4959 3053 5015 faciam
3089 4959 3351 5017 consultis
3381 4960 3512 5027 tuis,
3539 4960 3608 5015 de
3632 4960 3789 5014 verbo

524 5048 847 5103 catholicam
871 5035 1205 5122 disciplinam
1254 5062 1434 5107 teneat
1468 5050 1775 5122 apostolica:
1827 5052 1972 5107 sedis
2014 5067 2103 5107 au-

2213 5039 2687 5108 incarnationis'et
2711 5052 2973 5120 veritatis,
3006 5053 3311 5123 quicunque
3339 5051 3416 5109 illi
3442 5060 3572 5109 sunt
3600 5052 3673 5106 ita
3699 5050 3790 5105 ob-

525 5144 773 5196 ctoritas.
806 5142 1063 5196 subiectis
1089 5146 1356 5196 aliquibus
1399 5145 1563 5196 etiam
1615 5152 1924 5196 sanctarum
1961 5145 2108 5196 cani-
2140 5182 2182 5196 ..
2215 5144 2397 5196 caecati
2426 5151 2480 5196 et
2521 5158 2552 5196 a
2591 5142 2795 5196 lumine
2822 5144 3067 5196 veritatis
3112 5144 3294 5196 alieni.
3336 5153 3396 5196 ut
3439 5143 3591 5196 verbi
3638 5143 3730 5196 Dei
3760 5158 3789 5195 a
