3926 6436
175 437 275 493 209

1375 432 1871 491 DECRETALIUM
1908 434 2308 493 COLLECTIO.

3336 448 3452 515 ilo.

178 550 313 605 Deus
355 556 476 603 erat
524 548 574 603 in
628 545 846 604 Christo
906 548 1162 603 mundum
1225 547 1590 604 reconcilians
1651 547 1757 604 sibi
1783 556 1836 617 Α
1862 562 1971 618 quo
2001 548 2133 605 mihi
2163 550 2481 623 complacui,
2509 551 2684 629 ipsum
2727 554 2908 611 audite
2931 553 3144 628 (Matth.
3167 561 3438 635 XVII,5);D

177 640 256 714 (Il
281 639 600 712 Cor.v,l9);
628 660 648 694 ι
674 656 794 712 quae
817 650 996 696 autem
1028 642 1400 697 reconciliatio
1430 650 1614 713 posset
1638 655 1760 697 esse

176 747 273 803 qua
297 732 535 788 humano
559 732 744 804 generi
775 733 1221 805 repmpitiaretur
1245 733 1388 788 Deus
1409 774 1424 799 ,
1453 733 1499 788 si
1524 732 1760 788 hominis

176 841 383 883 causam
429 826 696 882 mediator
725 825 822 882 Dei
867 826 1255 897 hominumque
1287 841 1394 881 non
1422 822 1762 894 susciperet?

176 916 279 985 Qua
299 933 432 974 vero
452 919 665 973 ratione
687 917 974 973 veritatem
1000 917 1320 997 mediatoris
1356 916 1625 987 impleret,
1654 914 1758 969 nisi

173 1013 255 1084 qui
296 1013 350 1067 in
400 1010 579 1069 forma
622 1013 718 1068 Dei
747 1012 969 1083 aequalis
995 1021 1079 1069 est
1121 1011 1293 1079 Patri,
1327 1012 1381 1066 in
1412 1010 1585 1067 forma
1618 1009 1759 1065 servi

174 1106 435 1177 particeps
465 1112 611 1161 esset
651 1112 707 1162 et
750 1106 924 1160 nostri
960 1113 1019 1160 ut
1055 1105 1246 1160 mortis
1276 1104 1549 1159 vinculum
1599 1103 1759 1158 unius

173 1198 609 1268 praevaricatione
657 1205 1019 1264 contractum,
1060 1199 1222 1254 unius
1271 1207 1445 1253 morte
1483 1197 1576 1267 qui
1612 1195 1759 1254 solus

173 1293 321 1348 morti
348 1291 488 1347 nihil
517 1291 701 1349 debuit
732 1293 1070 1349 solveretur?
1091 1292 1295 1348 Eil‘usio
1317 1292 1457 1346 enim
1478 1291 1611 1360 justi
1635 1305 1760 1345 san-

173 1385 337 1455 guinis
363 1384 573 1440 Christi
605 1393 717 1439 tam
754 1383 855 1439 fuit
882 1386 1032 1440 dives
1063 1384 1129 1439 ad
1158 1385 1413 1454 pretium,
1448 1393 1504 1437 ut
1546 1382 1589 1437 si
1634 1383 1758 1436 uni-

174 1475 388 1532 versitas
407 1476 753 1546 captivorum
783 1478 837 1531 in
860 1476 1281 1548 Redemptorem
1304 1492 1458 1532 suum
1484 1475 1755 1540 crederet,

177 1566 365 1622 nullum
417 1567 622 1623 diaboli
666 1568 878 1624 vincula
938 1569 1256 1634 retinerent,
1303 1570 1558 1641 quoniam
1617 1568 1759 1623 sicut

173 1659 446 1729 Apostolus
492 1660 624 1714 ait:
681 1681 699 1712 ί
750 1659 852 1716 Ubi
908 1670 1089 1716 autem
1150 1662 1447 1717 abundavit
1501 1661 1756 1717 delictum

172 1743 618 1823 superabundavit
666 1755 842 1824 gratia
876 1755 1055 1827 (Rom.
1081 1772 1135 1822 v,
1158 1756 1274 1828 9.0).
1315 1776 1333 1808 ι
1366 1753 1447 1810 Et'
1491 1771 1612 1811 cum
1654 1756 1755 1811 sub

173 1845 362 1914 peccati
377 1844 700 1915 praeiudicio
715 1849 822 1903 nati
839 1859 1163 1919 pctestatem
1186 1850 1571 1921 acceperintad
1594 1849 1755 1919 justi-

1866 647 1921 695 et
1964 640 2081 695 sine
2128 641 2355 699 veritate
2389 644 2569 700 carnis
2617 660 2722 701 non
2748 655 3139 717 protestaretur
3164 649 3439 710 Joannes:

1870 752 1889 786 ι
1924 732 2061 809 Ecce
2109 735 2293 805 Agnus
2341 738 2460 804 Dei,
2501 754 2627 795 ecce
2661 741 2750 809 qui
2806 742 2942 798 tollit
2986 754 3208 814 peccata
3260 747 3444 803 mundi

1864 826 2045 900 (Joan.
2076 845 2114 894 ι,
2150 829 2271 902 29);
2299 850 2317 883 ι
2350 831 2649 888 εἰιιιενθιεὺί
2672 834 2908 904 potentia
2939 851 3045 892 non
3076 838 3221 895 .ieret
3247 840 3448 897 reinte~

1863 921 2042 991 gratio
2070 920 2323 976 debilium
2354 931 2409 978 et
2430 924 2720 980 viviﬁcatio
2751 935 3083 983 mortuorum
3107 971 3122 995 ,
3149 938 3206 986 et
3223 929 3446 1001 sinefve-

1865 1012 2020 1065 ritate
2057 1011 2256 1075 carnis,
2287 1027 2386 1067 nec
2441 1013 2593 1070 cibus
2641 1014 2863 1086 jejunio,
2897 1033 3001 1093 nec
3031 1033 3254 1075 somnus
3302 1030 3449 1077 esset

1863 1103 2204 1159 necessarius
2259 1103 2505 1175 fatigato,
2549 1116 2821 1177 postremo
2850 1110 3171 1169 sinetVerbi
3207 1114 3447 1184 potentia

1864 1210 1970 1249 non
1999 1211 2058 1250 se
2086 1194 2344 1249 Dominus
2372 1195 2516 1251 Patri
2549 1198 2895 1265 proﬁteretur
2917 1200 3212 1272 ‘aaqualem,
3248 1212 3301 1258 ct
3330 1203 3448 1260 sine

1863 1286 2091 1340 veritate
2137 1286 2319 1341 carnis
2363 1301 2471 1341 non
2523 1286 2665 1342 idem
2705 1289 2910 1347 diceret
2959 1291 3175 1350 Patrem
3221 1309 3282 1350 se
3327 1310 3448 1353 esse

1864 1380 2143 1451 majorem,
2176 1396 2297 1435 cum
2342 1379 2610 1436 catholica
2662 1381 2795 1438 ﬁdes
2840 1393 3128 1457 utrumque
3169 1389 3444 1459 suscipiat,

1863 1481 2151 1542 utrumque
2162 1472 2434 1537 defendat,
2451 1491 2571 1546 quae
2586 1477 2882 1533 secundum
2894 1479 3286 1537 confessionem
3306 1484 3448 1538 beati

1861 1565 2006 1621 Petri
2038 1568 2265 1637 apostoli
2310 1584 2476 1623 unum
2527 1568 2801 1627 Christum
2833 1572 2929 1627 Dei
2961 1573 3158 1630 Filium
3188 1585 3244 1632 et
3276 1576 3450 1632 homi-

1860 1676 1983 1716 nem
2014 1662 2187 1716 credit
2211 1671 2265 1717 et
2285 1663 2534 1719 verbum.
2562 1662 2818 1729 Quamvis
2840 1666 3022 1737 itaque
3057 1669 3109 1722 in
3138 1667 3226 1724 illo
3251 1685 3317 1725 ex
3341 1685 3448 1740 quo

1861 1753 2098 1831 in.utero
2123 1752 2360 1824 Virginis
2389 1753 2627 1810 Verbum
2655 1772 2784 1813 caro
2825 1759 3025 1814 factum
3061 1771 3165 1827 est,
3188 1761 3319 1816 nihil
3349 1779 3449 1818 un-

1859 1862 2023 1916 quam
2053 1846 2106 1900 in
2132 1853 2361 1917 utraque
2399 1845 2571 1903 forma
2610 1848 2812 1919 aliquid
2849 1851 3127 1908 divisionis
3155 1854 3444 1919 exstiterit,

175 1936 289 1990 tiam
320 1938 670 2007 renascendi,
697 1940 926 1996 validius
955 1938 1155 1996 factum
1192 1950 1275 1996 est
1303 1941 1501 1996 donum
1529 1941 1752 1996 liherta-
1782 1955 1832 2015 Β
1860 1948 1913 1992 et
1960 1951 2055 2007 per
2089 1938 2268 1992 omnia
2309 1939 2639 1995 incrementa
2684 1956 2944 2012 corporea
2990 1943 3149 1999 unius
3201 1958 3446 2014 personae

173 2028 233 2085 tis
251 2044 406 2099 quam
452 2030 701 2087 debitum
743 2031 1042 2087 servitutis.
1086 2031 1260 2100 Quam
1300 2032 1480 2103 itaque
1512 2033 1565 2086 in
1596 2032 1756 2100 hujus

174 2123 478 2177 sacramenti
526 2122 776 2193 praesidio
827 2138 977 2193 spem
1024 2124 1339 2194 relinquunt
1365 2124 1459 2195 qui
1487 2124 1541 2178 in
1569 2124 1756 2180 Salva-

174 2218 275 2269 tore
294 2221 480 2271 nostro
521 2224 723 2285 negant
748 2216 968 2272 humani
1000 2218 1244 2288 corporis
1270 2217 1593 2273 veritatem?
1623 2216 1757 2285 Quis

174 2314 280 2371 est,
323 2316 384 2361 ut
445 2307 532 2363 ait
572 2308 889 2379 Apostolus,
957 2309 1049 2380 qui
1086 2329 1102 2361 ‹
1144 2309 1364 2365 tradidit
1407 2310 1756 2381 semetipsum

174 2412 255 2468 pro
277 2399 427 2455 nobis
447 2400 788 2458 oblationem
815 2411 870 2458 et
899 2402 1134 2458 hostiam
1166 2402 1277 2459 Deo
1302 2403 1354 2457 in
1380 2404 1608 2458 odorem
1631 2420 1756 2459 sua-

175 2489 364 2547 vitatis?
390 2491 621 2565 (Epltes.
658 2510 708 2558 v,
747 2495 825 2564 ‘2.)
869 2516 886 2546 ι
920 2496 1028 2550 Aut
1069 2496 1213 2565 quod
1256 2510 1493 2566 unquam
1547 2496 1758 2552 sacriﬁ-

174 2582 296 2639 cium
325 2586 607 2642 sacratius
636 2586 738 2642 fuit
762 2602 925 2657 quam
954 2588 1098 2659 quod
1126 2604 1289 2645 verus
1335 2598 1571 2645 aeternus
1614 2589 1759 2645 Pon-

176 2672 287 2730 tifex
315 2676 469 2733 altari
511 2679 691 2734 crucis
721 2694 818 2752 per
838 2681 1274 2738 immolationem
1305 2697 1419 2737 suae
1446 2683 1629 2738 carnis
1657 2684 1762 2738 im-

175 2770 351 2839 posuit.
379 2772 545 2829 Licet
586 2773 637 2829 in
663 2784 951 2845 conspectu
984 2776 1199 2831 Domini
1228 2777 1464 2847 pretiosa
1486 2775 1759 2845 justorum

176 2878 302 2919 mors
327 2864 448 2932 fuit,
488 2866 690 2924 nullius
728 2878 910 2924 tamen
951 2870 1186 2928 insontis
1224 2872 1426 2928 occisio
1460 2872 1759 2943 redemptio

177 2953 260 3010 fuit
285 2960 498 3015 mundi.
527 2960 868 3032 Acceperunt
888 2962 1038 3031 justi,
1074 2980 1181 3019 non
1214 2965 1481 3021 dederunt
1508 2980 1756 3021 coronas.

176 3044 241 3101 De
263 3047 586 3107 fortitudine
612 3052 845 3108 ﬁdelium
877 3055 1124 3126 exempla
1152 3064 1279 3111 nata
1331 3065 1457 3112 sunt
1486 3057 1760 3126 patientiae

178 3151 266 3192 non
287 3140 417 3196 dona
441 3142 695 3213 justitiaa,
722 3145 1026 3216 singulares
1048 3148 1246 3218 quippe
1276 3148 1329 3201 in
1360 3148 1587 3219 singulis
1617 3165 1755 3204 mor-

180 3237 248 3285 tes
274 3231 516 3299 fuerunt,
551 3248 654 3290 nec
678 3235 900 3293 alterius
929 3239 1217 3310 quisquam
1247 3239 1487 3295 debitum
1527 3256 1624 3294 suo
1654 3241 1759 3296 ﬁne

1858 2031 2240 2088 fueriuttotius
2272 2034 2529 2102 temporis
2560 2034 2821 2090 actiones.
2848 2036 2922 2091 Ea
2963 2037 3075 2107 ipsa
3104 2052 3358 2109 namque,
3381 2047 3448 2095 ut

1856 2125 1930 2180 ita
1953 2125 2149 2192 dicam,
2182 2141 2302 2195 quae
2322 2126 2757 2197 inseparabiliter
2800 2127 2945 2184 facta
2980 2137 3105 2184 sunt
3126 2128 3268 2185 nulla
3296 2145 3446 2187 com-

1857 2216 2108 2272 mistione
2171 2215 2571 2284 confundimus,
2621 2218 2717 2274 sed
2768 2219 2910 2289 quod
2962 2218 3218 2291 cujusque
3261 2219 3447 2278 formae

1824 2310 1928 2387 psit
1968 2325 2035 2364 ex
2055 2324 2277 2381 operum
2331 2309 2595 2379 qualitate
2654 2311 2936 2367 sentimus.
2982 2311 3175 2368 Dicant
3214 2314 3449 2385 ergoisti

1855 2401 2151 2472 hypocrita:
2175 2401 2266 2472 qui
2294 2402 2454 2457 caecis
2479 2401 2753 2458 mentibus
2780 2401 2961 2458 lumen
2990 2403 3177 2459 nolunt
3205 2406 3448 2478 recipere

1856 2493 2103 2548 veritatis
2155 2492 2207 2546 in
2243 2508 2348 2562 qua
2377 2492 2549 2548 forma
2600 2494 2779 2549 crucis
2806 2493 2950 2564 ligno
2977 2495 3237 2551 Dominus
3281 2497 3446 2568 maje-

1858 2583 2013 2638 statis
2042 2581 2288 2639 Christus
2312 2581 2502 2639 afﬁxus
2528 2584 2618 2649 sit,
2661 2584 2803 2653 quod
2822 2582 3060 2654 jacuerit
3089 2586 3143 2640 in
3173 2588 3446 2658 sepulcro,

1858 2684 1913 2729 et
1939 2674 2182 2730 revoluto
2226 2674 2402 2744 lapide
2460 2676 2793 2733 monumenti
2844 2691 2966 2747 qua:
3012 2678 3166 2733 tertia
3203 2677 3290 2735 die
3319 2695 3448 2736 caro

1863 2765 2197 2821 resurrexit?
2225 2764 2295 2819 Et
2317 2765 2442 2836 quia
2483 2775 2607 2837 post
2643 2768 3096 2825 resurrectionem
3143 2785 3296 2826 suam
3340 2787 3446 2828 non

1859 2854 2144 2913 credentes
2193 2860 2455 2929 quosdam
2505 2858 2798 2930 discipulos
2828 2861 3109 2933 arguebat,
3144 2870 3199 2917 et
3235 2863 3451 2918 haesita-

1863 2953 2064 3007 tionem
2097 2952 2468 3008 cunctantium
2496 2951 2809 3008 confutabat
2847 2968 2969 3008 cum
3000 2953 3244 3009 diceret:
3279 2972 3299 3006 ‹
3329 2954 3451 3010 Pal-

1859 3052 1985 3112 pate
2009 3051 2065 3099 et
2095 3044 2272 3099 videte
2301 3043 2428 3114 quia
2453 3043 2675 3115 spiritus
2704 3057 2922 3100 carnem
2961 3055 3016 3100 et
3053 3060 3176 3101 ossa
3204 3061 3313 3101 non
3357 3046 3450 3100 ha-

1862 3135 1972 3202 bet,
2004 3136 2144 3192 sicut
2173 3138 2260 3191 me
2306 3136 2555 3192 videbitis
2584 3136 2786 3191 habere
2821 3135 2973 3209 (Luc.
3006 3153 3156 3203 xxiv,
3202 3136 3315 3208 39),
3351 3156 3368 3188 ι
3396 3145 3453 3192 et

1866 3226 2110 3296 apostolo
2173 3226 2393 3282 Thema:
2435 3244 2448 3279 :
2489 3246 2507 3278 ι
2558 3223 2699 3282 lnfer
2746 3242 2964 3282 manum
3014 3236 3159 3284 tuam
3209 3229 3264 3283 in
3312 3228 3452 3284 latus

179 3323 434 3393 persolvit,
487 3341 616 3382 cum
646 3325 816 3406 Filius
848 3328 1083 3385 hominis
1131 3346 1272 3386 unus
1314 3331 1460 3386 solus
1503 3332 1759 3388 Dominus

1867 3332 2066 3383 meum,
2121 3326 2177 3373 et
2251 3317 2372 3373 vide
2432 3332 2625 3373 manus
2670 3332 2820 3374 meas
2864 3326 2920 3374 et
2964 3320 3167 3390 pedes,
3230 3328 3284 3374 et
3343 3319 3453 3375 noli

185 3425 345 3471 noster
371 3416 535 3474 Iesus
574 3416 828 3475 Christus
853 3421 944 3490 qui
970 3436 1100 3477 vere
1133 3430 1253 3478 erat
1287 3438 1460 3493 agnus
1492 3423 1755 3478 immacu-

184 3504 305 3564 latus
327 3511 624 3577 exstiterit,
654 3512 708 3566 in
744 3527 853 3582 quo
880 3528 1068 3570 omnes
1089 3516 1355 3581 cruciﬁxi,
1387 3531 1577 3571 omnes
1609 3531 1758 3572 mor-

185 3598 285 3666 tui,
339 3615 534 3659 omnes
602 3603 835 3675 sepulti,
895 3620 1083 3663 omnes
1139 3616 1267 3663 sunt
1343 3608 1510 3663 etiam
1584 3608 1759 3664 susci-

186 3693 287 3747 tati.
314 3693 386 3750 De
409 3697 614 3766 quibus
651 3699 767 3768 ipse
798 3698 1014 3755 dicebat
1043 3717 1057 3754 :
1093 3719 1111 3751 ι
1145 3699 1204 3755 Si
1243 3700 1511 3756 exaltatus
1537 3698 1690 3755 fuero
1727 3714 1761 3754 a

186 3788 331 3850 terra,
358 3787 546 3841 omnia
588 3787 803 3843 traham
836 3789 904 3844 ad
931 3789 1193 3860 meipsum
1235 3789 1419 3861 (Joan.
1452 3806 1553 3857 xu,
1583 3790 1696 3862 52).
1736 3808 1755 3842 ι

186 3871 327 3932 Fides
349 3879 554 3934 etenim
586 3877 893 3948 justiﬁcans
924 3881 1139 3952 impios,
1165 3893 1221 3939 et
1259 3898 1449 3939 creans
1476 3883 1653 3954 justus
1691 3882 1759 3937 ad

187 3964 521 4028 humanitatis
553 3981 788 4028 retracta
829 3974 1171 4045 perticipium
1212 3975 1265 4030 in
1296 3975 1386 4030 illo
1408 3977 1641 4046 acquirit
1668 3991 1759 4032 sa-

189 4059 350 4130 lutem,
385 4065 437 4121 in
470 4081 583 4137 quo
627 4066 775 4123 solus
825 4068 990 4124 homo
1034 4084 1093 4124 se
1131 4069 1337 4123 invenit
1392 4070 1757 4133 innocentem,

188 4152 393 4213 liberum
436 4159 661 4225 habens,
679 4175 777 4231 per
815 4162 1042 4233 gratiam
1092 4161 1187 4216 Dei
1239 4162 1307 4217 de
1356 4160 1473 4230 ejus
1518 4163 1758 4232 potentia

189 4245 405 4317 gloriari,
427 4251 524 4322 qui
547 4259 737 4306 contra
769 4253 979 4307 hostem
1003 4252 1223 4309 humani
1248 4254 1463 4323 generis
1492 4254 1545 4308 in
1574 4255 1759 4309 carnis

191 4352 366 4398 nostra:
418 4343 729 4400 humilitate
772 4360 1113 4416 congressus,
1148 4345 1233 4400 his
1271 4344 1552 4401 victoriam
1606 4361 1759 4401 suam

193 4429 379 4501 tribuit,
422 4435 477 4489 in
507 4449 737 4503 quorum
761 4449 990 4505 corpore
1038 4435 1423 4505 triumphavit;
1460 4435 1588 4492 licet
1624 4452 1758 4507 ergo

193 4516 237 4572 in
261 4536 359 4578 uno
386 4523 619 4579 Domino
648 4533 835 4582 nostro
875 4524 1001 4581 Jesu
1046 4526 1263 4582 Christo
1303 4542 1435 4583 vero
1464 4526 1556 4584 Dei
1598 4537 1761 4598 atque

192 4612 406 4676 hominis
432 4616 547 4671 ﬁlio
576 4615 738 4673 Verbi
778 4626 834 4674 et
886 4619 1067 4674 carnis
1112 4635 1216 4673 una
1244 4634 1475 4690 persona
1509 4623 1597 4689 sit,
1638 4639 1759 4693 qua:

194 4701 612 4775 inseparabiliter
668 4715 830 4778 atque
885 4708 1132 4764 indivisa:
1193 4725 1511 4767 communes
1566 4714 1762 4770 habeat

194 4798 432 4868 actiones,
461 4798 825 4871 intelligenda:
862 4810 1045 4857 tamen
1074 4810 1202 4857 sunt
1254 4804 1494 4874 ipsorum
1534 4819 1761 4875 operum

194 4891 482 4956 qualitates.
523 4894 590 4950 Et
616 4893 698 4950 sic
730 4907 868 4948 verae
899 4891 1022 4949 ﬁdei
1051 4895 1505 4967 contemplatione
1531 4912 1762 4952 cernen-

197 4979 305 5037 dum
334 4993 417 5041 est
458 4987 526 5041 ad
558 5002 677 5057 qua:
723 4985 1053 5058 provehatur
1082 4986 1362 5043 humilitas
1385 4989 1586 5055 carnis,
1614 4998 1670 5043 et
1694 4988 1763 5045 ad

197 5090 301 5142 quze
326 5079 612 5137 inclinetur
636 5081 863 5138 altitudo
904 5080 1158 5150 Deitatis,
1179 5080 1322 5151 quod
1360 5082 1434 5137 sit
1461 5081 1605 5153 quod
1634 5096 1764 5138 caro

198 5166 300 5223 sine
322 5169 493 5229 Verbo
534 5188 642 5229 non
672 5175 802 5245 agit,
834 5183 890 5230 et
913 5177 1058 5245 quod
1106 5176 1177 5231 sit
1205 5174 1350 5246 quod
1380 5171 1619 5229 Verbum
1650 5174 1769 5230 sine

200 5274 344 5319 came
370 5280 475 5321 non
500 5253 839 5322 eﬁicithine
861 5266 1025 5323 Verbi
1054 5268 1199 5322 enim
1236 5264 1477 5338 polentia
1514 5258 1614 5320 nec
1637 5280 1770 5321 con-

202 5340 587 5428 ciperet'Virgo,
612 5371 714 5413 nec
737 5367 976 5429 pareret,
997 5369 1051 5414 et
1076 5360 1194 5416 sine
1214 5360 1439 5415 veritate
1469 5357 1654 5415 carnis
1673 5357 1771 5412 ob-

202 5446 363 5502 voluta
388 5451 579 5520 pannis
606 5450 830 5507 infantia
863 5468 968 5508 non
1000 5451 1228 5522 jaceret,
1259 5452 1389 5508 Sine
1416 5452 1582 5509 Verbi
1621 5450 1767 5506 enim

202 5541 423 5604 potentia
462 5560 569 5601 non
597 5545 890 5602 adorarent
935 5544 1076 5618 Magi
1124 5560 1351 5617 puerum
1389 5544 1541 5601 stella
1590 5544 1769 5601 indice

206 5627 548 5706 declaratum;
575 5639 693 5696 sine
716 5638 946 5695 veritate
962 5638 1271 5709 carnisluon
1292 5638 1576 5710 juberetur
1593 5647 1770 5694 trans-

207 5715 323 5776 ferri
352 5724 404 5779 in
436 5726 729 5801 Egyptum
757 5732 893 5801 piter
919 5737 974 5783 et
1017 5729 1085 5785 ab
1125 5727 1353 5784 Herodis
1395 5727 1772 5799 persecutione

209 5813 446 5874 subduci:
472 5821 769 5881 sine'Verbi
796 5824 1033 5894 p0tentia
1077 5839 1183 5879 non
1227 5824 1433 5880 diceret
1457 5840 1563 5880 vox
1594 5824 1773 5880 Patris

214 5904 363 5966 missa
394 5911 459 5971 de
482 5915 655 5975 celo:
692 5935 712 5970 ι
760 5915 859 5974 Hic
905 5924 988 5974 est
1027 5916 1195 5975 Filius
1244 5934 1399 5976 meus
1441 5918 1669 5977 dilectus
1716 5918 1773 5976 in

1862 3425 1981 3468 esse
2027 3409 2357 3475 incredulus,
2412 3410 2508 3465 sed
2560 3408 2734 3465 ﬁdelis
2779 3408 2960 3480 (Joan.
3007 3427 3100 3476 xx,
3126 3410 3243 3480 27),
3274 3430 3293 3464 ι
3323 3412 3452 3482 quia

1862 3505 2052 3574 utique
2080 3500 2519 3558 manifestatione
2545 3500 2790 3570 corporis
2817 3500 2901 3556 sui
2924 3500 3037 3570 jam
3068 3502 3454 3569 haereticorum

1862 3594 2141 3651 mendacia
2186 3593 2519 3657 destruebat,
2556 3598 2617 3646 ut
2656 3590 2911 3648 universa
2958 3591 3198 3647 Ecclesia
3246 3590 3453 3648 Christi

1863 3685 2167 3741 innovanda
2197 3684 2433 3740 doctoris
2467 3683 2572 3739 hoc
2620 3698 2730 3738 non
2763 3683 2866 3739 sibi
2911 3681 3182 3738 dubitaret
3228 3683 3454 3762 creden-

1862 3779 2009 3844 dum,
2034 3778 2177 3849 quod
2211 3775 2436 3848 apostoli
2464 3785 2819 3846 susceperant
2848 3774 3269 3847 medicandum,
3299 3788 3364 3830 ac
3401 3774 3450 3830 si

1863 3876 1918 3932 in
1957 3883 2165 3932 tantam
2208 3874 2382 3929 lucem
2431 3871 2680 3928 veritatis
2729 3872 2979 3926 tenebras
3025 3883 3153 3926 suas
3199 3867 3452 3924 haeretica

1861 3968 2132 4026 obturatio
2174 3980 2284 4022 non
2313 3964 2593 4034 relinquit,
2635 3964 2924 4020 ostendant
2968 3962 3111 4018 unde
3154 3960 3258 4017 sibi
3301 3974 3452 4031 spem

1862 4061 1985 4116 vitae
2028 4058 2385 4131 polliceantur
2411 4065 2649 4121 aeternae,
2690 4054 2758 4108 ad
2787 4068 2950 4124 quam
2990 4052 3094 4107 nisi
3119 4065 3217 4123 per
3249 4050 3455 4106 media-

1863 4165 2036 4209 torem
2083 4151 2179 4208 Dei
2232 4158 2287 4206 et
2329 4148 2609 4205 hominum
2652 4146 2924 4202 hominem
2966 4142 3150 4200 Jesum
3178 4142 3452 4200 Christum

1861 4262 1967 4303 non
1992 4254 2169 4317 potest
2199 4241 2490 4315 perveniri.
2540 4238 2695 4295 Sicut
2730 4238 2872 4293 enim
2916 4237 2994 4292 ait
3028 4236 3219 4292 beatus
3261 4234 3453 4291 Petrus

1862 4337 2139 4409 apostolus
2163 4352 2176 4391 :
2206 4352 2224 4386 ι
2245 4333 2358 4390 Nec
2401 4340 2487 4389 est
2510 4331 2657 4387 aliud
2676 4343 2872 4385 nomen
2892 4329 3074 4382 datum
3121 4324 3449 4388 hominibus,

1862 4430 1963 4485 Sub
1996 4427 2134 4484 coelo
2169 4427 2223 4481 in
2250 4441 2357 4498 quo
2383 4431 2634 4494 oporteat
2681 4435 2779 4476 nos
2827 4419 3004 4476 salvos
3043 4417 3159 4472 ﬁeri
3197 4415 3336 4488 (Act.
3376 4430 3450 4481 IV,

1864 4520 1975 4589 12),
2009 4539 2027 4571 ι
2054 4533 2155 4575 nec
2176 4526 2257 4572 est
2288 4513 2585 4584 redemptio
2613 4511 2945 4582 captivitatis
2965 4510 3232 4575 humanae,
3266 4507 3369 4562 nisi
3399 4507 3455 4562 in

1866 4610 2127 4679 sanguine
2166 4606 2283 4678 ejus
2309 4605 2403 4676 qui
2439 4603 2587 4659 dedit
2629 4601 2981 4673 semetipsum
3033 4597 3453 4668 redemptionem

1788 4690 1841 4751 D
1866 4717 1961 4772 pro
1988 4700 2259 4764 omnibus,
2295 4708 2350 4754 et
2387 4697 2504 4768 qui,
2553 4697 2693 4753 sicut
2717 4695 2974 4766 praedicat
3011 4690 3284 4764 apostolus
3320 4689 3457 4743 Pau-

1866 4794 1980 4849 lus:
2006 4811 2025 4845 ‹
2049 4792 2184 4848 Cum
2210 4792 2264 4846 in
2292 4777 2467 4846 forma
2482 4790 2579 4844 Dei
2604 4798 2747 4845 esset
2768 4806 2871 4844 non
2898 4786 3141 4857 rapinam
3163 4783 3458 4838 arbitratus

1864 4894 1948 4942 est
1972 4900 2031 4941 se
2052 4898 2170 4942 esse
2193 4883 2456 4955 aequalem
2484 4883 2615 4950 Deo,
2637 4881 2731 4938 sed
2772 4878 3120 4948 semetipsum
3159 4874 3457 4931 exinanivit

1867 4978 2092 5035 formam
2144 4978 2285 5034 servi
2330 4977 2617 5048 accipiens,
2646 4975 2702 5029 in
2748 4970 3154 5030 similitudinem
3173 4968 3455 5024 hominum

1867 5072 2041 5127 factus
2063 5080 2118 5126 et
2140 5071 2326 5126 habitu
2353 5071 2604 5125 inventus
2634 5077 2691 5123 ut
2712 5068 2893 5122 homo.
2923 5061 3235 5119 Humiliavit
3258 5070 3457 5117 semet-

1872 5168 2044 5237 ipsum
2077 5165 2253 5221 factus
2278 5164 2538 5221 obediens
2563 5163 2709 5217 Patri
2741 5176 2909 5231 usque
2934 5160 3003 5216 ad
3032 5166 3282 5224 mortem,
3313 5172 3459 5212 mor-
3535 5178 3558 5197 -

1872 5273 1977 5320 tem
2008 5273 2186 5319 autem
2217 5263 2435 5327 crucis;
2474 5269 2693 5332 propter
2717 5257 2861 5329 quod
2909 5264 2964 5312 et
3011 5255 3152 5312 Deus
3200 5252 3461 5311 exaltavit'

1873 5359 2042 5424 illum,
2077 5368 2132 5414 et
2168 5359 2388 5413 donavit
2419 5356 2494 5412 illi
2545 5368 2740 5410 nomen
2786 5353 2931 5425 quod
2969 5361 3052 5410 est
3098 5366 3261 5422 super
3298 5361 3458 5404 omne

1870 5462 2107 5515 nomen,
2156 5459 2216 5505 ut
2256 5450 2309 5503 in
2364 5445 2580 5501 nomine
2633 5442 2759 5500 Jesu
2817 5459 2979 5500 omne
3026 5457 3167 5515 genu
3211 5439 3460 5496 ﬂectatur

1875 5540 2210 5604 caelestium,
2263 5536 2603 5593 terrestrium
2652 5544 2707 5589 et
2742 5533 3120 5590 'inl‘ernorum.
3175 5529 3242 5584 Et
3282 5530 3460 5584 omnis

1874 5637 2055 5708 lingua
2089 5632 2412 5689 conﬁteatur
2437 5630 2564 5701 quia
2610 5629 2870 5686 Dominus
2911 5626 3069 5684 Jesus
3107 5624 3353 5681 Christus
3400 5621 3457 5676 in

1874 5728 2044 5803 gloria
2094 5736 2177 5782 est
2227 5726 2321 5779 Dei
2380 5724 2556 5779 Patris
2609 5722 2848 5795 (Philip.
2898 5736 2956 5785 ιι,
3008 5718 3124 5773 6-11
3153 5716 3192 5789 ).
3253 5735 3273 5769 ι
3323 5713 3460 5770 Cum

1875 5837 2002 5895 ergo
2059 5836 2198 5876 unus
2246 5822 2317 5875 sit
2366 5818 2625 5875 Dominus
2682 5814 2840 5871 Jesus
2898 5812 3146 5868 Christus
3204 5817 3261 5863 et
3316 5818 3463 5863 vera

1875 5918 2102 5976 Deitatis
2153 5931 2403 5988 veraeque
2460 5911 2817 5972 humanitatis
2859 5909 2934 5985 ⁸ἰιι
2992 5907 3110 5979 ipso
3152 5920 3258 5963 una
3300 5918 3462 5976 pror-
