3908 5434
481 323 575 377 ‘1’.”

1328 313 1617 369 APPEND.
1660 312 1750 366 AD
1788 307 1959 365 S/EC.
1998 306 2089 365 IX.
2122 335 2194 351 ι·-
2224 304 2477 364 ISIDORI
2517 303 2958 361 MERCATORIS

3657 308 3763 365 2|!

486 476 578 515 sus
618 458 916 529 eademque
976 469 1204 528 persona
1235 517 1241 525 _
1270 454 1378 520 sit,
1450 452 1827 509 exaltationem
1894 457 2072 507 tamen
2099 453 2152 519 Α
2176 446 2358 504 omnia
2409 445 2606 502 saecula
2642 451 3048 515 percurrentem
3077 444 3311 500 mundus
3328 444 3399 501 sit
3426 444 3539 503 Deo
3567 461 3761 502 recon-

484 568 645 623 quam
692 551 861 617 illum,
908 549 1045 605 sicut
1085 547 1273 603 doctor
1308 544 1585 618 gentilium
1627 544 1784 608 dixit,
1816 542 2074 598 exaltavit

488 645 629 699 Deus
654 653 709 699 et
733 644 950 698 donavit
978 640 1051 695 illi
1086 656 1282 695 nomen
1314 639 1454 708 quod
1483 646 1565 692 est
1591 652 1753 709 super
1794 650 1954 691 omne
1983 651 2073 690 no-

488 751 637 805 men,
677 737 743 789 ad
773 750 891 790 eam
922 731 1267 804 intelligimus
1289 730 1562 802 pertinere
1588 728 1815 784 formam
1844 743 1964 798 quae
1995 727 2077 782 di-

490 828 652 882 tanda
677 834 794 882 erat
820 833 979 878 tantae
1017 821 1431 894 gloriﬁcationis
1470 828 1781 892 augmento.
1809 820 1867 874 ln
1902 818 2076 874 forma

487 919 686 989 quippe
726 917 819 971 Dei
852 915 1074 987 mqualis
1097 922 1217 969 erat
1247 913 1417 969 Filius
1445 912 1621 979 Patri,
1647 919 1702 967 et
1738 912 1882 966 inter
1922 910 2076 983 geni-

490 1021 659 1066 torem
688 1019 848 1080 atque
876 1008 1211 1081 unigenitum
1232 1006 1379 1062 nulla
1397 1014 1516 1062 erat
1538 1007 1591 1062 in
1614 1005 1850 1062 essentia
1877 1005 2081 1060 discrev

494 1107 591 1171 tio,
624 1103 768 1158 nulla
802 1103 855 1157 in
889 1102 1175 1186 majestate
1218 1100 1529 1165 diversitas,
1558 1114 1656 1154 nec
1686 1112 1782 1171 per
1828 1097 2078 1153 incarna-

495 1196 655 1250 tionis
679 1194 1001 1265 mysterium
1032 1192 1235 1262 aliquid
1266 1192 1576 1247 decesserat
1624 1190 1811 1255 verbo,
1848 1188 1991 1260 quod
2030 1188 2081 1244 ei

496 1286 676 1341 Patris
715 1300 939 1340 munere
986 1284 1323 1339 redderetur.
1362 1282 1562 1338 Forma
1589 1293 1770 1338 autem
1797 1280 1963 1348 servi,
1986 1295 2084 1351 per

493 1392 658 1448 quam
701 1376 1049 1446 impassibilis
1078 1376 1260 1431 Deitas
1303 1386 1703 1431 sacramentum
1735 1388 1942 1447 magna:
1970 1374 2086 1443 pie-

495 1470 621 1523 tatis
641 1468 906 1539 implevit,
932 1470 1162 1523 humana
1187 1468 1464 1524 humilitas
1487 1477 1591 1535 est,
1616 1468 1669 1523 in
1697 1466 1864 1539 gloria
1887 1466 2084 1523 divinae

493 1562 709 1631 pietatis
735 1570 920 1616 evecta
949 1571 1064 1626 est,
1111 1561 1163 1616 in
1188 1571 1334 1616 tanta
1358 1561 1562 1617 unitate
1591 1562 1656 1617 ab
1680 1561 1796 1631 ipso
1822 1568 2084 1631 conceptu

494 1650 733 1722 Virginis
770 1652 968 1707 deitate
989 1660 1043 1707 et
1074 1652 1412 1707 humanitate
1451 1661 1725 1717 conserta,
1748 1661 1808 1708 ut
1838 1667 1939 1707 nec
1970 1653 2085 1706 sine

494 1742 711 1795 homine
763 1742 968 1808 divina,
1017 1757 1117 1798 nec
1163 1743 1281 1798 sine
1332 1744 1443 1798 Deo
1491 1753 1783 1815 agerentur
1823 1745 2081 1799 humana.

2174 537 2389 593 ciliatus
2415 537 2469 591 in
2490 536 2705 593 Christo
2727 576 2743 603 ,
2770 544 2863 604 ut,
2892 535 2995 593 nisi
3030 534 3271 592 Verbum
3300 535 3615 608 dignaretur
3642 552 3767 593 caro

2174 629 2318 695 ﬁeri,
2340 628 2484 685 nulla
2507 636 2690 700 posset
2716 643 2846 687 caro
2870 627 3083 685 salvari.
3102 627 3276 687 Omne
3290 628 3435 687 enim
3460 644 3769 687 sacramen-

2178 730 2291 776 tum
2305 719 2626 778 Christianae
2641 720 2761 777 lidei
2778 736 2972 792 magno
2997 722 3078 797 (ut
3103 721 3345 783 haeretici
3372 721 3583 795 volunt)
3604 723 3768 778 deco-

2179 815 2384 872 loratur
2405 815 2662 883 obscuro,
2688 814 2735 870 si
2755 814 2850 870 lux
2873 814 3119 871 veritatis
3136 814 3239 873 sub
3256 816 3542 873 mendacio
3553 825 3771 887 putatur

2177 906 2398 963 latuisse
2418 907 2834 980 pbantasmatis.
2854 905 2971 963 Non
2993 921 3124 981 ergo
3147 906 3435 983 quisquam
3458 907 3561 963 sibi
3580 908 3772 963 erube-

2179 1000 2435 1057 scendum
2462 1000 2737 1057 existimet
2761 999 3105 1058 Cbristianus
3142 1001 3209 1057 de
3243 1000 3420 1059 nostri
3447 1000 3503 1059 in
3550 999 3769 1058 Christo

2182 1095 2426 1166 corporis
2458 1094 2707 1162 veritate,
2737 1093 2863 1167 quia
2893 1109 3084 1152 omnes
3114 1095 3343 1169 apostoli
3371 1095 3770 1168 apostolorum.

2184 1200 2288 1257 que
2335 1184 2623 1256 discipuli,
2648 1194 2708 1243 et
2749 1184 2996 1257 praeclari
3024 1185 3395 1243 Ecclesiarum
3442 1187 3653 1259 quique
3685 1187 3776 1242 do-

2186 1288 2367 1335 ctores
2403 1280 2493 1350 qui
2529 1279 2598 1335 ad
2622 1279 2869 1351 martyrii
2902 1294 3157 1337 coronam
3206 1279 3292 1335 vel
3326 1280 3395 1336 ad
3423 1280 3778 1336 confessionis

2188 1379 2503 1426 meruerunt
2525 1370 2748 1444 gloriam
2779 1372 3087 1443 pervenire,
3118 1372 3172 1429 in
3222 1371 3385 1442 hujus
3406 1372 3530 1431 ﬁdei
3579 1372 3776 1427 lumine

2189 1464 2582 1536 Splenduerunt
2611 1466 2865 1521 consonis
2910 1465 3096 1536 utique
3140 1466 3424 1522 sententiis
3449 1467 3776 1533 intonantes,

2188 1558 2331 1630 quod
2373 1559 2426 1614 in
2468 1557 2700 1616 Domino
2724 1558 2853 1616 Jesu
2877 1559 3097 1617 Christo
3126 1560 3344 1618 deitatis
3386 1568 3444 1616 et
3466 1562 3653 1621 carnis
3681 1576 3777 1616 una

2189 1654 2259 1708 sit
2298 1654 2605 1709 conﬁtenda
2631 1669 2882 1726 persona.
2908 1654 3023 1724 Qua
3049 1665 3229 1713 autem
3256 1657 3487 1715 rationis
3528 1658 3777 1715 similia].

2191 1745 2336 1812 dine,
2372 1760 2476 1816 qua
2515 1746 2816 1805 divinorum
2860 1748 3191 1803 voluminum
3233 1750 3484 1819 portione
3529 1750 3779 1811 haeretica

564 1833 795 1904 Propter
841 1834 982 1904 quod
1036 1834 1177 1891 sicut
1218 1835 1481 1890 Dominus
1533 1833 1836 1905 majestatis
1888 1835 2085 1890 dicitur
2115 1839 2160 1897 B
2191 1836 2441 1909 impietas
2500 1854 2559 1894 se
2583 1839 2817 1895 aestimat
2849 1839 3113 1911 adjuvari,
3137 1857 3259 1912 qua:
3280 1842 3572 1901 veritatem
3606 1852 3777 1911 negat

492 1924 804 1991 crucifixus,
844 1925 919 1979 ita
952 1925 1041 1995 qui
1070 1941 1134 1980 ex
1159 1925 1589 1995 sempiternitate
1617 1924 1843 1993 aequalis
1870 1932 1954 1981 est
1977 1925 2089 1981 Deo

498 2016 696 2072 dicitur
723 2017 1017 2083 exaltatus,
1046 2017 1172 2087 quia
1200 2016 1634 2089 inseparabiliter
1668 2023 1921 2072 manente
1969 2016 2090 2071 uni-

498 2116 607 2163 tate
633 2123 878 2179 persona:
927 2124 1067 2163 unus
1101 2117 1265 2179 atque
1296 2108 1435 2163 idem
1466 2115 1551 2164 est
1583 2115 1639 2163 et
1674 2116 1821 2163 totus
1852 2106 2090 2163 hominis

499 2198 641 2252 illius
687 2206 907 2269 propter
954 2212 1199 2263 carnem,
1233 2205 1289 2252 et
1345 2205 1490 2252 totus
1520 2196 1615 2252 Dei
1645 2195 1817 2253 Filius
1866 2206 2090 2269 propter

496 2307 660 2347 unam
685 2308 806 2347 cum
853 2293 1016 2347 Patre
1059 2293 1337 2348 deitatem.
1388 2292 1659 2364 Quidquid
1692 2294 1837 2350 enim
1867 2294 1921 2349 in
1955 2302 2090 2349 tem-

500 2399 630 2454 pore
662 2385 872 2455 accepit
900 2372 1150 2441 Christus
1194 2386 1495 2441 secundum
1542 2386 1819 2444 hominem
1858 2386 2087 2456 accepit,

497 2476 582 2529 cui
633 2491 751 2545 qua:
803 2492 910 2531 non
958 2476 1144 2532 habuit
1190 2476 1600 2542 conferrentur;
1633 2493 1757 2533 nam
1794 2478 2090 2533 secundum

500 2568 798 2637 potentiam
825 2568 1127 2624 divinitatis
1154 2569 1529 2625 indifferenter
1554 2570 1735 2625 omnia
1781 2585 1901 2641 qua:
1926 2570 2093 2625 habet

503 2659 681 2725 Pater,
727 2661 888 2715 etiam
922 2660 1088 2716 Filius
1112 2702 1124 2724 ,
1158 2671 1214 2715 et
1247 2675 1368 2732 quae
1405 2662 1460 2716 in
1492 2662 1663 2717 forma
1690 2663 1832 2719 servi
1861 2678 1893 2718 a
1930 2661 2096 2719 Patre

508 2752 719 2822 accepit
749 2752 935 2807 eadem
975 2751 1148 2809 forma
1174 2753 1267 2808 Dei
1300 2754 1464 2809 etiam
1489 2755 1604 2825 ipse
1626 2756 1870 2823 donavit,
1901 2770 2092 2811 secun-

504 2847 631 2904 dum
661 2849 753 2903 Dei
778 2849 921 2904 enim
947 2848 1176 2905 formam
1210 2849 1324 2921 ipse
1363 2858 1417 2905 et
1439 2849 1603 2905 Pater
1632 2866 1797 2904 unum
1830 2859 1974 2905 sunt.
1996 2849 2094 2905 Se-

503 2940 741 2996 cundum
781 2939 1012 2995 formam
1042 2942 1184 2997 servi
1224 2955 1329 2995 non
1366 2942 1514 2995 venit
1544 2940 1723 2995 facere
1763 2941 2091 2996 vohmtatcm

501 3047 675 3100 suam,
701 3034 795 3089 sed
834 3034 1163 3091 voluntatem
1189 3034 1305 3106 ejus
1325 3037 1417 3107 qui
1450 3037 1596 3092 misit
1620 3052 1765 3112 eum,
1797 3037 2092 3092 secundum

502 3125 732 3181 formam
772 3128 914 3184 servi
956 3129 1126 3185 tristis
1152 3139 1236 3185 est
1282 3130 1459 3186 anima
1490 3130 1605 3201 ejus
1641 3145 1812 3203 usque
1841 3130 1908 3186 ad
1950 3145 2094 3184 mor-

2197 1932 2441 2003 corporis
2466 1930 2690 1998 Christi,
2742 1948 2865 1988 cum
2901 1934 3040 1988 hanc
3077 1948 3179 1989 non
3211 1934 3299 1991 lex
3346 1935 3656 2001 testiﬁcari,
3681 1952 3776 1991 non

2194 2024 2455 2096 propheta
2491 2024 2809 2095 praecinere,
2836 2038 2939 2079 non
2971 2024 3258 2097 Evangelia
3282 2027 3479 2083 docere
3499 2066 3514 2092 ,
3539 2042 3652 2084 non
3676 2028 3779 2096 ipse

2194 2119 2465 2176 destiterit
2509 2119 2759 2176 Christus
2792 2123 3080 2176 ostendere
3104 2121 3125 2174 2
3151 2119 3409 2187 Quaerant
3436 2135 3537 2189 per
3562 2135 3774 2175 omnem

2194 2216 2393 2273 seriem
2449 2215 2855 2289 Scripturarum
2923 2230 3031 2286 quo
3088 2218 3338 2275 tenebras
3386 2215 3635 2287 fugiant,
3684 2230 3778 2270 non

2195 2323 2301 2379 quo
2326 2322 2515 2364 verum
2555 2307 2745 2362 'lumen
2788 2308 3120 2373 obscurent;
3155 2314 3211 2362 et
3257 2322 3358 2377 per
3383 2308 3568 2361 omnia
3595 2308 3778 2363 saecula

2196 2401 2271 2457 ita
2302 2401 2591 2457 veritatem
2616 2399 2897 2455 inveniunt
2927 2406 3300 2455 coruscantem
3323 2408 3384 2454 ut
3404 2414 3667 2469 magnum
3690 2400 3777 2454 hoc

2194 2492 2442 2549 mirabile
2456 2499 2853 2549 sacramentum
2870 2492 2937 2547 ab
2952 2490 3106 2547 initio
3117 2489 3334 2547 videant
3345 2492 3615 2552 creditum
3626 2493 3776 2562 ,qnod

2196 2596 2277 2641 est
2300 2586 2352 2641 in
2384 2587 2488 2643 line
2511 2585 2854 2656 completum.
2886 2585 2962 2640 De
2998 2600 3106 2655 quo
3149 2600 3274 2641 cum
3307 2594 3625 2641 sanctarum
3650 2586 3777 2640 litte-

2205 2695 2387 2735 rarum
2411 2678 2553 2732 nulla
2574 2692 2700 2748 pars
2723 2677 2897 2741 sileat,
2930 2676 3128 2732 suilicit
3153 2678 3398 2748 quaedam
3425 2694 3669 2735 consona
3698 2695 3777 2733 re.

2205 2774 2383 2829 ritatis
2399 2773 2549 2843 signa
2565 2772 2810 2843 posuisse
2838 2772 3034 2842 quibus
3064 2771 3336 2843 diligentia
3377 2770 3503 2828 ﬁdei
3536 2772 3589 2829 in
3614 2773 3775 2842 splen-

2198 2861 2533 2916 didissimam
2548 2862 3175 2933 latittnlinemjdirigatur
3188 2872 3242 2917 et
3262 2861 3476 2921 sincera
3492 2861 3781 2933 intelligen-

2199 2957 2269 3010 lia
2296 2955 2413 3009 luce
2428 2955 2742 3026 prospiciat,
2762 2954 2974 3024 quodin
3001 2954 3140 3010 Filio
3162 2952 3277 3015 Dei,
3297 2957 3387 3024 qtti
3411 2954 3775 3023 seincessabi—

2198 3048 2321 3102 liter
2345 3048 2508 3103 lilium
2537 3048 2773 3102 hominis
2799 3046 3071 3105 hominem
3084 3047 3391 3118 prolitetur,
3415 3062 3524 3103 non
3549 3047 3621 3105 sit
3644 3044 3779 3102 Chri-

2198 3132 2949 3208 stianiscrubescendum,sed
2964 3140 3398 3196 constantissime
3428 3140 3779 3210 gloriandum,

506 3221 720 3278 tem.Et
747 3222 886 3278 idem
909 3223 1044 3294 ipse,
1072 3222 1512 3294 sicutApostolus
1536 3224 1810 3294 praedicat,
1836 3232 1919 3280 est
1941 3223 2089 3279 dives
2118 3232 2165 3295 α
2198 3232 2452 3301 quoniam
2482 3230 2644 3303 (sicut
2675 3231 2749 3286 ait
2773 3231 2961 3286 beatus
2980 3229 3304 3303 Apostolus)
3328 3249 3340 3284 :
3372 3249 3391 3283 ε
3432 3229 3692 3302 Magnum
3712 3236 3781 3283 est

503 3323 561 3370 et
610 3329 854 3386 pauper;
909 3316 1060 3373 dives
1102 3318 1230 3389 quia
1280 3317 1620 3390 Evangelista
1670 3318 1924 3375 dicente:
1974 3338 1990 3371 ‹
2040 3321 2095 3377 In

507 3405 773 3478 principio
816 3416 931 3462 erat
961 3408 1195 3467 Verbum
1243 3418 1298 3465 et
1337 3409 1576 3466 Verbum
1603 3420 1721 3469 erat
1758 3412 1897 3482 apud
1926 3412 2098 3468 Deum

505 3506 562 3552 et
593 3498 733 3553 Dens
779 3508 897 3555 erat
934 3499 1175 3557 Verbum
1236 3500 1434 3577 (Joan.
1478 3519 1515 3569 ι,
1563 3503 1639 3575 1),
1682 3522 1700 3555 ›
1737 3504 1838 3558 hoc
1888 3514 2006 3561 erat
2044 3505 2099 3559 in

507 3588 773 3660 principio
804 3589 945 3662 apud
979 3591 1170 3658 Deum,
1200 3593 1385 3647 omnia
1415 3607 1513 3665 per
1556 3592 1729 3665 ipsum
1772 3594 1912 3648 iacta
1950 3602 2098 3660 sunt,

508 3691 563 3739 et
602 3683 720 3738 sine
770 3684 888 3755 ipso
946 3684 1152 3741 factum
1213 3695 1298 3742 est
1334 3685 1490 3742 nihil.
1530 3687 1745 3758 Pauper
1795 3704 1925 3744 vero
1973 3689 2103 3760 quia

507 3788 731 3849 propter
760 3794 859 3835 nos
885 3779 1111 3835 verbum
1149 3795 1278 3836 caro
1302 3779 1503 3836 factum
1532 3789 1634 3847 est,
1665 3790 1721 3836 et
1759 3781 2102 3837 habitavitin

512 3876 690 3932 nobis.
745 3876 875 3946 Quae
917 3886 1098 3933 autem
1138 3886 1225 3933 est
1257 3878 1555 3933 exinanitio
1599 3878 1715 3949 ejus
1744 3890 1932 3948 quaeve
1978 3891 2104 3949 pau-

512 3978 716 4041 pertas,
750 3970 855 4025 nisi
882 3971 1071 4027 forma:
1109 3970 1321 4027 servilis
1352 3972 1592 4043 acceptio
1617 3987 1717 4043 per
1758 3986 1920 4042 quam
1953 3970 2103 4027 verbi

514 4062 795 4134 majestate
841 4062 1078 4120 revelata
1111 4063 1442 4135 dispensatio
1481 4063 1732 4120 humanae
1777 4063 2103 4133 redemptio-

514 4154 599 4209 nis
630 4154 847 4225 impleta
893 4153 1174 4211 est?Nam
1225 4156 1351 4226 quia
1397 4155 1728 4226 captivitatis
1768 4165 1965 4212 nostrze
2012 4171 2102 4212 re-

514 4246 647 4302 solvi
682 4246 960 4317 originalia
983 4246 1198 4303 vincula
1231 4262 1339 4303 non
1374 4256 1657 4320 poterant,
1698 4249 1801 4305 nisi
1845 4249 2105 4307 existeret

514 4340 677 4395 homo
732 4340 902 4396 nostri
951 4341 1164 4413 generis
1207 4357 1365 4412 quem
1408 4349 1637 4408 naturae,
1679 4356 1839 4413 quem
1896 4344 2108 4414 peccati

517 4431 830 4504 praeiudicia
865 4449 973 4489 non
1026 4442 1294 4502 tenerent,
1328 4442 1383 4490 et
1431 4435 1523 4507 qui
1579 4434 1927 4491 immaculato
1982 4451 2110 4492 san-

518 4525 678 4597 guine
714 4540 811 4580 suo
855 4525 1275 4597 chirographum
1329 4526 1505 4584 laetale
1546 4526 1821 4592 dilueret,
1865 4527 2005 4583 sicut
2042 4527 2109 4582 ab

2197 3325 2413 3397 pietatis
2426 3332 2826 3381 sacramentum
2841 3323 2982 3392 quod
3009 3321 3412 3381 manifeStatum
3441 3330 3530 3377 est
3555 3322 3611 3378 in
3640 3333 3783 3378 carne

2198 3414 2556 3486 justiﬁcatum
2584 3421 2688 3479 est,
2733 3412 2788 3468 in
2835 3412 3029 3483 Spll‘lm
3086 3413 3334 3485 apparuit
3381 3412 3617 3483 angelis,
3667 3424 3784 3481 pra.

2202 3505 2435 3561 dicatum
2472 3512 2555 3559 est
2593 3503 2865 3574 gentibus,
2895 3503 3165 3559 creditum
3213 3511 3299 3558 est
3342 3503 3397 3557 in
3430 3503 3538 3558 hoc
3578 3501 3784 3561 mundo,

2205 3604 2538 3666 assumptum
2571 3604 2655 3651 est
2682 3595 2734 3649 in
2764 3593 2936 3666 gloria
2963 3596 2980 3664 (
3012 3593 3040 3648 Ι
3073 3592 3207 3653 Tim.
3236 3611 3334 3662 ιιι,
3372 3595 3489 3665 16).
3531 3614 3550 3646 ι

2277 3690 2349 3746 De
2374 3690 2753 3760 episcoporum
2791 3703 2943 3752 vero,
2979 3694 3031 3742 et
3059 3686 3523 3758 presbyterorum,
3550 3685 3788 3741 diacono-

2204 3794 2432 3851 rumque
2487 3789 2543 3835 et
2594 3778 2935 3849 sequentium
2997 3776 3318 3835 clericorum
3370 3774 3787 3830 ordinationibus

2207 3884 2425 3931 sanctos
2455 3870 2728 3944 apostolos
2757 3879 2811 3926 et
2836 3870 3180 3925 successores
3212 3881 3422 3932 eorum,
3440 3881 3508 3921 ac
3534 3865 3787 3936 praecipue

2204 3968 2544 4033 Anaclelum,
2573 3975 2626 4021 et
2645 3973 2908 4041 praeterea
2932 3962 3065 4017 alios
3085 3959 3415 4017 sufﬁcienter
3437 3957 3699 4013 statuisse
3715 3967 3788 4007 co-

2206 4062 2551 4133 gnoscimus;
2589 4066 2642 4112 et
2674 4057 2875 4113 idcirco
2905 4070 3011 4110 non
3064 4062 3146 4109 est
3170 4067 3392 4113 necesse
3442 4065 3591 4107 nunc
3640 4046 3786 4118 repli-

2208 4155 2361 4221 cari,
2396 4153 2500 4209 nisi
2529 4151 2670 4223 quod
2698 4149 2768 4205 illi
2813 4164 2920 4204 non
2959 4154 3287 4203 statuerunt.
3312 4142 3444 4199 lllud
3474 4151 3657 4199 tamen
3708 4152 3787 4193 nos

2209 4256 2534 4312 statuentes,
2567 4245 2719 4301 vobis
2746 4251 2800 4301 et
2822 4241 3072 4297 omnibus
3120 4252 3341 4295 servare
3369 4235 3721 4298 mandamus,
3742 4240 3786 4287 ut

2210 4342 2275 4397 ad
2320 4339 2539 4395 ordines
2588 4335 2986 4392 ecclesiasticos
3008 4333 3086 4388 sic
3130 4329 3422 4401 accedant”
3477 4327 3531 4382 in
3578 4323 3786 4381 eatena

2213 4431 2301 4503 qui
2328 4428 2570 4486 ordinari
2599 4435 2893 4491 merentur,
2919 4425 2971 4479 id
2995 4431 3078 4479 est
3102 4436 3118 4476 :
3149 4422 3193 4478 si
3217 4420 3339 4493 quis
3367 4419 3660 4491 episcopus
3682 4428 3786 4471 esse

2214 4533 2517 4581 mereretur
2549 4523 2620 4578 sit
2640 4523 2815 4593 primo
2837 4519 3127 4581 ostiarius,
3159 4516 3352 4575 deinde
3388 4515 3584 4577 lector,
3620 4522 3788 4584 postea

522 4616 679 4671 initio
710 4625 829 4671 erat
856 4616 1113 4672 divinitus
1143 4617 1587 4688 praeordinatum,
1635 4619 1706 4674 ita
1730 4629 1813 4673 est
1860 4618 1913 4673 in
1937 4618 2109 4688 pleni-
2134 4630 2186 4691 D
2215 4617 2508 4682 exorcista,
2536 4614 2661 4669 inde
2686 4621 2935 4668 sacretur
2955 4609 3237 4673 accolitns,
3264 4608 3481 4665 demum
3511 4621 3646 4659 vero
3680 4605 3786 4659 snli-

522 4708 704 4763 tudine
727 4708 982 4781 temporis
996 4710 1292 4780 perfectum
1304 4708 1393 4781 ,!nt
1412 4710 1595 4767 multis
1609 4711 1784 4767 modis
1805 4709 2107 4782 signiﬁcata

519 4797 631 4872 49
658 4800 945 4870 promissio
974 4801 1024 4856 in
1062 4802 1148 4856 diu
1187 4811 1556 4873 exspectatum
1584 4803 1789 4858 veniret
1834 4800 2108 4868 allectum,

522 4906 620 4945 nec
651 4900 835 4961 posset
858 4908 979 4948 esse
1008 4892 1314 4963 ambiguum
1345 4894 1489 4964 quod
1530 4894 1801 4950 continuis
1851 4893 2110 4949 testifica—

522 4985 759 5041 tionibus
807 5003 1021 5059 semper
1050 4990 1227 5045 fuerat
1256 4990 1582 5045 nuntiatum.
1615 4990 1671 5045 In
1699 5007 1891 5062 magno
1930 4998 2111 5063 autem

2212 4708 2492 4773 diaconus,
2537 4705 2731 4761 deinde
2761 4703 3042 4769 diaconus,
3086 4708 3143 4756 et
3189 4709 3376 4772 postea
3420 4697 3728 4769 presbyter,
3748 4700 3787 4748 et

2212 4801 2425 4866 exinde,
2463 4799 2507 4855 si
2536 4807 2793 4863 meretur,
2809 4797 3094 4868 episcopus
3116 4794 3415 4850 ordinetur.
3442 4790 3510 4847 Et
3537 4790 3785 4861 regiones,

2215 4895 2355 4949 sicut
2381 4894 2435 4947 in
2466 4892 2569 4947 hac
2614 4890 2747 4946 urbe
2801 4888 3049 4953 fecimus,
3081 4902 3179 4958 per
3207 4883 3447 4956 singulas
3485 4884 3653 4937 urbes
3688 4892 3788 4971 qua:

2216 4984 2491 5059 populosa:
2530 4982 2731 5039 fuerint
2756 4979 3071 5037 diaconibns
3095 4978 3421 5035 dividentur.
3445 4974 3515 5030 Et
3552 4987 3787 5044 quascun-
