3908 5434
106 182 202 238 915

109 324 3203 353 Wm

1269 174 1755 233 DECRETALIUM
1794 174 2183 231 COLLECTIO.
2249 210 2257 217 -

3264 177 3370 237 2M

464 484 1099 577 INCIPIUNT
1173 480 1713 577 DECRETA
1782 479 2522 579 MARCELLINI
2599 483 2975 577 PAPIE.

1052 681 1229 754 (Anno
1256 678 1475 737 Domini
1501 676 1629 743 295,
1656 676 1985 749 imperatore
2008 677 2382 752 Maximiano.)

1585 841 1882 863 ~—

162 971 549 1037 Ilmcsumus,
574 971 855 1044 episcopus
880 981 1081 1031 sanctae
1103 972 1360 1033 Ecclesiae
1386 976 1669 1035 catholica:
1700 954 1753 1016 Α
1777 980 1862 1028 est
1888 985 1984 1027 rex
2011 968 2319 1027 Iudaeorum
2341 968 2557 1041 (Mutuo.
2585 985 2645 1035 ιι,
2676 970 2699 1025 1
2732 980 2779 1026 et
2804 971 2882 1044 2).
2906 990 2927 1025 ι
2961 973 3028 1028 Et
3047 956 3228 1057 intra:
3246 962 3280 1028 ἰ
3303 954 3372 1033 Et

103 1066 228 1122 urbis
277 1065 581 1133 Romanas,
628 1063 902 1121 Samson:
953 1065 1271 1139 coepiscopo
1325 1069 1380 1135 in
1440 1069 1671 1133 Domino

103 1158 323 1212 salutem.

162 1250 317 1318 Quam
339 1249 688 1305 laudabiliter
714 1264 812 1322 pro
833 1250 1114 1307 catholica:
1145 1252 1267 1309 lidei
1295 1254 1525 1309 veritate
1551 1269 1670 1309 mo—

102 1342 252 1396 vearis
296 1350 349 1396 et
398 1342 497 1412 qui
536 1341 762 1399 sollicite
816 1342 1096 1399 Dominico
1132 1348 1280 1418 gregi
1328 1347 1672 1421 devotionem

103 1434 235 1488 cilicii
259 1434 496 1505 pastoris
530 1435 831 1507 impendas,
851 1438 1053 1494 tradita
1076 1440 1230 1496 nobis
1259 1456 1356 1511 per
1384 1418 1672 1497 diaconifr-rt

104 1537 225 1582 tuum
253 1526 617 1584 fraternitatis
666 1538 769 1583 tua:
802 1530 1001 1602 scripta
1035 1532 1441 1598 demonstrant,
1477 1534 1673 1605 quibus

106 1621 275 1675 notitia:
311 1628 518 1675 nostra:
560 1620 837 1677 insinuare
867 1624 1069 1678 curasti
1107 1624 1197 1694 qui
1226 1640 1475 1680 errorum
1496 1625 1669 1681 morbi

105 1715 146 1769 in
192 1714 493 1786 regionibus
547 1718 744 1772 vestris
790 1719 950 1773 modo
997 1721 1171 1775 exorti
1212 1730 1355 1776 sunt.
1387 1718 1521 1777 Nam
1552 1720 1670 1790 cpi—-

106 1807 229 1863 stolae
251 1823 446 1873 sermo,
469 1819 527 1863 et
556 1810 958 1865 commonitorii
984 1812 1151 1866 series
1179 1821 1235 1867 et
1254 1811 1418 1867 libelli
1442 1813 1517 1867 tui
1548 1820 1670 1868 tex-

107 1908 175 1955 tus
212 1900 472 1968 eloquitur
518 1902 665 1971 quod
715 1903 958 1971 quidam,
1002 1920 1192 1960 errore
1220 1906 1451 1974 decepti,
1482 1906 1672 1962 dicunt

104 1988 201 2044 ideo
224 1989 428 2045 Patrem
461 1991 725 2059 majorem
749 1993 887 2049 Filio
914 2009 1053 2061 esse,
1077 1996 1205 2066 quia
1230 1996 1304 2051 illi
1335 1997 1432 2052 soli
1460 1997 1670 2053 sacriﬁ-

107 2083 222 2136 cium
240 2082 543 2137 immolatur
562 2092 616 2137 et
631 2084 775 2153 quod
792 2084 959 2140 Filius
974 2086 1178 2141 nullam
1202 2102 1325 2143 cum
1346 2087 1508 2144 Patre
1522 2103 1667 2145 com-

106 2173 335 2229 munionis
351 2187 578 2244 operam
594 2175 812 2241 habeat,
827 2185 883 2231 et
904 2178 1046 2246 quod
1062 2177 1190 2233 illud
1208 2180 1582 2250 prepheticum
1601 2180 1667 2235 de

105 2264 199 2318 solo
211 2266 352 2319 Patre
367 2266 576 2321 dictum
592 2267 692 2322 sit:
716 2286 734 2319 ι
769 2268 956 2323 Sciant
972 2281 1181 2341 gentes,
1201 2272 1454 2342 quoniam
1469 2286 1667 2327 nomen

1776 1068 2047 1123 intrantes
2075 1066 2295 1121 domum
2318 1065 2642 1123 invenerunt
2663 1082 2888 1136 puerum
2910 1084 3035 1127 ann
3061 1069 3229 1127 Maria
3253 1087 3370 1127 ma-

1779 1169 1860 1219 tre
1898 1152 2039 1230 ejus,
2057 1166 2112 1213 et
2141 1158 2485 1229 procideutes
2518 1159 2885 1216 adoraverunt
2910 1176 3058 1228 eum,
3084 1172 3143 1218 et
3166 1165 3370 1234 apertis

1777 1251 2049 1307 thesauris
2082 1251 2194 1305 suis
2223 1249 2539 1307 obtulerunt
2567 1251 2615 1307 ei
2650 1267 2875 1307 munera
2900 1293 2916 1318 ,
2947 1268 3174 1321 aurum,
3204 1256 3364 1323 thus,

1774 1360 2011 1416 myrram
2042 1342 2230 1413 (Ibid.,
2249 1343 2356 1414 11).
2388 1363 2407 1396 ι
2438 1342 2779 1401 Sacriﬁcium
2802 1345 2986 1416 itaque
3006 1347 3194 1417 queda
3216 1348 3373 1403 Chri-

1773 1437 1964 1492 stianis
2015 1438 2186 1493 sacris
2230 1435 2497 1492 altaribus
2526 1436 2846 1494 admovetur
2894 1454 3001 1494 non
3027 1440 3203 1495 solum
3258 1440 3367 1496 Deo

1774 1529 1923 1584 Patri
1968 1529 2064 1584 sed
2092 1530 2257 1583 etiam
2296 1528 2437 1584 Filio
2477 1529 2752 1589 communi
2803 1530 3089 1585 devotione
3127 1530 3368 1595 oﬁ‘ertur,

1774 1622 2031 1692 quoniam
2062 1635 2162 1676 nec
2189 1620 2348 1674 Pater
2375 1620 2493 1676 sine
2527 1619 2666 1676 Filio
2713 1629 2891 1692 potest
2916 1621 3119 1687 oﬂerri,
3144 1637 3320 1693 neque
3339 1637 3370 1677 a

1774 1713 1912 1769 Filio
1937 1713 2055 1769 sine
2078 1711 2243 1766 Patre
2270 1712 2489 1767 sentiri.

1844 1805 1999 1874 Quod
2029 1812 2210 1859 autem
2233 1819 2578 1859 communem
2608 1817 2831 1873 operam
2862 1804 3099 1860 habeant
3127 1804 3287 1859 Pater
3315 1811 3372 1860 et

1772 1898 1966 1964 Filius,
1999 1898 2103 1953 hoc
2126 1897 2287 1952 modo
2318 1897 2543 1951 docetur
2564 1895 2690 1949 dum
2713 1895 2875 1965 primi
2902 1895 3138 1950 hominis
3164 1895 3373 1964 plasma

1774 1990 1916 2047 Deus
1926 1990 1993 2045 ad
2010 1989 2302 2059 imaginem
2319 1987 2415 2043 Dei
2440 1987 2716 2043 communi
2735 1987 3068 2057 Operationis
3082 1987 3279 2043 virtute
3296 1986 3377 2045 {es

1773 2085 1914 2140 cisse
1930 2081 2410 2151 fertur,Scriptura
2423 2081 2636 2136 dicente
2652 2099 2663 2135 :
2677 2100 2695 2131 ι
2714 2078 3003 2135 Faciamus
3017 2080 3288 2135 hominem
3306 2079 3374 2135 ad

1773 2178 2060 2251 imaginem
2108 2184 2163 2231 et
2210 2175 2638 2231 sitnulitudinem
2676 2183 2917 2235 nostram
2936 2174 3088 2246 (Gen.
3122 2191 3165 2241 ι,
3194 2175 3318 2246 26).
3347 2194 3366 2227 ι

1772 2270 1906 2325 Item
1938 2269 2008 2323 ibi
2032 2283 2045 2322 :
2069 2286 2088 2320 ι
2119 2268 2522 2323 Descendamus
2545 2277 2600 2323 et
2623 2266 3019 2327 confundamus
3043 2268 3116 2323 ibi
3134 2268 3372 2337 linguam

107 2356 189 2410 tibi
224 2356 370 2423 Deus,
399 2367 456 2411 tu
486 2356 641 2413 solus
679 2358 995 2415 Altissimus
1025 2376 1186 2431 super
1216 2378 1432 2419 omnem
1466 2372 1667 2418 terram
1696 2342 1743 2402 Β
1771 2377 1958 2419 eorum
1978 2361 2336 2434 (Gen.u,7).i
2362 2360 2884 2433 rEtpluitDominus
2904 2362 3176 2417 aDomino
3194 2361 3373 2431 ignem

107 2443 249 2511 (Psal.
273 2461 471 2514 Luxu,
504 2449 622 2519 19),
658 2467 678 2501 ι
708 2450 820 2503 sive
852 2450 994 2533 quod
1025 2451 1143 2506 idco
1173 2454 1347 2508 minor
1368 2463 1449 2508 est
1476 2454 1664 2522 Filius,

106 2536 207 2606 quia
228 2538 330 2610 ipse
351 2538 403 2593 in
435 2554 606 2595 cruce
635 2541 880 2612 pendens
899 2543 1070 2598 dixit:
1103 2564 1120 2594 ι
1147 2544 1471 2612 Deus,Dcus
1494 2563 1663 2615 meus,

107 2645 243 2698 quare
280 2646 362 2687 me
398 2633 740 2705 dercliquisti
770 2634 984 2707 (Matth.
1011 2652 1181 2708 xxv",
1210 2638 1312 2707 46;
1345 2639 1519 2697 Marc.
1572 2657 1662 2709 xv,

107 2722 202 2793 3t).
212 2724 427 2791 sQuibns
440 2735 762 2797 competens
774 2734 831 2782 et
846 2742 981 2800 cong
991 2745 1143 2785 ruum
1164 2732 1420 2788 reddatur
1436 2749 1662 2806 respon-

108 2826 220 2880 sum,
264 2817 386 2886 quia
416 2819 568 2874 sicut
613 2819 805 2886 Patre,
852 2821 927 2876 ita
952 2824 1116 2878 etiam
1146 2824 1282 2880 Filio
1330 2841 1438 2882 non
1490 2827 1665 2883 solum

106 2903 383 2964 Christianis
413 2913 755 2982 temporibus
780 2954 795 2979 ,
826 2917 1182 2971 vermnetiam
1212 2932 1240 2971 a
1276 2917 1471 2987 priscis
1526 2927 1666 2974 tem-

107 2997 287 3063 poribus
327 3003 729 3069 sacerdotibus,
781 3006 943 3061 variis
982 3009 1273 3077 multisque
1325 3010 1500 3066 modis
1544 3026 1665 3082 pro-

108 3088 260 3145 bamus
288 3094 616 3149 sacriﬁcium
643 3095 811 3153 fuisse
830 3091 1093 3165 oblatum,
1129 3103 1374 3169 Daniele,
1400 3105 1665 3176 propheta

108 3179 315 3238 dicente:
346 3204 362 3236 ι
392 3184 507 3241 Non
541 3197 629 3241 est
655 3188 804 3245 locus
833 3190 1105 3262 (inquiunt
1138 3200 1249 3248 tres
1280 3193 1455 3268 pueri)
1491 3195 1559 3251 ad
1579 3211 1666 3251 sa-

106 3271 408 3332 criﬁcandum
448 3281 659 3335 ιιωηὶΠὶ
690 3290 782 3336 tuo
825 3291 879 3337 et
902 3284 1148 3339 invenire
1184 3268 1656 3355 misericordiam,

107 3366 176 3418 sed
212 3367 257 3421 in
299 3370 474 3425 anima
504 3373 745 3428 contrita
779 3381 833 3428 et
885 3375 937 3429 in
984 3376 1177 3446 spiritu
1204 3377 1523 3432 humilitatis
1547 3393 1666 3434 sus-

107 3454 346 3524 cipiamur.
383 3462 452 3516 Et
478 3463 629 3519 sicut
658 3464 1123 3521 holocaustomata
1162 3469 1395 3524 arietum
1448 3477 1503 3525 et
1545 3477 1666 3526 tau-

110 3560 255 3603 rorum
304 3567 680 3624 agnorumque
742 3557 1045 3629 pinguium,
1079 3558 1153 3615 ita
1200 3560 1297 3616 ﬁat
1333 3562 1663 3619 sacriﬁcium

109 3650 310 3728 nostrum
335 3646 386 3701 in
416 3657 723 3719 conspectu
748 3660 841 3706 tuo
870 3652 1029 3708 hodie
1044 3661 1104 3708 ut
1131 3654 1343 3726 placeat
1376 3656 1471 3712 tibi
1494 3656 1660 3728 (Dan.

107 3741 170 3794 Ill,
190 3724 251 3787 38
272 3746 315 3788 et
343 3737 492 3809 τεῳ),
520 3757 558 3791 νι
580 3746 637 3794 et
663 3747 723 3794 ut
754 3740 948 3796 Filium
973 3724 1145 3799 fuisse
1172 3760 1458 3816 agnoscas,
1481 3724 1565 3803 cui
1607 3749 1661 3805 bi

109 3826 193 3877 tres
217 3829 353 3894 pueri
393 3830 731 3886 sacriﬁcium
760 3847 818 3888 se
844 3835 1079 3890 confessi
1110 3845 1237 3891 sunt
1266 3839 1527 3896 obtulisse
1547 3882 1561 3906 ,
1592 3857 1660 3898 ex

108 3909 244 3978 ipsius
262 3918 395 3989 regis
415 3933 480 3976 ac
499 3922 720 3994 tyranni
737 3922 828 3993 qui
849 3937 942 3979 eos
970 3925 1022 3978 in
1042 3923 1318 3983 fornacem
1345 3929 1485 4000 ignis
1518 3932 1661 3988 mitti

107 4016 396 4079 praeceperat
433 4013 784 4070 confessione
815 4015 1033 4074 addisce
1078 4018 1171 4088 qui
1211 4034 1271 4074 se
1295 4035 1418 4077 cum
1452 4023 1659 4097 tribus,

108 4109 316 4163 quartum
347 4106 398 4160 in
425 4106 546 4178 ipso
574 4108 864 4163 mstuantis
888 4110 1086 4165 camini
1117 4110 1368 4169 incendio
1398 4116 1661 4171 sociatum

106 4194 688 4271 prodiditconspexisse.
734 4221 752 4253 ι
786 4201 995 4271 Nonne,
1025 4205 1222 4277 inquit,
1256 4216 1366 4264 tres
1393 4210 1537 4266 viros
1560 4209 1666 4264 mi-

108 4286 243 4345 simus
267 4293 315 4348 in
343 4295 618 4352 fornacem
641 4296 889 4353 vinctos?
915 4298 982 4353 Et
1005 4300 1322 4357 dixeruntei
1346 4320 1358 4357 :
1388 4303 1522 4361 Vere
1544 4319 1659 4371 rex;

108 4387 150 4431 et
190 4382 339 4441 dixit:
371 4389 511 4445 Ecce
566 4406 668 4461 ego
698 4392 855 4447 video
880 4402 1115 4464 quatuor
1146 4395 1291 4450 viros
1319 4394 1524 4452 solutos
1550 4439 1565 4463 ,
1610 4409 1666 4454 et

110 4468 465 4536 deambulantes
481 4483 536 4537 in
561 4482 741 4538 medio
758 4483 916 4555 ignis,
936 4495 990 4541 et
1008 4496 1259 4558 aspectus
1279 4489 1456 4558 quarti
1474 4489 1664 4545 similis

111 4560 216 4619 Filio
240 4567 322 4624 Dei
345 4581 426 4627 est
465 4573 657 4644 (Ibid.,
691 4575 753 4631 91
786 4586 835 4630 et
865 4576 977 4650 92).
1013 4598 1032 4630 ι
1059 4578 1204 4635 ldent
1234 4579 1326 4634 Dei
1366 4578 1532 4636 Filius
1570 4597 1665 4651 per

111 4658 380 4724 Prophetam
402 4663 645 4734 loquitur
669 4666 856 4722 dicens
885 4684 939 4721 ει
964 4669 1083 4726 Tibi
1114 4670 1342 4726 olferent
1369 4689 1524 4744 rcges
1550 4689 1664 4728 mu-

112 4759 210 4801 nera
238 4750 411 4822 (Paul.
462 4774 630 4826 vau,
664 4759 779 4832 30).
816 4780 835 4815 ι
866 4761 930 4817 Ει
975 4775 1034 4819 ιιι
1055 4766 1270 4838 Ιιωρηιιρ
1296 4766 1431 4823 Filio
1464 4768 1562 4824 Dei
1607 4782 1665 4823 se

114 4841 276 4903 dixisse
298 4850 723 4921 doceret,dixit:
759 4879 776 4911 ι
812 4859 983 4930 Reges
998 4862 1224 4919 Tharsis
1251 4869 1305 4917 et
1336 4860 1526 4918 insula:
1551 4877 1666 4916 mu-

115 4948 214 4991 llera
234 4940 637 5022 oﬂ‘erent,reges
660 4953 896 5010 Arabum
931 4966 987 5012 et
1017 4956 1160 5015 Saba
1196 4957 1333 5011 dona
1371 4960 1663 5022 adducent,

114 5037 154 5128 εξ
172 5032 445 5128 ἶξ([()ι“ξι1)ιιιη
459 5057 579 5099 eum
605 5060 799 5102 omnes
820 5064 1190 5121 reges,omncs
1206 5059 1394 5121 gentes
1423 5050 1664 5109 servient

116 5120 152 5218 (ξί
176 5120 331 5218 (Ρεαι.
355 5147 498 5199 uxr,
528 5135 595 5191 10
618 5145 669 5190 et
693 5137 800 5211 11).
826 5159 843 5193 ι
866 5120 1018 5215 Ειῖιιι
1043 5145 1160 5200 haec
1201 5143 1382 5197 omnia
1419 5141 1671 5218 snpcrius

117 5209 353 5286 designata
381 5224 598 5285 Christo
626 5209 767 5285 Filio
798 5233 886 5290 Dei
913 5209 1209 5295 doceamus
1240 5232 1408 5293 fuisse
1450 5209 1668 5301 oblata,

119 5313 440 5434 lfnnativitate
488 5322 732 5392 ejusdem
762 5324 854 5381 Dei
904 5346 1021 5400 qum
1071 5331 1373 5388 secundum
1440 5342 1666 5386 carnem

134 5411 228 5434 qnln
258 5418 326 5434 ιιι..
356 5415 505 5434 -..-ι.-
540 5432 543 5434 .
681 5417 701 5434 ιι
739 5419 749 5431 ι
1029 5427 1042 5434 .
1188 5423 1228 5434 π
1414 5425 1447 5434 .-

134 5411 228 5434 ’ὶηίη
258 5418 326 5434 nni
356 5415 505 5434 -..-ι.-
540 5432 543 5434 .
681 5417 701 5434 l‘
739 5419 749 5431 ι
1029 5427 1042 5434 ι
1188 5423 1228 5434 -Ἶ
1414 5425 1447 5434 ι.

1694 5090 1750 5153 D

1773 2467 1826 2508 et
1840 2451 2066 2523 sulphur
2082 2466 2244 2523 super
2258 2449 2549 2508 Sodomam
2567 2448 2719 2523 (Gen.
2739 2468 2853 2518 χιι,
2867 2452 2982 2524 24).
2996 2471 3014 2504 ι
3039 2452 3103 2506 Et
3127 2451 3178 2507 in
3195 2451 3377 2506 Evauo

1771 2545 1909 2619 gelio
1929 2563 1941 2598 :
1968 2564 1985 2596 ι
2008 2542 2169 2600 Pater
2185 2560 2337 2601 meus
2360 2560 2530 2617 usque
2546 2543 2703 2600 modo
2719 2552 2975 2615 operatur
2989 2552 3045 2598 et
3058 2557 3157 2615 ego
3169 2557 3370 2623 operor

1770 2638 2027 2711 (Joan.v,
2044 2640 2154 2711 17).
2180 2660 2198 2693 ι
2220 2638 2483 2697 Similiter
2510 2648 2567 2696 et
2597 2659 2614 2691 ι
2639 2654 2805 2713 opera
2830 2655 2951 2710 qua:
2977 2655 3078 2711 ego
3107 2638 3248 2701 facio
3265 2652 3376 2699 non

1769 2741 1894 2787 sunt
1927 2748 2067 2799 mea,
2093 2732 2190 2788 sed
2213 2731 2329 2804 cjns
2351 2731 2440 2803 qui
2466 2731 2610 2787 misit
2660 2747 2746 2787 me
2777 2731 2850 2791 Pa
2863 2731 3177 2805 tris)(lbid..
3205 2728 3319 2800 56),
3347 2726 3383 2807 ι)

1769 2840 1889 2897 quae
1902 2825 2084 2882 omnia
2098 2841 2205 2882 non
2218 2825 2509 2883 discretam
2525 2824 2701 2882 Patris
2712 2826 2898 2883 etFilii
2914 2825 3209 2896 potentiam
3224 2838 3375 2879 mon-

1772 2928 1970 2985 strant,
2001 2919 2099 2976 sed
2120 2935 2281 2976 unam
2306 2918 2605 2977 divinitatis
2627 2919 2999 2990 operationem
3025 2917 3370 2973 annuntiant.

1772 3010 1842 3066 Et
1862 3010 1908 3066 is
1930 3009 2022 3081 qui
2053 3020 2343 3083 paternum
2373 3026 2510 3080 opus
2538 3010 2877 3081 exsequitur,
2910 3026 2940 3069 a
2972 3008 3214 3083 paternis
3238 3022 3370 3079 ope-

1775 3102 1928 3159 ribus
1957 3103 2167 3161 alienus
2196 3117 2313 3158 esse
2350 3119 2456 3159 non
2488 3104 2749 3159 creditur.
2776 3103 2834 3159 Si
2865 3113 3048 3159 autem
3080 3117 3149 3158 ex
3195 3116 3363 3159 evan-

1772 3191 1913 3265 gelio
1927 3192 2120 3248 Filium
2142 3193 2236 3248 Dei
2252 3206 2611 3265 cognosceres
2625 3191 2961 3253 Altissimum
2978 3182 3381 3261 nuncupatum,

1769 3301 2049 3356 nunquam
2090 3285 2229 3341 Filio
2278 3286 2545 3357 derogans
2582 3285 2687 3345 hoc
2715 3285 2783 3341 de
2810 3285 2924 3343 solo
2960 3285 3070 3341 Deo
3096 3286 3260 3345 Patre
3288 3286 3371 3343 di-

1773 3367 1917 3432 cium
1946 3392 2177 3448 poneres
2215 3376 2606 3442 testimonium,
2636 3390 2759 3433 cum
2786 3375 3049 3445 scriptum
3078 3376 3187 3445 sit:
3229 3374 3369 3443 «Tu,

1768 3482 1925 3537 puer,
1964 3468 2230 3539 propheta
2258 3465 2525 3523 Altissimi
2548 3466 2834 3523 vocaberis
2867 3464 3020 3541 (Luc.
3051 3480 3090 3531 ι,
3117 3464 3228 3537 76).
3253 3485 3270 3518 ι
3300 3465 3371 3521 Et

1768 3570 1828 3618 ut
1876 3560 2046 3617 Filius
2093 3576 2216 3617 cum
2264 3561 2429 3617 Patre
2479 3560 2775 3621 indiscrete
2831 3560 2888 3621 in
2944 3558 3227 3625 altissimis
3270 3560 3369 3621 bav-

1767 3652 1972 3711 bitasse
2031 3655 2324 3721 credatur,
2381 3652 2686 3709 Salomonis
2740 3653 3049 3715 testimonio
3108 3668 3365 3723 coiner

1690 3719 1736 3783 θ
1767 3749 1965 3805 batur:
2009 3767 2028 3803 ι
2060 3748 2174 3821 Ego
2203 3719 2506 3822 (Sapientia
2538 3748 2745 3821 inquit)
2792 3747 3031 3809 habitavi
3068 3747 3124 3804 in
3167 3719 3367 3805 altissi-

1770 3845 1872 3902 mis
1893 3854 1948 3901 et
1983 3845 2211 3902 thronus
2240 3859 2393 3901 meus
2414 3844 2470 3900 in
2491 3842 2928 3916 eolumnalnubis
2960 3841 3188 3915 (Eccli.,
3211 3856 3371 3910 xxiv,

1766 3939 1852 4013 7).
1889 3956 1906 3991 ι
1943 3938 2008 3993 Et
2030 3938 2085 3994 in
2127 3937 2334 4010 psalmo
2355 3936 2707 4009 nonagesimo
2730 3935 2967 3997 secundo
2992 3952 3006 3993 :
3027 3954 3045 3987 ι
3080 3934 3160 3989 Τιι
3187 3942 3371 3997 autem

1768 4031 2077 4091 Altissimus
2101 4046 2163 4087 es
2190 4032 2242 4086 in
2266 4038 2546 4095 aeternum,
2576 4030 2820 4096 Domine,
2837 4029 3092 4100 quoniam
3116 4043 3245 4087 ecce
3270 4027 3372 4083 ini-

1766 4124 1891 4181 mici
1914 4123 1989 4183 tui
2012 4121 2286 4196 peribunt.
2318 4141 2339 4177 ι
2359 4120 2495 4179 Nam
2513 4137 2636 4176 cum
2659 4120 3173 4177 diabolustbronum
3205 4133 3363 4177 suum

1769 4224 1959 4273 contra
1986 4213 2265 4269 Creatoris
2323 4212 2407 4270 sui
2458 4211 2714 4267 thronum
2765 4211 2819 4269 in
2870 4209 3156 4267 altissimis
3199 4209 3368 4267 collov

1769 4315 1938 4371 caret,
1968 4305 2145 4360 elatus
2185 4304 2461 4374 superbia,
2495 4305 2611 4359 haec
2651 4318 2816 4359 ausus
2851 4311 2938 4358 est
2990 4301 3224 4358 nefando
3275 4314 3373 4356 ore

1768 4398 2126 4467 depromere:
2158 4416 2177 4450 ι
2215 4396 2419 4452 Ponam
2466 4396 2651 4450 sedem
2720 4409 2899 4449 meam
2952 4391 3020 4449 ad
3046 4392 3366 4463 Aquilonem

1770 4487 2020 4561 (inquit);
2057 4489 2349 4543 ascendam
2394 4502 2559 4559 super
2589 4486 2767 4542 sidera
2795 4486 2940 4549 eteli,
2984 4485 3183 4541 sedebo
3208 4498 3370 4552 super

1775 4590 1990 4638 montes
2026 4581 2290 4647 excelsos,
2319 4590 2374 4637 et
2395 4595 2490 4636 ero
2521 4578 2717 4636 similis
2764 4578 3049 4637 Altissimo
3088 4573 3225 4646 (Isa.
3256 4588 3367 4637 xiv,

1772 4674 1898 4730 l5et
1922 4675 2033 4747 l4).
2065 4674 2243 4743 siltcm
2268 4674 2320 4729 in
2338 4672 2627 4729 Salomone
2654 4689 2665 4727 :
2699 4689 2718 4722 ι
2747 4669 2824 4723 Nc
2853 4666 3076 4732 dixeris,
3107 4663 3367 4734 peccavi,

1771 4776 1826 4822 et
1872 4767 2002 4837 quid
2067 4767 2265 4823 accidit
2318 4765 2453 4820 mihi
2512 4763 2692 4827 triste,
2738 4759 3055 4817 Altissimus
3095 4755 3239 4813 enim
3278 4769 3369 4825 pa-

1773 4861 1910 4915 tiens
1936 4870 2020 4918 est
2046 4862 2380 4919 redditorum
2407 4857 2598 4933 (Ecclt'.
2627 4870 2679 4920 v,
2709 4855 2743 4909 4
2761 4854 2853 4931 Μ»
2906 4855 2962 4911 Si
2987 4851 3231 4911 auditum
3253 4866 3374 4908 cor-

1775 4956 1856 5009 dis
1883 4955 1957 5013 tui
1981 4954 2286 5026 Scriptnris
2318 4968 2425 5009 non
2457 4951 2540 5007 vis
2565 4950 2982 5013 accommodare
3012 4945 3233 5011 divinis,
3255 4960 3377 5015 qua:

1774 5049 1967 5105 Filium
2002 5049 2232 5105 doceant
2255 5045 2594 5103 Altissimum
2627 5039 3130 5116 nuncupatum,vel
3164 5036 3376 5094 diabolo

1778 5141 1939 5197 crede
1980 5140 2071 5213 qui
2109 5150 2299 5197 contra
2339 5136 2565 5211 Opiﬁcis
2591 5134 2701 5218 ,διιί
2734 5135 2994 5194 thronum
3039 5132 3221 5190 sedem
3271 5127 3375 5183 sibi

1775 5234 1947 5291 voluit
1999 5234 2286 5292 collocare.
2322 5230 2396 5289 Ut
2425 5243 2550 5288 eum
2602 5231 2916 5299 agnoscatis
2945 5226 3141 5289 Filium
3163 5238 3193 5277 a
3216 5220 3378 5276 Patre

1774 5327 1792 5397 (
1818 5337 1874 5382 ut
1897 5342 1993 5383 vos
2022 5323 2377 5399 suspicamini
2401 5327 2421 5398 )
2458 5337 2564 5378 non
2596 5318 2764 5377 fuisse
2787 5325 3002 5392 penitus
3030 5314 3372 5377 derellcmm,

2180 5419 2220 5434 '1
2249 5431 2317 5434 _-_.
2402 5417 2461 5434 1³-
2500 5412 2680 5434 ..-η--ΞΑ
2710 5415 2833 5434 ΔΑ-..
2860 5432 2883 5434 ..
2911 5412 3079 5434 -..ζ-ιω
3109 5422 3121 5434 ι
3159 5421 3181 5434 Δ

2911 5423 3079 5434 -..ιι-Μ
3109 5422 3121 5434 Ι
