3908 5434
464 391 567 448 215

1289 370 1579 455 APPEND.
1619 398 1712 454 Al)
1754 397 1928 456 sese.
1958 400 2050 455 ix.
2090 429 2161 441 ..-
2186 400 2438 459 istnom
2470 397 2913 457 neueuoms

3649 407 3761 468 216

469 523 576 580 que
603 506 909 564 sollicitudo
933 508 1197 581 invigilet,
1236 526 1335 567 nec
1359 512 1490 568 lides
1514 520 1810 568 temeretur
1829 522 1922 568 aut
1943 513 2057 568 vioo
2086 521 2136 583 Α
2164 514 2425 585 scriptum
2458 520 2574 568 est:
2606 530 2625 563 ι
2661 510 2955 567 Narrernus
2974 526 3038 567 ea
3063 510 3186 567 ﬁuts
3214 513 3439 579 nostris,
3465 522 3526 567 ut
3551 528 3623 569 ea
3650 528 3766 567 me-

471 601 635 658 letur.
656 600 778 656 Jam
803 601 982 657 nullus
1001 611 1084 658 est
1120 602 1440 672 ignorantia:
1462 605 1635 670 locus,
1661 605 1842 662 nullus
1881 612 2065 659 utatur

474 695 836 766 simplicitatis
886 696 1238 753 excusatione
1265 698 1559 770 praeterita.
1608 697 1811 754 Scienti
1838 712 2066 769 peccare

475 787 781 843 necessaria
829 797 913 843 est
957 787 1239 856 confusio,
1288 786 1523 862 etquod
1564 805 1752 846 errore
1784 789 2069 846 contraxit

473 879 703 936 scientia
739 878 1084 935 reformetur.
1118 880 1246 945 Ista,
1283 880 1476 948 frater,
1507 890 1651 946 tene,
1680 890 1737 936 et
1761 881 1877 936 haec
1908 879 2061 935 doce.

478 970 695 1027 Utinam
749 971 816 1025 ad
866 973 1124 1042 plenioris
1172 970 1368 1027 affatus
1407 973 1713 1028 satietatem
1765 971 2068 1042 prtesentite

480 1070 581 1116 tua:
610 1061 766 1118 nobis
797 1064 992 1134 gaudia
1038 1063 1420 1134 contigissent.
1456 1072 1516 1117 ut
1543 1063 1947 1135 gratularemur
1968 1075 2067 1117 nos

474 1159 530 1206 et
568 1149 837 1221 colloquio
871 1162 928 1208 et
975 1153 1263 1225 praesentia
1292 1153 1369 1207 tui
1396 1151 1504 1207 frui
1529 1169 1694 1223 quam
1730 1168 1916 1208 sumus
1942 1160 2070 1207 ante

473 1243 674 1313 scripta
711 1245 1000 1315 complexi.
1028 1246 1413 1301 Verumtamen
1436 1246 1699 1317 probasti,
1723 1246 2069 1301 dilectissime

474 1330 665 1397 frater,
695 1349 803 1404 quo
831 1335 1188 1390 Christianam
1220 1336 1378 1391 ﬁdem
1399 1336 1681 1391 veneraris
1709 1334 1922 1402 affectu,
1940 1337 2068 1391 dum

475 1436 538 1477 ea
563 1438 683 1493 quae
708 1423 779 1479 ad
802 1423 1267 1496 regulas'Patrum
1313 1427 1608 1496 pertinent,
1633 1435 1689 1481 et
1716 1425 1784 1482 ad
1814 1426 2065 1481 mandata

477 1517 745 1573 catholica
794 1519 912 1574 sine
942 1518 1123 1591 aliqua
1154 1516 1348 1590 culpa:
1387 1519 1817 1592 transgressione
1849 1533 2069 1576 servare

475 1619 554 1676 et,
576 1620 758 1681 spreta
780 1611 1031 1667 haeretica
1080 1623 1133 1668 et
1166 1614 1356 1668 nociva
1388 1614 1662 1680 doctrina,
1708 1613 1974 1669 catholica
2014 1621 2071 1668 et

458 1701 768 1783 apostolica
820 1712 1005 1760 tenere
1050 1713 1319 1776 praecepta
1344 1744 1361 1771 ,
1390 1713 1446 1760 et
1483 1715 1649 1761 rectae
1677 1704 1801 1759 ﬁdei
1855 1703 2070 1776 regulas

477 1796 671 1851 docere
690 1806 851 1867 atque
874 1812 1110 1853 servare.
1137 1798 1284 1864 Haec,
1315 1798 1484 1854 frater
1515 1798 1857 1863 cbarissime,
1880 1806 1935 1851 et
1963 1796 2070 1852 alia

477 1901 598 1955 qua:
618 1885 840 1942 Patrum
870 1889 1070 1960 regulis
1090 1890 1445 1946 continentur
1474 1890 1528 1944 in
1558 1889 1714 1944 labiis
1739 1897 1795 1944 et
1815 1888 2070 1944 cordibus

476 1978 677 2036 nostris
726 1978 957 2037 indivisa
1011 1981 1401 2039 retractatione
1442 1982 1791 2047 meditemur,
1842 1988 1897 2035 et
1926 1978 2070 2033 sicut

2169 607 2409 663 ditentur
2436 606 2490 660 in
2518 604 2773 660 cordibus
2802 604 2914 660 suis
2932 645 2946 669 ,
2974 603 3227 660 sedentes
3253 604 3308 660 in
3347 605 3528 669 domo,
3558 607 3765 660 ambu-

2168 697 2344 752 lantes
2366 697 2419 750 in
2446 695 2662 759 itinere,
2696 694 3038 750 dormientes
3059 706 3222 766 atque
3251 705 3535 766 surgentes
3570 696 3766 766 (Deut.

2168 805 2248 854 vi,
2274 791 2354 862 7),
2378 808 2398 842 ι
2428 789 2553 859 quia
2582 788 2817 844 tibeatns
2845 788 2897 843 in
2924 789 3172 855 Domino,
3189 791 3347 861 quiin
3363 790 3481 862 lege
3499 790 3621 860 ejus
3653 805 3773 844 me—

2169 879 2433 935 ditabitur
2469 879 2557 936 die
2575 894 2640 935 ac
2668 888 2827 935 nocte
2850 880 3024 950 (Psal.
3049 897 3091 948 1,
3122 881 3204 954 2).
3235 900 3254 933 ι
3281 878 3403 937 Hoc
3424 888 3481 937 et
3502 881 3773 953 Magister

2169 971 2407 1042 gentium
2423 978 2641 1026 secutus
2663 970 2985 1040 discipulum
3001 986 3156 1025 suum
3180 972 3456 1027 instruens
3474 972 3771 1036 admonet;

2176 1080 2195 1114 ι
2222 1061 2347 1117 Haec
2367 1062 2653 1126 meditare,
2678 1062 2732 1117 in
2762 1062 2847 1118 his
2872 1071 2956 1119 est
2983 1062 3035 1136 (Ι
3065 1062 3201 1118 Tim.
3226 1064 3428 1133 ιν,15),
3452 1085 3472 1116 ι
3503 1064 3774 1133 subjicies

2166 1156 2585 1228 plenitudinem,
2601 1157 2819 1212 attende
2834 1157 3091 1213 doctrina:
3115 1157 3234 1224 tibi,
3251 1158 3508 1229 quoniam
3526 1158 3571 1214 si
3589 1157 3775 1213 ﬁdeli-

2158 1246 2272 1303 bus
2291 1247 2407 1302 siue
2427 1247 2833 1304 intermissione
2856 1248 3218 1304 incumbimus
3232 1248 3516 1316 institutis,
3545 1263 3776 1319 separa-

2170 1354 2294 1394 mur
2322 1353 2353 1392 a
2372 1339 2540 1405 vitiis,
2560 1340 2685 1403 dum
2710 1339 2953 1409 impensa
2970 1354 3101 1395 cura
3121 1340 3303 1395 divino
3322 1340 3500 1409 Operi,
3528 1340 3773 1394 humano

2162 1427 2348 1485 locum
2378 1444 2485 1484 non
2514 1429 2771 1499 relinquit
2790 1431 2983 1485 errori.
3015 1429 3169 1498 Quod
3198 1432 3241 1485 si
3272 1446 3334 1485 ea
3363 1446 3485 1499 quae
3509 1431 3778 1501 praedicta

2176 1530 2301 1577 sunt
2340 1521 2539 1577 validis
2577 1531 2867 1578 teneantur
2894 1522 3001 1578 ﬁxa
3031 1524 3325 1588 radicibus,
3368 1537 3521 1579 neca
3544 1533 3776 1593 paterna

2182 1616 2474 1671 traditione
2496 1617 2794 1684 receditur,
2822 1626 2879 1673 et
2909 1626 3224 1674 constanter
3247 1616 3646 1688 quaestionibus
3676 1615 3779 1669 ob-

2179 1707 2357 1762 vialur
2390 1723 2454 1764 ac
2483 1723 2774 1778 pravorum
2821 1709 3053 1765 intentio
3077 1717 3348 1775 cassatur,
3394 1708 3776 1773 bonorumque

2180 1800 2314 1857 ﬁdes
2348 1812 2403 1857 et
2433 1801 2736 1859 constantia
2794 1805 3100 1859 roboratur.
3144 1803 3277 1857 Data
3309 1817 3408 1856 vni
3462 1798 3591 1854 ldus
3640 1796 3778 1868 Sep-

2181 1893 2373 1961 temb.,
2402 1892 2734 1953 Diocletiano
2757 1904 2813 1954 et
2852 1896 3207 1954 Constantino
3234 1894 3295 1954 C.
3323 1910 3409 1952 ce.
3437 1890 3776 1950 consulibus.

1539 2199 1683 2258 TEM
1722 2198 2061 2258 EPISTOLA
2099 2197 2522 2259 MARCELLIN:
2562 2195 2790 2254 PAPIE.

539 2381 915 2439 Dilectissimis
932 2380 1196 2437 tratribus
1209 2381 1480 2436 universus
1492 2380 1777 2450 episcopis,
1798 2377 2083 2449 perorien-
2110 2364 2158 2425 Β
2187 2374 2330 2432 ferre
2359 2374 2525 2430 ullum
2557 2381 2802 2446 possunt.
2828 2373 2981 2442 Quod
3007 2373 3052 2430 si
3073 2382 3465 2446 praesumptum
3498 2373 3672 2432 fuisse
3694 2391 3781 2431 eo-

483 2474 620 2530 tales
643 2474 954 2545 provincias
977 2472 1290 2529 constitutis
1308 2512 1322 2538 ,
1347 2470 1726 2526 lllmcsnmuus
1749 2470 2053 2539 episcopus.

549 2566 685 2635 Quid
717 2576 829 2623 tam
875 2566 1031 2622 dulce
1071 2565 1305 2621 sollicito
1326 2579 1488 2634 quam
1531 2563 1673 2633 quod
1727 2561 1858 2618 mibi
1892 2559 1960 2615 de
1984 2576 2081 2616 vo-

478 2661 565 2717 bis
616 2661 963 2717 innotescunt
1005 2659 1096 2714 illa
1136 2675 1257 2730 qua:
1300 2658 1494 2731 cupio?
1522 2657 1662 2726 Quid
1689 2666 1797 2712 tam
1820 2655 2088 2727 religiosis

484 2753 815 2808 conveniens
864 2750 1126 2807 institutis
1175 2764 1339 2821 quam
1378 2757 1440 2804 ut
1490 2750 1633 2803 inter
1673 2763 1731 2803 se
1777 2746 2086 2803 sacerdotes

483 2850 682 2915 pacem
703 2842 896 2915 (quam
925 2856 1144 2898 necesse
1166 2850 1251 2897 est
1271 2840 1394 2897 aliis
1415 2848 1514 2912 pro
1532 2837 1708 2895 ofﬁcio
1736 2836 2085 2907 annuntiare)

484 2935 848 2992 conservent?
879 2934 1042 2991 Plena
1064 2934 1261 3000 fateor,
1294 2931 1660 3003 gratulatione
1694 2930 1911 3000 suscepi
1944 2928 2088 2999 quod

483 3028 666 3083 votiva
694 3027 829 3083 mihi
855 3028 923 3083 de
963 3027 1229 3083 charitate
1258 3041 1379 3096 qua:
1408 3024 1553 3080 inter
1574 3039 1674 3080 vos
1702 3031 1787 3079 est
1818 3022 2092 3077 Ecclesia-

487 3136 609 3176 rum
638 3136 832 3191 pacem
860 3120 915 3175 in
945 3120 1146 3176 litteris
1199 3120 1502 3182 indicastis,
1543 3127 1736 3187 sponte
1764 3118 1896 3174 mihi
1930 3117 2086 3188 quid-

487 3209 619 3282 quid
648 3211 856 3266 hortari
880 3219 1149 3281 poteram,
1175 3211 1438 3283 quidquid
1465 3225 1688 3267 monere
1715 3210 1951 3265 delatum
1982 3220 2087 3276 est,

500 3318 521 3352 ι
552 3301 839 3356 conﬁrmet
865 3301 971 3357 hoc
1017 3301 1193 3369 Deus,
1235 3301 1377 3371 quod
1408 3308 1492 3356 est
1524 3309 1782 3371 operatus
1832 3301 1886 3355 in
1936 3300 2091 3357 nobis

497 3390 683 3465 (Psal.
714 3408 886 3458 vau,
916 3392 1040 3465 29),
1074 3412 1093 3446 ι
1137 3401 1194 3449 et
1236 3408 1356 3463 quae
1381 3393 1638 3464 praecepit
1666 3408 1762 3465 pro
1787 3393 2089 3447 animarmn

502 3485 676 3542 salute
712 3476 980 3553 facienda,
1013 3486 1128 3543 haec
1164 3486 1301 3557 ipse,
1329 3485 1421 3557 qui
1452 3485 1729 3556 praecepit,
1763 3499 1863 3556 pro
1884 3500 1945 3540 ea
1983 3499 2090 3554 qua

499 3591 599 3633 nos
624 3577 857 3633 redemit
887 3578 1111 3649 pietate,
1141 3575 1327 3632 faciat.
1360 3575 1427 3630 Et
1457 3575 1544 3630 his
1576 3584 1684 3630 tam
1710 3575 1867 3630 bonis
1890 3573 2093 3628 nuntiis

495 3684 597 3725 nos
652 3684 873 3741 quoque
918 3669 1231 3741 religiosam
1275 3676 1588 3724 sanctorum
1618 3667 1790 3722 vicem
1818 3666 2092 3721 reddimus

2189 2470 2488 2540 guoscitur,
2512 2468 2720 2522 viribus
2746 2481 2932 2523 carere
2964 2481 3071 2521 non
3104 2466 3325 2522 dubium
3351 2475 3461 2533 est,
3497 2482 3604 2523 nec
3630 2482 3783 2538 posse

2191 2565 2335 2619 inter
2352 2562 2722 2620 ecclesiastica
2751 2562 2858 2617 ullo
2875 2564 3035 2618 modo
3056 2571 3255 2619 statuta
3278 2564 3531 2631 censeri;
3562 2564 3782 2620 clericus

2190 2669 2323 2709 vero
2340 2651 2626 2721 cujuslibet
2651 2652 2857 2708 ordinis
2879 2653 3085 2723 absque
3102 2652 3373 2727 pontiﬁcis
3401 2654 3488 2708 sui
3517 2654 3781 2724 permissu

2194 2747 2300 2819 50
2322 2747 2522 2802 nullum
2539 2756 2831 2817 praesumat
2846 2748 2911 2801 ad
2931 2748 3191 2803 saeculare
3202 2747 3472 2818 judicium
3484 2751 3783 2816 attrahere,

2192 2838 2294 2895 nec
2318 2840 2454 2896 laico
2488 2839 2784 2909 quemlibet
2812 2838 3068 2894 clericum
3091 2839 3252 2896 liceat
3278 2856 3548 2897 accusare
3567 2882 3584 2907 ,
3610 2841 3784 2897 detra-

2194 2932 2400 2987 ctiones
2448 2941 2627 2986 tamen
2648 2938 2705 2985 et
2750 2930 3124 2987 accusationes
3168 2941 3330 3003 atque
3377 2934 3785 3004 persecutiones

2195 3028 2337 3084 inter
2390 3027 2728 3085 Christianos
2779 3028 2979 3099 oppido
3023 3028 3256 3085 vitanda
3282 3036 3452 3096 sunt;
3510 3030 3648 3100 quia
3671 3028 3787 3096 licet

2193 3120 2352 3190 pauci
2410 3119 2581 3175 simus
2638 3120 2693 3175 in
2742 3121 3149 3192 comparatione
3197 3120 3464 3185 aliorum,
3521 3120 3573 3176 si
3620 3131 3788 3176 tamen

2195 3212 2484 3268 unanimes
2528 3210 2792 3269 fuerimus
2830 3212 3045 3268 facilius
3081 3212 3406 3269 adversariis
3446 3214 3783 3269 resistemus.

2198 3302 2433 3360 Sanctus
2475 3303 2620 3360 enim
2665 3312 3035 3377 protomartyr
3078 3303 3383 3374 Stephanus
3411 3303 3785 3376 lapidabatur,

2195 3394 2290 3452 sed
2322 3394 2478 3451 Jesus
2505 3396 2835 3466 suscipiebat
2863 3396 3054 3468 plagas
3078 3436 3093 3462 ,
3137 3395 3259 3451 ideo
3285 3395 3588 3467 unicuique
3620 3397 3791 3468 provi-

2196 3486 2431 3542 dendum
2463 3496 2585 3553 est,
2617 3502 2686 3543 ne
2722 3488 2958 3560 aliquem
2988 3486 3188 3557 injuste
3210 3487 3418 3558 judicet
3445 3497 3544 3543 aut
3577 3489 3790 3561 puniat,

2196 3592 2266 3631 ne
2286 3576 2698 3646 Jesumjudicet
2735 3590 2831 3634 aut
2865 3579 3077 3650 puniat.
3108 3578 3177 3632 Et
3219 3578 3480 3635 Dominus
3522 3581 3579 3635 in
3624 3580 3793 3635 Evan-

2196 3669 2335 3741 gelio
2359 3670 2465 3725 ait:
2486 3669 2690 3726 «Nolite
2719 3669 2987 3740 judicare,
3021 3679 3079 3726 ut
3108 3686 3214 3726 non
3236 3669 3580 3740 judicemini,
3608 3674 3663 3726 in
3691 3686 3793 3743 quo

494 3760 835 3815 nuntiorum.
876 3758 1149 3829 Quidquid
1175 3773 1298 3813 cum
1338 3754 1709 3813 Orientalibus
1730 3771 1867 3826 quos
1897 3756 1962 3811 ad
1988 3755 2094 3811 Ec-
2123 3750 2168 3813 C
2201 3760 2343 3815 enim
2368 3760 2573 3831 judicio
2600 3759 3005 3829 judicaveritis,
3030 3758 3407 3829 judicabimini
3436 3760 3657 3831 (Matth.
3692 3777 3788 3826 vn,

497 3852 678 3908 clcsia:
723 3866 924 3922 corpus
993 3850 1369 3920 unitatemque
1413 3846 1698 3904 revecatos
1751 3846 1952 3903 dudum
2001 3846 2097 3901 Dei

500 3942 673 3999 nostri
719 3956 823 4013 ope
860 3941 1061 3997 litteris
1090 3939 1515 4014 signiﬁcavimus
1555 3940 1872 4018 destinatis,
1922 3940 2098 3995 denuo

504 4050 627 4092 cum
651 4044 900 4106 apertum
921 4034 1087 4091 fuerit
1111 4035 1357 4107 repetitis
1382 4033 1668 4090 vobiscum
1703 4034 2097 4106 participamus

503 4128 741 4184 indiciis.
774 4126 898 4183 Mox
922 4141 1022 4198 pro
1046 4137 1235 4183 nostro
1258 4127 1439 4183 edicto
1461 4126 1529 4182 ab
1550 4125 1916 4183 Orientalibus
1932 4128 2098 4183 missa

502 4221 705 4291 legatio
732 4229 837 4288 est,
864 4229 1014 4277 certa
1044 4220 1322 4291 speravit,
1369 4228 1518 4276 certa
1545 4219 1834 4287 consuluit,
1887 4221 1983 4278 sed
2020 4218 2102 4275 fa-

502 4314 677 4370 cimus
706 4315 774 4371 de
799 4315 885 4370 his
911 4329 1033 4384 quae
1057 4313 1276 4371 fuerunt
1301 4312 1529 4370 dicenda
1544 4313 1897 4385 compendia.
1925 4311 2100 4382 Ipsius

501 4407 684 4480 potius
712 4407 781 4462 ad
809 4405 1181 4462 instruendam
1200 4405 1448 4461 notitiam
1475 4413 1713 4462 vestram
1739 4418 1859 4476 quae
1885 4419 1917 4458 a
1948 4402 2103 4459 nobis

507 4507 633 4555 sunt
666 4512 923 4568 responsa
972 4497 1290 4568 dirigentes,
1324 4510 1392 4550 ne
1441 4498 1584 4566 quod
1628 4497 1731 4552 sibi
1778 4496 1877 4552 sub
1926 4494 2102 4565 spatio

507 4591 805 4665 prolixiore
856 4599 1127 4647 terrarum
1154 4600 1248 4646 aut
1284 4590 1467 4661 opinio
1496 4590 1755 4657 vindicet,
1806 4598 1898 4643 aut
1946 4604 2103 4644 error

511 4689 788 4750 assumat,
811 4696 936 4738 cum
982 4680 1051 4735 ad
1080 4695 1260 4736 rerum
1286 4681 1444 4736 ﬁdem
1470 4682 1643 4751 ipsam
1678 4679 1849 4736 teneri
1874 4676 2105 4734 suﬁiciat

510 4777 818 4832 veritatem.
853 4774 995 4844 Quid
1019 4782 1225 4841 autem,
1258 4774 1328 4831 ad
1357 4774 1749 4831 continentiam
1790 4779 2104 4830 nostrarum

509 4870 750 4941 pertinet
796 4868 1123 4933 litterarum,
1172 4868 1412 4940 oportuit
1439 4867 1657 4939 quidem
1688 4864 1963 4922 desideria
1992 4864 2106 4934 ple-

513 4964 636 5018 nius
665 4963 941 5032 expedire.
957 4962 1299 5034 Quapropter
1321 4963 1514 5018 scitote
1540 4976 1634 5016 vos
1662 4975 1692 5014 a
1724 4957 2105 5030 persecutione

524 5056 756 5112 fratrum
783 5066 839 5111 et
872 5057 941 5113 ab
971 5057 1116 5113 omni
1146 5057 1320 5130 litigio
1341 5056 1616 5112 abstinere
1648 5054 1868 5118 debere,
1893 5052 2107 5107 dicente

2198 3850 2225 3903 1
2252 3849 2403 3919 e12).
2437 3868 2457 3902 ι
2501 3848 2652 3905 Unde
2691 3857 2747 3906 et
2787 3849 2990 3906 Doctor
3014 3850 3255 3922 gentium
3298 3849 3539 3920 loquitur
3564 3852 3791 3906 dicens:

2204 3961 2222 3995 ι
2251 3942 2363 3998 Hoc
2388 3943 2551 4014 igitur
2574 3944 2695 3999 dico
2728 3952 2784 3999 et
2808 3943 3071 4001 testiﬁcor
3098 3945 3152 4000 in
3179 3944 3429 4010 Domino,
3457 3951 3519 3998 ut
3540 3942 3665 4013 jam,
3683 3958 3784 3998 nos

2199 4034 2509 4101 ambuletis,
2539 4034 2677 4089 sicut
2696 4044 2884 4105 gentes
2913 4036 3211 4103 ambulant,
3238 4037 3293 4092 in
3324 4036 3563 4091 vanitate
3587 4050 3787 4092 sensus

2201 4127 2284 4183 sui
2312 4127 2552 4182 tenebris
2584 4128 2933 4184 obscuratum
2961 4118 3223 4186 habentes
3247 4130 3579 4186 intellectum
3602 4172 3629 4199 ,7
3654 4130 3791 4185 alie-

2201 4220 2314 4273 nati
2363 4233 2395 4272 a
2424 4218 2537 4274 vita
2580 4217 2677 4274 Dei
2714 4233 2814 4289 per
2863 4220 3227 4291 ignorantiam
3267 4236 3388 4292 qua:
3435 4232 3523 4280 est
3572 4222 3628 4277 in
3684 4221 3794 4276 illis

2207 4318 2438 4382 propter
2465 4310 2768 4367 caecitatem
2800 4311 2981 4367 cordis
3008 4311 3273 4382 ipsorum.
3299 4310 3420 4380 Qui
3447 4312 3797 4384 desperantes

2205 4401 2526 4470 semetipsos
2557 4401 2898 4457 tradiderunt
2925 4395 3288 4473 impudicitiae
3316 4403 3374 4457 in
3422 4402 3794 4472 operationem

2204 4492 2558 4549 immunditiae
2619 4493 2903 4563 omnisque
2947 4493 3212 4549 avaritiae.
3263 4492 3372 4548 Vos
3438 4503 3619 4548 autem
3684 4507 3795 4546 non

2206 4587 2281 4641 ita
2319 4584 2588 4640 didicistis
2614 4584 2890 4641 Christum
2911 4625 2927 4651 ,
2966 4585 3012 4640 si
3041 4594 3220 4641 tamen
3251 4584 3401 4639 illum
3432 4584 3696 4649 audistis,
3740 4592 3795 4639 et

2206 4678 2262 4731 in
2289 4676 2403 4747 ipso
2429 4675 2605 4731 cdocti
2632 4675 2787 4740 estis,
2813 4676 2955 4731 sicut
2976 4683 3060 4732 est
3077 4676 3281 4732 veritas
3304 4676 3358 4730 in
3374 4674 3505 4731 Jesu
3530 4677 3797 4747 deponere

2206 4789 2306 4830 vos
2349 4772 2648 4829 secundum
2703 4773 2993 4844 pristinam
3048 4772 3517 4829 conversationem
3559 4782 3794 4828 veterem

2207 4865 2485 4922 hominem
2512 4864 2606 4935 qui
2629 4864 2998 4935 corrumpitur
3027 4865 3326 4921 secundum
3352 4865 3622 4921 desideria
3649 4880 3793 4920 erro-

2208 4959 2304 5015 ris.
2338 4958 2693 5013 Renovamini
2725 4966 2906 5012 autem
2929 4957 3121 5028 spiritu
3157 4957 3358 5013 mentis
3402 4964 3601 5015 vestra
3628 4964 3683 5012 et
3710 4957 3790 5010 in-

2218 5052 2367 5107 duite
2391 5065 2591 5106 novum
2616 5049 2891 5106 hominem
2923 5050 3014 5119 qui
3052 5051 3350 5106 secundum
3377 5049 3551 5106 Deum
3582 5060 3792 5105 creatus

517 5151 830 5223 Scriptura:
861 5170 880 5204 ε
901 5150 1127 5208 Servum
1144 5125 1362 5208 Dei'non
1386 5159 1599 5222 oportet
1620 5149 1832 5218 litigare
1858 5147 1943 5220 (II
1974 5146 2111 5203 Tim.
2143 5125 2193 5185 Ῑ)
2219 5152 2319 5207 est,
2355 5143 2408 5197 in
2431 5140 2642 5211 justitia
2682 5149 2736 5197 et
2768 5142 3058 5198 sanctitate
3089 5144 3357 5200 veritatis.
3386 5142 3619 5213 Propter
3659 5143 3792 5215 quod

519 5261 579 5294 ιι-
606 5244 699 5294 ρει
722 5286 738 5294 -
760 5264 780 5294 ι
811 5260 910 5294 nec.
935 5245 1231 5294 uuidnnam
1266 5258 1462 5293 nonem
1521 5242 1611 5270 ηδ
1649 5257 1668 5264 ρ

2608 5250 2656 5264 νηὶ
2666 5250 2727 5262 ηις
2737 5248 2764 5260 ιι
2774 5249 2796 5258 Α
2812 5248 2831 5256 Α
