3908 5434
111 351 203 407 221

1249 341 1738 399 DECRETALIL'M
1773 341 2174 398 COLLECTIO.

3275 347 3378 388 ι)ῡῦ

3279 387 3378 402 -“.σ

110 467 288 534 regale
317 461 710 528 sacerdotium,
729 475 863 532 gens
889 466 1104 526 sancta,
1134 457 1365 529 populus
1386 456 1698 528 acquisitio-
1724 466 1777 524 Α
1803 458 1880 530 pit
1903 458 2132 529 gratiam
2161 459 2214 512 in
2247 455 2570 513 alterutrum
2596 457 2742 514 illam
2764 459 3207 520 administrantes
3243 463 3386 520 sicut

111 559 210 624 nis,
248 565 308 612 nt
335 557 574 612 virtutes
601 555 934 612 annuntietis
966 553 1084 625 ejus
1112 554 1204 624 qui
1235 554 1304 610 de
1334 553 1574 608 tenebris
1605 567 1703 609 vos

111 648 381 704 revocavit
405 649 463 704 in
493 647 816 704 admirabile
835 645 1018 702 lumen
1043 661 1201 702 suum
1243 643 1313 715 (ι
1343 641 1494 700 Par.
1520 659 1563 710 ι,
1607 642 1701 698 15-

111 739 382 811 25,-1-9).
419 739 611 796 Estote
639 755 800 812 ergo,
842 737 1179 804 charissimil,
1216 735 1510 808 prudentes
1529 733 1598 808 iet
1620 735 1702 812 yi-

113 832 264 904 gilate
295 831 356 887 in
381 832 762 900 orationibus;
792 841 918 888 ante
941 831 1126 888 omnia
1155 838 1336 885 autem
1364 837 1605 884 mutuam
1641 826 1695 882 in

112 923 513 995 vobismetlpsis
550 923 873 982 cbaritatem
907 922 1222 978 continuam
1256 919 1539 984 habentes,
1567 916 1696 987 quia

113 1017 346 1074 altar-itas
373 1018 556 1089 operit
579 1016 978 1074 multitudinem
999 1023 1370 1085 peccatorum,
1401 1009 1697 1082 hospitales

113 1108 338 1166 invicem
364 1110 490 1168 sine
514 1108 946 1168 murmuratione
977 1107 1348 1180 unusquisque
1369 1105 1512 1163 sicut
1537 1116 1694 1158 acce-

1803 552 1930 608 boni
1977 553 2380 623 dispensatores
2425 553 2770 608 multiformis
2798 556 2986 624 gratiae
3013 555 3128 611 Dei.
3169 557 3228 611 Si
3266 560 3386 626 quis

1803 643 2044 716 loquitur
2085 647 2238 716 quasi
2271 662 2549 702 sermones
2579 647 2694 704 Dei.
2725 647 2783 702 Si
2808 650 2930 717 quis
2960 652 3234 706 ministrat
3277 662 3389 708 tan-

1805 754 1972 810 quam
2003 755 2067 794 ex
2095 740 2296 794 virtute
2342 755 2502 809 quam
2543 742 2884 798 administrat
2921 743 3064 800 Deus
3098 754 3159 800 ut
3193 745 3245 800 in
3275 761 3391 801 om-

1803 829 1964 886 nibus
1998 829 2384 885 Itonorificetur
2423 829 2563 886 Dcus
2604 849 2698 899 per
2735 831 2918 888 Jesum
2961 835 3267 903 Christum,
3304 837 3390 892 cui

1804 927 1884 974 est
1930 919 2099 990 gloria
2127 929 2180 975 et
2209 920 2493 992 imperium
2524 923 2576 978 in
2604 924 2798 978 seacula
2828 925 3168 982 seculorum.
3193 928 3389 986 Amen.

1805 1010 1866 1082 (Ι
1899 1011 2040 1066 Petr.
2070 1029 2144 1080 tv,
2171 1013 2200 1066 7
2227 1025 2274 1068 et
2306 1017 2437 1085 seq.)
2468 1035 2485 1066 ›
2524 1016 2654 1070 Data
2681 1017 2904 1076 Kalend.
2936 1019 3160 1093 Aprilis,
3177 1015 3392 1078 Maxen-

1809 1104 1883 1160 tio
1910 1114 1966 1161 et
1992 1105 2228 1163 Maximo
2255 1107 2322 1164 IV
2349 1123 2432 1164 cc.
2466 1109 2674 1166 consul.

1625 1261 1806 1276 ἡ

772 1366 1105 1428 EPISTOLA
1137 1368 1486 1427 MARCELLI
1523 1367 1728 1426 paras
1759 1370 1856 1426 an
1891 1359 2308 1428 MAXENTIUM
2337 1355 2748 1430 TYRANNUM.

177 1552 502 1608 HABCBLLUS
527 1549 812 1622 episcOpus
840 1557 1043 1606 sanctae
1068 1558 1124 1607 et
1163 1550 1474 1622 apostolica:
1505 1557 1562 1607 et
1601 1565 1695 1608 ca-

119 1646 319 1702 tholica:
345 1643 502 1700 urbis
529 1644 734 1710 Romae,
767 1643 1082 1702 MAXEN'HO.

179 1735 430 1810 Magislra
459 1737 726 1794 bonorum
753 1736 996 1792 omnium
1021 1737 1264 1794 charitas
1287 1752 1410 1810 qua:
1443 1737 1579 1794 nihil
1603 1752 1696 1792 ra-

118 1833 184 1900 pit
209 1840 552 1898 extraneum,
584 1829 719 1885 nihil
749 1829 862 1902 agit
887 1844 1166 1902 asperum,
1193 1830 1341 1886 nihil
1386 1830 1695 1896 confusum,

121 1922 234 1976 nihil
275 1920 592 1988 factiosum,
617 1920 756 1976 nihil
799 1921 944 1991 quod
977 1920 1170 1978 honori
1199 1919 1382 1978 divino
1414 1929 1696 1993 repugnet,

121 2015 298 2068 animae
324 2013 560 2083 propriae
597 2019 814 2078 noceat,
839 2020 936 2066 aut
960 2012 1194 2082 proximi
1219 2013 1504 2069 commodo
1535 2013 1698 2068 dero-

1782 1549 1976 1616 dotes,
2007 1547 2097 1622 qui
2131 1547 2245 1620 ejus
2275 1549 2537 1608 'videlicet
2573 1562 2699 1610 sunt
2739 1551 2853 1610 veri
2892 1555 3202 1614 sacerdotes
3229 1555 3385 1629 elegi-

1801 1661 1922 1700 mus
1947 1655 2169 1717 propter
2192 1645 2482 1715 justitiam,
2520 1658 2576 1704 et
2611 1665 2791 1704 veram
2826 1649 2984 1706 fidem
3023 1653 3300 1722 persequi,
3338 1663 3388 1708 ct

1801 1751 1902 1807 pro
1923 1735 2126 1793 Christi
2155 1739 2373 1796 nomine
2405 1741 2540 1810 pati,
2569 1756 2729 1811 quam
2761 1742 2944 1797 multis
2970 1724 3176 1798 divitiis
3208 1745 3389 1810 ditari,

1803 1827 2210 1899 honoribusque
2265 1827 2657 1901 copiosissimis
2710 1831 3021 1900 abundare,
3072 1843 3128 1890 et
3182 1835 3392 1891 caelesti

1806 1934 1973 1990 regno
1996 1934 2204 1976 carere.
2235 1916 2342 1978 ista
2364 1922 2509 1977 enim
2537 1923 2852 1994 temporalia
2879 1933 3028 1991 sunt,
3053 1923 3142 1980 illa
3163 1935 3389 1994 aeterna,

1805 2010 1909 2066 ista
1936 2013 2162 2079 caduca,
2191 2023 2247 2068 et
2281 2013 2350 2070 ad
2378 2014 2569 2070 horam
2592 2016 2950 2084 transeuntia,
2989 2016 3077 2071 illa
3110 2033 3239 2074 vero
3265 2035 3391 2088 pcr-

121 2115 214 2175 get,
239 2105 407 2162 oblita
453 2107 561 2174 sui,
604 2121 714 2164 non
739 2122 860 2178 qua:
887 2121 986 2164 sua
1011 2115 1160 2175 sunt,
1186 2106 1286 2163 sed
1321 2123 1442 2178 qua:
1486 2105 1582 2162 Dei
1617 2105 1702 2161 vel
1729 2095 1777 2156 Β
1804 2113 1964 2176 petua
1991 2116 2045 2162 et
2077 2108 2193 2162 sine
2219 2105 2325 2164 line
2350 2122 2626 2165 mansura.
2655 2107 2736 2164 Tu
2770 2125 2921 2182 ergo,
2953 2111 3044 2181 qui
3073 2127 3170 2167 nos
3198 2111 3394 2168 suades

123 2198 335 2266 proximi
366 2212 644 2268 quaerens,
667 2197 878 2256 nemini
923 2198 1174 2256 invidens
1216 2198 1468 2254 omnibus
1505 2213 1701 2254 consu—

119 2289 246 2357 lens,
275 2307 382 2347 non
415 2294 668 2358 saeViens,
699 2289 794 2348 sed
823 2291 1178 2364 compatiens,
1206 2306 1314 2348 non
1341 2290 1575 2362 rapiens,
1606 2289 1700 2344 sed

120 2381 362 2454 largiens,
400 2400 510 2440 non
551 2400 932 2452 murmurans,
969 2386 1066 2442 sed
1104 2385 1287 2442 omnia
1324 2385 1702 2457 uquanimiter

121 2476 364 2546 tolerans,
391 2479 436 2532 si
463 2478 518 2532 in
551 2486 604 2534 te
631 2477 873 2549 perfecte
901 2477 1196 2545 habitaret,
1221 2487 1553 2549 temperares
1579 2478 1698 2533 ani-

121 2585 256 2624 mum
278 2586 307 2623 a
337 2569 516 2636 malis,
539 2572 734 2627 saevire
750 2571 1053 2638 desineres,
1078 2571 1134 2628 id
1153 2580 1255 2639 est,
1281 2571 1376 2627 Dei
1401 2571 1698 2628 Ecclesiam

122 2677 177 2716 ac
202 2673 413 2718 sanctos
445 2664 564 2734 ejus
599 2665 850 2736 persequi
877 2679 1146 2729 cessares,
1175 2664 1446 2738 tyrannidi
1479 2665 1700 2719 modum

123 2757 430 2826 imponeres,
469 2755 710 2812 furorem
741 2757 1047 2823 cohiberes,
1084 2758 1408 2814 humanitati
1451 2758 1697 2829 invigila-

127 2862 222 2912 res,
246 2847 562 2904 modestiam
611 2848 1044 2920 amplectereris,
1093 2857 1150 2904 et
1193 2849 1351 2906 bonis
1393 2848 1700 2920 potioribus

125 2937 219 2993 frui
245 2948 540 3011 satageres.
571 2940 824 2997 Charitas
849 2941 994 2997 enim
1025 2950 1246 2998 exercet
1285 2940 1474 3007 corda,
1507 2956 1700 2998 sensus

127 3034 447 3100 corroborat,
476 3045 536 3089 ut
564 3035 700 3090 nihil
732 3050 922 3108 grave,
951 3034 1088 3090 nihil
1117 3033 1353 3100 difficile,
1385 3034 1480 3089 sed
1529 3043 1700 3090 totum

124 3123 212 3178 ﬁat
243 3125 392 3182 dulce
433 3128 579 3197 quod
624 3127 825 3199 agitur,
859 3128 987 3184 dum
1032 3128 1150 3199 ejus
1178 3127 1248 3183 sit
1291 3127 1569 3198 proprium
1602 3143 1703 3181 nu-

126 3213 247 3268 trire
271 3216 516 3284 pacifica,
547 3232 769 3273 servare
802 3217 1108 3286 conposita,
1151 3216 1442 3272 dissociata
1473 3214 1699 3284 conjun-

132 3322 269 3377 gere,
296 3324 462 3378 prava
491 3309 742 3382 dirigere,
761 3319 817 3366 et
839 3310 1070 3365 virtutes
1099 3308 1336 3378 reliquas
1353 3308 1701 3380 perfectionis

127 3413 229 3453 sua":
251 3401 542 3456 munimine
567 3401 822 3457 solidare.
857 3401 932 3456 De
957 3401 1073 3472 ipsa
1103 3416 1230 3472 ergo
1259 3415 1448 3454 omnes
1478 3414 1702 3456 monens

1803 2197 2006 2254 cultum
2042 2199 2317 2256 dimittere
2343 2201 2606 2268 divinum,
2643 2209 2698 2256 et
2729 2218 2760 2255 a
2789 2211 2940 2258 recta
2967 2202 3074 2258 fide
3113 2205 3391 2272 recedere,

1803 2291 2013 2362 diisque
2045 2291 2347 2358 immolare,
2380 2291 2573 2348 melius
2603 2291 2698 2348 tibi
2726 2291 2888 2360 foret,
2924 2304 2980 2348 ut
3009 2304 3062 2350 tu
3091 2297 3240 2366 prius
3268 2312 3390 2350 mu-

1804 2382 2023 2438 tabilem
2065 2391 2117 2438 te
2164 2385 2460 2453 praeberes,
2509 2400 2807 2455 omnesque
2851 2387 3220 2441 exltortat'eris
3269 2387 3394 2445 fidei

1801 2472 2134 2552 dOCumenta
2172 2482 2228 2528 et
2286 2473 2452 2529 divini
2497 2473 2677 2530 cultus
2723 2475 3022 2532 ministeria
3079 2477 3150 2531 ita
3187 2488 3390 2544 tenere,

1801 2563 1941 2620 sicut
1964 2561 2156 2621 Patres
2181 2565 2375 2633 nostri,
2404 2565 2578 2622 sancti
2615 2566 2863 2638 apostoli,
2899 2567 2999 2624 sibi
3033 2567 3226 2624 tradita
3255 2585 3394 2639 prm—

1802 2657 2119 2714 dicaverunt
2167 2667 2223 2714 et
2269 2660 2592 2715 docuerunt.
2647 2657 2779 2716 Boni
2830 2663 2973 2717 enim
3020 2663 3281 2734 principis
3329 2680 3392 2720 ac

1803 2749 1948 2819 regis
1968 2757 2051 2806 est
2071 2748 2333 2805 ecclesias
2346 2752 2624 2811 contritas
2647 2763 2810 2823 atque
2839 2752 3036 2808 scissas
3064 2765 3392 2823 restaurare,

1803 2855 1972 2895 novas
2015 2839 2303 2908 mdilieare,
2345 2850 2401 2896 et
2435 2841 2529 2898 Dei
2575 2844 2889 2899 sacerdotes
2927 2839 3195 2901 honorare
3233 2857 3395 2916 atque

1806 2931 1962 2986 tueri.
1997 2929 2151 2988 Unde
2175 2942 2396 2989 sanctos
2422 2929 2696 3004 apostolos
2720 2952 3021 3006 eorumque
3053 2954 3395 2996 successores

1804 3019 1905 3076 sub
1933 3021 2114 3077 divina
2165 3023 2560 3080 contestatione
2604 3026 2950 3081 constituisse
2999 3023 3248 3098 legimus,
3288 3045 3394 3084 non

1805 3113 2000 3170 debere
2029 3114 2144 3170 fieri
2182 3118 2608 3186 persecutiones,
2650 3119 2759 3189 nec:
2784 3117 2970 3174 inferri
2997 3115 3392 3188 lluctuationcs,

1805 3222 1905 3261 nec
1945 3205 2183 3262 invidere
2214 3205 2584 3264 laborantibus
2623 3209 2674 3264 in
2716 3226 2844 3281 agro
2882 3211 3183 3279 Dominico,
3223 3229 3428 3286 neque.

1805 3301 2073 3371 expellere
2105 3302 2294 3378 aeterni
2332 3303 2495 3374 Regis
2521 3303 2942 3372 dispensatores,
2978 3303 3068 3358 sed
3107 3305 3148 3359 si
3179 3307 3267 3374 qui
3296 3322 3393 3361 cx-

1805 3393 1944 3464 pulsi
1977 3394 2178 3450 fuerint
2221 3405 2314 3450 aut
2357 3395 2468 3450 suis
2517 3391 2678 3451 rebus
2703 3395 2984 3466 cxspoliati
3010 3397 3185 3466 primo
3212 3400 3394 3453 omnia

125 3491 416 3561 Aposlolus,
460 3495 537 3549 ita
573 3493 833 3565 loquitur,
867 3493 1054 3551 dicens
1086 3513 1100 3550 :
1140 3513 1160 3545 ι
1195 3492 1254 3548 Si
1284 3493 1482 3564 linguis
1518 3493 1696 3549 honii-
1725 3478 1771 3542 C
1803 3483 2048 3557 lcgaliter
2075 3483 2246 3552 reddi,
2271 3501 2390 3556 quae
2411 3485 2492 3541 eis
2512 3484 2580 3541 ab
2606 3485 2839 3542 inimicis
2864 3495 3006 3541 auta
3035 3488 3399 3558 persecutori—

128 3599 250 3638 num
283 3584 469 3657 loquar
511 3596 567 3643 et
610 3587 958 3659 angelorum,
1005 3586 1324 3642 charitatem
1371 3596 1552 3641 autem
1594 3603 1702 3642 non

129 3673 374 3745 habeam,
401 3679 578 3736 factus
605 3695 726 3736 sum
757 3679 907 3735 velut
941 3694 1017 3734 tes
1051 3694 1252 3734 sonans
1280 3687 1375 3732 aut
1399 3678 1704 3750 cymbalum

132 3770 352 3828 tinniens
374 3791 392 3841 ;
414 3783 472 3830 et
516 3775 563 3832 si
608 3775 851 3830 habuero
879 3788 1097 3830 omnem
1135 3773 1494 3843 prophetiam,
1529 3781 1586 3826 et
1611 3789 1705 3826 no-

133 3863 290 3918 verim
317 3867 572 3938 mysteria
611 3867 794 3922 omnia
831 3876 887 3922 et
915 3880 1131 3922 omnem
1172 3865 1480 3928 scientiam,
1523 3873 1578 3920 et
1614 3866 1706 3919 ha-

133 3953 288 4010 buero
332 3973 544 4014 onmem
600 3959 792 4022 fidem,
848 3959 924 4012 ita
979 3966 1039 4012 ut
1093 3966 1305 4012 montes
1358 3954 1704 4018 transferam,

136 4048 435 4106 eharitatcm
488 4059 676 4106 autem
718 4065 828 4105 non
877 4049 1130 4114 habeam,
1176 4046 1313 4102 nihil
1360 4063 1514 4112 sum;
1566 4055 1622 4102 et
1663 4046 1707 4100 si

136 4135 437 4196 distribuere
493 4141 549 4196 in
604 4141 756 4196 cibos
817 4155 1116 4211 pauperum
1173 4154 1365 4196 omnes
1421 4137 1710 4194 facultates

138 4244 292 4298 meas,
315 4244 368 4289 et
405 4234 453 4290 si
491 4233 769 4290 tradidero
797 4247 998 4304 corpus
1023 4247 1204 4287 meum
1249 4231 1324 4285 ita
1365 4240 1426 4284 ut
1467 4230 1708 4298 ardeam,

138 4321 435 4382 cbarilatem
461 4335 648 4381 autem
689 4341 800 4382 non
844 4325 1096 4392 habeam,
1127 4313 1264 4379 nihil
1293 4323 1426 4378 mihi
1469 4324 1707 4394 prodest.

140 4411 370 4473 Charitas
418 4417 634 4489 patiens
686 4411 804 4484 est,
857 4417 1091 4488 benigna
1139 4426 1245 4472 est.
1299 4414 1552 4470 Charitas
1603 4429 1711 4468 non

142 4508 422 4578 aemulatur,
449 4527 557 4568 non
591 4511 699 4580 agit
727 4525 1037 4582 perperam,
1067 4525 1176 4565 non
1205 4507 1445 4574 inflatur,
1489 4521 1596 4562 non
1631 4514 1715 4561 est

145 4603 426 4674 ambitiosa,
464 4622 574 4663 non
601 4607 802 4678 quaerit
824 4619 947 4676 quae
972 4619 1072 4662 sua
1113 4613 1261 4670 sunt,
1301 4617 1410 4658 non
1441 4601 1710 4667 irritatur,

148 4708 238 4749 non
275 4699 469 4768 cogitat
513 4698 752 4765 malum,
799 4711 908 4754 non
954 4698 1153 4769 gaudet
1197 4709 1360 4766 super
1405 4694 1712 4766 iniquitate,

148 4793 416 4861 congaudet
446 4803 626 4849 autem
657 4792 894 4849 veritati.
925 4791 1122 4848 Omnia
1151 4788 1362 4856 suffert,
1390 4789 1572 4844 omnia
1596 4804 1712 4844 cre-

1803 3579 1902 3635 bus
1931 3577 2108 3634 ablata
2141 3587 2284 3643 sunt,
2313 3588 2367 3634 et
2411 3577 2567 3632 sedes
2612 3579 2858 3648 proprias
2887 3595 3011 3634 cum
3048 3579 3299 3635 otnnibus
3330 3577 3398 3636 ad

1805 3687 1863 3726 se
1889 3669 2289 3740 pertinentibus
2320 3667 2644 3740 regulariter
2671 3669 2905 3737 restitui,
2937 3680 2992 3727 et
3032 3682 3214 3738 postea
3265 3681 3398 3724 tem-

1806 3779 1936 3832 pore.
1974 3778 2214 3834 congruo
2251 3761 2432 3816 vocari
2479 3761 2546 3815 ad
2595 3762 2860 3833 synodum
2910 3759 3232 3834 regulariter
3273 3778 3404 3817 con-

1807 3867 2102 3927 gregatam,
2139 3869 2239 3909 nec
2265 3853 2455 3909 liceret
2483 3853 2554 3919 ei,
2583 3851 2899 3926 priusquam
2926 3853 3054 3908 fiant
3084 3855 3216 3919 haec,
3251 3853 3316 3907 de
3342 3868 3400 3906 se

1801 3949 1955 4018 juxta
2002 3955 2203 4002 statuta
2251 3945 2630 4016 praedictorum
2675 3947 3020 4017 respondere,
3056 3956 3150 3999 aut
3181 3946 3247 3999 de
3291 3944 3403 3999 suis

1811 4039 2256 4111 impetitionibus,
2285 4039 2330 4093 si
2357 4054 2414 4092 se
2445 4039 2640 4093 viderit
2673 4038 3022 4109 praegravari,
3059 4035 3283 4093 reddere
3310 4052 3399 4117 ra-

1811 4133 2034 4188 tionem.
2074 4130 2201 4196 Sed,
2244 4129 2329 4186 his
2361 4131 2463 4184 rite
2490 4129 2745 4200 peractis,
2790 4131 3010 4201 suisque
3051 4130 3301 4184 omnibus
3343 4127 3406 4181 li-

1810 4225 1938 4280 bere
1969 4223 2264 4296 dispositis,
2299 4223 2343 4278 si
2374 4232 2484 4278 tum
2503 4223 2644 4293 jusle
2674 4221 2908 4289 videtur,
2941 4221 3052 4277 suis
3082 4219 3405 4291 respondeat

1812 4317 2242 4380 accusatoribus,
2275 4326 2330 4371 et
2359 4314 2627 4382 inducias,
2655 4314 2700 4369 si
2729 4313 2780 4370 ei
2809 4328 3031 4370 necesse
3059 4311 3240 4378 fuerit,
3267 4312 3412 4364 acci-

1812 4411 1926 4481 piat
1953 4427 2062 4466 non
2104 4407 2342 4465 modicas
2373 4417 2431 4462 ut
2470 4408 2756 4480 explorare
2793 4407 2972 4462 valeat
3012 4423 3075 4462 ea
3115 4423 3235 4478 qua:
3274 4403 3412 4472 obji-

1813 4505 2035 4561 ciuntur
2073 4503 2160 4569 ei,
2198 4519 2266 4558 ne
2308 4500 2596 4572 aliquando
2631 4497 2850 4556 delusus
2881 4499 3067 4555 fraude
3095 4499 3412 4554 immoenter

1815 4610 1962 4667 ruat,
1999 4597 2256 4670 quoniam
2288 4612 2395 4652 non
2436 4603 2654 4666 oportet
2683 4609 3008 4665 quemquam
3047 4589 3292 4661 judicare
3324 4586 3411 4641 vel

1817 4693 2074 4746 damnare
2103 4689 2417 4761 priusquam
2454 4686 2722 4758 legitimos
2759 4685 2958 4740 habeat
2995 4691 3290 4754 prmscntes
3324 4696 3414 4733 ac-

1817 4791 2118 4848 cusatores,
2146 4779 2432 4848 locumque
2450 4775 2773 4832 defendendi
2799 4773 3029 4843 accipiat
3057 4771 3122 4825 ad
3150 4769 3416 4825 abluenda

151 4860 250 4943 dit,
283 4885 455 4940 omnia
501 4896 718 4957 sperat,
767 4885 951 4940 otnnia
995 4883 1250 4940 sustinet.
1288 4881 1538 4937 Charitas
1578 4899 1716 4937 mm-
1741 4860 1793 4920 Ῑ)
1819 4875 2066 4931 crimina.
2108 4872 2258 4932 Unde
2287 4872 2362 4926 ait
2385 4871 2736 4957 prophetazv
2779 4867 3101 4957 Priusquam
3133 4877 3416 4957 agnoscas,

151 4983 290 5037 quam
317 4976 514 5032 excidit
531 4977 578 5048 (ι
598 4977 722 5033 Cor.
739 4993 864 5043 xm,
892 4977 916 5030 l
952 4985 999 5030 et
1032 4975 1218 5047 seq.).i
1245 4973 1500 5046 Quisquis
1515 4989 1645 5046 ergo
1661 4974 1714 5048 in

154 5059 249 5129 eius
273 5082 329 5123 se
359 5070 536 5126 radice
576 5067 776 5126 inserit
804 5083 904 5123 nec
941 5084 972 5122 a
1003 5064 1278 5124 viriditate
1307 5066 1510 5134 deficit,
1552 5083 1654 5123 nec
1681 5081 1715 5121 a

1823 4983 1932 5022 non
1958 4965 2170 5036 iudices
2197 4979 2527 5036 quemquam
2554 4955 2746 5034 (Eccli.
2783 4973 2860 5021 χι,
2891 4955 2968 5025 7).
3012 4978 3030 5010 ι
3065 4956 3122 5011 ln
3162 4956 3264 5010 hoc
3295 4968 3424 5022 ergo

1825 5059 1917 5132 qui
1954 5059 2192 5130 episcopi
2223 5065 2279 5113 et
2307 5054 2503 5124 reliqui
2546 5050 2689 5110 servi
2735 5048 2829 5136 Dei
2865 5057 3287 5129 persequuntur,
3319 5061 3422 5097 non
