3926 6446
486 375 591 432 225

1294 374 1586 430 APPEND.
1628 375 1720 429 AD
1757 371 1929 430 SIEC.
1970 371 2066 428 1x.
2095 400 2166 414 —
2203 370 2457 432 lSlDORl
2493 360 2934 431 MERCA'I‘ORIS

3671 376 3784 433 224

483 486 809 545 auctoritate
829 485 1558 560 episcoporum.quanquam
1581 487 1843 560 quosdam
1864 487 2082 563 episco-
2104 493 2158 554 Α
2186 501 2364 564 neque
2416 488 2560 543 enim
2607 488 2847 544 moriens
2895 486 3046 542 tollet
3092 484 3297 554 omnia,
3344 498 3446 544 nec
3491 486 3784 547 descendet

481 596 581 653 pos
601 579 819 651 possitis
846 594 1196 650 congregare,
1242 594 1348 634 non
1377 580 1605 650 potestis
1644 577 1970 652 regulariter
1997 578 2077 633 fa-

484 689 630 741 cere,
662 688 836 744 neque
862 673 1031 728 ullum
1060 673 1372 744 episcopum
1403 674 1496 744 qui
1545 673 1685 729 hanc
1723 672 2079 745 appellaverit

482 767 836 837 apostolicam
860 766 1043 822 sedem
1075 767 1356 832 damnare,
1381 775 1672 836 antequam
1697 766 1825 821 hinc
1856 773 2077 821 senten-

483 862 557 916 tia
597 862 804 918 ﬁnitiva
836 861 1116 949 procedat:
1158 861 1293 918 Nam
1342 863 1388 919 si
1431 863 1718 919 smculares
1759 863 1814 918 in
1844 863 2076 935 publicis

472 955 692 1027 judiciis
743 956 936 1012 libellis
964 964 1193 1012 utuntur
1229 956 1626 1027 appellatoriis,
1668 964 1872 1027 quanto
1904 956 2075 1026 magis

477 1048 850 1104 sacerdotibus
877 1048 995 1104 haec
1017 1028 1216 1103 eadem.
1234 1061 1395 1118 agere
1430 1047 1580 1114 licet,
1615 1046 1710 1117 qui
1754 1060 1916 1117 super
1953 1045 2074 1102 illos

474 1140 641 1196 sunt?
677 1143 744 1197 de
777 1141 977 1212 quibus
1013 1140 1218 1197 dictum
1260 1149 1346 1197 est
1383 1155 1397 1195 :
1436 1158 1455 1192 ι
1493 1140 1606 1212 Ego
1633 1139 1745 1194 dixi
1780 1158 1792 1194 :
1826 1138 1911 1194 Dii
1939 1139 2074 1196 estis

473 1242 529 1288 et
558 1233 655 1289 ﬁlii
685 1232 888 1290 excelsi
916 1247 1107 1289 omnes
1131 1232 1305 1304 (Psal.
1329 1247 1513 1295 Lxxxr,
1545 1230 1622 1304 6).
1659 1250 1680 1285 ι
1711 1231 1781 1287 Εῑ
1804 1231 1926 1287 ideo
1954 1231 2073 1287 nul-

470 1327 556 1384 lus
584 1328 871 1400 episcopus
900 1326 1003 1382 nisi
1047 1326 1101 1380 in
1142 1325 1384 1398 legitima
1423 1326 1630 1398 synodo
1669 1341 1769 1382 suo
1805 1333 2067 1397 tempore,

470 1418 768 1490 apostolica
800 1423 894 1473 aut
922 1416 1159 1487 regulari
1198 1416 1521 1473 auctoritate
1542 1424 1858 1481 convocata,
1905 1431 2070 1487 super

467 1508 1056 1582 quibuslibetpulsatus
1069 1508 1390 1564 criminibus
1407 1508 1658 1564 audiatur
1671 1507 1757 1561 vel
1768 1506 2064 1576 judicetur,

468 1600 809 1662 neiinnocens
824 1601 1113 1657 damnetur
1127 1599 1420 1669 autperdat
1438 1597 2069 1666 communionemgQuod

467 1691 614 1757 laici,
644 1700 738 1746 aut
772 1690 1008 1761 suspecti
1037 1689 1322 1761 episcopos
1359 1704 1468 1745 non
1507 1687 1742 1745 debeant
1779 1702 2063 1754 accusare,

466 1799 641 1855 neque
678 1783 1089 1840 accusatoribus
1126 1783 1194 1839 de
1232 1782 1438 1838 inimici
1478 1782 1639 1838 domo
1677 1781 2066 1854 prodeuntibus

2181 588 2305 649 post
2333 594 2456 635 eum
2495 578 2664 650 gloria
2695 579 2834 648 ejus.
2882 578 3021 646 Quia
3069 577 3265 634 animae
3307 582 3420 635 sua:
3459 578 3514 634 in
3540 580 3653 636 vita
3678 597 3783 638 sua

2179 671 2481 726 benedicet.
2526 669 2849 726 Laudabunt
2876 678 2931 724 te
2951 683 3073 725 cum
3099 668 3238 725 bene
3261 668 3427 725 fuerit
3454 669 3571 726 tibi.
3604 671 3786 727 Intra-

2177 762 2258 819 bit
2278 777 2449 833 usque
2475 764 2542 817 ad
2570 762 2974 833 generationem
3005 774 3218 834 patrum
3246 777 3494 831 suorum,
3515 779 3692 836 usque
3722 766 3782 821 in

2178 852 2340 913 ﬁnem
2371 868 2476 909 non
2507 854 2715 909 videbit
2763 854 2965 921 lumen,
3016 855 3181 910 homo
3210 869 3335 910 cum
3365 853 3419 909 in
3448 855 3659 913 honore
3687 871 3783 913 es-

2176 953 2281 1011 set,
2335 960 2439 1001 non
2485 946 2943 1013 commovebitur,
2993 945 3324 1003 assimilatus
3364 944 3630 1016 jumentis
3672 965 3779 1006 ex-

2174 1045 2419 1108 aequatus
2450 1046 2537 1094 est
2568 1037 2741 1109 (Psal.
2788 1054 2979 1105 vatu,
3034 1039 3103 1094 15
3139 1048 3187 1093 et
3233 1038 3389 1106 ιαμ).
3422 1057 3443 1091 ι
3478 1038 3547 1094 Et
3597 1039 3775 1096 alibi:

2179 1146 2199 1180 ‹
2230 1128 2370 1195 Quid
2393 1128 2645 1200 gloriaris
2677 1130 2732 1184 in
2754 1130 2979 1195 malitia,
3012 1138 3204 1201 potens
3243 1130 3618 1186 misericOrdia
3650 1132 3776 1196 Dei,

2174 1230 2283 1278 tota
2314 1221 2401 1278 die
2426 1220 2649 1277 insidias
2673 1222 2932 1299 cogitavit
2956 1221 3138 1293 lingua
3174 1218 3474 1305 tuaglquasl
3500 1222 3774 1278 novacula

2174 1319 2335 1367 acuta
2366 1309 2574 1367 faciens
2599 1312 2805 1368 dolum.
2834 1296 3084 1368 Dilexisli
3110 1296 3374 1368 malitiam
3399 1308 3579 1385 magis
3602 1329 3772 1385 quam

2171 1406 2396 1470 bonum,
2424 1407 2768 1463 mendacium
2800 1407 2974 1479 magis
3008 1422 3171 1477 quam
3194 1406 3341 1479 loqui
3367 1405 3658 1476 justitiam.
3688 1407 3776 1461 Di-

2170 1496 2351 1553 lexisti
2387 1499 2569 1554 omnia
2602 1499 2769 1554 verba
2814 1498 2881 1553 ad
2931 1498 3323 1565 devorandum,
3353 1498 3537 1571 lingua
3558 1498 3767 1554 dolosa.

2172 1585 2277 1643 Sed
2301 1588 2445 1645 Deus
2497 1588 2741 1645 destruet
2789 1599 2840 1646 te
2879 1590 2934 1644 in
2981 1589 3410 1661 sempiternum,
3453 1591 3682 1647 terrebit
3713 1600 3768 1645 et

2169 1664 2364 1734 evellet
2387 1687 2440 1735 te
2465 1679 2532 1735 de
2572 1679 2945 1746 tabernaculo,
2986 1690 3041 1736 et
3082 1681 3382 1737 eradicabit
3426 1689 3479 1737 te
3517 1683 3585 1737 de
3618 1690 3765 1737 terra

2168 1769 2490 1825 viventium.
2534 1770 2601 1825 Et
2649 1771 2910 1827 videbunt
2931 1770 3065 1841 justi
3098 1782 3153 1827 et
3182 1773 3467 1839 timebunt,
3507 1781 3564 1828 et
3601 1789 3766 1845 super

465 1878 796 1933 credendum
840 1878 934 1945 sit,
973 1887 1028 1932 ει
1071 1892 1103 1932 a
1140 1876 1301 1931 beam
1329 1874 1606 1932 Clemente
1644 1874 1777 1945 ipsis
1816 1890 1943 1930 eum
1982 1874 2061 1928 in.
2094 1867 2141 1927 B
2170 1874 2293 1915 eum
2316 1860 2589 1916 ridebunt.
2610 1862 2851 1919 Eccevir
2869 1865 2960 1934 qui
2982 1879 3089 1920 non
3103 1866 3283 1937 posuit
3303 1865 3472 1922 Deum
3496 1866 3763 1923 fortitudi-

462 1969 799 2027 struentibus
827 1968 1089 2040 apostolis
1131 1968 1363 2041 legimus
1390 1967 1697 2034 deﬁnitum,
1737 1975 1791 2022 et
1829 1981 1927 2023 nos
1963 1982 2059 2023 ea-

461 2062 585 2118 dem
617 2062 928 2128 ﬁrmamus,
978 2061 1234 2131 quoniam
1282 2061 1443 2116 iidem
1497 2061 1623 2116 odio
1670 2058 1946 2115 multoties
1980 2060 2064 2115 in-

461 2154 608 2208 censi
669 2162 819 2209 reete
865 2153 1107 2207 viventes
1132 2192 1148 2219 ,
1201 2159 1365 2221 atque
1408 2152 1695 2207 credentes
1741 2152 2062 2222 perturbare

459 2244 728 2297 nituntur.
768 2242 1064 2312 Propterea
1096 2257 1350 2313 persona,
1386 2241 1540 2308 ﬁdes,
1573 2243 1704 2309 vita,
1745 2254 1800 2298 et
1833 2258 2061 2299 conver-

458 2332 598 2388 satio
637 2341 802 2404 atque
840 2332 1080 2403 suspicio
1117 2333 1493 2389 accusantium
1533 2332 1843 2388 enucliatim
1883 2334 2060 2405 primo

457 2427 779 2498 inquirenda
806 2438 909 2494 est,
942 2428 1136 2485 deinde
1166 2444 1287 2500 quae
1314 2428 1647 2499 objiciuntur
1675 2429 1904 2485 ﬁdeliter
1928 2446 2055 2500 per-

456 2523 759 2589 tractanda,
794 2524 920 2593 quia
951 2523 1086 2577 nihil
1115 2533 1242 2579 ante
1282 2523 1401 2578 ﬁeri
1440 2524 1601 2579 debet
1638 2538 1802 2594 quam
1844 2525 2059 2596 impeti-

454 2618 634 2667 torum
661 2612 793 2679 vita,
825 2623 881 2669 et
910 2614 1150 2685 suspicio
1202 2623 1367 2685 atque
1405 2615 1591 2669 odium
1632 2616 1958 2684 inquiratur.
1991 2617 2058 2671 Et

454 2705 502 2759 si
549 2705 705 2760 bonae
745 2707 1176 2762 conversationis
1222 2722 1330 2761 non
1376 2706 1579 2762 fuerint
1625 2717 1719 2762 aut
1766 2708 1923 2774 laici,
1973 2710 2058 2764 vel

454 2797 732 2855 manifesti
786 2801 991 2857 inimici
1053 2811 1144 2856 aut
1193 2801 1317 2856 odio
1377 2802 1613 2872 respersi
1662 2802 1897 2868 fuerint,
1955 2818 2052 2859 ne-

453 2904 727 2960 quaquam
768 2891 822 2945 in
878 2893 1254 2963 episcoporum
1305 2894 1636 2963 recipiantur
1684 2896 2051 2951 accusatione.

454 2977 582 3035 llzec
634 2981 791 3037 vobis
847 2998 879 3036 a
945 2984 1142 3053 quibus
1186 2984 1349 3040 minis
1415 2985 1611 3042 infeste
1676 2987 2055 3057 persequimur

454 3070 674 3125 scienda
731 3071 1089 3140 mandamus,
1146 3082 1208 3128 ut
1262 3075 1331 3131 ab
1384 3076 1469 3130 his
1525 3092 1622 3132 vos
1676 3079 1943 3144 caveatis,
2000 3086 2057 3133 et

454 3164 684 3220 cessetis
734 3167 989 3237 persequi
1038 3182 1133 3223 eos
1183 3168 1275 3236 qui
1329 3167 1440 3224 Deo
1499 3170 1851 3237 ministrant,
1914 3185 2052 3241 quo-

2167 1970 2292 2011 nem
2315 1958 2604 2022 suamqsed
2628 1960 2867 2029 speravit
2884 1961 2937 2015 in
2959 1960 3301 2017 multitudine
3315 1961 3628 2018 divitiarum
3645 1978 3765 2019 sua-

2164 2063 2284 2102 rum
2321 2047 2661 2105 confortatus
2691 2050 2850 2106 estin
2877 2050 3087 2107 insidiis
3113 2052 3246 2108 suis.
3274 2053 3387 2125 Ego
3410 2064 3593 2109 autem
3620 2056 3762 2111 sicut

2161 2140 2305 2197 oliva
2333 2143 2535 2207 virens,
2587 2143 2642 2197 in
2689 2141 2850 2197 domo
2887 2142 2983 2198 Dei
3028 2143 3243 2213 speravi
3279 2144 3335 2198 in
3379 2145 3759 2201 misericordia

2162 2232 2257 2287 Dei
2289 2235 2345 2288 in
2384 2221 2664 2301 saeculum,
2696 2243 2751 2290 et
2798 2233 2857 2290 in
2906 2241 3172 2291 aeternum
3223 2234 3525 2292 conﬁtebor
3566 2236 3669 2293 tibi
3702 2238 3757 2292 in

2160 2328 2415 2384 smculum
2465 2344 2626 2401 quam
2676 2328 2877 2397 fecisti,
2922 2338 2978 2386 et
3004 2329 3333 2402 exspectabo
3358 2345 3555 2386 nomen
3604 2338 3757 2387 tuum

2159 2436 2321 2490 quam
2350 2421 2552 2476 bonum
2576 2422 2630 2476 in
2657 2429 2951 2493 conspectu
2990 2432 3304 2478 sanctorum
3335 2430 3550 2477 tuorum
3578 2419 3755 2491 (Psal.

2158 2529 2229 2576 Lf,
2264 2512 2300 2566 5
2326 2522 2374 2567 et
2396 2512 2530 2584 seq.)
2580 2532 2600 2565 ι
2642 2512 2749 2568 Ista
2778 2513 2934 2570 vobis
2961 2515 3142 2570 omnia
3176 2517 3243 2571 ad
3269 2515 3575 2581 interitum,
3601 2516 3756 2572 nobis

2160 2613 2338 2660 autem
2368 2604 2435 2659 ad
2462 2604 2944 2672 confortationem,
2973 2620 3041 2660 ne
3078 2620 3385 2676 pereamus,
3419 2606 3565 2663 dicta
3602 2613 3753 2662 sunt.

2163 2696 2323 2753 Vobis
2349 2713 2478 2768 ergo
2504 2698 2626 2753 ideo
2652 2698 2769 2753 lucc
2797 2698 3108 2765 scribimus,
3142 2700 3268 2770 quia
3297 2699 3571 2756 debitores
3599 2699 3755 2755 vobis

2157 2804 2367 2855 sumus,
2401 2789 2616 2845 dicente
2645 2788 2908 2862 Domino:
2937 2807 2957 2841 ‹
2995 2789 3212 2862 Diligite
3238 2791 3491 2847 inimicos
3519 2799 3752 2858 vestros,

2157 2882 2465 2938 benefacite
2495 2882 2575 2937 eis
2603 2882 2696 2953 qui
2731 2897 2828 2937 vos
2848 2882 3083 2938 oderunt
3109 2882 3288 2953 (Rom.
3338 2898 3439 2948 xu,
3470 2882 3587 2955 20).
3619 2903 3640 2935 ι
3690 2883 3757 2938 Et

2155 2976 2285 3031 alibi
2300 2976 2584 3047 Scriptura
2598 2976 2844 3047 loquitur
2873 2976 3079 3032 dicens:
3103 2995 3123 3028 ί
3146 2974 3203 3031 Si
3219 2976 3750 3032 esurieritinimicus

2155 3078 2302 3134 tuus,
2327 3069 2448 3124 ciba
2486 3069 2671 3136 illum;
2711 3069 2758 3123 si
2799 3067 2935 3134 sitit,
2967 3076 3154 3140 potum
3190 3068 3258 3123 da
3307 3067 3403 3123 illi.
3459 3066 3579 3124 Hoc
3605 3067 3755 3122 enim

2155 3160 2362 3215 faciens
2385 3161 2649 3216 carbones
2675 3160 2817 3232 ignis
2856 3145 3153 3233 congregas
3207 3174 3370 3231 super
3418 3169 3583 3231 caput
3636 3160 3754 3232 ejus

450 3268 572 3308 rum
640 3235 982 3311 orationibus
1045 3266 1102 3312 et
1164 3235 1379 3313 terrena
1434 3258 1574 3313 bella
1633 3235 1895 3315 sedantur
1916 3235 1948 3328 ,-
1996 3269 2052 3317 et

2157 3249 2374 3321 (Matth.
2400 3249 2454 3315 5,
2479 3249 2594 3322 44).
2618 3269 2639 3303 ι
2668 3251 2767 3307 His
2792 3250 2914 3306 fulti
2937 3251 3357 3307 auctoritatibus
3384 3250 3588 3306 bellum
3609 3252 3753 3322 quod

449 3345 593 3402 Deus
639 3350 1019 3417 peccatoribus
1071 3349 1424 3418 conciliatur;
1479 3360 1535 3406 et
1582 3351 1629 3407 si
1675 3352 1904 3423 amplius
1951 3368 2051 3410 nos

449 3438 725 3511 clegeritis
764 3442 1019 3512 persequi
1048 3457 1210 3510 quam
1243 3442 1353 3498 Deo
1385 3442 1621 3512 placere,
1652 3453 1708 3498 et
1750 3460 1848 3500 nos
1880 3447 2051 3517 magis

448 3529 698 3599 eligimus
721 3532 990 3588 sustinere
1010 3534 1445 3603 persecutionem
1463 3549 1628 3604 quam
1648 3536 1889 3606 regulam
1921 3552 2050 3593 con-

447 3624 601 3679 fundi
654 3626 1104 3695 ecclesiasticam,
1162 3629 1414 3683 hortante
1471 3643 1572 3684 nos
1621 3628 1738 3698 ipsa
1792 3628 2050 3686 Veritatis

448 3730 603 3783 voce,
634 3725 799 3787 atque
824 3718 899 3773 ita
933 3727 1196 3774 testante:
1230 3738 1248 3770 ι
1270 3717 1449 3774 Nolite
1472 3718 1664 3774 timere
1680 3734 1775 3775 eos
1791 3721 1885 3791 qui
1905 3722 2050 3777 occi-

447 3806 583 3861 dunt
627 3822 845 3878 corpus,
876 3809 1114 3863 animam
1148 3818 1333 3863 autem
1376 3823 1484 3864 non
1524 3819 1754 3879 possunt
1799 3812 2049 3868 occidere

448 3899 664 3971 (Matth.
705 3917 769 3968 x,
806 3902 921 3973 28).
958 3921 976 3954 ι
1014 3901 1082 3956 Et
1119 3902 1316 3957 iterum
1346 3919 1361 3957 :
1397 3918 1420 3955 ι
1456 3900 1515 3956 Si
1560 3903 1682 3972 quis
1710 3903 1825 3959 vult
1863 3904 2049 3960 venire

447 3998 572 4059 post
600 4005 707 4057 me,
735 3993 965 4062 abneget
994 3993 1346 4062 semetipsum
1380 4001 1436 4047 et
1468 3988 1621 4048 tollat
1648 4009 1865 4050 crucem
1892 4012 2046 4052 suam

447 4087 503 4133 et
550 4093 811 4154 sequatur
852 4098 961 4137 me.
1011 4082 1113 4150 Qui
1155 4084 1299 4138 enim
1331 4084 1565 4141 voluerit
1607 4086 1846 4142 animam
1891 4104 2046 4144 suam

450 4176 655 4232 salvam
701 4174 905 4243 facere,
949 4177 1142 4246 perdet
1184 4191 1325 4232 eam.
1374 4176 1478 4244 Qui
1521 4188 1703 4235 autem
1750 4181 2049 4251 perdiderit

448 4270 685 4324 animam
725 4284 881 4325 suam
902 4278 1139 4340 upropter
1167 4284 1254 4325 me
1282 4270 1521 4327 inveniet
1548 4287 1691 4328 eam.
1732 4275 1873 4341 Quid
1901 4276 2044 4331 enim

449 4362 669 4431 prodest
724 4362 933 4418 homini
986 4362 1032 4418 si
1089 4364 1350 4419 mundum
1409 4366 1722 4422 universum
1780 4369 2040 4435 lucretur,

447 4452 642 4507 animae
676 4469 804 4510 vero
843 4470 953 4510 sua:
988 4455 1372 4511 detrimentum
1414 4458 1689 4528 patiatur?
1732 4460 1841 4516 Aut
1880 4478 2043 4533 quam

448 4546 596 4600 dabit
625 4546 787 4601 homo
822 4549 1295 4602 commutationem
1338 4563 1438 4618 pro
1476 4550 1657 4603 anima
1693 4550 1827 4605 sua?
1872 4551 2042 4607 Filius

446 4639 589 4692 enim
628 4636 868 4692 hominis
892 4646 1150 4692 venturus
1179 4651 1262 4693 est
1291 4638 1343 4693 in
1390 4640 1561 4709 gloria
1590 4639 1770 4696 Patris
1803 4643 1886 4698 sui
1917 4659 2040 4698 cum

446 4729 651 4802 angelis
677 4731 812 4796 suis,
840 4740 895 4785 et
922 4741 1049 4784 tunc
1076 4730 1263 4786 reddet
1287 4732 1579 4801 unicuique
1604 4735 1900 4790 secundum
1927 4735 2043 4806 ejus

447 4836 582 4890 opus
609 4820 822 4893 (Matth.
878 4835 993 4883 xvr.
1021 4820 1093 4874 24
1135 4829 1183 4874 et
1210 4822 1362 4891 ιαμ).
1394 4840 1413 4872 ι
1448 4821 1552 4875 Ista
1595 4823 1747 4877 vobis
1791 4823 1947 4879 valde
1978 4825 2048 4879 ti-

447 4898 643 4968 menda
677 4922 731 4968 et
760 4915 997 4968 cavenda
1025 4922 1168 4977 sunt,
1206 4930 1236 4968 a
1266 4914 1461 4983 quibus
1502 4914 1742 4971 Ecclesia
1778 4918 1868 4971 Dei
1895 4918 2042 4987 ejus-

447 5020 555 5076 que
581 5005 814 5060 ministri
842 5015 1131 5070 _vexantur
1171 5012 1227 5061 et
1259 5017 1680 5077 persequuntur,
1711 5009 1909 5078 quibus
1936 5010 2043 5064 Do-

448 5096 629 5151 minus
681 5111 779 5168 per
830 5095 1155 5167 Prophetam
1209 5096 1471 5151 minando
1512 5096 1750 5167 loquitur
1801 5099 2040 5155 dicens:

455 5206 474 5240 ‹
509 5168 681 5244 llomo
710 5189 762 5243 in
803 5190 1010 5246 honore
1056 5203 1164 5244 non
1212 5187 1661 5255 commorabitur,
1710 5189 2044 5246 assimilatas

441 5280 704 5351 jumentis
743 5290 1059 5353 exaequatus
1094 5289 1192 5337 est.
1245 5279 1371 5335 Hazc
1412 5289 1496 5336 est
1529 5281 1615 5335 via
1645 5294 1854 5350 eorum,
1906 5283 2040 5338 insi-

446 5376 651 5445 pientia
675 5390 883 5441 eorum,
915 5386 971 5430 et
1008 5382 1130 5445 post
1172 5389 1265 5431 eos
1287 5375 1440 5445 juxta
1489 5388 1552 5430 os
1597 5388 1785 5430 eorum
1834 5387 2039 5443 curret,

449 5471 607 5540 quasi
636 5485 764 5526 oves
795 5470 848 5524 in
881 5469 1092 5524 inferno
1123 5467 1282 5539 positi
1332 5475 1480 5534 sunt,
1529 5482 1678 5524 mors
1715 5477 1900 5539 pascet
1925 5484 2037 5538 eos,

449 5571 506 5619 et
531 5562 818 5632 subjicient
842 5577 936 5619 eos
965 5561 1097 5616 recti
1146 5561 1200 5616 in
1249 5560 1534 5627 matutino,
1565 5569 1621 5616 et
1652 5560 1820 5631 ﬁgura
1850 5577 2038 5617 eorum

450 5663 760 5709 conteretur
799 5654 854 5709 in
893 5651 1107 5707 inferno
1146 5660 1268 5721 post
1306 5648 1669 5706 habitaculum
1714 5665 1895 5720 suum,
1942 5666 2063 5721 ve-g

448 5754 756 5801 rumtamen
800 5743 945 5801 Deus
982 5743 1218 5799 redimet
1251 5743 1489 5799 animam
1537 5759 1713 5800 meam
1760 5744 1830 5800 de
1876 5744 2069 5802 manu
2098 5722 2116 5739 ⁸

450 5837 610 5893 inferi
633 5852 756 5892 eum
780 5837 1133 5908 assumpserit
1163 5850 1270 5891 me.
1299 5834 1420 5891 Noli
1451 5838 1663 5903 timere,
1689 5852 1812 5893 cum
1838 5838 2039 5896 ditatus

450 5928 614 5985 fuerit
640 5929 743 5989 vir.
777 5945 898 5984 cum
922 5927 1276 5997 multiplicata
1297 5924 1461 5982 fuerit
1487 5928 1657 5998 gloria
1682 5928 1873 5987 domus
1899 5928 2015 5998 ejus

2154 3342 2438 3397 adversum
2466 3356 2566 3397 nos
2591 3342 2845 3398 excitatis
2867 3343 3005 3398 adeo
3023 3342 3255 3399 feliciter
3280 3343 3501 3398 dextera
3530 3343 3749 3399 Domini

2150 3445 2469 3506 protegente
2526 3449 2627 3491 nos
2674 3443 2839 3505 atque
2885 3449 2985 3506 pro
3030 3434 3186 3491 nobis
3215 3443 3491 3505 pugnante
3519 3434 3751 3505 paciﬁce

2151 3541 2371 3601 portare
2415 3531 2662 3602 cupimus
2712 3539 2773 3587 ut
2820 3531 3190 3602 triumphante
3238 3532 3456 3589 Christo
3503 3534 3751 3589 omnium

2150 3639 2402 3680 verorum
2429 3623 2525 3679 ﬁat
2552 3639 2659 3679 una
2680 3623 2909 3679 victoria
2940 3624 3287 3679 sacerdotum
3317 3634 3374 3680 et
3418 3636 3754 3682 coruscante

2152 3715 2353 3772 lumine
2379 3716 2650 3783 veritatis,
2708 3715 2877 3771 solem
2925 3716 3130 3771 erroris
3176 3718 3413 3771 tenebrae
3460 3732 3589 3772 cum
3638 3719 3752 3773 suis

2153 3808 2466 3863 auctoribus
2493 3806 2783 3878 pellantur,
2829 3807 2956 3877 quia
3009 3823 3116 3863 non
3160 3817 3246 3864 est
3275 3809 3331 3864 in
3374 3809 3616 3866 hominis
3656 3826 3753 3882 po-

2152 3908 2348 3957 testate
2376 3901 2664 3956 consilium
2694 3900 2812 3956 Dei.
2845 3919 2865 3952 ‹
2902 3900 3088 3957 Justus
3124 3910 3207 3958 est
3229 3903 3372 3958 enim
3402 3903 3670 3961 Dominus
3697 3916 3752 3961 et

2148 3992 2329 4048 omnia
2336 3992 2542 4063 judicia
2567 3990 2836 4063 ejusjusta
2850 4001 2995 4055 sunt.
3021 4002 3183 4063 atque
3203 3996 3752 4054 omnesviaeeiusmi-

2147 4085 2443 4140 sericordia
2472 4093 2528 4138 et
2553 4084 2757 4139 veritas
2779 4091 2834 4138 et
2853 4082 3115 4153 judicium
3140 4085 3293 4157 (Tob.
3319 4102 3403 4155 ιιι,
3430 4087 3509 4159 2).
3551 4089 3608 4144 In
3638 4106 3752 4145 ma-

2146 4193 2219 4232 nu
2253 4177 2468 4233 Domini
2499 4186 2741 4247 potestas
2764 4188 2943 4245 terrae,
2978 4180 3066 4235 cui
3098 4181 3446 4238 exsecrabilis
3465 4192 3551 4240 est
3570 4188 3749 4241 omnis

2147 4270 2423 4339 iniquitas,
2458 4270 2512 4325 in
2557 4284 2719 4324 manu
2761 4268 2857 4325 Dei
2901 4282 3138 4340 potestas
3184 4273 3437 4339 hominis,
3467 4275 3538 4331 'et
3585 4293 3751 4349 super

2149 4361 2343 4416 faciem
2390 4362 2585 4418 scriba:
2622 4362 2904 4433 imponent
2952 4363 3215 4420 honorem
3271 4381 3450 4422 suum.
3505 4369 3750 4425 Perdidit

2147 4454 2288 4509 Deus
2312 4453 2631 4508 memoriam
2649 4453 3028 4524 superborum,
3053 4454 3161 4526 52
3175 4465 3229 4511 et
3247 4456 3432 4527 inique
3444 4461 3746 4530 agentium,
3796 4458 3809 4467 “

2146 4554 2200 4598 et
2239 4560 2347 4600 non
2375 4544 2667 4615 dereliquit
2680 4544 3027 4616 [memoriam
3063 4548 3369 4617 humilium,
3396 4560 3450 4607 et
3476 4552 3745 4609 bonorum

2147 4638 2427 4693 hominum
2462 4636 2667 4709 (Eccli.
2712 4653 2780 4705 ι,
2815 4638 2883 4704 4,
2908 4637 2972 4705 7,
3009 4639 3072 4707 5,
3113 4639 3239 4712 21).
3274 4640 3389 4698 Hoc
3419 4652 3601 4699 autem
3646 4663 3746 4717 pro

2147 4736 2297 4784 certo
2325 4728 2490 4783 habet
2513 4729 2693 4785 omnis
2721 4730 2814 4800 qui
2842 4738 2991 4786 recte
3015 4730 3144 4787 colit
3176 4732 3367 4801 Deum,
3391 4737 3519 4805 quia
3554 4737 3603 4791 si
3632 4738 3743 4791 vita

2145 4822 2263 4891 ejus
2286 4823 2339 4876 in
2367 4822 2686 4892 probatione
2714 4823 2878 4879 fuerit
2906 4825 3370 4894 corroborabitur,
3398 4838 3454 4883 et
3478 4829 3524 4883 si
3556 4829 3613 4884 in
3646 4832 3715 4885 tri
3725 4859 3741 4870 -

2147 4915 2419 4971 bulatione
2447 4915 2787 4972 liberabitur.
2817 4916 2876 4972 Si
2908 4933 3040 4973 vero
3080 4919 3135 4973 in
3170 4921 3513 4991 correptione
3550 4920 3737 4988 fuerit,

2102 5064 2121 5072 ,
2146 5011 2213 5064 ad
2239 5009 2508 5065 miseriam
2533 5010 2830 5080 perveniet.
2865 5010 2945 5066 Tu
2968 5027 3099 5084 ergo
3120 5027 3190 5069 ne
3214 5013 3500 5070 delecteris
3534 5014 3590 5069 in
3612 5030 3741 5087 per-

2146 5100 2442 5156 ditionibus
2472 5101 2694 5167 nostris,
2723 5101 2851 5172 quia
2880 5112 3002 5172 post
3028 5112 3408 5176 tempestatem
3434 5104 3567 5162 facit
3598 5105 3740 5163 Deus

2146 5190 2590 5265 tranquillitatem
2616 5233 2633 5259 ,
2690 5200 2747 5247 et
2800 5201 2923 5262 post
2966 5192 3415 5266 lacrymationem
3463 5203 3521 5251 et
3548 5186 3739 5252 ﬂetum

2144 5284 2564 5340 exsultationem
2580 5284 2836 5341 infundit.
2852 5285 3176 5344 Benedictus
3198 5288 3461 5346 Dominus
3477 5290 3625 5346 Deus
3637 5291 3741 5346 Pa—

2144 5385 2289 5432 trum
2304 5386 2640 5445 nostrorum,
2656 5378 2902 5449 qui,cum
2918 5379 3089 5435 iratus
3102 5378 3282 5448 fuerit,
3300 5382 3735 5439 misericordiam

2144 5468 2330 5537 faciet,
2364 5468 2500 5525 etin
2531 5478 2776 5534 tempore
2825 5470 3192 5527 tribulationis
3236 5482 3462 5542 peccata
3506 5474 3740 5530 dimittit

2146 5559 2300 5633 (Tob.
2330 5576 2414 5627 nt,
2444 5560 2539 5628 21,
2564 5561 2681 5632 25).
2715 5561 2936 5633 Magnus
2959 5571 3045 5617 est
3065 5561 3326 5618 Dominus
3352 5563 3407 5619 in
3445 5573 3737 5633 aeternum,

2145 5659 2202 5707 et
2232 5653 2349 5723 ipse
2380 5660 2533 5723 reget
2572 5667 2672 5708 nos
2702 5653 2758 5708 in
2794 5652 2992 5709 saecula
3020 5650 3139 5725 (Ps.
3182 5654 3374 5727 XLVII),
3409 5673 3429 5708 ι
3478 5658 3735 5727 quoniam

2146 5757 2373 5814 regnum
2397 5742 2516 5812 ejus
2541 5752 2824 5814 permanet
2856 5745 2911 5799 in
2942 5743 3139 5800 saecula
3168 5745 3511 5813 saeculorum,
3538 5749 3732 5803 Amen.

2147 5836 2280 5891 Data
2324 5852 2414 5891 xvr
2443 5835 2562 5892 Kal.
2604 5835 2882 5893 Februarii
2913 5835 3182 5894 Maxentio
3209 5848 3265 5896 et
3298 5837 3534 5895 Maximo
3556 5838 3625 5895 ιν
3651 5855 3730 5895 cc.

2146 5930 2350 5988 consul.
