3926 6480
181 434 278 492 225

1247 431 1742 491 DECRETALIUM
1779 429 2178 489 COLLECTlO.

3321 436 3430 494 226

420 575 3421 604 ΗΜ

668 734 1308 828 INCIPIUNT
1381 689 1915 828 DECRETA
1981 733 2464 829 EUSEBII
2540 700 2918 828 PAPjE.

996 933 1176 1006 (Anno
1211 931 1427 990 Domini
1452 930 1582 998 309,
1617 940 1861 1002 tempore
1888 930 2236 988 Constantini
2264 930 2662 1007 imperatoris.)

191 1229 562 1290 Charissimis
587 1226 848 1284 fratribus
873 1225 1104 1282 Domino
1131 1233 1188 1283 et
1216 1225 1328 1283 Deo
1377 1226 1592 1284 dilectis
1626 1228 1742 1300 epi—
1769 1231 1819 1292 Α
1846 1236 2041 1299 sponte
2091 1226 2304 1298 prolata
2356 1227 2410 1281 in
2468 1225 2573 1282 illis
2625 1241 2729 1281 vox
2783 1223 2986 1284 habere
3051 1243 3160 1285 non
3216 1237 3432 1301 potest;

173 1326 326 1398 scopis
350 1322 600 1380 omnibus
626 1336 726 1392 per
753 1318 1065 1376 Gallicanas
1085 1318 1402 1390 provincias
1425 1320 1738 1376 constitutis

172 1419 422 1476 EusssIus.

231 1513 429 1584 Scripta
456 1509 764 1566 sanctitatis
809 1517 1006 1564 vestra:
1045 1523 1169 1565 cum
1195 1523 1396 1581 magna
1439 1508 1738 1581 gratiarum

179 1619 363 1663 actione
411 1605 661 1675 suscepi,
709 1603 928 1675 gavisus
981 1602 1193 1659 scilicet
1235 1604 1301 1658 de
1336 1610 1520 1658 vestra
1567 1601 1740 1672 sOSpi-

175 1709 293 1765 tate,
320 1699 408 1754 sed
448 1697 811 1753 contristatus
839 1696 1005 1751 nimis
1034 1696 1102 1751 de
1146 1705 1331 1752 vestra
1360 1695 1732 1766 oppressione.

171 1792 298 1859 Quod
327 1788 673 1861 signiﬁcastis
701 1789 844 1843 enim
875 1789 1005 1859 quid
1053 1790 1120 1845 de
1151 1791 1434 1846 conversis
1463 1789 1738 1846 haereticis

173 1883 266 1937 fieri
294 1882 587 1948 debuisset,
616 1881 808 1937 scitote
846 1895 944 1936 nos
985 1895 1079 1936 eos
1114 1883 1208 1952 qui
1241 1883 1295 1937 in
1324 1891 1528 1938 sanctae
1559 1880 1739 1935 Trini-

172 1975 329 2030 nitatis
357 1974 458 2029 lide
492 1973 754 2043 naptizati
795 1981 924 2028 sunt
955 1988 1056 2043 per
1085 1973 1492 2044 impositionem
1543 1987 1738 2028 manus

172 2067 434 2137 suscipere.
466 2066 549 2119 De
569 2065 1013 2121 accusationibus
1036 2081 1168 2122 vero
1212 2066 1540 2122 clericorum
1572 2081 1740 2136 super

173 2158 336 2228 quibus
359 2157 664 2212 mandastis
685 2198 698 2222 ,
725 2157 922 2212 scitote
941 2197 956 2222 ,
1006 2173 1036 2212 a
1086 2166 1330 2229 tempore
1363 2157 1736 2229 apostolorum

172 2249 213 2303 in
237 2251 326 2306 hac
348 2259 543 2305 sancta
570 2247 702 2304 urbe
727 2256 1002 2304 servatum
1035 2264 1156 2305 esse
1192 2260 1542 2307 accusatores
1573 2259 1630 2306 et
1655 2267 1742 2307 ac-

171 2344 465 2413 cusationes,
485 2358 629 2413 quas
641 2351 958 2397 exterarum
981 2344 1435 2400 consuetudinum
1456 2344 1604 2414 leges
1631 2362 1740 2403 non

171 2436 428 2499 asciscnnt,
460 2451 493 2488 a
527 2434 851 2490 clericorum
883 2435 1231 2490 accusatione
1259 2437 1560 2490 submotas.
1580 2434 1744 2490 Simi-

172 2528 272 2584 liter
300 2529 460 2585 laieos
495 2545 605 2584 non
637 2543 927 2584 accusasse
954 2527 1238 2597 episcopos
1268 2528 1535 2583 hactenus
1556 2529 1742 2583 obser-

1841 1321 1983 1376 hanc
2057 1319 2288 1374 diversis
2357 1319 2691 1375 cruciatibus
2751 1335 2783 1374 e
2841 1319 3066 1377 latebris
3123 1321 3237 1378 suis
3307 1322 3438 1378 reli-
3513 1358 3517 1361 -

1741 1448 1743 1452 -
1842 1413 2028 1484 giusus
2056 1420 2230 1468 tortor
2258 1412 2482 1482 exigere
2510 1412 2703 1478 debet,
2741 1420 2802 1466 nt
2839 1412 2965 1468 dum
2999 1415 3179 1484 poenis
3206 1430 3436 1485 corpora

1842 1509 2146 1575 solvuntur,
2195 1523 2316 1578 quae
2343 1515 2494 1577 gesta
2539 1516 2667 1562 sunt
2708 1505 2940 1562 ﬁdeliter
2965 1517 3021 1562 et
3045 1510 3316 1564 veraciter
3343 1524 3438 1563 ex-

1842 1600 2151 1670 quirantur.
2183 1598 2360 1666 Unde,
2389 1614 2597 1669 quaaso,
2629 1599 2866 1670 primum
2891 1600 2958 1654 ad
2978 1600 3126 1672 leges
3153 1600 3430 1670 publicas,

1843 1693 2036 1749 deinde
2079 1695 2146 1749 ad
2184 1692 2398 1762 judices
2446 1710 2539 1748 ora
2594 1696 2930 1760 convertite,
2961 1698 3051 1766 qui
3102 1705 3332 1766 possunt
3378 1705 3436 1751 et

1840 1787 2030 1842 volunt
2052 1787 2110 1842 in
2149 1786 2465 1842 defensione
2492 1788 2734 1842 omnium
2759 1787 2907 1856 juste
2943 1789 3112 1859 loqui.
3145 1789 3255 1846 Nos
3286 1791 3435 1846 enim

1842 1895 1980 1950 quos
2005 1880 2101 1936 Dei
2136 1881 2417 1936 servitium
2446 1890 2569 1952 post
2600 1881 2829 1938 istarum
2858 1899 3042 1938 rerum
3067 1883 3428 1953 abjectionem

1843 1971 1975 2028 fecit
2017 1973 2310 2044 ingenuos,
2353 1973 2454 2045 ‘qui
2493 1975 2680 2030 talium
2712 1977 3126 2038 insultationes.
3157 1988 3252 2034 aut
3296 1995 3431 2035 con-

1846 2064 2130 2132 tumelias,
2178 2075 2271 2120 aut
2299 2065 2665 2137 despicimus,
2697 2075 2830 2122 'ant'
2857 2070 3199 2137 deridemus,
3240 2071 3440 2142 quibus

1845 2154 2111 2231 scriptum
2155 2164 2241 2212 est
2283 2157 2348 2212 de
2396 2156 2615 2213 famulis
2663 2168 2719 2214 et
2766 2159 2913 2231 vulgi
2949 2161 3291 2218 hominibus
3341 2178 3444 2234 per

1845 2247 2161 2316 Apostolum
2214 2267 2227 2302 :
2273 2248 2603 2305 Mementote
2662 2251 2790 2321 quia
2851 2263 3036 2308 vester
3106 2262 3163 2310 et
3203 2253 3442 2310 illorum

1846 2340 2110 2396 Dominus
2139 2341 2195 2395 in
2225 2341 2378 2397 caelis
2406 2351 2520 2407 est,
2561 2343 2626 2396 ad
2656 2343 2771 2397 haec
2813 2344 2999 2399 saeculi
3049 2345 3194 2399 mala
3221 2360 3441 2401 revoca-

1844 2435 2052 2490 bimur?
2066 2435 2393 2490 Faciendum
2412 2452 2441 2490 a
2462 2436 2617 2491 nobis
2628 2445 2730 2498 est,
2748 2438 2892 2507 quod
2909 2437 3196 2494 facientem
3211 2435 3442 2494 alterum

1846 2528 2140 2600 profanum
2163 2543 2285 2584 esse
2329 2529 2747 2584 contendimus?
2767 2529 2920 2596 Quod
2958 2544 3052 2600 per
3075 2530 3442 2586 ministerium

172 2629 321 2675 vatum
349 2630 402 2676 et
431 2620 796 2676 constitutum
845 2630 960 2685 est,
1006 2619 1132 2688 quia
1177 2619 1420 2690 ejusdem
1471 2633 1577 2673 non
1616 2626 1744 2674 sunt
1771 2613 1817 2673 B
1840 2620 2376 2692 jussionisetmanus
2391 2621 2580 2676 alienae
2603 2621 2897 2676 incestaret
2917 2630 3219 2690 aspectum,
3246 2630 3436 2677 nostro

171 2710 600 2766 conversationis.
622 2710 680 2764 EI
707 2709 907 2780 oppido
935 2709 1014 2764 eis
1037 2708 1452 2779 quideminfesti
1476 2709 1738 2775 existunt,

171 2805 337 2874 quippe
360 2821 482 2859 cum
523 2805 629 2858 vita
660 2812 716 2860 et
759 2812 970 2858 secreta
999 2819 1190 2858 eorum
1234 2818 1265 2856 a
1312 2803 1577 2859 laicorum
1609 2804 1745 2860 acti—

170 2886 251 2954 bus
273 2902 507 2956 debeant
532 2913 650 2954 esse
675 2909 916 2965 remota,
940 2913 1045 2954 nec
1073 2898 1142 2953 ab
1162 2897 1248 2953 his
1267 2898 1454 2968 impeti
1485 2898 1742 2965 debeant,

171 3005 368 3059 quorum
417 2992 738 3047 castitatem
782 2999 838 3045 et
887 2990 1211 3061 gravitatem
1268 2990 1458 3045 nolunt
1502 2990 1742 3057 imitari,

171 3083 377 3138 maxime
401 3100 540 3140 cum
567 3098 671 3139 nec
702 3083 760 3138 hi
791 3098 886 3138 eos
917 3083 972 3136 in
1005 3083 1119 3138 suis
1149 3082 1337 3138 volunt
1366 3083 1618 3155 recipere
1648 3099 1744 3140 ac-

170 3175 544 3231 cusationibus.
578 3175 656 3229 De
685 3173 820 3244 ipsis
843 3188 997 3241 vero,
1025 3174 1140 3230 suis
1173 3173 1427 3231 videlicet
1450 3175 1744 3247 agriculto-

170 3266 296 3324 ribus
323 3278 496 3340 atque
532 3268 822 3335 ministris,
856 3267 1109 3323 dominus
1143 3267 1298 3323 laicis
1331 3277 1386 3323 et
1412 3269 1626 3324 cunctis
1651 3283 1747 3324 eos

173 3361 601 3430 persequentibus
625 3360 701 3415 ait
727 3377 742 3416 :
774 3379 793 3410 ι
826 3358 1005 3416 Nolite
1045 3368 1268 3432 tangere
1294 3360 1533 3416 cbristos
1558 3375 1745 3426 meos,

175 3450 287 3504 etin
315 3452 599 3523 prOphetis
626 3451 764 3507 meis
811 3451 978 3506 nolite
1005 3451 1290 3522 malignari
1339 3449 1390 3522 (1
1443 3448 1571 3505 Par.
1616 3467 1742 3518 xvr,

175 3541 267 3613 22).
299 3564 315 3597 ι
349 3545 414 3600 Ει
442 3546 565 3616 ipsa
589 3559 745 3600 sacra
771 3542 1054 3615 Scriptura
1094 3544 1225 3600 dicit
1261 3563 1273 3599 :
1310 3563 1330 3596 ‹
1361 3542 1466 3611 Qui
1506 3558 1604 3600 vos
1630 3551 1747 3598 tan-

175 3634 263 3705 git,
295 3638 459 3710 tangit
501 3637 763 3708 pupillam
790 3637 932 3693 oculi
973 3638 1079 3694 mei
1109 3635 1294 3709 (Zach.
1326 3653 1364 3692 ιι
1385 3678 1400 3703 ,
1427 3637 1505 3709 8).
1545 3655 1565 3690 ι
1596 3636 1750 3693 Talia

176 3725 297 3780 enim
322 3736 375 3781 et
414 3728 502 3782 his
536 3727 742 3782 similia
783 3729 962 3783 sancti
997 3728 1189 3783 Patres
1212 3727 1572 3798 praevidentes
1605 3727 1749 3798 peri-

177 3817 296 3885 cula,
325 3819 492 3876 laicos
541 3819 742 3876 saeculo
800 3819 1097 3874 militantes
1150 3819 1220 3875 ab
1261 3819 1610 3876 accusatione
1665 3835 1749 3875 sa-

176 3913 426 3969 cerdotum
472 3914 850 3985 prohibuere,
900 3912 1156 3967 similiter
1205 3926 1392 3969 servos
1440 3921 1495 3969 et
1548 3912 1753 3969 liberos

1847 2723 2142 2786 peragetur
2165 2714 2394 2786 imperio
2411 2755 2425 2780 ,
2452 2713 2619 2769 nolite
2642 2715 2784 2769 hanc
2810 2730 2908 2784 per
2934 2714 3218 2770 universas
3246 2714 3444 2771 Eccleo

1850 2805 1960 2861 sias
1988 2814 2224 2860 mentem
2257 2805 2536 2876 rapacium
2564 2805 2817 2875 luporum
2849 2813 3080 2860 more‘et
3105 2814 3302 2862 natura
3328 2822 3444 2862 sera

1849 2912 2010 2965 vare,
2036 2897 2163 2967 quia
2203 2905 2492 2966 postquam
2522 2911 2621 2952 nos
2652 2895 2924 2962 maculat,
2950 2895 3091 2952 forte
3115 2913 3215 2968 pro
3240 2898 3448 2954 deside.

1850 2992 1948 3047 riis
1994 3007 2183 3047 eorum
2221 2999 2447 3046 cruenta
2491 2989 2758 3046 discussio
2786 2989 3040 3046 effectura
3092 2991 3146 3045 in
3204 2991 3288 3046 his
3334 3006 3446 3060 quo

1852 3085 2079 3139 tendunt
2102 3100 2209 3140 non
2243 3084 2539 3149 habebunt,
2563 3082 2956 3139 dicente‘nobis
2977 3085 3274 3155 propheta:
3298 3103 3315 3136 ι
3339 3083 3450 3139 Po.

1853 3193 2045 3232 namus
2074 3177 2341 3234 circulum
2370 3177 2423 3232 in
2454 3175 2681 3231 naribus
2703 3191 2924 3241 eorum,
2955 3184 3009 3232 et
3033 3174 3250 3231 frenum
3275 3175 3332 3230 in
3360 3173 3443 3228 la-

1851 3270 1987 3336 biis,
2021 3279 2077 3325 et
2098 3270 2426 3326 reducamus
2445 3285 2541 3326 eos
2565 3271 2619 3325 in
2648 3271 2791 3325 viam
2821 3279 3032 3326 rectam
3064 3270 3199 3341 (Isa.
3230 3286 3442 3336 xxxvii,

1853 3360 1969 3432 29),
2000 3381 2019 3414 ι
2055 3362 2183 3430 quia
2213 3362 2402 3416 eodem
2431 3363 2696 3433 propheta
2726 3370 3026 3428 asserente,
3061 3361 3450 3431 impugnantur

1853 3458 1946 3530 qui
1982 3458 2202 3524 dicunt,
2229 3466 2393 3513 erunt
2431 3457 2588 3528 quasi
2637 3473 2747 3513 non
2793 3457 2940 3524 sint,
2977 3465 3034 3511 et
3059 3457 3314 3527 peribunt
3344 3455 3448 3510 viri

1853 3551 1946 3622 qui
1977 3550 2359 3606 contradicunt
2383 3549 2558 3604 nobis.
2591 3547 2826 3604 lnfames
2871 3548 3014 3603 enim
3063 3555 3188 3600 sunt
3231 3544 3448 3615 procul-

1855 3643 2021 3698 dubio
2049 3641 2458 3712 impugnatores
2483 3641 2861 3710 episcoporum
2891 3652 3190 3707 omnesque
3211 3637 3304 3706 qui
3350 3637 3447 3692 ad.

1853 3746 2045 3788 versus
2070 3729 2263 3785 Patres
2297 3737 2602 3793 armantur,
2633 3738 2689 3784 et
2715 3725 3128 3784 conculcatores
3171 3725 3447 3782 Ecclesia-

1855 3841 1977 3880 rum
2027 3823 2483 3893 sacerdotumqne
2507 3822 2656 3893 ejus;
2681 3833 2737 3878 et
2761 3821 2854 3892 qui
2882 3821 2950 3877 de
2972 3819 3203 3891 publicis
3231 3819 3450 3890 fugiunt

1858 3918 2062 3991 praeliis
2083 3958 2098 3985 ,
2128 3925 2183 3973 et
2212 3917 2467 3973 mandata
2505 3916 2605 3971 Dei
2635 3922 3031 3980 contemnunt,
3061 3921 3118 3968 et
3146 3912 3238 3983 qui
3266 3911 3448 3981 aliqua

177 4012 314 4073 atque
336 4006 596 4061 censibus
623 4003 858 4074 publicis
881 4002 968 4058 vel
995 4003 1225 4074 privatis
1263 4002 1614 4076 subjugatos,
1638 4019 1756 4060 om-
1782 4001 1828 4065 C
1860 4011 2015 4082 culpa
2049 4009 2290 4065 infamiae
2325 4016 2688 4079 asperguntur
2730 4005 2960 4062 maculis
3001 4003 3254 4060 omnibus
3280 4003 3455 4074 impu-

176 4107 352 4164 aesque
381 4094 619 4150 infames
669 4093 737 4148 ab
760 4093 950 4149 eadem
982 4093 1332 4150 accusatione
1361 4093 1451 4150 vel
1479 4093 1750 4166 tergiver-

178 4187 361 4245 satione
386 4192 804 4246 submoverunt.
833 4188 953 4245 Non
995 4189 1144 4244 enim
1187 4197 1403 4260 oportet
1431 4197 1492 4244 ut
1526 4189 1756 4261 permit-

178 4285 336 4336 tantur
354 4281 613 4338 carnales
635 4281 952 4354 spirituales
996 4281 1286 4352 persequi,
1315 4295 1418 4337 nec
1455 4281 1756 4338 sceleribus

178 4369 383 4442 irretiti,
409 4376 503 4432 vel
545 4375 745 4431 saeculo
778 4374 1082 4430 militantes
1126 4374 1409 4445 episcopos
1450 4374 1750 4439 infamare,

177 4463 248 4518 vel
279 4465 527 4523 lacerare
557 4476 656 4522 aut
681 4466 889 4522 crimen
919 4480 1218 4538 opponere.
1247 4463 1387 4520 Nam
1413 4466 1460 4522 si
1493 4466 1598 4522 hoc
1626 4479 1757 4536 apo-

178 4557 284 4613 stoli
325 4571 417 4616 aut
451 4575 803 4617 successores
841 4574 1032 4615 eorum
1071 4558 1474 4630 permitterent,
1499 4557 1757 4629 perpauci

179 4653 556 4709 remansissent
585 4653 677 4723 qui
706 4652 938 4707 Domino
965 4651 1018 4706 in
1045 4649 1375 4707 sacerdotali
1401 4651 1594 4706 ordine
1617 4650 1759 4704 mili-

182 4748 386 4799 tassent.
415 4745 626 4800 Idcirco
668 4751 724 4798 et
768 4758 896 4809 nos,
930 4749 1224 4812 sequentes
1253 4741 1478 4795 Patrum
1505 4740 1755 4810 vestigia,

183 4848 263 4902 per
299 4836 636 4894 Salvatorem
663 4851 948 4892 servorum
972 4835 1092 4899 Dei,
1125 4848 1478 4904 quascunque
1506 4833 1573 4888 ad
1603 4847 1761 4887 accu-

183 4925 431 4983 sationem
457 4942 730 4999 personas
756 4926 906 4998 leges
934 4924 1167 4996 publicaa
1189 4939 1296 4980 non
1326 4923 1642 4988 admittunt,
1673 4922 1759 4978 his

186 5014 518 5091 impugnandi
546 5018 778 5075 alterum
795 5059 810 5084 ,
843 5026 900 5073 et
922 5033 1022 5073 nos
1050 5016 1327 5072 licentiam
1351 5017 1754 5078 submovemns,

184 5117 233 5163 et
269 5110 426 5166 nulla
457 5109 839 5166 accusationes
883 5123 915 5162 a
956 5107 1232 5178 judicihus
1280 5106 1567 5162 audiantur
1594 5103 1759 5160 eccle-

187 5193 404 5254 siasticis
431 5211 553 5268 quae
574 5196 784 5268 legibus
804 5194 987 5250 saeculi
1013 5194 1394 5264 prohibentur.
1422 5191 1761 5262 Quapropter

187 5283 273 5354 illi,
290 5288 486 5357 quibus
505 5287 677 5344 indita
699 5301 806 5342 non
826 5291 914 5340 est
938 5285 1006 5339 ad
1033 5299 1266 5356 unguem
1289 5283 1455 5355 polita
1476 5281 1759 5354 perfectio,

1858 4104 2058 4176 gnandi
2079 4105 2383 4174 episcopos,
2415 4102 2634 4157 Patrum
2651 4109 2943 4170 sequentes
2973 4098 3242 4158 instituta.
3267 4105 3322 4151 et
3347 4111 3448 4152 nus

1856 4196 2130 4254 licentiam
2159 4197 2552 4251 submovemus
2570 4234 2584 4260 ,
2615 4193 2740 4263 quia
2763 4192 2881 4248 odit
2907 4191 3050 4246 Deus
3075 4204 3204 4257 eos,
3228 4187 3321 4260 qui
3350 4186 3456 4242 Pa-

1857 4302 1971 4349 tres
2015 4289 2443 4362 persequuntu‘r,
2498 4297 2558 4343 ut
2608 4286 2831 4342 Patrum
2880 4284 3195 4349 invasores,
3254 4281 3346 4352 qui
3398 4280 3453 4336 in

1857 4383 2005 4438 omni
2035 4382 2236 4438 mundo
2265 4380 2485 4436 infamia
2522 4385 2803 4444 notantur,
2852 4385 2908 4432 et
2954 4375 3078 4431 ideo
3109 4373 3257 4443 juste
3285 4381 3343 4429 et
3369 4387 3454 4428 re-

1861 4475 2128 4548 gulariter
2155 4482 2508 4545 respuuntur.
2540 4471 2696 4527 Nunc
2740 4470 2902 4544 longa
2931 4485 3039 4526 non
3085 4485 3221 4540 opus
3247 4477 3333 4524 est
3356 4468 3455 4523 ad-

1859 4566 2191 4633 monitione;
2221 4564 2337 4635 jam
2363 4563 2591 4635 perditis
2617 4562 2802 4618 odium
2832 4562 3093 4618 debemus
3117 4561 3350 4632 operire,
3387 4559 3456 4614 de

1859 4657 2057 4728 quibus
2076 4655 2189 4726 jam
2215 4671 2322 4710 non
2356 4662 2605 4724 superest
2633 4653 2776 4723 quod
2806 4652 3094 4707 damnetur
3117 4649 3457 4712 auctoribus,

1861 4752 1929 4805 de
1953 4750 2151 4820 quibus
2181 4749 2442 4804 Dominus
2467 4763 2565 4818 per
2589 4747 2914 4817 prophetam
2937 4744 3196 4815 loquitur,
3223 4742 3409 4796 dicens
3435 4757 3450 4794 :

1868 4859 1887 4894 ‹
1926 4841 2301 4912 Reprohantes
2326 4838 2572 4903 verbum,
2604 4837 2866 4908 sperastis
2888 4837 2941 4891 in
2966 4833 3293 4889 calumniam
3323 4840 3378 4886 et
3402 4831 3457 4885 in

1863 4935 2153 4990 tumultum
2183 4941 2239 4989 et
2275 4932 2450 4988 innixi
2479 4931 2610 4988 estis
2637 4931 2690 4986 in
2718 4946 2803 4987 eo.
2833 4928 3127 4998 PrOpterea
3169 4924 3277 4981 erit
3314 4922 3462 4980 vobis

1863 5023 2124 5096 iniquitas
2149 5024 2267 5079 haec
2295 5023 2438 5078 sicut
2461 5021 2786 5090 interruptio
2814 5017 2950 5085 (Isa.
2979 5033 3109 5079 xxx,
3138 5017 3163 5070 l
3187 5029 3206 5069 ι
3237 5015 3411 5086 εΗὸ),
3435 5032 3457 5068 ι

1865 5132 2056 5172 rursus
2069 5116 2232 5171 etiam
2248 5115 2315 5170 de
2333 5113 2530 5170 talibus
2543 5117 2807 5184 propheta
2822 5110 3024 5164 clamat
3044 5109 3232 5165 dicens
3257 5127 3271 5165 :
3302 5127 3322 5162 ι
3353 5109 3462 5164 Ac-

1865 5209 2045 5265 cedite
2065 5209 2191 5276 huc,
2214 5222 2402 5264 semen
2429 5205 2681 5262 adulterii
2704 5211 2760 5259 et
2779 5202 3077 5259 fornicarii.
3105 5202 3282 5274 Super
3301 5217 3463 5273 quem

1867 5301 2099 5368 lusistis,
2115 5316 2280 5371 super
2293 5314 2458 5371 quem
2479 5296 2753 5354 dilatastis
2773 5311 2836 5351 os
2856 5304 2912 5350 et
2930 5294 3173 5365 ejecistis
3192 5294 3459 5365 linguam.

189 5375 301 5431 talia
345 5378 510 5435 silere
541 5378 770 5443 debent;
799 5377 878 5432 ita
905 5384 966 5431 ut
993 5390 1094 5432 nec
1123 5375 1459 5441 mutilentur,
1494 5390 1597 5430 nec
1627 5389 1750 5445 prae

1868 5393 2120 5464 Nunquid
2136 5369 2241 5448 non
2267 5369 2366 5448 vos
2385 5390 2482 5446 filii
2513 5388 2726 5444 scelesti
2755 5387 2910 5453 estis,
2938 5403 3123 5444 semen
3145 5387 3372 5441 mendax
3394 5383 3458 5437 ἵ»

188 5479 464 5537 ponantur,
493 5486 594 5526 nec
621 5470 698 5526 illi
723 5470 819 5541 qui
845 5478 940 5525 aut
962 5469 1017 5524 in
1041 5467 1145 5524 fide
1191 5467 1489 5534 catholica,
1537 5475 1634 5522 aut
1661 5466 1770 5521 ini-

190 5561 380 5617 micitia
417 5563 655 5636 suspecti
699 5570 826 5619 sunt
869 5561 938 5616 ad
984 5559 1346 5632 pulsationem
1381 5559 1766 5631 praadictornm

193 5651 554 5723 admittantur,
581 5655 711 5728 quia
737 5653 993 5710 veritatis
1023 5652 1364 5723 professores
1393 5651 1686 5707 infidelitas
1716 5660 1772 5704 et

194 5741 466 5800 inimicitia
491 5747 752 5818 impedire
778 5745 934 5802 solet.
961 5744 1072 5800 Nec
1099 5743 1175 5799 illi
1203 5743 1460 5800 credendi
1493 5751 1652 5809 sunt,
1678 5751 1773 5797 aut

198 5835 530 5906 admittendi,
551 5839 644 5910 qui
673 5839 904 5894 aliorum
930 5847 1125 5909 sponte
1153 5837 1386 5893 crimina
1415 5835 1764 5898 conﬁtentur,

203 5934 254 5979 et
307 5927 429 5985 ideo
496 5931 807 6003 replicanda
861 5939 946 5987 est
1002 5928 1236 5985 sollicite
1291 5929 1532 6000 veritas,
1606 5941 1769 6000 quam

583 6047 857 6110 Paraon.
903 6043 1165 6111 CXXX.

1873 5483 2010 5554 (13a.
2034 5498 2165 5548 LVII,
2201 5483 2256 5548 5,
2305 5481 2385 5553 4.)
2423 5480 2649 5536 Cessent
2675 5477 2823 5548 impii
2866 5476 3236 5533 commentitia
3274 5473 3468 5528 adver-

1873 5594 1966 5634 sus
1995 5577 2268 5647 simplices
2302 5576 2416 5646 jam
2447 5572 2637 5628 fraude
2684 5571 2928 5626 mentiri.
2963 5591 2982 5623 ι
3013 5567 3258 5632 Custodi,
3287 5565 3467 5634 inquit

1874 5671 2162 5741 propheta,
2187 5668 2425 5738 linguam
2457 5673 2602 5719 tuam
2631 5678 2664 5717 a
2704 5663 2877 5727 malo,
2909 5670 2965 5717 et
3001 5659 3141 5715 labia
3178 5667 3266 5712 tua
3293 5671 3362 5711 ne
3387 5655 3465 5712 lo-

1879 5770 2117 5833 quantur
2160 5758 2363 5814 dolum.
2417 5756 2632 5813 Recede
2677 5772 2706 5809 a
2757 5755 2931 5821 malo,
2979 5761 3034 5807 et
3090 5750 3176 5805 fac
3221 5750 3464 5819 bonum,

1876 5870 2061 5927 quaere
2087 5870 2277 5927 pacem
2318 5864 2374 5910 et
2415 5868 2744 5926 persequere
2773 5867 2917 5908 eam.
2953 5847 3107 5906 Oculi
3150 5846 3366 5902 Domini
3397 5843 3469 5899 ad

1874 5946 2080 6018 iustos,
2111 5956 2169 6005 et
2213 5961 2374 6008 aures
2415 5945 2533 6019 ejus
2582 5944 2652 6000 ad
2696 5943 2987 6000 clamorem
3029 5953 3244 5998 eorum.
3273 5938 3471 5996 Vultus

2987 6036 3029 6099 8
