3926 6460
518 452 623 510 227

1361 444 1649 504 APPEND.
1692 442 1787 500 AD
1823 440 1998 499 smc.
2035 436 2127 499 ix.
2166 470 2237 486 ρ
2268 438 2519 501 ismont
2555 424 2997 501 uenenatas
3662 446 3751 512 ω

524 576 700 627 autem
715 564 1103 635 Dominisuper
1128 559 1390 617 facientes
1410 558 1646 625 mala,’ut
1668 556 1934 629 perdatde
1955 563 2101 611 terra
2126 563 2181 626 Α
2203 567 2297 612 sus
2321 554 2603 621 Christus,
2643 566 2750 610 non
2799 555 2852 610 in
2900 568 3040 625 aqua
3080 552 3283 617 solum,
3313 553 3407 609 sed
3448 554 3501 611 in
3541 573 3668 630 aqua
3705 574 3749 622 ει

523 663 840 720 memoriam
896 675 1085 717 eorum
1137 655 1312 730 (Psal.
1362 671 1569 725 χχχιιι,
1617 654 1683 710 14
1739 662 1786 709 ει
1833 651 1965 725 seq.)
1998 671 2017 706 ι
2052 661 2107 709 et

523 758 681 829 paulo
751 765 873 827 post
928 771 943 808 :
1017 772 1036 804 ι
1086 750 1381 807 lnterﬁciet
1443 749 1668 821 impium
1735 746 1979 813 malitia,
2049 755 2109 803 et

523 852 770 928 odientes
823 849 1025 919 justum
1085 844 1445 914 culpabuntu-r
1514 842 1706 915 (Ibid.,
1746 846 1864 916 22).
1927 863 1945 896 ι
1995 839 2105 897 Nos

523 954 830 1011 quanquam
873 936 1040 991 multa
1075 934 1350 1006 patiamur
1393 949 1425 989 a
1466 934 1698 1004 talibus,
1750 956 1770 989 ι
1807 934 2105 1008 Diligamns

524 1047 654 1099 nos,
699 1028 1028 1092 charissimi,
1057 1026 1311 1092 invicem,
1339 1027 1598 1098 quoniam
1625 1029 1865 1085 charitas
1890 1044 1959 1085 ex
1991 1029 2103 1085 Deo

521 1132 623 1181 est.
659 1142 677 1175 ι
718 1122 786 1176 Ει
829 1120 1008 1175 omnis
1053 1119 1144 1188 qui
1201 1118 1408 1189 diligit,
1452 1135 1518 1175 ex
1562 1120 1673 1176 Deo
1722 1131 1883 1177 natus
1912 1128 2107 1188 est,et

521 1214 802 1287 cognoscit
831 1214 1022 1267 Deum.
1061 1209 1165 1276 Qui
1199 1224 1307 1265 non
1339 1209 1547 1283 diligit,
1580 1227 1687 1268 non
1724 1213 1875 1268 novit
1906 1212 2095 1277 Deum,

517 1307 648 1378 quia
688 1306 832 1361 Deus
872 1303 1116 1360 charitas
1166 1311 1272 1359 est.
1325 1302 1385 1358 ιιι
1427 1303 1531 1360 hoc
1570 1306 1822 1376 apparuit
1867 1305 2107 1362 charitas

524 1399 620 1454 Dei
648 1398 704 1453 in
730 1395 908 1463 nobis,
937 1394 1194 1465 quoniam
1224 1392 1422 1448 Filium
1452 1410 1608 1450 suum
1637 1397 1972 1468 unigenitum
2001 1395 2107 1451 mi-

400 1520 411 1533 ο
518 1493 591 1549 sit
616 1491 762 1547 Deus
784 1489 839 1544 in
863 1488 1126 1543 mundum
1146 1495 1209 1542 ut
1232 1487 1479 1543 vivamus
1504 1503 1607 1559 per
1630 1503 1774 1543 eum.
1804 1489 1864 1544 ln
1888 1489 1993 1544 hoc
2017 1496 2106 1544 est

517 1581 760 1640 Charitas
776 1621 792 1647 ,
816 1595 924 1635 non
946 1578 1102 1651 quasi
1131 1593 1232 1634 nos
1257 1577 1609 1636 dilexerimus
1635 1578 1828 1647 Deum,
1852 1581 1947 1637 sed
1969 1596 2107 1652 quo-

517 1677 663 1731 niam
692 1676 807 1746 ipse
836 1673 1025 1730 dilexit
1052 1687 1184 1740 nos,
1211 1680 1268 1727 et
1299 1672 1449 1728 misit
1489 1671 1685 1727 Filium
1715 1688 1874 1729 suum
1922 1674 2107 1744 propi-

519 1769 795 1824 tiationem
830 1782 932 1838 pro
956 1765 1198 1836 peccatis
1224 1764 1446 1820 nostris.
1483 1762 1804 1821 Charissimi
1825 1805 1839 1830 ,
1872 1765 1915 1819 si
1961 1764 2107 1820 Deus

515 1859 703 1916 dilexit
745 1874 874 1924 nos,
922 1866 980 1913 et
1020 1872 1120 1912 nos
1165 1856 1427 1913 debemus
1472 1856 1800 1912 alterutrum
1852 1856 2098 1927 diligere.

2209 647 2491 720 sanguine.
2521 647 2590 703 Et
2635 645 2873 719 Spiritus
2899 654 2984 702 est
3027 645 3119 718 qui
3165 636 3502 715 testificatur,
3528 655 3749 721 quoniam

2209 740 2460 798 Christus
2497 749 2583 798 est
2624 740 2859 808 veritas,
2898 738 3156 811 quoniam
3202 747 3311 796 tres
3348 745 3579 815 suntqui
3620 721 3749 804 testi-

2208 837 2450 892 monium
2480 837 2642 904 dant,
2670 838 2897 909 spiritus
2916 878 2932 906 ,
2960 839 3182 909 sanguis
3201 878 3217 905 ,
3246 847 3301 893 et
3324 854 3489 910 aqua,
3515 851 3567 896 et
3586 844 3636 898 bi
3656 853 3744 903 tres

2208 946 2377 985 unum
2408 939 2554 985 sunt.
2584 930 2641 986 Si
2670 930 3038 987 testimonium
3064 932 3344 987 hominum
3365 934 3659 1005 accipimus,
3683 947 3749 995 te-

2206 1023 2522 1081 stimonium
2572 1024 2669 1079 Dei
2714 1022 2889 1093 majus
2934 1032 3053 1089 est,
3101 1024 3226 1094 quia
3271 1024 3583 1083 testiﬁcatus
3604 1032 3751 1088 estde

2207 1115 2345 1171 Filio
2392 1131 2510 1173 suo.
2558 1116 2661 1184 Qui
2691 1116 2866 1173 credit
2893 1117 2946 1173 in
2974 1117 3172 1174 Filium
3198 1118 3332 1185 Dei,
3365 1119 3522 1175 habet
3547 1123 3753 1179 testimo-

2206 1208 2355 1266 nium
2388 1210 2486 1267 Dei
2530 1210 2585 1267 in
2623 1225 2707 1268 se.
2755 1211 2858 1280 Qui
2890 1227 2997 1269 non
3048 1212 3225 1269 credit
3265 1212 3432 1279 Filio,
3479 1217 3750 1274 mendacem

2205 1301 2337 1358 facit
2357 1316 2481 1359 eum
2495 1340 2517 1372 ,
2541 1302 2633 1375 qui
2657 1317 2765 1360 non
2787 1304 2960 1360 credit
2982 1304 3040 1360 in
3065 1304 3409 1373 testimonio,
3430 1307 3569 1376 quod
3593 1309 3752 1364 testin-

2206 1402 2361 1450 catus
2389 1403 2476 1451 est
2502 1394 2569 1450 de
2591 1394 2729 1450 Filio
2758 1410 2856 1451 suo
2878 1397 3041 1452 Deus.
3068 1396 3137 1452 Et
3162 1397 3267 1453 hoc
3288 1397 3643 1455 testimonium
3664 1412 3751 1465 est,

2206 1484 2461 1556 quoniam
2484 1486 2655 1542 vitam
2679 1496 2940 1543 aeternam
2983 1488 3133 1544 dedit
3161 1488 3320 1545 nobis
3360 1489 3520 1546 Deus.
3563 1491 3626 1547 Et
3660 1492 3753 1549 hac

2204 1581 2402 1639 vitain
2426 1583 2545 1656 ejus
2582 1582 2743 1641 Filio.
2790 1582 2894 1652 Qui
2919 1584 3086 1641 habet
3130 1582 3333 1641 Filium
3385 1586 3543 1642 habet
3581 1586 3750 1654 vitam,

2205 1674 2300 1745 qui
2342 1688 2451 1731 non
2497 1674 2663 1732 habet
2698 1674 2899 1732 Filium
2936 1675 3033 1732 Dei
3071 1691 3182 1732 non
3235 1677 3401 1732 habet
3436 1677 3612 1732 vitam.
3650 1676 3753 1732 Haec

2205 1764 2391 1822 scribo
2430 1765 2625 1832 vobis,
2672 1774 2737 1821 ut
2777 1765 3001 1833 sciatis,
3030 1766 3291 1837 quoniam
3331 1765 3497 1821 vitam
3521 1764 3755 1821 habebitis

2206 1865 2494 1923 aiternam,
2516 1856 2610 1927 qui
2632 1856 2858 1913 creditis
2879 1857 2936 1912 in
2955 1856 3178 1913 nomine
3196 1855 3323 1913 Filii
3345 1855 3460 1912 Dei.
3488 1856 3553 1911 Et
3575 1856 3675 1910 huic
3691 1861 3759 1910 est

516 1954 682 2008 Deum
730 1966 891 2008 nemo
934 1948 1072 2006 vidit
1098 1964 1358 2021 unquam.
1408 1948 1469 2005 Si
1512 1949 1805 2021 diligamus
1831 1948 2099 2017 invicem,
2128 1954 2179 2015 Β
2204 1950 2433 2017 ﬁducia,
2467 1965 2632 2021 quam
2676 1950 2941 2006 habemus
2986 1951 3053 2006 ad
3098 1965 3256 2035 eum,
3286 1951 3414 2021 quia
3442 1951 3757 2022 quodcunque

518 2046 739 2105 Deusjn
767 2045 924 2103 nobis
956 2052 1141 2102 manet
1165 2085 1182 2110 ,
1212 2052 1270 2100 et
1294 2043 1537 2099 charitas
1562 2041 1679 2112 ejus
1714 2042 1770 2098 in
1795 2043 1954 2099 nobis
1975 2058 2103 2114 per-

518 2143 664 2199 fecta
690 2152 794 2198 est.
823 2142 881 2197 ιιι
909 2142 1014 2197 Ιιοε
1036 2139 1423 2211 intelligimus,
1453 2137 1710 2209 quoniam
1747 2137 1801 2192 in
1829 2152 1895 2193 eo
1924 2152 2107 2193 mane-

516 2249 639 2290 mus
662 2241 721 2289 et
746 2233 864 2304 ipse
911 2232 966 2287 ia
1000 2230 1188 2297 nobis,
1218 2229 1476 2300 quoniam
1510 2229 1577 2284 de
1601 2227 1806 2298 Spiritu
1833 2243 1933 2284 suo
1958 2227 2108 2283 dedit

514 2327 671 2384 nobis
689 2365 706 2393 ,
733 2334 791 2381 et
812 2339 913 2380 nos
937 2323 1174 2378 vidimus
1192 2363 1207 2387 ,
1236 2331 1292 2375 et
1317 2321 1693 2387 testiﬁcantur,
1719 2320 1974 2390 quoniam
2000 2318 2107 2374 Pa-

517 2415 774 2475 termisit
798 2414 998 2471 Filium
1040 2429 1198 2469 suum
1243 2411 1564 2467 salvatorem
1610 2411 1816 2464 mundi.
1846 2408 2106 2478 Quisquis

512 2508 799 2568 confessus
828 2506 994 2563 fuerit
1027 2505 1283 2578 quoniam
1320 2501 1480 2558 Jesus
1500 2510 1586 2557 est
1607 2500 1779 2557 Filius
1804 2500 1935 2566 Dei,
1959 2500 2106 2556 Deus

513 2603 570 2659 in
592 2615 661 2658 eo
683 2606 870 2655 manet
890 2607 947 2653 et
969 2597 1084 2667 ipse
1111 2597 1163 2651 in
1190 2595 1321 2650 Deo.
1348 2594 1416 2650 Et
1438 2608 1538 2649 nos
1558 2594 1876 2664 agnovimus
1898 2603 1955 2649 et
1979 2608 2105 2648 cre-

514 2693 697 2750 dimus
718 2689 973 2757 veritati,
1008 2704 1169 2759 quam
1218 2686 1383 2743 habet
1430 2685 1573 2742 Deus
1635 2685 1691 2739 in
1740 2684 1916 2740 nobis.
1958 2683 2106 2740 Deus

514 2784 756 2843 charitas
780 2764 954 2849 est,.et
975 2780 1068 2853 qui
1092 2786 1278 2834 manet
1303 2778 1357 2831 in
1380 2776 1653 2832 charitate
1677 2775 1727 2829 in
1758 2775 1870 2830 Deo
1896 2781 2104 2840 manet,

513 2875 734 2936 et~Deus
758 2877 815 2932 in
834 2890 921 2931 eo.
946 2874 1007 2929 In
1030 2872 1136 2927 hoc
1157 2868 1400 2940 perfecta
1422 2876 1508 2924 est
1528 2867 1771 2922 charitas
1797 2865 2101 2929 nobiscum,

512 2980 596 3027 ut.
609 2968 865 3026 ﬁduciam
893 2966 1192 3023 habeamus
1217 2963 1274 3018 in
1308 2962 1396 3017 die
1431 2961 1620 3033 judicii
1640 3000 1656 3025 ,
1689 2958 1820 3029 quia
1850 2959 1991 3013 sicut
2014 2958 2106 3013 ille

515 3075 633 3128 est,
655 3072 714 3118 et
738 3075 840 3116 nos
884 3074 1071 3116 sumus
1096 3058 1151 3111 in
1194 3056 1298 3111 hoc
1322 3054 1544 3109 mundo.
1574 3052 1761 3107 Timor
1804 3068 1910 3105 non
1938 3059 2024 3106 est
2048 3051 2103 3106 in

514 3154 802 3219 charitate,
824 3152 921 3208 sed
942 3149 1187 3222 perfecta
1207 3147 1449 3203 charitas
1469 3144 1617 3201 foras
1644 3133 1811 3198 mittit
1831 3143 2103 3209 timorem,

514 3244 643 3318 quia
679 3244 842 3300 timor
864 3256 1082 3314 pinnam
1115 3240 1299 3295 habet.
1329 3238 1432 3308 Qui
1458 3246 1639 3294 autem
1668 3236 1853 3301 timet,
1886 3250 1992 3289 non
2020 3241 2106 3289 est

2206 2044 2527 2114 petierimus
2548 2043 2845 2101 secundum
2865 2044 3200 2101 voluntatem
3223 2044 3347 2117 ejus
3367 2044 3547 2100 audiet
3571 2059 3674 2101 nos.
3701 2043 3753 2098 Et

2207 2136 2412 2192 scimus
2458 2137 2588 2207 quia
2629 2138 2785 2194 audit
2827 2151 2931 2193 nos
2981 2137 3244 2209 quidquid
3292 2136 3622 2208 petierimus.
3663 2134 3761 2191 Sci.

2207 2244 2330 2284 mus
2350 2229 2608 2299 quoniam
2648 2228 2913 2285 habemus
2952 2230 3242 2299 petitiones
3286 2242 3425 2299 quas
3460 2226 3758 2300 postulamus

2208 2319 2281 2375 ab
2317 2334 2404 2377 eo.
2454 2320 2557 2389 Qui
2605 2321 2709 2377 scit
2753 2320 2981 2377 fratrem
3030 2336 3189 2377 suam
3235 2335 3467 2393 peccare
3514 2327 3754 2391 peccatum

2209 2428 2319 2468 non
2379 2415 2447 2468 ad
2514 2422 2765 2481 mortem,
2823 2423 2975 2485 petat
3024 2423 3080 2470 et
3128 2414 3349 2470 dabitur
3390 2413 3444 2469 ei
3504 2412 3605 2468 vita
3658 2425 3759 2481 pec-

2208 2503 2355 2559 canti
2391 2518 2502 2560 non
2543 2506 2611 2559 ad
2654 2514 2909 2559 mortem.
2957 2504 3054 2561 Est
3096 2511 3384 2574 peceatum
3431 2502 3499 2558 ad
3530 2509 3754 2564 mortem,

2209 2609 2320 2649 non
2345 2609 2447 2663 pro
2489 2593 2585 2650 illo
2634 2594 2760 2651 dico
2799 2606 2858 2649 ut
2913 2603 3068 2666 roget
3117 2595 3262 2665 quis.
3321 2593 3508 2651 Omnis
3534 2592 3755 2662 iniquitas

2207 2694 2491 2754 peccatum
2537 2692 2652 2753 est,
2698 2698 2754 2741 et
2796 2694 2883 2742 est
2936 2695 3221 2758 peceatum
3287 2687 3357 2742 ad
3406 2694 3639 2741 mortem.
3669 2680 3760 2736 Sci-

2207 2796 2363 2848 mus,
2409 2782 2535 2851 quia
2580 2782 2760 2851 onniis
2813 2781 2909 2852 qui
2959 2790 3122 2837 natus
3164 2789 3253 2837 est
3288 2796 3357 2836 ex
3397 2781 3631 2836 Deonon
3655 2791 3757 2846 pec-

2208 2883 2333 2939 cat,
2361 2875 2456 2930 sed
2483 2874 2763 2945 generatio
2808 2873 2902 2929 Dei
2932 2882 3222 2930 conservat
3247 2888 3413 2940 eum,
3436 2881 3491 2929 et
3533 2869 3759 2940 malignus

2207 2983 2316 3025 non
2340 2968 2670 3039 tangiteum.
2690 2968 2905 3023 Scimus
2918 2968 3063 3023 enim
3083 2969 3342 3039 quoniam
3364 2981 3432 3023 ex
3453 2966 3563 3021 Deo
3582 2975 3755 3026 sumus,

2205 3069 2265 3117 et
2309 3061 2544 3116 mundus
2577 3067 2722 3116 totus
2752 3061 2808 3115 in
2837 3061 3079 3133 maligno
3120 3062 3333 3132 positus
3380 3068 3480 3117 est.
3510 3060 3573 3114 Et
3594 3056 3759 3112 scimus

2208 3154 2468 3225 quoniam
2492 3153 2663 3210 Filius
2690 3155 2786 3210 Dei
2813 3156 2994 3221 venit,
3020 3165 3076 3211 et
3101 3155 3253 3211 dedit
3276 3155 3432 3210 nobis
3460 3165 3684 3213 sensum,
3709 3154 3756 3202 ut

2210 3260 2609 3321 cognoscamus
2632 3246 2805 3302 Deum
2835 3259 3024 3301 verum
3044 3286 3060 3313 ,
3088 3254 3147 3301 et
3187 3247 3363 3302 simus
3407 3248 3460 3301 in
3505 3258 3627 3300 vero
3654 3237 3759 3295 Filio

513 3337 788 3410 perfectus
830 3336 885 3391 in
930 3334 1218 3391 charitate.
1247 3332 1357 3390 Nos
1399 3348 1531 3404 ergo
1578 3331 1867 3401 diligamus
1891 3328 2097 3394 Deum,

2212 3333 2350 3409 ejus,
2372 3339 2464 3396 hic
2502 3348 2588 3396 est
2610 3354 2769 3396 verus
2794 3338 2960 3407 Deus,
2981 3347 3040 3397 et
3091 3339 3201 3395 vita
3253 3352 3457 3397 aeterna
3476 3337 3523 3411 (Ι
3538 3337 3680 3393 Joan.
3701 3345 3758 3395 iv,

515 3433 774 3504 quoniam
823 3431 966 3486 Deus
1016 3432 1167 3501 prior
1195 3429 1385 3486 dilexit
1427 3442 1547 3483 nos.
1601 3425 1660 3481 Si
1703 3425 1826 3495 quis
1865 3423 2100 3489 dixerit,

514 3525 773 3597 quoniam
824 3523 990 3595 diligo
1039 3523 1241 3587 Deum,
1290 3530 1346 3577 et
1403 3519 1632 3575 fratrem
1688 3532 1847 3574 suum
1892 3516 2101 3579 oderit,

516 3619 752 3675 mendax
794 3626 897 3673 est.
940 3615 1045 3683 Qui
1089 3623 1270 3670 autem
1316 3628 1425 3669 non
1457 3611 1633 3682 diligit
1677 3610 1901 3665 fratrem
1945 3622 2104 3663 suum

516 3726 679 3781 quem
703 3710 881 3776 videt,
910 3707 1081 3762 Deum
1107 3705 1378 3776 quomodo
1404 3711 1586 3774 potest
1625 3700 1882 3772 diligere?
1907 3698 1977 3754 Et
2002 3699 2106 3753 hoc

515 3806 831 3861 mandatum
864 3820 896 3857 a
940 3804 1053 3857 Deo
1099 3802 1393 3865 habemus,
1437 3807 1500 3852 ut
1541 3796 1635 3867 qui
1686 3795 1859 3867 diligit
1896 3794 2102 3861 Deum,

514 3896 707 3963 diligat
734 3904 791 3949 et
819 3893 1048 3948 fratrem
1075 3907 1255 3947 suum.
1287 3889 1477 3947 Omnis
1501 3888 1595 3960 qui
1638 3888 1812 3943 credit
1846 3886 2105 3958 quoniam

517 3987 676 4045 Jesus
699 3995 782 4043 est
797 3986 1067 4051 Christus,
1094 4000 1162 4041 ex
1196 3984 1306 4040 Deo
1326 3992 1505 4051 natus,
1529 3990 1587 4037 et
1606 3981 1786 4037 omnis
1812 3981 1905 4050 qui
1936 3979 2107 4051 diligit

517 4096 644 4138 eum
677 4080 769 4151 qui
796 4079 1001 4149 genuit,
1016 4077 1187 4148 diligit
1205 4092 1331 4133 eum
1343 4076 1436 4146 qui
1461 4084 1624 4132 natus
1643 4083 1805 4130 estex
1818 4088 1904 4131 eo.
1925 4073 1981 4127 ln
2002 4072 2105 4127 hoc

517 4172 872 4243 cognovimus
885 4171 1143 4243 quoniam
1167 4170 1449 4239 diligimus
1468 4177 1628 4224 natos
1645 4168 1761 4232 Dei,
1789 4182 1910 4222 cum
1937 4167 2105 4221 [lcu-

518 4268 810 4339 diligamus
829 4307 844 4331 ,
881 4275 938 4321 et
964 4266 1217 4320 mandata
1239 4264 1357 4334 ejus
1384 4262 1669 4319 faciamus.
1700 4261 1827 4316 Haec
1851 4268 1938 4315 est
1958 4258 2102 4313 enim

519 4362 761 4417 charitas
782 4360 879 4416 Dei
906 4368 966 4413 ut
995 4358 1253 4413 mandata
1287 4357 1405 4428 ejus
1430 4355 1817 4411 custodiamus.
1842 4352 1910 4408 Et
1949 4366 2105 4405 man»

517 4453 645 4505 data
672 4450 790 4519 ejus
820 4434 1015 4520 gravia
1033 4463 1139 4504 non
1166 4455 1326 4512 sunt,
1360 4446 1489 4516 quia
1519 4460 1681 4500 omne
1735 4444 1881 4513 quod
1915 4450 2103 4496 natum

518 4554 604 4601 est
628 4559 694 4600 ex
722 4545 863 4611 Deo,
893 4544 1063 4598 vincit
1093 4542 1375 4596 mundum.
1402 4540 1473 4595 Et
1494 4541 1612 4595 haec
1632 4548 1717 4594 est
1737 4536 1963 4593 victoria
1987 4550 2108 4604 quae

2212 3434 2360 3501 7—21,
2403 3450 2458 3501 v,
2488 3434 2516 3490 1
2544 3445 2594 3489 ει
2615 3433 2771 3507 seq.).
2798 3432 3028 3505 Propter
3051 3433 3193 3489 mala
3238 3449 3342 3491 sua
3368 3431 3517 3489 multi
3554 3433 3760 3500 potentes

2208 3528 2458 3601 oppressi
2484 3537 2612 3586 sunt
2633 3529 2811 3597 valde,
2845 3537 2903 3584 et
2925 3528 3143 3601 gloriosi
3171 3529 3358 3585 traditi
3385 3534 3509 3585 sunt
3533 3526 3583 3579 in
3604 3529 3759 3576 manus

2208 3621 2531 3678 alterorum.
2558 3620 2872 3677 Benedictio
2897 3631 3078 3677 autem
3105 3620 3202 3676 Dei
3238 3621 3297 3676 in
3340 3616 3634 3677 mercedem
3652 3605 3759 3681 justi

2211 3714 2434 3771 festinat
2464 3722 2522 3769 et
2544 3713 2601 3767 in
2623 3714 2831 3769 honore
2850 3712 2977 3769 boni
3004 3726 3296 3785 processus
3323 3713 3469 3769 illius
3489 3702 3756 3765 frucuiicat.

2207 3807 2410 3864 Beatus
2438 3807 2522 3862 vir
2550 3808 2643 3878 qui
2673 3822 2781 3864 non
2807 3816 2895 3863 est
2934 3807 3118 3878 lapsus
3144 3808 3313 3865 verbo
3355 3821 3424 3862 ex
3453 3818 3546 3862 ore
3573 3813 3661 3857 suo
3681 3834 3695 3861 ι
3716 3798 3761 3847 οι

2207 3912 2318 3954 ιιοιι
2361 3909 2448 3955 est
2495 3896 2808 3955 stimulatus
2836 3896 2892 3953 in
2919 3896 3141 3952 tristitia
3190 3897 3395 3953 delicti.
3421 3895 3630 3957 Scitote,
3657 3885 3764 3943 cha-

2209 3990 2432 4057 rissimi,
2459 4004 2561 4062 pro
2586 4003 2652 4046 ea
2689 3988 2891 4060 pietate
2913 4002 3035 4059 quae
3055 3988 3212 4045 vobis
3239 3988 3340 4045 Del
3362 3984 3573 4043 famulis
3589 3982 3762 4049 impen-

2209 4087 2388 4142 denda
2427 4094 2510 4141 est
2531 4124 2549 4153 ,
2586 4097 2779 4142 omnes
2809 4083 3186 4156 suggestiones
3212 4092 3430 4139 vestras
3462 4078 3579 4135 fidei
3602 4071 3760 4131 catho-

2208 4179 2328 4236 licas
2371 4178 2721 4250 profuturas,
2751 4189 2841 4231 me
2875 4176 3162 4247 dignanter
3194 4175 3534 4246 suscepisse,
3568 4176 3624 4223 ut
3646 4165 3761 4235 ipss-

2208 4286 2329 4326 rum
2358 4284 2575 4341 quoque
2599 4283 2800 4340 opera,
2850 4276 2906 4325 et
2946 4280 3054 4340 pax
3097 4267 3409 4326 Christiana
3442 4257 3694 4336 reparari.
3719 4258 3760 4306 οε

2208 4377 2364 4418 error
2385 4361 2556 4432 ipsius
2586 4360 2763 4432 possit
2786 4359 3012 4417 aboleri.
3054 4358 3125 4415 Et
3164 4360 3212 4416 si
3244 4359 3478 4431 amplius
3517 4348 3762 4411 dotalibus

2210 4466 2306 4513 aut
2334 4455 2421 4511 his
2448 4453 2719 4511 similibus
2754 4453 2963 4525 aliquid
3009 4452 3175 4509 fuerit
3205 4448 3631 4515 deliberandum,
3649 4435 3761 4495 cete

2209 4552 2347 4606 riter
2363 4550 2434 4605 ad
2449 4564 2549 4607 nos
2570 4548 2765 4605 relatio
2782 4548 3072 4620 dirigatur,
3090 4558 3150 4602 ut
3171 4552 3511 4619 pertractata
3540 4533 3761 4611 qualitate

520 4637 693 4692 vincit
732 4635 991 4690 mundum
1041 4632 1174 4689 ﬁdes
1223 4641 1431 4689 nostra.
1481 4630 1617 4698 Quis
1670 4638 1754 4685 est
1801 4627 1895 4699 qui
1937 4625 2109 4681 vincit
2137 4696 2183 4713 n
2213 4645 2408 4699 horum
2430 4650 2619 4699 ηοειη
2644 4640 2777 4713 quid
2808 4640 3089 4698 observari
3119 4640 3319 4696 dem,“
3347 4630 3641 4697 sollicime
3658 4638 3761 4682 wn.

517 4728 782 4783 mundum
823 4726 929 4782 nisi
955 4725 1048 4796 qui
1077 4725 1291 4791 credit,
1318 4696 1575 4794 quoniam
1615 4721 1775 4778 Jesus
1812 4696 1898 4776 est
1936 4718 2105 4775 Filius

2217 4738 2429 4795 stituat.
2459 4737 2597 4793 Data
2620 4696 2680 4793 νῖ
2707 4734 2830 4794 Kal.
2861 4735 3093 4807 August.
3120 4736 3423 4794 Constante
3447 4742 3589 4788 cons.

520 4818 659 4876 Dei?
681 4819 785 4877 llic
810 4826 896 4875 est
919 4817 1013 4888 qui
1039 4816 1186 4872 venit
1226 4831 1324 4886 per
1348 4832 1545 4886 aquam
1579 4824 1635 4870 et
1677 4811 1997 4883 sanguinem
2024 4807 2110 4865 Je-

1980 4929 2334 4949 Μ

1567 5032 1903 5091 EPISTOLA
1931 5028 2202 5089 EUSEBII
2220 5026 2426 5086 PAPE
2464 5026 2555 5083 AD
2583 4977 2976 5083 EGYP'l‘lOS.

598 5201 864 5258 Esslstus
892 5198 1155 5255 Romanae
1177 5206 1236 5254 et
1259 5193 1570 5268 apostolicae
1610 5191 1870 5249 Ecclesiae
1895 5190 2105 5262 episco-

525 5309 628 5366 pus
652 5290 1025 5349 dilectissimis
1048 5290 1102 5345 in
1134 5288 1407 5346 charitate
1430 5284 1637 5341 Christi
1676 5281 1951 5339 unanimis
1979 5281 2108 5335 cha—

526 5386 705 5443 ritatis
732 5385 939 5458 glutino
982 5383 1243 5438 connexis
1263 5423 1278 5448 ,
1311 5381 1577 5436 fratribus
1604 5391 1701 5449 per
1724 5374 2111 5431 Alexandriam

526 5486 582 5534 et
612 5475 909 5549 Egyptum
939 5475 1169 5529 Domino
1210 5471 1602 5537 militantibus,
1628 5476 1684 5524 et
1711 5475 1920 5523 rectam
1951 5465 2111 5521 ﬁdem

530 5569 838 5625 tenentibus
862 5569 919 5623 in
943 5566 1174 5623 Domino
1208 5566 1457 5621 salutem.

604 5682 625 5715 ι
665 5661 994 5718 Benedictus
1029 5660 1174 5715 Deus
1217 5664 1273 5713 et
1314 5656 1479 5713 Pater
1520 5652 1734 5711 Domini
1764 5649 1940 5709 nostri
1984 5648 2111 5705 Jesu

528 5739 765 5821 Christi,
792 5753 960 5811 Pater
980 5748 1480 5807 misericordiamm
1497 5784 1513 5812 ,
1541 5755 1597 5801 et
1624 5745 1766 5799 Deus
1788 5742 1954 5798 totius
1984 5756 2113 5796 con-

532 5844 816 5901 solationis
861 5844 957 5915 qui
997 5840 1312 5898 consolatur
1351 5852 1450 5893 nos
1491 5837 1546 5891 in
1573 5835 1722 5891 omni
1765 5831 2111 5889 tribulatione

535 5944 720 5992 metra
736 5974 752 5999 .
778 5942 841 5989 ut
857 5934 1132 6003 possimus
1153 5938 1210 5989 et
1227 5928 1330 6000 ipsi
1353 5926 1625 5985 consolari
1648 5940 1747 5983 eos
1767 5924 1863 5995 qui
1886 5924 1943 5982 in
1961 5921 2111 5981 omni

2212 5199 2467 5259 pressura
2511 5193 2639 5242 sunt
2682 5199 2783 5255 per
2827 5181 3268 5239 exhortationem
3309 5193 3419 5250 qua
3445 5170 3760 5259 “hortanti!

2213 5249 2317 5349 ipsi
2337 5293 2367 5332 a
2387 5277 2498 5333 Deo
2516 5294 2530 5330 :
2548 5249 2807 5347 quoniam
2825 5276 2969 5332 sicut
2988 5275 3267 5331 abundant
3283 5249 3564 5344 passiones
3587 5249 3758 5319 Christi

2214 5370 2271 5424 in
2297 5367 2484 5436 nobis,
2511 5368 2588 5424 ita
2613 5376 2669 5424 et
2689 5381 2789 5438 per
2811 5364 3088 5423 Christum
3118 5363 3362 5422 abundat
3381 5352 3667 5419 consolatio
3688 5358 3759 5402 no

2217 5470 2355 5518 stra.
2383 5460 2511 5517 Sive
2535 5471 2719 5517 autem
2746 5459 3074 5516 tribulamur
3096 5473 3197 5529 pro
3217 5465 3405 5511 vestra
3426 5441 3762 5509 εχιιοηιιίωο

2218 5563 2276 5611 ει
2314 5555 2520 5622 salute,
2552 5555 2667 5611 sive
2707 5554 3063 5609 exhortamur
3086 5566 3186 5622 pro
3214 5557 3401 5605 vestra
3428 5532 3763 5603 exhortatione

2217 5654 2275 5702 et
2321 5646 2528 5713 salute,
2587 5660 2709 5717 quae
2768 5651 3031 5716 operatur
3078 5640 3429 5698 tolerantiam
3486 5624 3763 5717 εδηιωόωι

2217 5737 2534 5808 passionum
2554 5716 2690 5807 quas
2711 5744 2768 5792 et
2790 5751 2889 5791 nos
2913 5735 3174 5807 patimur,
3202 5741 3258 5788 et
3283 5744 3410 5802 spes
3436 5732 3613 5785 οοθιη
3635 5716 3764 5808 θην

2216 5802 2304 5885 est
2329 5844 2430 5899 pro
2454 5802 2608 5884 vobis
2637 5802 3192 5897 scientem—quoniam
3241 5824 3389 5879 sicut
3427 5817 3552 5877 socii

2220 5890 2349 5978 num
2378 5922 2541 5986 estis,
2572 5920 2651 5977 sic
2680 5918 2834 5977 eritis
2864 5890 2922 5975 et
2945 5890 3334 5976 consolationis
3365 5910 3449 5984 (II
3479 5906 3595 5965 Cor.
3624 5916 3667 5966 Ιι
3702 5890 3762 5951 ⁵³
