3908 5434
1385 291 1877 352 DECRET‘A‘LIUM
1927 298 2238 362 COLLECT
2242 306 2329 364 10.

3341 332 3450 392 230

150 434 209 485 et
227 425 394 501 ιαμ).
430 445 456 482 s
493 445 515 483 ι
546 426 744 488 Vetera
759 470 777 500 ,
808 431 1174 504 dilectissimi,
1197 437 1531 497 transierunt
1552 449 1610 498 et
1629 452 1760 498 ecce
1783 440 1836 503 Δ
1865 443 1996 500 deos
2011 445 2273 509 discernit
2292 449 2522 525 (Psalm.
2541 472 2729 529 txxxi,
2746 462 2822 536 l).
2844 482 2865 519 ι
2890 466 2989 524 Dei
3008 484 3139 544 ergo
3156 475 3456 537 ordinatio—

148 520 303 578 l‘acta
328 531 461 579 sunt
478 538 640 581 nova.
666 523 861 583 Omnia
891 536 1080 587 autem
1100 545 1169 587 ex
1192 531 1304 590 Deo
1324 535 1418 606 qui
1443 538 1761 594 reconcilia-

148 617 235 673 vit
261 632 367 674 nos
385 617 496 676 sibi
510 634 611 691 per
624 618 903 680 Christum
918 663 937 692 ,
960 632 1017 681 et
1039 624 1190 682 dedit
1208 627 1368 684 nobis
1395 630 1759 688 ministerium

149 708 649 781 reconciliationis,
663 714 922 784 quoniam
936 715 1160 788 quidem
1177 718 1319 775 Deus
1332 728 1452 776 erat
1473 721 1527 776 in
1540 720 1759 779 Christo

147 802 422 859 mundum
455 805 817 873 reconcilians
860 807 1008 878 sibi,
1042 825 1153 867 non
1189 820 1448 884 reputans
1488 812 1597 870 illis
1627 814 1760 871 deli-

145 900 240 949 cta
267 892 377 967 53
404 894 649 967 ipsorum
664 937 682 964 ,
713 905 769 955 et
794 899 979 971 posuit
1005 900 1060 956 in
1084 900 1242 959 nobis
1261 903 1486 960 verbum
1511 905 1758 962 reconci—

144 983 416 1054 liationis,
460 1002 562 1060 pro
590 987 811 1050 Christo
849 1008 980 1066 ergo
1016 993 1284 1067 legatione
1328 996 1606 1070 fungimur
1640 1009 1758 1056 tan-

144 1090 320 1146 quam
364 1078 478 1135 Deo
524 1080 851 1141 exhortante
893 1099 996 1156 per
1038 1101 1158 1144 uos.
1201 1087 1603 1159 Obsecramus,
1657 1108 1757 1164 pro

144 1166 374 1228 Christo
394 1175 824 1235 reconciliamini
843 1180 974 1237 Deo.
988 1180 1126 1238 Eum
1147 1182 1243 1254 qui
1260 1198 1369 1241 non
1390 1196 1618 1242 noverat
1632 1202 1758 1258 pec-

142 1269 357 1329 catum,
388 1279 488 1335 pro
508 1265 668 1325 nobis
688 1280 974 1341 peccatum
998 1271 1162 1340 fecit,
1190 1284 1253 1332 ut
1278 1290 1383 1335 nos
1407 1276 1755 1336 efﬁceremur

136 1348 361 1421 iustitia
384 1354 483 1412 Dei
509 1356 567 1413 in
597 1357 735 1431 ipso.
764 1360 1103 1433 Adjuvantes
1145 1375 1331 1425 autem
1374 1368 1751 1438 exhortamur,

141 1464 217 1506 ne
237 1450 298 1507 in
322 1467 554 1510 vacuum
578 1456 809 1527 gratiam
832 1457 930 1516 Dei
957 1461 1255 1533 recipiatis.
1271 1464 1367 1520 Ait
1381 1465 1530 1523 enim
1551 1484 1567 1522 :
1593 1463 1753 1525 Temo

140 1559 286 1616 pore
310 1556 540 1618 accepto
563 1551 813 1609 exaudivi
844 1559 916 1620 te,
958 1562 1015 1611 et
1042 1553 1099 1610 in
1125 1555 1215 1612 die
1243 1556 1436 1615 salutis
1462 1558 1644 1629 adiuvi
1672 1567 1748 1616 te.

140 1636 292 1695 Ecce
313 1653 465 1698 nunc
484 1649 703 1713 tempus
728 1647 1091 1717 acceptabile,
1121 1664 1250 1708 ecce
1278 1667 1425 1709 nunc
1457 1650 1576 1711 dies
1603 1653 1750 1711 salu-

140 1729 238 1786 tis.
266 1729 487 1789 Nemini
515 1733 709 1792 dantes
733 1736 900 1795 ullam
943 1737 1305 1800 oﬂ'ensionem
1323 1782 1342 1811 ,
1374 1751 1434 1801 ut
1466 1760 1577 1803 non
1604 1746 1750 1803 vitu-

1864 550 1990 592 nem
2020 553 2262 612 accusat,
2302 548 2396 617 qui
2429 550 2712 623 episcopos
2753 570 2972 617 accusat
3006 564 3090 620 vel
3134 569 3462 630 condemnat

1863 626 1992 724 dum
2020 631 2200 724 minus
2225 638 2528 708 spiritualia
2556 660 2720 717 quam
2753 659 2968 712 terrena
2995 667 3254 719 sectatur.
3276 626 3454 724 Causa

1861 719 2006 816 enim
2036 722 2159 780 ﬁdei
2184 737 2239 816 et
2270 728 2574 792 dilectionis
2594 740 2790 809 quibus
2819 744 2967 803 salus
2988 719 3458 816 Christianavcon:

1862 809 2039 879 sistit,
2096 815 2264 873 multa
2309 836 2398 878 me
2452 824 2816 888 sollicitudine
2862 809 3455 919 laborarecompemrt,

1860 913 2195 1007 metuentem
2214 926 2284 967 ne
2304 915 2545 984 pravitas
2563 934 2684 992 quae
2707 922 2761 978 in
2793 927 2908 983 suis
2925 927 3107 989 fuerat
3126 913 3454 1009 amputanda

1859 995 2164 1090 principiis,
2188 1015 2447 1071 processu
2471 1012 2752 1081 temporis,
2775 1024 2831 1071 et
2841 1021 3175 1090 pertinacior
3185 995 3282 1085 ﬁat
3299 1041 3356 1088 et

1861 1082 1984 1140 tior.
2015 1084 2153 1144 Nam
2175 1090 2456 1153 inimicum
2490 1101 2656 1159 nimis
2679 1115 2766 1162 est
2795 1082 2958 1181 atque
2981 1113 3337 1192 incongruum
3357 1138 3457 1182 eos

1858 1180 1951 1250 qui
1976 1182 2257 1284 episcopos
2283 1190 2371 1246 vel
2398 1192 2639 1268 reliquos
2664 1215 2825 1259 veros
2848 1180 3176 1269 sacerdotes
3206 1231 3305 1273 sua
3328 1234 3457 1289 per-

1854 1273 2139 1370 secutione
2203 1292 2444 1353 vexant,
2509 1290 2898 1351 catholicorum
2966 1303 3277 1366 nominibus
3328 1273 3458 1370 sine

1857 1360 2186 1465 discretione
2208 1371 2449 1445 misceri,
2487 1393 2610 1435 cum
2628 1380 2743 1455 jam
2772 1397 2958 1446 natam
2985 1360 3316 1465 impietatem

1852 1450 2190 1563 deserentes,
2224 1464 2327 1536 ipsi
2375 1483 2474 1526 sua
2518 1450 2788 1543 pravitate
2836 1450 3287 1561 condemnentur,
3316 1508 3456 1566 quos

1852 1548 2108 1657 convenit
2131 1556 2357 1658 percelli
2381 1575 2483 1631 pro
2501 1567 2753 1638 perﬁdia,
2782 1583 2878 1628 aut
2901 1574 3122 1635 liberari
3146 1548 3454 1658 pro

1852 1641 1979 1740 quia
1994 1645 2152 1740 sicut
2188 1648 2411 1721 plenum
2438 1656 2659 1727 pietatis
2691 1673 2778 1721 est
2820 1672 3093 1740 oppressis
3130 1641 3456 1736 charitaten;

1850 1730 2193 1794 Dominicam
2220 1744 2396 1812 reddi,
2430 1747 2519 1803 ita.
2524 1750 2735 1822 justum
2762 1730 3053 1819 est-omnia
3080 1730 3455 1837 perturbat-itis

138 1830 374 1891 petetur
398 1824 763 1885 ministerium
783 1838 1056 1901 nostrum,
1083 1834 1181 1892 sed
1209 1835 1267 1892 in
1308 1838 1563 1895 omnibus
1585 1839 1742 1897 exhi-

1849 1829 2227 1888 auctoritatem
2258 1842 2549 1911 amputari.
2578 1845 2766 1917 Miror,
2788 1819 3114 1926 charissimi,
3143 1877 3313 1933 quare
3340 1873 3450 1921 tam

136 1916 374 1977 beamus
391 1924 777 1995 nosmetipsos,
793 1926 936 1983 sicut
952 1926 1366 2001 Deilministros,
1389 1931 1444 1989 in
1465 1932 1636 1990 multa
1649 1949 1740 2005 pa-

138 2014 364 2083 tientia,
398 2017 455 2074 in
501 2019 962 2091 tribulationibus,
1003 2024 1061 2080 in
1097 2026 1537 2095 necessitatibus,
1568 2028 1625 2084 in
1650 2044 1748 2086 an-

136 2108 357 2179 gustiis,
384 2110 440 2167 in
468 2110 660 2182 plagis,
682 2114 736 2171 in
765 2116 1083 2175 carceribus
1104 2159 1122 2185 ,
1162 2119 1217 2176 in
1263 2120 1638 2189 seditionibus,
1687 2123 1744 2178 iu

135 2206 444 2279 laboribus,
486 2211 544 2268 in
579 2213 816 2285 vigiliis,
858 2216 914 2270 in
945 2212 1211 2286 jejuniis,
1250 2217 1307 2273 in
1350 2220 1603 2276 castitate
1626 2258 1645 2287 ,
1687 2219 1745 2276 in

132 2301 392 2374 scientia,
438 2304 495 2359 in
537 2304 950 2377 longanimitate
989 2318 1045 2365 et
1087 2310 1357 2369 suavitate
1380 2353 1399 2381 ,
1438 2313 1496 2368 in
1535 2312 1746 2385 Spiritu

132 2404 356 2463 sancto,
382 2395 439 2453 in
461 2397 737 2456 eharitate
763 2416 871 2459 non
903 2401 1052 2470 ﬁcta,
1075 2403 1133 2460 in
1162 2405 1332 2462 verbo
1371 2406 1652 2475 veritatis,
1685 2406 1745 2463 in

131 2489 342 2547 virtute
362 2491 478 2558 Dei,
505 2508 605 2564 pa-
622 2510 773 2551 arma
794 2495 1023 2565 iustitia
1053 2514 1088 2555 a
1115 2499 1323 2556 dextris
1345 2509 1400 2556 et
1423 2515 1456 2556 a
1481 2500 1741 2569 sinistris,

127 2599 234 2654 per
251 2586 489 2656 gratiam
516 2597 572 2643 et
596 2588 1013 2661 ignobilitatem,
1039 2606 1137 2663 per
1157 2591 1438 2650 infamiam
1464 2603 1521 2651 et
1540 2596 1741 2653 bonam

127 2674 367 2745 famam,
393 2686 455 2733 ut
478 2680 794 2739 setiuctores
826 2691 885 2739 et
920 2699 1169 2754 veraces,
1203 2686 1349 2744 sicut
1372 2689 1466 2760 qui
1495 2688 1665 2762 ignoti
1687 2699 1746 2747 et

128 2770 366 2841 cogniti,
393 2776 551 2845 quasi
566 2777 883 2847 morientes,
899 2788 959 2837 et
979 2795 1109 2840 ecce
1129 2783 1386 2851 vivimus,
1412 2793 1474 2840 ut
1491 2783 1745 2857 castigati

127 2874 308 2921 etnon
323 2869 657 2941 mortiﬁcati,
672 2873 828 2944 quasi
844 2874 1052 2946 tristes,
1068 2892 1287 2949 semper
1302 2886 1483 2935 autem
1502 2879 1744 2952 gauden-

130 2964 237 3023 tes,
258 2958 404 3015 sieut
430 2974 652 3033 egentes
674 3006 691 3035 ,
715 2966 917 3027 multos
939 2976 1123 3027 autem
1156 2970 1580 3042 locupletantes,
1620 2980 1742 3030 tan-

127 3063 296 3119 quam
318 3051 457 3108 nihil
471 3054 736 3115 habentes
746 3069 802 3116 et
815 3061 1000 3119 omnia
1014 3063 1377 3135 possidentes.
1405 3062 1480 3122 Os
1492 3074 1739 3123 nostrum

124 3150 284 3212 patet
302 3144 375 3199 ad
409 3159 529 3215 vos,
560 3150 888 3221 eharissimi,
934 3168 1035 3212 eor
1053 3163 1304 3212 nostrum
1325 3155 1609 3214 diiatatum
1631 3166 1734 3214 est.

1850 1921 1961 1978 cito
1986 1929 2279 1987 movetnini
2300 1972 2316 1997 ,
2350 1943 2515 2006 atque
2553 1953 2587 1994 a
2618 1951 2799 2000 vestro
2828 1961 2991 2004 sensu
3038 1921 3454 2028 transierimini,

1851 2124 1965 2177 eas,
1995 2120 2051 2167 et
2073 2128 2106 2167 a
2135 2116 2415 2177 voluntate
2458 2130 2551 2180 tua
2590 2137 2856 2186 avertere.
2890 2131 2948 2189 Si
2983 2145 3211 2205 praestes
3246 2141 3446 2201 animm

1848 2207 1957 2259 tua:
1984 2208 2454 2283 concupiscentiae
2474 2215 2609 2289 ejus,
2639 2218 2803 2277 faciet
2829 2231 2882 2280 te
2909 2225 2963 2281 in
2983 2228 3240 2299 gaudium

1849 2292 1930 2350 cis
1957 2295 2080 2353 tuis.
2106 2296 2185 2354 Ne
2204 2299 2494 2363 obiecteris
2514 2308 2569 2364 in
2592 2311 2787 2379 turbis,
2809 2328 2909 2371 nec
2929 2292 3255 2380 immodicis.
3275 2292 3449 2385 Adest

1848 2386 1996 2442 enim
2023 2392 2339 2450 commissio
2363 2395 2600 2455 illorum.
2628 2390 2709 2457 Ne
2730 2402 2899 2463 fueris
2924 2410 3212 2471 mediocris
3234 2415 3290 2472 in
3317 2432 3453 2476 con-

1849 2481 2092 2538 tentione
2123 2498 2192 2539 ex
2218 2485 2430 2558 fenore,
2468 2500 2525 2547 et
2545 2508 2652 2550 non
2683 2506 2768 2553 est
2802 2498 2900 2557 tibi
2944 2502 3081 2559 nihil
3123 2506 3180 2563 in
3205 2511 3448 2569 saeculo.

1844 2571 1972 2629 Eris
2006 2575 2154 2632 enim
2183 2578 2400 2638 invidus
2425 2591 2530 2641 tuae
2561 2587 2701 2645 vitae.
2728 2589 3023 2663 Operarius
3048 2600 3299 2661 ebriosus
3334 2621 3446 2665 non

1845 2663 2284 2764 locupletabitur,
2307 2685 2364 2731 et
2392 2667 2485 2748 qui
2517 2684 2729 2752 spernit
2761 2688 2974 2746 modica
3000 2694 3265 2764 paulatim
3293 2663 3443 2760 deci-

1845 2759 1958 2829 det,
2004 2771 2062 2819 et
2104 2764 2363 2827 mulieres
2408 2783 2722 2844 apostatare
2780 2759 3345 2860 faciunt—sapientes,

1846 2866 2086 2928 arguunt
2110 2871 2382 2933 sensatos,
2412 2874 2470 2922 et
2516 2870 2612 2941 qui
2656 2886 2716 2927 se
2746 2870 2930 2948 jungit
2985 2879 3299 2945 fornicariis
3336 2891 3448 2948 erit

1847 2963 2123 3020 nequam;
2152 2957 2384 3026 putredo
2428 2971 2485 3015 et
2514 2964 2717 3021 vermis
2750 2966 3344 3049 haereditabuntiiium,
3383 2992 3444 3041 et

1844 3043 2138 3100 extolletur
2166 3046 2224 3103 in
2250 3051 2558 3123 exemplum
2580 3055 2776 3126 majus,
2799 3070 2858 3116 et
2876 3062 3097 3122 tolletur
3117 3067 3187 3126 de
3210 3043 3443 3132 immero

1844 3133 2027 3189 anima
2054 3133 2193 3205 ejus.
2220 3137 2326 3209 Qui
2353 3144 2528 3199 credit
2551 3146 2661 3204 cito
2688 3149 2823 3207 levis
2849 3155 3013 3213 corde
3036 3168 3141 3226 est,
3171 3170 3228 3218 et
3260 3166 3440 3223 mino-

122 3231 251 3294 Nm
285 3240 674 3311 muniam“,
714 3244 770 3300 in
808 3247 1151 3316 carnalibus,
1200 3250 1591 3321 angustiamini
1640 3267 1737 3308 ³η,
1762 3225 1814 3267 υ
1843 3225 2076 3331 rabitur,
2118 3237 2174 3285 et
2346 3234 2613 3306 delinquit
2647 3240 2704 3296 in
2740 3244 2979 3303 animam
3018 3225 3171 3309 suam
3217 3255 3440 3331 insuper

126 3339 243 3389 tem
262 3330 321 3387 in
349 3332 745 3404 spimmmus.
768 3338 1033 3398 Emam
1060 3349 1243 3398 autem
1267 3317 1536 3400 flammea
1554 3359 1739 3402 rem,
1842 3317 2150 3422 habebitur.
2201 3323 2305 3392 Qui
2335 3330 2550 3422 gaudet
2596 3333 2885 3405 iniquitate
2947 3343 3296 3406 denotabitur
3326 3317 3439 3420 {ei

126 3423 774 3500 nerationem,tanquam
796 3431 923 3488 ﬁliis
940 3433 1067 3490 dico
1089 3434 1390 3491 dilatamini
1407 3446 1464 3491 et
1488 3451 1603 3493 vos.
1628 3435 1737 3493 No—
1835 3411 1931 3510 ξῖυί
1961 3411 2076 3510 om}
2112 3418 2511 3488 θοτνθνίίοηθω
2563 3425 2840 3484 minuetur
2885 3433 3018 3491 νίιαο
3064 3436 3135 3493 Ει
3173 3440 3271 3510 qui
3313 3444 3432 3500 odit

126 3514 222 3573 lite
242 3516 441 3589 iugum
467 3519 666 3579 ducere
690 3538 813 3580 eum
839 3525 1175 3585 inﬁdelibus.
1200 3528 1334 3598 Qum
1359 3538 1540 3586 autem
1566 3532 1735 3601 parti—
1800 3607 1804 3610 Q
1838 3500 2247 3576 ¹⁰ί1υ³⁰ίι³ιθων
2271 3513 2568 3615 Clistiuguit
2594 3518 2876 3615 malitiam.
2906 3525 3009 3594 Qui
3030 3500 3225 3598 peccat
3247 3533 3302 3589 in
3321 3537 3443 3593 aui-

124 3609 570 3681 cipat'iojustitia
588 3631 712 3671 cum
744 3617 1052 3691 iniquitate,
1082 3630 1178 3675 aut
1205 3637 1328 3693 quin
1367 3622 1603 3679 societas
1626 3608 1767 3679 luci'
1800 3607 1816 3671 ξ
1838 3610 2168 3709 ῗξίξξξλίδξιξω
2195 3607 2501 3709 Ρξξθηίξβδίιν
2543 3619 2601 3666 ei
2755 3613 3090 3684 iucundam?
3133 3625 3190 3681 in
3231 3628 3439 3687 malitia

125 3700 195 3755 ad
212 3702 507 3759 ιδιά)ηεῖ
535 3705 667 3774 Quae
690 3688 873 3765 autem
901 3711 1195 3769 conventio
1216 3688 1421 3769 Christi
1436 3715 1506 3770 ad
1524 3714 1736 3775 Belial?
1840 3688 2204 3750 damnum"
2229 3694 2311 3755 Ne
2347 3698 2513 3758 ίίθτθδ
2540 3698 2766 3762 verum
2792 3724 3025 3782 ιιθίιιιδιιι
3055 3724 3111 3772 ει
3136 3716 3350 3787 durum,
3379 3730 3435 3778 ei

120 3790 236 3849 Aut
271 3810 398 3867 qua
425 3811 557 3867 pars
598 3798 743 3855 ﬁdeli
768 3815 893 3857 cum
926 3802 1165 3871 inﬁdeli,
1211 3805 1334 3875 quis
1364 3814 1551 3863 autem
1597 3822 1732 3864 eon-

123 3900 317 3943 sensus
344 3889 552 3961 templo
580 3890 677 3947 Dei
708 3906 834 3948 cum
875 3893 1034 3951 idolis
1056 3895 1082 3948 ‘l
1111 3894 1220 3953 Vos
1253 3897 1398 3953 enim
1432 3897 1567 3955 estis
1598 3908 1736 3955 tem-

121 3978 272 4051 plum
285 3980 389 4039 Dei
407 3982 537 4049 vivi,
558 3984 703 4041 sicut
716 3987 848 4043 dicit
860 3988 1144 4044 Dominus.
1169 3989 1438 4059 Quoniam
1459 3992 1734 4049 inhabita-

121 4071 197 4130 bo
218 4072 276 4128 in
303 4073 438 4141 illis,
456 4085 513 4132 et
534 4077 897 4145 inambuiabo,
929 4089 984 4135 et
1006 4081 1331 4138 eroiilorum
1357 4084 1521 4154 Deus,
1545 4095 1603 4141 et
1628 4086 1733 4159 ipsi

124 4173 287 4222 erunt
312 4167 449 4223 mihi
489 4170 755 4240 populus,
793 4182 1017 4242 propter
1059 4175 1205 4244 quod
1250 4176 1396 4233 exite
1438 4177 1506 4233 de
1554 4179 1733 4235 medio

121 4273 340 4329 eorum,
371 4270 429 4317 et
465 4265 795 4335 separamini
833 4266 900 4321 de
932 4268 1111 4323 medio
1141 4283 1331 4324 eorum
1368 4271 1504 4327 dicit
1547 4271 1732 4328 Domi-

123 4365 250 4418 nus,
271 4360 334 4408 et
353 4352 691 4409 immundum
715 4369 784 4409 ne
806 4355 1111 4424 tetigeritis,
1130 4368 1185 4413 et
1205 4373 1305 4430 ego
1327 4361 1587 4432 recipiam
1610 4378 1730 4431 vos,

1838 3800 1947 3841 non
1989 3788 2371 3849 minoraberis.
2419 3794 2610 3856 Amico
2652 3808 2709 3857 et
2750 3803 2973 3863 inimico
3013 3810 3123 3868 noli
3167 3826 3431 3873 enarrare

1838 3893 2059 3935 sensum
2087 3890 2259 3953 tuum,
2282 3895 2340 3942 et
2361 3886 2409 3944 si
2438 3898 2525 3946 est
2552 3891 2647 3948 tibi
2673 3893 2950 3968 delictum,
2997 3901 3107 3958 noli
3137 3904 3431 3965 cleriudare.

1836 3970 2035 4028 Audiet
2064 3976 2208 4032 enim
2241 3987 2315 4044 te,
2345 3989 2401 4037 et
2432 3985 2702 4041 custodiet
2731 3996 2806 4054 te,
2830 3998 2905 4056 et,
2945 3995 3103 4062 quasi
3138 3996 3433 4057 defendens

1836 4076 2143 4135 peceatum,
2167 4071 2315 4127 odiet
2339 4082 2415 4139 te,
2442 4086 2497 4131 et
2518 4077 2597 4133 sic
2617 4081 2915 4139 adhaerebit
2936 4086 3033 4142 tibi
3061 4104 3298 4161 semper.
3320 4093 3436 4149 Au-

1838 4160 1963 4217 disti
1979 4165 2203 4219 verbum
2225 4168 2490 4227 adversus
2511 4175 2859 4242 proximum?
2887 4160 3279 4242 commoriatur
3306 4190 3361 4243 in
3383 4196 3440 4245 te

1837 4253 2012 4310 ﬁdens
2032 4258 2289 4326 quoniam
2317 4276 2425 4316 non
2454 4272 2505 4319 te
2531 4266 2852 4337 disrumpet,
2879 4288 2908 4325 a
2938 4272 3078 4330 facie
3090 4277 3241 4334 verbi
3256 4287 3439 4350 partu-

1836 4347 1911 4401 rit
1932 4345 2136 4416 fatuus,
2161 4360 2415 4422 tanquam
2452 4357 2684 4425 gemitus
2719 4366 2910 4429 pa'rtus
2954 4366 3197 4425 infantis.
3228 4345 3437 4444 sagitta

124 4453 179 4499 ει
208 4461 307 4501 em
324 4445 484 4501 vobis
512 4447 564 4501 in
588 4456 823 4518 patrem,
855 4456 911 4504 ει
933 4464 1030 4506 vos
1053 4451 1212 4507 ει-ίιίε
1248 4453 1382 4508 mihi
1412 4454 1468 4509 in
1511 4454 1655 4513 ﬁlios
1676 4465 1757 4512 ει,
1835 4439 2006 4497 inﬁxa
2026 4443 2221 4499 femori
2248 4447 2447 4513 carnis,
2466 4449 2545 4505 sic
2569 4453 2795 4508 verbum
2825 4456 2878 4510 in
2905 4459 3067 4516 corde
3093 4462 3263 4518 stulti.
3293 4463 3433 4519 Cor-

124 4535 278 4607 ﬁlias,
323 4538 459 4592 dicit
505 4538 766 4595 Dominus
815 4541 1073 4633 optimus.
1119 4542 1229 4600 Has
1259 4544 1424 4617 igitur
1465 4547 1729 4607 habentes

1846 4533 1955 4604 ripe
1977 4534 2235 4604 amicum,
2277 4554 2347 4594 ne
2372 4539 2519 4596 forte"
2547 4558 2671 4598 cum
2704 4543 2897 4602 fecerit
2946 4551 3196 4621 iniuriam
3236 4564 3291 4610 et
3326 4571 3435 4612 non

1846 4624 2166 4649 insnll..m,-_:s
2236 4630 2355 4649 I:-,.
2409 4630 2475 4649 At,
2557 4636 2579 4649 ο
2643 4636 2654 4647 ι
2781 4646 2787 4649 _
2854 4640 2865 4649 .
2909 4642 2929 4649 ,ι
3054 4645 3063 4649 -
3239 4646 3250 4649 _

120 4631 534 4701 promissiones,
573 4626 922 4702 charissimi,
965 4635 1290 4693 mundemus
1326 4653 1429 4696 nos
1472 4640 1543 4696 ab
1578 4642 1730 4699 omni
1755 4623 1811 4649 ¹¹
1836 4623 2191 4694 intellexerit,
2215 4630 2525 4689 dicat:Non
2550 4636 2678 4702 feci,
2703 4646 2796 4692 aut
2821 4640 2867 4694 si
2901 4642 3112 4711 fecerit,
3134 4660 3202 4700 ne
3236 4646 3432 4702 iterum

119 4724 535 4796 inquinamento
563 4727 744 4783 carnis
766 4735 822 4782 et
845 4727 1102 4799 spiritus,
1147 4730 1491 4801 perﬁcientes
1519 4736 1726 4791 sancti-

120 4816 437 4875 ﬁcationem
461 4818 515 4873 in
541 4819 736 4876 timore
755 4820 855 4876 Dei
879 4819 968 4893 (ΙΙ
994 4819 1117 4877 Cor.
1146 4838 1201 4890 v,
1230 4823 1392 4881 l7-2l
1415 4842 1429 4891 ;
1453 4842 1531 4894 vi,
1556 4827 1723 4896 i-l8;

114 4924 210 4975 vn,
244 4910 328 4983 ι).
358 4928 378 4962 ι
409 4910 665 4969 Errorem
705 4922 953 4969 vestrum
983 4916 1260 4989 corrigite,
1290 4918 1515 4986 fratres,
1558 4929 1616 4977 et
1660 4923 1731 4978 ab

110 5004 263 5059 omni
287 5004 496 5060 erroris
513 5004 724 5063 macula
741 5019 841 5061 vos
861 5008 1154 5076 custodite,
1170 5017 1230 5064 ut
1251 5025 1447 5081 purum
1468 5012 1583 5069 Deo
1607 5028 1726 5069 mu-

109 5109 215 5152 nus
236 5092 446 5152 oﬂ'erre
471 5096 721 5155 valeatis.
739 5093 943 5154 Servos
970 5099 1068 5156 Dei
1099 5101 1268 5157 nolite
1291 5104 1566 5175 persequi.
1595 5105 1726 5176 Epi-

108 5203 314 5260 scopus
334 5188 503 5245 nolite
520 5187 796 5245 infamare
816 5204 990 5261 neque
1013 5205 1293 5261 accusare,
1316 5195 1443 5267 quia
1465 5194 1610 5254 Deus
1628 5212 1727 5255 eos

106 5296 210 5337 suo
232 5280 449 5351 judicio
467 5282 636 5339 voluit
668 5283 959 5338 reservari.
992 5283 1148 5353 Quod
1177 5285 1325 5343 enim
1362 5303 1470 5345 non
1506 5289 1576 5346 ab
1616 5291 1724 5347 hu-

104 5375 322 5434 manis.
354 5384 448 5431 aut
469 5392 650 5434 nravm
672 5376 805 5431 vitae
826 5374 1135 5434 hominibus
1156 5394 1254 5434 eos
1280 5379 1595 5434 depravari.
1628 5392 1727 5434 aut

1839 4719 2001 4775 addat
2020 4722 2222 4780 facere.
2245 4724 2473 4797 Corripe
2494 4732 2800 4801 proximum
2818 4750 2888 4789 ne
2911 4736 3048 4792 forte
3079 4754 3187 4793 non
3214 4741 3455 4806 dixerit,’

1836 4829 1894 4875 et
1919 4820 1965 4876 si
1996 4821 2216 4889 dixerit,
2241 4837 2309 4878 ne
2332 4820 2473 4880 forte
2508 4827 2688 4884 iteret.
2722 4827 2953 4903 Corripe
2984 4834 3248 4900 amicum,
3292 4852 3440 4907 saepe

1836 4912 1983 4968 enim
2013 4915 2072 4969 ﬁt
2099 4916 2434 4982 commissio,
2462 4928 2525 4975 et
2558 4936 2665 4975 non
2702 4921 2851 4975 omni
2889 4926 3057 4982 verbo
3086 4928 3298 4983 credas.
3346 4930 3444 4985 Est

1838 5006 1931 5076 qui
1958 5006 2165 5064 labitur
2200 5010 2255 5066 in
2283 5010 2465 5081 lingua
2516 5031 2635 5081 sua,
2668 5013 2762 5068 sed
2801 5029 2917 5074 non
2958 5037 3024 5078 ex
3062 5022 3263 5077 animo.
3309 5022 3443 5089 Quis

1839 5107 1925 5154 est
1953 5100 2099 5157 enim
2130 5103 2225 5172 qui
2258 5116 2364 5158 non
2394 5100 2697 5181 deliquerit
2730 5104 2784 5159 in
2819 5105 3005 5185 lingua
3046 5113 3180 5170 sua?
3223 5114 3449 5183 Corripe

1837 5195 2147 5261 proximum
2168 5207 2465 5263 antequam
2499 5196 2876 5266 commineris,
2903 5217 2963 5265 ei
2985 5209 3050 5264 da
3073 5206 3246 5261 locum
3271 5208 3449 5261 timori

1835 5285 2125 5354 Αιῑίεείιηίν
2150 5288 2279 5357 (illia
2301 5284 2493 5343 omnis
2530 5288 2789 5362 sapientia
2806 5300 2865 5346 ει
2888 5300 3118 5356 scientia
3140 5297 3299 5351 timor
3322 5297 3447 5362 Dei,

1835 5386 1891 5434 θι
1915 5380 1970 5434 in
1996 5380 2087 5434 illa
2109 5388 2194 5434 est
2210 5382 2402 5434 timere
2426 5377 2643 5434 Deum.
2666 5390 2721 5434 et
2746 5380 2798 5434 in
2811 5392 2969 5434 omni
2995 5387 3254 5434 gestientis]
3277 5388 3454 5434 digno-
