3926 6492
441 475 543 532 251

1300 475 1595 534 APPEND.
1637 475 1732 533 AD
1768 477 1940 536 SAEC.
1983 477 2076 533 1X.
2113 508 2184 520 --
2219 474 2474 536 lSlDORl
2520 477 2966 537 MERCATORIS

3604 489 3695 549 23?.

441 593 717 665 quam‘qui
749 593 989 650 abundat
1016 608 1202 659 sensu,
1225 600 1281 648 et
1310 595 1714 666 transgreditur
1737 595 1909 666 legem
1942 592 2034 648 ΑΙ-
2064 596 2113 656 Α
2142 591 2343 648 militcr
2363 593 2716 650 obsecramur
2739 608 2834 649 vos
2856 595 2909 648 in
2924 593 3153 649 Domino
3181 610 3201 645 ι
3236 600 3295 650 ut
3313 595 3466 670 digne
3485 603 3719 665 ambula;

443 687 657 743 tissimi.
695 685 795 743 Est
823 686 1044 742 solertia
1071 694 1253 752 certa,
1290 695 1343 740 ct
1364 686 1483 757 ipsa
1511 688 1719 759 iniqua,
1752 695 1808 743 et
1833 686 2034 757 estqui

438 780 641 835 emittit
659 774 885 834 verbum
916 786 1125 834 certum
1156 794 1420 835 enarrans
1443 780 1748 836 veritatem.
1798 778 1899 835 Est
1944 779 2037 849 qui

435 872 690 943 nequiter
717 872 965 927 humiliat
1012 886 1104 938 se,
1151 880 1205 926 et
1255 873 1513 928 interiora
1547 872 1665 943 ejus
1699 873 1858 945 plena
1912 881 2036 929 sunt

435 963 580 1019 dolo.
616 964 684 1019 Et
707 971 791 1019 est
806 963 986 1034 justus
1010 963 1104 1034 qui
1144 978 1203 1019 se
1230 964 1461 1020 nimium
1497 963 1771 1020 submittit
1798 979 1830 1020 a
1867 962 2033 1019 multa

432 1054 759 1121 humilitate,
785 1063 842 1111 et
867 1064 951 1111 est
972 1054 1153 1126 justus
1190 1056 1283 1126 qui
1330 1055 1558 1111 inclinat
1603 1054 1821 1121 faciem,
1851 1062 1907 1110 et
1929 1054 2034 1108 fiu-

431 1148 512 1220 git
539 1138 862 1205 non'videre
901 1164 962 1205 se
1007 1149 1151 1220 quod
1185 1149 1494 1218 ignoratum
1519 1158 1623 1205 est.
1654 1148 1722 1203 Et
1748 1147 1794 1203 si
1828 1147 1896 1202 ab
1931 1147 2034 1201 im-

426 1238 728 1295 becillitate
755 1239 953 1294 virium
982 1228 1197 1295 vetetur
1221 1254 1472 1310 peccare,
1512 1241 1559 1295 si
1589 1238 2028 1318 invenerittem-

424 1346 543 1403 pus.
582 1330 959 1389 malefaciendi
1007 1331 1336 1390 malefaciet.
1393 1332 1475 1388 Ex
1518 1332 1639 1389 visu
1685 1331 2031 1403 cognoscitur

424 1413 630 1491 vir,'et
651 1425 719 1481 ab
739 1440 970 1505 occursu
998 1423 1160 1481 faciei
1189 1425 1539 1496 cognoscitur
1580 1433 1850 1492 sensatus,
1896 1424 2033 1478 ami-

425 1525 549 1573 ctus
577 1520 822 1589 corporis
854 1528 911 1575 et
932 1519 1075 1576 risus
1106 1519 1370 1586 dentium,
1396 1528 1452 1575 et
1476 1520 1755 1590 ingressus
1794 1519 2030 1575 hominis

427 1611 679 1667 enuntiat
704 1611 772 1666 de
793 1611 902 1667 illo.
929 1612 1028 1668 Est
1055 1614 1325 1683 correptio
1356 1613 1593 1668 mendax
1625 1612 1681 1667 in
1705 1627 1803 1667 ore
1830 1620 2029 1667 contu-

420 1702 634 1759 meliosi
650 1711 706 1758 et
717 1712 802 1760 est
816 1703 1079 1774 judicium
1094 1706 1238 1775 quod
1261 1721 1367 1761 non
1381 1705 1642 1775 probatur
1657 1718 1778 1761 esse
1797 1702 2025 1771 bonum,

427 1804 486 1853 et
523 1806 609 1852 est
636 1781 844 1864 tacens,
873 1804 926 1851 et
941 1797 1055 1867 ipse
1095 1806 1176 1853 est
1210 1797 1467 1869 prudens.
1506 1798 1679 1866 Quam
1710 1798 1913 1853 bonum
1943 1802 2031 1851 est

422 1905 652 1962 arguere
683 1906 843 1961 quam
874 1891 1057 1955 irasci,
1087 1900 1143 1946 et
1171 1892 1519 1948 confitentem
1555 1892 1609 1947 in
1640 1892 1888 1947 oratione
1914 1904 2026 1947 non

2149 685 2221 741 tis
2248 685 2532 741 vocatione
2582 700 2686 755 qua
2733 685 2909 742 vocati
2939 686 3072 742 estis
3100 702 3223 742 cum
3253 689 3397 745 omni
3423 690 3697 757 humilitate

2140 785 2196 834 et
2219 776 2650 841 mansuetudine,
2667 792 2792 833 cum
2814 777 3079 849 patientia
3101 779 3333 837 invicem
3351 795 3695 856 supportantes

2139 868 2195 924 in
2250 870 2535 937 charitate,
2587 869 2804 926 solliciti
2851 872 3377 929 servare'unitatem
3421 878 3627 947 spiritus
3653 884 3698 940 in

2137 959 2354 1016 vinculo
2379 961 2551 1031 pacis,
2579 977 2746 1017 unum
2775 977 2992 1040 corpus~
3016 972 3073 1019 et
3116 979 3259 1021 unus
3305 966 3540 1038 spiritus,
3583 973 3702 1031 sicut

2136 1051 2317 1109 vocati
2346 1053 2479 1109 estis
2509 1052 2562 1108 in
2596 1069 2701 1109 una
2727 1068 2823 1124 spe
2854 1054 3156 1112 vocationis
3180 1064 3394 1122 vestrae,
3445 1075 3576 1118 unus
3612 1064 3700 1121 Do-

2137 1144 2340 1211 minus,
2368 1159 2479 1200 una
2508 1144 2668 1213 ﬁdes,
2695 1162 2863 1201 unum
2888 1146 3181 1217 baptisma,
3212 1164 3350 1205 unus
3373 1150 3530 1222 Deus,
3551 1163 3602 1210 et
3618 1154 3702 1213 Pa-

2138 1245 2221 1292 ter
2251 1236 2516 1304 omnium,
2539 1238 2632 1308 qui
2663 1252 2827 1309 super
2847 1253 3057 1304 omnes,
3079 1247 3135 1296 et
3163 1255 3262 1312 per
3290 1243 3490 1311 omnia,
3520 1244 3571 1302 in
3598 1261 3696 1303 om-

2137 1324 2300 1381 nibus
2325 1325 2499 1383 nobis.
2522 1325 2821 1398 Unicuique
2836 1337 3018 1385 autem
3031 1339 3279 1387 nostrum
3304 1332 3427 1388 data
3451 1343 3530 1390 est
3554 1338 3701 1407 gratia

2135 1418 2431 1474 secundum
2447 1435 2755 1477 mensuram
2773 1421 3082 1479 donationis
3102 1422 3325 1491 Christi,
3348 1436 3565 1497 propter
3579 1432 3700 1500 quod

2136 1508 2270 1565 dicit
2296 1509 2645 1568 :Ascendens
2688 1512 2745 1567 in
2772 1512 2941 1569 altum
2972 1515 3243 1585 captivam
3278 1517 3429 1573 duxit
3455 1522 3705 1591 captivita-

2135 1607 2268 1668 tem,
2301 1602 2447 1659 dedit
2483 1600 2633 1659 bona
2671 1594 2999 1662 hominibus.
3053 1605 3208 1674 Quod
3255 1618 3435 1666 autem
3466 1613 3702 1681 ascendit,

2063 1694 2066 1699 ’
2133 1692 2266 1762 quid
2291 1702 2376 1749 est
2406 1694 2511 1750 nisi
2537 1695 2663 1765 quia
2688 1704 2744 1751 et
2769 1696 3047 1752 descendit
3072 1697 3310 1766 primum
3340 1700 3394 1754 in
3438 1700 3696 1758 inferiores

2132 1795 2317 1857 partes
2351 1796 2528 1842 terrae.
2556 1786 2659 1855 Qui
2689 1788 2970 1845 descendit
2994 1790 3110 1859 ipse
3153 1798 3238 1846 est
3263 1801 3320 1846 et
3346 1792 3438 1862 qui
3477 1796 3696 1850 ascendit

2134 1892 2301 1948 super
2329 1893 2520 1934 omnes
2560 1878 2726 1935 caelos
2751 1920 2767 1947 ,
2792 1876 2870 1934 ut
2898 1879 3219 1951 adimpleret
3251 1883 3455 1938 omnia.
3505 1884 3571 1939 Et
3608 1885 3706 1956 ipse

419 1983 717 2054 prohibere
742 1984 756 2038 !
788 1983 1240 2055 Concupiscentia
1269 1984 1527 2055 spadonis
1556 1983 1919 2055 devirginavit
1942 1982 2011 2054 ju-

2135 1969 2283 2025 dedit
2332 1970 2595 2040 quosdam
2637 1972 2857 2041 quidem
2898 1973 3203 2044 apostolos,
3246 1977 3509 2045 quosdam
3548 1987 3705 2034 autem

416 2073 701 2130 venculam
721 2115 737 2140 ,
786 2074 865 2130 sic
893 2075 986 2146 qui
1033 2074 1164 2131 facit
1196 2090 1295 2146 per
1322 2076 1433 2131 vim
1460 2074 1724 2145 judicium
1756 2075 2023 2146 iniquum.

419 2164 596 2232 Quam
617 2165 818 2222 bonum
850 2176 934 2222 est
961 2177 1215 2239 correpto
1242 2165 1595 2223 manifestare
1618 2168 2022 2239 paenitentiam,

415 2259 501 2316 sic
529 2260 676 2337 enim
709 2257 932 2332 effugies
961 2260 1334 2316 voluntarium
1362 2271 1666 2331 peccatum.
1712 2260 1809 2316 Est
1836 2270 2024 2315 tacens

415 2351 510 2421 qui
543 2351 822 2407 invenitur
849 2352 1090 2424 sapiens,
1121 2361 1179 2408 et
1220 2361 1306 2408 est
1332 2351 1547 2408 odibilis
1575 2352 1668 2422 qui
1697 2366 1898 2423 procax
1942 2358 2026 2407 est
2056 2364 2057 2367 ‘

413 2442 485 2498 ad
514 2443 867 2521 loquendum.
897 2444 994 2500 Est
1020 2455 1197 2500 autem
1220 2453 1409 2500 tacens
1428 2459 1535 2499 non
1561 2443 1772 2499 habens
1802 2457 2021 2498 sensum
2056 2444 2059 2451 “

412 2535 669 2607 loquelae,
702 2546 786 2594 est
813 2548 869 2594 et
901 2546 1093 2595 tacens
1126 2548 1359 2609 tempus,
1392 2534 1581 2595 sciens
1600 2537 1711 2608 apti
1736 2537 2020 2607 temporis.

410 2626 588 2684 Homo
633 2629 850 2702 sapiens
899 2631 1101 2686 tacebit
1150 2645 1324 2701 usque
1370 2631 1437 2686 ad
1484 2619 1737 2701 tempus,
1787 2628 2024 2684 lascivus

413 2722 682 2775 autemet
703 2721 1018 2792 imprudens
1045 2736 1154 2776 non
1182 2720 1422 2777 servabit
1447 2730 1679 2793 tempus.
1708 2720 1809 2788 Qui
1835 2719 2022 2776 multis

409 2811 586 2866 utitur
606 2812 789 2868 verbis
822 2813 967 2869 laedit
1006 2813 1244 2868 animam
1273 2828 1450 2880 suam,
1498 2823 1553 2870 et
1579 2814 1668 2884 qui
1694 2821 2018 2884 potestatem

411 2904 519 2961 sibi
552 2907 778 2963 assumit
818 2906 1017 2976 injuste
1044 2908 1279 2965 odietur.
1330 2909 1426 2965 Est
1464 2911 1742 2982 processio
1770 2911 1827 2967 in
1858 2910 2018 2968 malis

409 2997 533 3053 viro
557 2997 981 3070 indisciplinato,
1009 3008 1066 3056 et
1091 3009 1174 3056 est
1220 3000 1461 3058 inventio
1496 3002 1553 3057 in
1604 3002 2015 3060 detrimentum.

408 3085 513 3144 Est
538 3082 729 3145 datum
749 3090 894 3161 quod
938 3105 1048 3147 non
1090 3099 1175 3146 est
1203 3091 1361 3159 utile,
1392 3100 1447 3148 et
1476 3102 1560 3149 est
1604 3092 1812 3160 datum,
1862 3091 2015 3162 cuius

407 3178 701 3236 retributio
729 3180 946 3252 duplex,
979 3180 1076 3238 sed
1094 3191 1319 3252 propter
1347 3182 1576 3254 gloriam
1615 3185 1927 3252 minoratio,
1959 3192 2015 3240 et

408 3280 497 3329 est
519 3273 615 3344 qui
638 3272 708 3330 ah
736 3271 1041 3328 humilitate
1078 3272 1278 3330 levabit
1325 3286 1503 3346 caput.
1553 3275 1650 3332 Est
1701 3276 1796 3347 qui
1839 3275 2011 3332 multa
2048 3272 2052 3277 ’

2130 2062 2448 2132 prophetas,
2477 2062 2613 2119 alios
2635 2078 2766 2120 vero
2785 2065 3166 2137 evangelistas,
3193 2066 3331 2124 alios
3353 2076 3528 2124 autem
3547 2079 3705 2142 pasto-

2129 2170 2219 2212 res
2245 2166 2302 2212 et
2345 2158 2595 2214 doctores
2641 2158 2711 2214 ad
2755 2160 3282 2217 consummationem
3310 2173 3612 2219 sanctorum
3657 2166 3703 2219 in

2128 2265 2266 2322 opus
2294 2251 2620 2320 ministerii,
2652 2253 2708 2309 in
2737 2254 3148 2310 aedificationem
3205 2254 3453 2327 corporis
3501 2254 3701 2323 Christi,

2129 2343 2305 2399 donec
2327 2359 2682 2401 occurramus
2704 2361 2895 2402 omnes
2920 2346 2974 2401 in
3015 2347 3283 2404 unitatem
3308 2348 3466 2416 fidei,
3494 2359 3547 2405 et
3571 2349 3703 2422 agni-

2129 2436 2292 2493 tionis
2321 2437 2447 2492 Filii
2498 2438 2593 2494 Dei
2636 2438 2691 2493 in
2725 2439 2903 2495 virum
2934 2439 3258 2511 perfectum,
3308 2442 3366 2497 in
3414 2457 3698 2499 mensuram

2125 2531 2304 2586 aetatis
2331 2530 2682 2600 plenitudinis
2712 2530 2937 2599 Christi,
2966 2540 3025 2586 ut
3045 2530 3158 2602 jam
3184 2550 3294 2589 non
3318 2534 3490 2589 simus
3510 2532 3697 2605 parvuli

2123 2624 2466 2693 ﬂuctuantes,
2506 2636 2562 2682 et
2602 2627 3053 2684 circumferamur
3081 2630 3229 2684 omni
3263 2639 3426 2685 vento
3467 2630 3701 2686 doctrina:

2122 2718 2178 2773 in
2213 2719 2454 2790 nequitia
2478 2718 2781 2787 hominum,
2812 2720 2865 2775 in
2888 2721 3086 2776 astutia
3112 2722 3180 2778 ad
3201 2723 3699 2779 circumventioneut

2121 2812 2326 2867 erroris
2354 2810 2515 2884 (Eph.
2545 2827 2620 2877 tv,
2645 2810 2672 2865 1
2700 2821 2748 2866 et
2770 2814 2927 2885 θείῃ).
2955 2831 2976 2865 ι
3004 2814 3081 2869 De
3112 2814 3344 2870 occultis
3370 2815 3514 2871 enim
3539 2813 3699 2870 cordis

2119 2902 2283 2959 alieni
2308 2912 2514 2958 temere
2536 2902 2785 2973 judicare
2807 2898 3049 2975 iniquum
3071 2915 3157 2962 est
3183 2917 3241 2963 et
3268 2923 3394 2964 eum
3426 2908 3575 2979 cujus
3608 2923 3701 2964 non

2118 2995 2372 3052 videntur
2401 2995 2504 3051 nisi
2531 3011 2697 3067 opera
2716 2996 2879 3063 bona,
2906 3008 3191 3069 peccatum
3214 3011 3304 3058 est
3328 3018 3398 3058 ex
3418 3002 3699 3073 suspicione

2114 3088 2533 3159 reprehendere.
2566 3087 2709 3144 Oves
2733 3104 2864 3162 ergo
2893 3106 3014 3162 quae
3037 3094 3244 3163 pastori
3291 3110 3392 3151 suo
3414 3094 3698 3152 commissa:

2116 3188 2266 3249 sunt,
2293 3196 2420 3236 eum
2456 3195 2559 3236 nec
2582 3182 2983 3253 reprehendere
3012 3184 3141 3255 (nisi
3165 3201 3195 3240 a
3239 3195 3395 3242 recta
3424 3186 3530 3243 fide
3555 3200 3696 3241 exor-

2118 3272 2400 3345 bitaverit)
2440 3273 2671 3341 debent,
2708 3288 2810 3330 nec
2852 3273 3123 3333 ullatenus
3167 3294 3432 3336 accusare
3475 3285 3698 3350 possunt,

406 3362 645 3418 redimat
687 3362 902 3419 modico
929 3362 1125 3434 pretio,
1152 3371 1208 3420 et
1247 3374 1333 3420 est
1379 3366 1670 3423 restituens
1714 3382 1780 3423 ea
1824 3377 2012 3439 septu-
2040 3353 2083 3417 C
2117 3367 2244 3438 quia
2283 3365 2427 3423 facta
2455 3376 2739 3438 pastorum
2772 3367 2885 3424 oris
2928 3368 3105 3441 gladio
3151 3371 3399 3429 ferienda
3437 3388 3547 3430 non
3570 3379 3698 3437 sunt,

405 3451 577 3524 plum.
608 3451 839 3525 Sapiens
887 3455 943 3510 in
996 3455 1179 3512 verbis
1217 3456 1456 3528 seipsum
1502 3457 1788 3516 amabilem
1834 3459 2005 3530 facit,

405 3545 599 3616 gratia:
622 3553 803 3601 autem
833 3543 1107 3601 fatuorum
1133 3544 1501 3616 effundentur,
1538 3550 1723 3605 datum
1751 3550 2009 3621 insipien-

407 3636 480 3691 tis
501 3651 613 3693 non
650 3636 759 3693 erit
785 3637 916 3694 utile
944 3637 1062 3694 tibi.
1100 3637 1255 3695 Oculi
1282 3641 1426 3695 enim
1457 3640 1603 3698 illius
1621 3641 2004 3714 septemplices
2046 3667 2050 3672 ’

410 3734 563 3784 sunt.
591 3729 800 3802 Exigua
831 3730 1004 3797 dabit,
1033 3740 1090 3787 et
1128 3731 1297 3787 multa
1326 3731 1740 3803 improperabit,
1762 3741 1817 3789 et
1841 3749 2002 3804 aper-

407 3820 486 3877 tio
504 3821 618 3878 oris
639 3821 783 3877 illius
808 3821 1165 3879 inflammatio
1194 3830 1297 3888 est,
1324 3823 1488 3879 hodie
1533 3822 1750 3880 fenerat
1776 3826 1921 3896 quis,
1950 3836 2006 3882 et

407 3928 533 3969 cras
586 3913 829 3991 expetit,
872 3924 931 3970 et
981 3914 1197 3970 odibilis
1248 3916 1412 3970 homo
1457 3915 1785 3987 hujusmodi.
1830 3916 2006 3973 Fatuo

405 4022 519 4063 non
544 4004 650 4063 erit
670 4021 914 4073 amicus,
948 4022 1003 4065 et
1027 4022 1135 4064 non
1162 4008 1268 4063 erit
1309 3995 1483 4080 gloria
1518 4006 1677 4064 bonis
1707 4008 1869 4065 illius.
1903 4009 2005 4078 Qui

404 4099 554 4155 enim
580 4099 751 4155 edunt
770 4114 966 4171 panem
988 4098 1150 4167 illius,
1167 4098 1314 4154 falsae
1339 4099 1536 4173 lingua:
1555 4110 1699 4166 sunt,
1724 4102 1932 4171 quoties
1952 4112 2005 4158 et

404 4191 596 4263 quanti
616 4190 921 4246 irridebunt
954 4207 1079 4247 eum
1112 4192 1124 4245 l
1155 4206 1331 4263 neque
1354 4192 1502 4247 enim
1527 4193 1672 4264 quod
1693 4192 2001 4250 habendum

406 4294 528 4342 erat
559 4286 767 4342 directo
799 4300 962 4342 sensu
998 4285 1298 4352 distribuit,
1322 4285 1573 4343 similiter
1618 4295 1676 4341 et
1701 4288 1844 4358 quod
1893 4304 2002 4344 non

402 4384 527 4431 erat
554 4375 882 4432 habendum.
908 4374 1121 4446 Lapsus
1141 4376 1292 4433 falsae
1314 4377 1514 4450 linguae
1544 4378 1697 4448 quasi
1730 4380 1825 4448 qui
1850 4394 1881 4434 a
1908 4395 2004 4451 pa-

400 4469 646 4524 vimento
677 4469 899 4535 cadens,
936 4470 1017 4525 sic
1055 4485 1214 4526 casus
1238 4469 1510 4526 malorum
1557 4469 1884 4527 festinanter
1903 4488 2002 4529 ve-

397 4558 575 4617 nient.
606 4558 780 4616 Homo
808 4560 1053 4632 ingratus
1083 4562 1240 4633 quasi
1270 4562 1455 4619 fabula
1478 4579 1619 4619 vana
1650 4565 1706 4620 in
1731 4580 1826 4620 ore
1856 4564 1999 4620 indi-

397 4650 810 4722 sciplinatorum
841 4651 1056 4707 assidua
1093 4652 1214 4707 erit.
1269 4652 1367 4708 Ex"
1387 4667 1483 4710 ore
1526 4652 1663 4708 fatui
1692 4653 2004 4725 reprobabi-
2036 4692 2037 4695 η

2113 3474 2428 3533 quanquam
2453 3468 2605 3516 recte
2631 3460 3079 3530 reprehendenda
3105 3462 3416 3521 videantur.

2183 3556 2311 3612 Ideo
2339 3556 2446 3612 ista
2471 3556 2726 3623 dicimus,
2773 3556 2901 3627 quia
2926 3556 2983 3612 in
3022 3559 3314 3631 scripturis
3346 3564 3542 3620 vestris
3568 3578 3701 3634 repc'

2112 3647 2286 3702 rimus
2310 3646 2579 3717 quosdam
2600 3648 2885 3718 episcopos
2914 3650 3116 3706 nostris
3161 3652 3218 3706 in
3259 3655 3512 3725 partibus
3538 3670 3567 3709 a
3588 3667 3700 3724 pro-

2109 3741 2244 3810 priis
2268 3740 2461 3797 ovibus
2479 3750 2784 3807 accusatos,
2800 3741 3012 3813 aliquos
3031 3743 3287 3801 videlicet
3305 3762 3376 3802 ex
3389 3747 3697 3818 suspicione,

2109 3843 2165 3888 et
2190 3831 2405 3903 aliquos
2434 3847 2503 3887 ex
2531 3842 2683 3888 certa
2715 3834 2946 3890 ratione.
2974 3835 3043 3891 Et
3071 3836 3278 3894 idcirco
3301 3841 3563 3911 quosdam
3593 3851 3699 3894 esse

2110 3926 2274 3980 rebus
2298 3924 2412 3981 suis
2432 3925 2783 3996 exspoliatos,
2809 3928 3070 3997 quosdam
3101 3944 3233 3986 vero
3263 3946 3296 3985 a
3324 3933 3544 4003 propria
3588 3931 3699 3987 sede

2106 4017 2310 4087 pulsos.
2330 4015 2477 4084 Quos
2513 4016 2718 4082 sciatis,
2743 4033 2846 4073 nec
2886 4017 2951 4072 ad
2971 4020 3237 4090 synodum
3288 4021 3699 4096 comprovincia-

2106 4111 2235 4179 lem,
2258 4127 2359 4168 nec
2379 4113 2449 4167 ad
2475 4111 2782 4184 generalem
2802 4126 2961 4180 posse
2981 4114 3190 4181 vocari,
3205 4131 3310 4173 nec
3333 4118 3391 4172 in
3413 4115 3608 4187 aliquid
3622 4114 3698 4184 ju-
3730 4136 3734 4140 θ

2107 4204 2290 4260 dicare
2317 4212 2610 4273 antequam
2642 4212 2837 4258 cuncta
2864 4218 2985 4273 qua:
3010 4205 3092 4260 eis
3115 4207 3333 4264 sublata
3355 4217 3484 4265 sunt
3507 4205 3696 4279 legibus

2103 4284 2362 4357 potestati
2393 4297 2584 4339 eorum
2613 4283 3072 4354 redintegrentur.
3111 4284 3273 4344 Prius
3313 4304 3451 4361 ergo
3497 4295 3696 4358 oportet

2104 4376 2287 4432 omnia
2310 4374 2416 4431 illis
2443 4375 2652 4446 legibus
2684 4377 3040 4448 redintegrari
3057 4420 3073 4447 ,
3102 4389 3157 4435 et
3184 4380 3466 4439 Ecclesias
3491 4398 3607 4454 qua:
3625 4380 3695 4435 eis

2104 4470 2328 4526 sublata:
2357 4477 2484 4526 sunt
2506 4484 2632 4525 cum
2651 4471 2798 4525 omni
2818 4471 3101 4545 privilegio
3125 4490 3225 4532 suo
3246 4478 3468 4534 restitui
3491 4490 3570 4546 et,
3587 4480 3698 4547 post

2104 4563 2323 4619 modum
2353 4578 2461 4617 non
2490 4562 2590 4619 sub
2620 4572 2834 4635 angusti
2866 4566 3127 4637 temporis
3146 4569 3352 4639 Spatio,
3375 4570 3472 4626 sed
3495 4577 3695 4623 tantum

2107 4654 2369 4726 temporis
2410 4654 2643 4725 spatium
2674 4655 2755 4709 eis
2798 4655 3164 4727 indulgeatur,
3215 4670 3489 4730 quantum
3518 4670 3696 4730 exspo-

401 4754 493 4802 tur
529 4746 809 4816 parabola,
836 4762 945 4803 non
975 4746 1121 4803 enim
1150 4748 1278 4804 dicit
1322 4748 1471 4805 illam
1513 4750 1570 4805 in
1607 4759 1850 4821 tempore
1878 4766 1998 4807 suo.
2027 4735 2081 4795 D
2106 4746 2221 4802 liati
2250 4746 2335 4802 vel
2355 4745 2565 4816 expulsi
2587 4760 2711 4802 esse
2749 4747 3003 4803 videntur
3033 4759 3328 4823 antequam
3353 4754 3424 4809 ad
3446 4738 3705 4825 synodum

399 4825 500 4898 Est
528 4842 620 4912 qui
644 4851 858 4898 vetatur
877 4858 1107 4914 peccare
1133 4843 1202 4899 ab
1225 4844 1430 4915 inopia,
1473 4852 1530 4901 et
1558 4844 1615 4900 in
1663 4846 1852 4917 requie
1901 4861 2000 4901 sua

400 4934 788 4990 stimulahitur.
818 4936 915 4991 Est
935 4935 1030 5006 qui
1052 4935 1243 5007 perdet
1271 4936 1510 4991 animam
1547 4951 1702 4992 suam
1742 4951 1843 5007 pro
1868 4950 1998 4992 con-
2034 4982 2037 4987 λ

398 5023 636 5093 fusione,
665 5035 719 5081 et
746 5028 814 5083 ab
841 5027 1170 5099 imprudenti
1199 5042 1431 5099 persona
1454 5028 1646 5097 perdet
1680 5042 1822 5093 eam,
1870 5041 1997 5097 per-

398 5133 550 5177 sonae
577 5128 760 5175 autem
796 5122 1111 5191 acceptione
1135 5121 1324 5192 perdet
1361 5136 1439 5175 se.
1488 5120 1582 5175 Est
1610 5120 1702 5189 qui
1728 5134 1842 5190 prae
1861 5134 1992 5175 con-

399 5212 614 5269 fusione
639 5214 907 5285 promittit
929 5230 1027 5286 pro
1064 5216 1262 5282 amico,
1289 5222 1347 5269 et
1369 5213 1611 5269 lucratus
1636 5223 1719 5269 est
1741 5229 1865 5268 eum
1892 5212 1991 5267 ini-

399 5308 605 5365 micum
634 5308 819 5378 gratis.
854 5304 1216 5379 Opprobrium
1243 5308 1388 5364 enim
1431 5322 1662 5378 nequam
1689 5307 1744 5361 in
1773 5305 1991 5361 homine

398 5400 767 5467 mendacium,
788 5407 846 5454 et
873 5399 927 5455 in
957 5415 1053 5456 ore
1080 5401 1604 5472 iudisciplinatorum
1625 5399 1840 5455 assidue
1859 5399 1983 5454 erit.

396 5492 612 5550 Laudat
631 5491 809 5548 furem
835 5491 1128 5547 assiduitas
1155 5492 1259 5549 viri
1287 5492 1582 5559 mendacis,
1628 5491 1985 5563 perditionem

397 5595 580 5644 autem
611 5587 772 5644 ambo
798 5585 1214 5642 haereditabunt.
1243 5586 1419 5644 Mores
1455 5588 1733 5643 hominum
1762 5587 1984 5643 menda-

2105 4846 2494 4903 convocentur,
2515 4845 2571 4892 et
2595 4837 2665 4892 ab
2683 4838 2938 4894 omnibus
2948 4840 3252 4912 quibusque
3277 4858 3397 4899 suae
3416 4840 3694 4915 provincia

2103 4930 2373 5002 episcopis
2403 4930 2714 4985 audiantur.
2748 4929 2881 4985 Nam
2911 4947 3013 4987 nec
3039 4935 3334 4989 convocari
3357 4936 3428 4992 ad
3460 4948 3686 4996 causam,

2102 5039 2203 5081 nec
2250 5022 2534 5094 dijudicari
2580 5030 2755 5093 potest
2785 5024 3117 5093 exspoliatus
3146 5024 3231 5080 vel
3262 5027 3549 5098 expulsus,
3577 5024 3692 5097 quia

2099 5134 2209 5174 non
2224 5126 2309 5173 est
2326 5116 2687 5188 privilegium,
2703 5131 2813 5186 quo
2828 5116 3120 5187 exspoliari
3135 5117 3432 5188 possitjam
3448 5119 3688 5175 nudatus.

2104 5211 2259 5267 Unde
2298 5220 2352 5266 et
2399 5210 2699 5280 antiquitus
2737 5210 3013 5266 decretum
3041 5219 3142 5279 est,
3174 5220 3236 5267 ut
3261 5227 3462 5271 omnes
3491 5226 3693 5287 posses-

2100 5308 2305 5371 siones,
2332 5318 2385 5358 et
2412 5303 2597 5357 omnia
2622 5302 2727 5358 sibi
2764 5302 2978 5358 sublata
3007 5312 3169 5373 atque
3211 5303 3434 5362 fructus
3480 5312 3692 5362 cunctos

2099 5407 2226 5455 ante
2252 5399 2401 5454 litem
2430 5405 2789 5453 contestatam
2818 5404 3120 5467 praeceptor
3145 5396 3228 5453 vel
3252 5399 3483 5468 primas.
3495 5411 3693 5472 posses-

2096 5491 2207 5547 sori
2230 5489 2500 5546 restituat.
2527 5488 2597 5543 Et
2619 5488 2748 5543 alibi
2775 5489 3038 5558 scriptum
3058 5488 3326 5545 habetur:
3356 5490 3456 5546 llle
3476 5490 3569 5561 qui
3593 5489 3693 5544 vio-

2092 5583 2315 5638 lentiam
2331 5579 2552 5653 pertulit
2571 5578 2823 5635 universa
2836 5578 2892 5632 in
2904 5587 3051 5634 statu
3076 5594 3183 5650 quo
3204 5578 3433 5637 fuerant
3454 5582 3689 5653 recipiat,

398 5678 545 5735 cium
566 5681 684 5737 sine
712 5681 941 5747 honore,
970 5688 1027 5735 et
1050 5677 1296 5736 confusio
1317 5679 1535 5736 illorum
1564 5694 1687 5736 cum
1709 5678 1843 5749 ipsis
1869 5678 1987 5735 sine
2089 5683 2279 5745 etquae
2306 5672 2545 5744 possidet
2569 5685 2797 5728 securus
2823 5680 3022 5726 teneat.
3046 5670 3114 5725 Et
3140 5671 3266 5726 alibi
3296 5690 3312 5726 :
3338 5671 3399 5727 ln
3422 5670 3689 5746 synodali-

397 5767 802 5829 intermissione
816 5769 1005 5844 (Εεοιί.
1018 5786 1173 5839 xvut,
1189 5770 1377 5838 30-55;
1393 5771 1661 5839 armi-28;
1680 5772 1924 5843 ιδιά-28)
1934 5812 1946 5825 .
1960 5790 1979 5825 ι

471 5861 601 5930 Vos,
625 5865 842 5931 fratres,
875 5866 1225 5921 admonemus
1258 5862 1540 5933 profutura
1568 5864 1876 5921 hominibus
1898 5864 1982 5919 in-

403 5959 580 6015 vicem
605 5956 974 6016 indesinenter
995 5958 1194 6017 sectari
1226 5957 1281 6014 in
1311 5956 1576 6014 charitate
1621 5956 1861 6026 Christi,
1913 5958 1981 6014 si-

2088 5768 2191 5823 bus
2219 5765 2440 5822 Patrum
2469 5765 2719 5831 decretis,
2750 5773 2806 5820 et
2834 5778 3024 5835 regum
3064 5762 3261 5819 edictis
3290 5763 3496 5836 legitur
3523 5773 3685 5822 statu-

2091 5867 2204 5913 tum
2230 5875 2242 5912 :
2268 5857 2701 5928 Redintegranda
2730 5863 2858 5911 sunt
2880 5856 3063 5911 omnia
3089 5854 3415 5929 exspoliatis
3460 5857 3546 5914 vel
3587 5857 3686 5927 eje-

2091 5952 2194 6009 ctis
2222 5951 2493 6022 episcopis
2521 5949 2971 6020 poenitentialiter
2996 5950 3353 6008 ordinatione
3378 5952 3682 6034 pontificum
