  <div class='ocr_page' id='page_1' title='image "/cluster/home/n/w/nwhite01/storage/ocr_20150623/130/hvd.32044015471717/146.png"; bbox 0 0 3926 6436; ppageno 0'>
   <div class='ocr_carea' id='block_1_1' title="bbox 232 456 345 514">
    <p class='ocr_par' dir='ltr' id='par_1_1' title="bbox 232 456 345 514">
     <span class='ocr_line' id='line_1_1' title="bbox 232 456 345 514; baseline 0 0"><span class='ocrx_word' id='word_1_1' title='bbox 232 456 345 514; x_wconf 69' lang='lat'><strong>253</strong></span> 
     </span>
    </p>
   </div>
   <div class='ocr_carea' id='block_1_2' title="bbox 1443 465 2383 534">
    <p class='ocr_par' dir='ltr' id='par_1_2' title="bbox 1443 465 2383 534">
     <span class='ocr_line' id='line_1_2' title="bbox 1443 465 2383 534; baseline 0.014 -13"><span class='ocrx_word' id='word_1_2' title='bbox 1443 465 1943 526; x_wconf 79' lang='lat' dir='ltr'><strong>DECRETALIUM</strong></span> <span class='ocrx_word' id='word_1_3' title='bbox 1981 470 2383 534; x_wconf 84' lang='lat' dir='ltr'><strong>COLLECTIO.</strong></span> 
     </span>
    </p>
   </div>
   <div class='ocr_carea' id='block_1_3' title="bbox 3381 486 3512 542">
    <p class='ocr_par' dir='ltr' id='par_1_3' title="bbox 3381 486 3512 542">
     <span class='ocr_line' id='line_1_3' title="bbox 3381 486 3512 542; baseline 0 0"><span class='ocrx_word' id='word_1_4' title='bbox 3381 488 3385 492; x_wconf 84' lang='grc'><em>’</em></span> <span class='ocrx_word' id='word_1_5' title='bbox 3403 486 3512 542; x_wconf 74' lang='grc'><strong>254</strong></span> 
     </span>
    </p>
   </div>
   <div class='ocr_carea' id='block_1_4' title="bbox 232 568 3514 674">
    <p class='ocr_par' dir='ltr' id='par_1_4' title="bbox 232 568 3514 674">
     <span class='ocr_line' id='line_1_4' title="bbox 232 568 3514 674; baseline 0.011 -52"><span class='ocrx_word' id='word_1_6' title='bbox 232 578 293 623; x_wconf 91' lang='lat' dir='ltr'><strong>et</strong></span> <span class='ocrx_word' id='word_1_7' title='bbox 321 568 372 674; x_wconf 73' lang='lat' dir='ltr'><strong>in</strong></span> <span class='ocrx_word' id='word_1_8' title='bbox 401 583 589 626; x_wconf 88' lang='lat' dir='ltr'><strong>eorum</strong></span> <span class='ocrx_word' id='word_1_9' title='bbox 619 574 785 647; x_wconf 10' lang='lat' dir='ltr'><strong>unde,</strong></span> <span class='ocrx_word' id='word_1_10' title='bbox 819 576 1204 674; x_wconf 39' lang='lat' dir='ltr'><strong>abs-cesserunt</strong></span> <span class='ocrx_word' id='word_1_11' title='bbox 1228 579 1353 674; x_wconf 10' lang='lat' dir='ltr'><strong>loca;</strong></span> <span class='ocrx_word' id='word_1_12' title='bbox 1390 579 1643 674; x_wconf 77' lang='lat' dir='ltr'><strong>funditus</strong></span> <span class='ocrx_word' id='word_1_13' title='bbox 1676 596 1828 641; x_wconf 80' lang='lat' dir='ltr'><strong>revo-</strong></span> <span class='ocrx_word' id='word_1_14' title='bbox 1853 584 1908 646; x_wconf 79' lang='grc' dir='ltr'><strong>Α</strong></span> <span class='ocrx_word' id='word_1_15' title='bbox 1931 584 2017 641; x_wconf 90' lang='lat' dir='ltr'><strong>nis</strong></span> <span class='ocrx_word' id='word_1_16' title='bbox 2042 588 2477 659; x_wconf 83' lang='lat' dir='ltr'><strong>populus,Amen</strong></span> <span class='ocrx_word' id='word_1_17' title='bbox 2509 594 2689 667; x_wconf 85' lang='lat' dir='ltr'><strong>(Deut.</strong></span> <span class='ocrx_word' id='word_1_18' title='bbox 2714 598 3013 672; x_wconf 62' lang='lat' dir='ltr'><strong>xxvu,l7).</strong></span> <span class='ocrx_word' id='word_1_19' title='bbox 3044 618 3063 652; x_wconf 75' lang='grc' dir='ltr'><strong><em>ι</em></strong></span> <span class='ocrx_word' id='word_1_20' title='bbox 3093 598 3241 656; x_wconf 84' lang='lat' dir='ltr'><strong>Talia</strong></span> <span class='ocrx_word' id='word_1_21' title='bbox 3256 614 3387 674; x_wconf 83' lang='lat' dir='ltr'><strong>ergo</strong></span> <span class='ocrx_word' id='word_1_22' title='bbox 3406 614 3514 657; x_wconf 91' lang='lat' dir='ltr'><strong>non</strong></span> 
     </span>
    </p>
   </div>
   <div class='ocr_carea' id='block_1_5' title="bbox 230 660 1826 742">
    <p class='ocr_par' dir='ltr' id='par_1_5' title="bbox 230 660 1826 742">
     <span class='ocr_line' id='line_1_5' title="bbox 230 660 1826 742; baseline 0.009 -28"><span class='ocrx_word' id='word_1_23' title='bbox 230 660 405 716; x_wconf 86' lang='lat' dir='ltr'><strong>cauda</strong></span> <span class='ocrx_word' id='word_1_24' title='bbox 425 676 752 737; x_wconf 90' lang='lat' dir='ltr'><strong>quacunque</strong></span> <span class='ocrx_word' id='word_1_25' title='bbox 785 666 1098 726; x_wconf 90' lang='lat' dir='ltr'><strong>conditione</strong></span> <span class='ocrx_word' id='word_1_26' title='bbox 1124 672 1409 742; x_wconf 89' lang='lat' dir='ltr'><strong>temporis,</strong></span> <span class='ocrx_word' id='word_1_27' title='bbox 1435 682 1528 729; x_wconf 91' lang='lat' dir='ltr'><strong>aut</strong></span> <span class='ocrx_word' id='word_1_28' title='bbox 1559 672 1702 741; x_wconf 89' lang='lat' dir='ltr'><strong>dolo,</strong></span> <span class='ocrx_word' id='word_1_29' title='bbox 1732 680 1826 729; x_wconf 88' lang='lat' dir='ltr'><strong>aut</strong></span> 
     </span>
    </p>
   </div>
   <div class='ocr_carea' id='block_1_6' title="bbox 227 752 1827 839">
    <p class='ocr_par' dir='ltr' id='par_1_6' title="bbox 227 752 1827 839">
     <span class='ocr_line' id='line_1_6' title="bbox 227 752 1827 839; baseline 0.012 -33"><span class='ocrx_word' id='word_1_30' title='bbox 227 752 570 822; x_wconf 73' lang='lat' dir='ltr'><strong>captivitate,</strong></span> <span class='ocrx_word' id='word_1_31' title='bbox 583 764 678 812; x_wconf 91' lang='lat' dir='ltr'><strong>aut</strong></span> <span class='ocrx_word' id='word_1_32' title='bbox 700 758 901 815; x_wconf 81' lang='lat' dir='ltr'><strong>virtute</strong></span> <span class='ocrx_word' id='word_1_33' title='bbox 917 760 1205 831; x_wconf 87' lang='lat' dir='ltr'><strong>majorum,</strong></span> <span class='ocrx_word' id='word_1_34' title='bbox 1244 774 1338 819; x_wconf 92' lang='lat' dir='ltr'><strong>aut</strong></span> <span class='ocrx_word' id='word_1_35' title='bbox 1358 779 1455 836; x_wconf 90' lang='lat' dir='ltr'><strong>per</strong></span> <span class='ocrx_word' id='word_1_36' title='bbox 1473 781 1827 839; x_wconf 90' lang='lat' dir='ltr'><strong>quascunque</strong></span> 
     </span>
    </p>
   </div>
   <div class='ocr_carea' id='block_1_7' title="bbox 226 840 1825 930">
    <p class='ocr_par' dir='ltr' id='par_1_7' title="bbox 226 840 1825 930">
     <span class='ocr_line' id='line_1_7' title="bbox 226 840 1825 930; baseline 0.014 -35"><span class='ocrx_word' id='word_1_37' title='bbox 226 840 460 911; x_wconf 78' lang='lat' dir='ltr'><strong>injustas</strong></span> <span class='ocrx_word' id='word_1_38' title='bbox 481 861 675 905; x_wconf 81' lang='lat' dir='ltr'><strong>causas</strong></span> <span class='ocrx_word' id='word_1_39' title='bbox 697 866 787 907; x_wconf 89' lang='lat' dir='ltr'><strong>res</strong></span> <span class='ocrx_word' id='word_1_40' title='bbox 809 853 1120 921; x_wconf 73' lang='lat' dir='ltr'><strong>Eccelesire,</strong></span> <span class='ocrx_word' id='word_1_41' title='bbox 1163 857 1250 912; x_wconf 88' lang='lat' dir='ltr'><strong>vel</strong></span> <span class='ocrx_word' id='word_1_42' title='bbox 1278 860 1547 930; x_wconf 87' lang='lat' dir='ltr'><strong>proprias,</strong></span> <span class='ocrx_word' id='word_1_43' title='bbox 1578 870 1673 917; x_wconf 90' lang='lat' dir='ltr'><strong>aut</strong></span> <span class='ocrx_word' id='word_1_44' title='bbox 1700 864 1825 919; x_wconf 89' lang='lat' dir='ltr'><strong>sub-</strong></span> 
     </span>
    </p>
   </div>
   <div class='ocr_carea' id='block_1_8' title="bbox 224 936 1823 1016">
    <p class='ocr_par' dir='ltr' id='par_1_8' title="bbox 224 936 1823 1016">
     <span class='ocr_line' id='line_1_8' title="bbox 224 936 1823 1016; baseline 0.014 -29"><span class='ocrx_word' id='word_1_45' title='bbox 224 936 458 992; x_wconf 86' lang='lat' dir='ltr'><strong>stantias</strong></span> <span class='ocrx_word' id='word_1_46' title='bbox 477 952 605 995; x_wconf 86' lang='lat' dir='ltr'><strong>suas</strong></span> <span class='ocrx_word' id='word_1_47' title='bbox 618 942 921 1012; x_wconf 77' lang='lat' dir='ltr'><strong>perdidisse</strong></span> <span class='ocrx_word' id='word_1_48' title='bbox 934 957 1255 1016; x_wconf 89' lang='lat' dir='ltr'><strong>noscuntur,</strong></span> <span class='ocrx_word' id='word_1_49' title='bbox 1280 959 1405 1007; x_wconf 89' lang='lat' dir='ltr'><strong>ante</strong></span> <span class='ocrx_word' id='word_1_50' title='bbox 1421 954 1823 1010; x_wconf 76' lang='lat' dir='ltr'><strong>accusationem</strong></span> 
     </span>
    </p>
   </div>
   <div class='ocr_carea' id='block_1_9' title="bbox 219 1028 1824 1113">
    <p class='ocr_par' dir='ltr' id='par_1_9' title="bbox 219 1028 1824 1113">
     <span class='ocr_line' id='line_1_9' title="bbox 219 1028 1824 1113; baseline 0.015 -36"><span class='ocrx_word' id='word_1_51' title='bbox 219 1034 317 1080; x_wconf 91' lang='lat' dir='ltr'><strong>aut</strong></span> <span class='ocrx_word' id='word_1_52' title='bbox 360 1028 668 1099; x_wconf 77' lang='lat' dir='ltr'><strong>regularem</strong></span> <span class='ocrx_word' id='word_1_53' title='bbox 704 1034 771 1088; x_wconf 88' lang='lat' dir='ltr'><strong>ad</strong></span> <span class='ocrx_word' id='word_1_54' title='bbox 820 1038 1081 1106; x_wconf 86' lang='lat' dir='ltr'><strong>synodum</strong></span> <span class='ocrx_word' id='word_1_55' title='bbox 1121 1042 1462 1098; x_wconf 88' lang='lat' dir='ltr'><strong>vocationem</strong></span> <span class='ocrx_word' id='word_1_56' title='bbox 1494 1059 1680 1099; x_wconf 90' lang='lat' dir='ltr'><strong>eorum</strong></span> <span class='ocrx_word' id='word_1_57' title='bbox 1706 1086 1719 1113; x_wconf 90' lang='lat'><strong>,</strong></span> <span class='ocrx_word' id='word_1_58' title='bbox 1768 1054 1824 1103; x_wconf 90' lang='lat' dir='ltr'><strong>et</strong></span> 
     </span>
    </p>
   </div>
   <div class='ocr_carea' id='block_1_10' title="bbox 219 1115 1823 1199">
    <p class='ocr_par' dir='ltr' id='par_1_10' title="bbox 219 1115 1823 1199">
     <span class='ocr_line' id='line_1_10' title="bbox 219 1115 1823 1199; baseline 0.015 -30"><span class='ocrx_word' id='word_1_59' title='bbox 219 1115 455 1187; x_wconf 84' lang='lat' dir='ltr'><strong>reliqua.</strong></span> <span class='ocrx_word' id='word_1_60' title='bbox 489 1119 583 1176; x_wconf 83' lang='lat' dir='ltr'><strong>Est</strong></span> <span class='ocrx_word' id='word_1_61' title='bbox 606 1123 768 1178; x_wconf 90' lang='lat' dir='ltr'><strong>etiam</strong></span> <span class='ocrx_word' id='word_1_62' title='bbox 802 1125 856 1180; x_wconf 90' lang='lat' dir='ltr'><strong>in</strong></span> <span class='ocrx_word' id='word_1_63' title='bbox 887 1127 1127 1199; x_wconf 87' lang='lat' dir='ltr'><strong>antiquis</strong></span> <span class='ocrx_word' id='word_1_64' title='bbox 1167 1131 1424 1188; x_wconf 73' lang='lat' dir='ltr'><strong>Ecclesiae</strong></span> <span class='ocrx_word' id='word_1_65' title='bbox 1470 1136 1689 1192; x_wconf 80' lang='lat' dir='ltr'><strong>statutis</strong></span> <span class='ocrx_word' id='word_1_66' title='bbox 1732 1137 1823 1193; x_wconf 88' lang='lat' dir='ltr'><strong>de-</strong></span> 
     </span>
    </p>
   </div>
   <div class='ocr_carea' id='block_1_11' title="bbox 215 1215 1820 1297">
    <p class='ocr_par' dir='ltr' id='par_1_11' title="bbox 215 1215 1820 1297">
     <span class='ocr_line' id='line_1_11' title="bbox 215 1215 1820 1297; baseline 0.013 -33"><span class='ocrx_word' id='word_1_67' title='bbox 215 1219 458 1278; x_wconf 87' lang='lat' dir='ltr'><strong>cretum,</strong></span> <span class='ocrx_word' id='word_1_68' title='bbox 486 1220 548 1268; x_wconf 89' lang='lat' dir='ltr'><strong>ut</strong></span> <span class='ocrx_word' id='word_1_69' title='bbox 580 1215 673 1284; x_wconf 90' lang='lat' dir='ltr'><strong>qui</strong></span> <span class='ocrx_word' id='word_1_70' title='bbox 703 1216 876 1273; x_wconf 91' lang='lat' dir='ltr'><strong>aliena</strong></span> <span class='ocrx_word' id='word_1_71' title='bbox 906 1219 1112 1276; x_wconf 89' lang='lat' dir='ltr'><strong>invadit</strong></span> <span class='ocrx_word' id='word_1_72' title='bbox 1148 1239 1255 1279; x_wconf 93' lang='lat' dir='ltr'><strong>non</strong></span> <span class='ocrx_word' id='word_1_73' title='bbox 1296 1235 1456 1281; x_wconf 84' lang='lat' dir='ltr'><strong>exeat</strong></span> <span class='ocrx_word' id='word_1_74' title='bbox 1501 1228 1820 1297; x_wconf 89' lang='lat' dir='ltr'><strong>impunitus,</strong></span> 
     </span>
    </p>
   </div>
   <div class='ocr_carea' id='block_1_12' title="bbox 214 1299 1820 1376">
    <p class='ocr_par' dir='ltr' id='par_1_12' title="bbox 214 1299 1820 1376">
     <span class='ocr_line' id='line_1_12' title="bbox 214 1299 1820 1376; baseline 0.014 -23"><span class='ocrx_word' id='word_1_75' title='bbox 214 1299 470 1356; x_wconf 74' lang='lat' dir='ltr'><strong>sed‘cum</strong></span> <span class='ocrx_word' id='word_1_76' title='bbox 500 1303 949 1376; x_wconf 86' lang='lat' dir='ltr'><strong>multiplicatione</strong></span> <span class='ocrx_word' id='word_1_77' title='bbox 977 1313 1158 1367; x_wconf 84' lang='lat' dir='ltr'><strong>omnia</strong></span> <span class='ocrx_word' id='word_1_78' title='bbox 1188 1316 1456 1371; x_wconf 84' lang='lat' dir='ltr'><strong>restituat.</strong></span> <span class='ocrx_word' id='word_1_79' title='bbox 1490 1316 1644 1375; x_wconf 90' lang='lat' dir='ltr'><strong>Unde</strong></span> <span class='ocrx_word' id='word_1_80' title='bbox 1668 1328 1725 1375; x_wconf 88' lang='lat' dir='ltr'><strong>et</strong></span> <span class='ocrx_word' id='word_1_81' title='bbox 1765 1320 1820 1375; x_wconf 92' lang='lat' dir='ltr'><strong>in</strong></span> 
     </span>
    </p>
   </div>
   <div class='ocr_carea' id='block_1_13' title="bbox 214 1391 1816 1483">
    <p class='ocr_par' dir='ltr' id='par_1_13' title="bbox 214 1391 1816 1483">
     <span class='ocr_line' id='line_1_13' title="bbox 214 1391 1816 1483; baseline 0.014 -37"><span class='ocrx_word' id='word_1_82' title='bbox 214 1391 517 1466; x_wconf 82' lang='lat' dir='ltr'><strong>Evangelio</strong></span> <span class='ocrx_word' id='word_1_83' title='bbox 535 1398 798 1470; x_wconf 88' lang='lat' dir='ltr'><strong>scriptum</strong></span> <span class='ocrx_word' id='word_1_84' title='bbox 816 1411 901 1458; x_wconf 88' lang='lat' dir='ltr'><strong>est</strong></span> <span class='ocrx_word' id='word_1_85' title='bbox 924 1419 981 1483; x_wconf 62' lang='lat' dir='ltr'><strong>:r</strong></span> <span class='ocrx_word' id='word_1_86' title='bbox 1010 1402 1165 1471; x_wconf 87' lang='lat' dir='ltr'><strong>Quod</strong></span> <span class='ocrx_word' id='word_1_87' title='bbox 1187 1407 1232 1462; x_wconf 88' lang='lat' dir='ltr'><strong>si</strong></span> <span class='ocrx_word' id='word_1_88' title='bbox 1251 1407 1456 1479; x_wconf 88' lang='lat' dir='ltr'><strong>aliquid</strong></span> <span class='ocrx_word' id='word_1_89' title='bbox 1477 1410 1816 1479; x_wconf 89' lang='lat' dir='ltr'><strong>defraudavi,</strong></span> 
     </span>
    </p>
   </div>
   <div class='ocr_carea' id='block_1_14' title="bbox 212 1485 1818 1577">
    <p class='ocr_par' dir='ltr' id='par_1_14' title="bbox 212 1485 1818 1577">
     <span class='ocr_line' id='line_1_14' title="bbox 212 1485 1818 1577; baseline 0.015 -38"><span class='ocrx_word' id='word_1_90' title='bbox 212 1485 390 1542; x_wconf 86' lang='lat' dir='ltr'><strong>reddo</strong></span> <span class='ocrx_word' id='word_1_91' title='bbox 415 1491 775 1562; x_wconf 83' lang='lat' dir='ltr'><strong>quadruplum</strong></span> <span class='ocrx_word' id='word_1_92' title='bbox 805 1492 956 1565; x_wconf 84' lang='lat' dir='ltr'><strong>(Luc.</strong></span> <span class='ocrx_word' id='word_1_93' title='bbox 982 1510 1098 1565; x_wconf 74' lang='lat' dir='ltr'><strong>xrx,‘</strong></span> <span class='ocrx_word' id='word_1_94' title='bbox 1126 1500 1202 1571; x_wconf 91' lang='lat'><strong>8).</strong></span> <span class='ocrx_word' id='word_1_95' title='bbox 1242 1521 1261 1554; x_wconf 76' lang='grc' dir='ltr'><strong><em>ι</em></strong></span> <span class='ocrx_word' id='word_1_96' title='bbox 1291 1502 1359 1557; x_wconf 85' lang='grc' dir='ltr'><strong>Ει</strong></span> <span class='ocrx_word' id='word_1_97' title='bbox 1386 1504 1439 1559; x_wconf 83' lang='grc' dir='ltr'><strong>ἱη</strong></span> <span class='ocrx_word' id='word_1_98' title='bbox 1477 1504 1687 1577; x_wconf 78' lang='lat' dir='ltr'><strong>legibus</strong></span> <span class='ocrx_word' id='word_1_99' title='bbox 1716 1521 1818 1562; x_wconf 63' lang='lat' dir='ltr'><strong>sae-</strong></span> 
     </span>
    </p>
   </div>
   <div class='ocr_carea' id='block_1_15' title="bbox 211 1579 1819 1664">
    <p class='ocr_par' dir='ltr' id='par_1_15' title="bbox 211 1579 1819 1664">
     <span class='ocr_line' id='line_1_15' title="bbox 211 1579 1819 1664; baseline 0.013 -30"><span class='ocrx_word' id='word_1_100' title='bbox 211 1579 321 1634; x_wconf 90' lang='lat' dir='ltr'><strong>culi</strong></span> <span class='ocrx_word' id='word_1_101' title='bbox 354 1591 576 1638; x_wconf 88' lang='lat' dir='ltr'><strong>cautum</strong></span> <span class='ocrx_word' id='word_1_102' title='bbox 593 1584 790 1641; x_wconf 88' lang='lat' dir='ltr'><strong>habet:</strong></span> <span class='ocrx_word' id='word_1_103' title='bbox 811 1586 912 1655; x_wconf 86' lang='lat' dir='ltr'><strong>Qui</strong></span> <span class='ocrx_word' id='word_1_104' title='bbox 937 1604 1053 1644; x_wconf 92' lang='lat' dir='ltr'><strong>rem</strong></span> <span class='ocrx_word' id='word_1_105' title='bbox 1080 1594 1311 1664; x_wconf 85' lang='lat' dir='ltr'><strong>subripit</strong></span> <span class='ocrx_word' id='word_1_106' title='bbox 1338 1595 1594 1663; x_wconf 91' lang='lat' dir='ltr'><strong>alienam,</strong></span> <span class='ocrx_word' id='word_1_107' title='bbox 1623 1598 1700 1654; x_wconf 92' lang='lat' dir='ltr'><strong>illi</strong></span> <span class='ocrx_word' id='word_1_108' title='bbox 1724 1614 1819 1655; x_wconf 88' lang='lat' dir='ltr'><strong>cu-</strong></span> 
     </span>
    </p>
   </div>
   <div class='ocr_carea' id='block_1_16' title="bbox 204 1670 1819 1757">
    <p class='ocr_par' dir='ltr' id='par_1_16' title="bbox 204 1670 1819 1757">
     <span class='ocr_line' id='line_1_16' title="bbox 204 1670 1819 1757; baseline 0.014 -30"><span class='ocrx_word' id='word_1_109' title='bbox 204 1670 296 1742; x_wconf 92' lang='lat' dir='ltr'><strong>jus</strong></span> <span class='ocrx_word' id='word_1_110' title='bbox 324 1689 419 1730; x_wconf 71' lang='lat' dir='ltr'><strong>res</strong></span> <span class='ocrx_word' id='word_1_111' title='bbox 446 1675 656 1748; x_wconf 88' lang='lat' dir='ltr'><strong>direpta</strong></span> <span class='ocrx_word' id='word_1_112' title='bbox 676 1686 760 1734; x_wconf 93' lang='lat' dir='ltr'><strong>est</strong></span> <span class='ocrx_word' id='word_1_113' title='bbox 788 1680 844 1735; x_wconf 91' lang='lat' dir='ltr'><strong>in</strong></span> <span class='ocrx_word' id='word_1_114' title='bbox 876 1681 1162 1754; x_wconf 89' lang='lat' dir='ltr'><strong>decuplum</strong></span> <span class='ocrx_word' id='word_1_115' title='bbox 1195 1676 1315 1757; x_wconf 81' lang='lat' dir='ltr'><strong>quae</strong></span> <span class='ocrx_word' id='word_1_116' title='bbox 1336 1690 1544 1747; x_wconf 91' lang='lat' dir='ltr'><strong>sublata</strong></span> <span class='ocrx_word' id='word_1_117' title='bbox 1585 1702 1712 1749; x_wconf 88' lang='lat' dir='ltr'><strong>sunt</strong></span> <span class='ocrx_word' id='word_1_118' title='bbox 1740 1708 1819 1750; x_wconf 92' lang='lat' dir='ltr'><strong>re-</strong></span> 
     </span>
    </p>
   </div>
   <div class='ocr_carea' id='block_1_17' title="bbox 208 1767 1816 1855">
    <p class='ocr_par' dir='ltr' id='par_1_17' title="bbox 208 1767 1816 1855">
     <span class='ocr_line' id='line_1_17' title="bbox 208 1767 1816 1855; baseline 0.014 -34"><span class='ocrx_word' id='word_1_119' title='bbox 208 1767 430 1824; x_wconf 87' lang='lat' dir='ltr'><strong>stituat.</strong></span> <span class='ocrx_word' id='word_1_120' title='bbox 472 1769 544 1825; x_wconf 91' lang='lat' dir='ltr'><strong>Et</strong></span> <span class='ocrx_word' id='word_1_121' title='bbox 587 1773 644 1827; x_wconf 88' lang='lat' dir='ltr'><strong>in</strong></span> <span class='ocrx_word' id='word_1_122' title='bbox 688 1771 807 1845; x_wconf 84' lang='lat' dir='ltr'><strong>lege</strong></span> <span class='ocrx_word' id='word_1_123' title='bbox 833 1774 1014 1831; x_wconf 89' lang='lat' dir='ltr'><strong>divina</strong></span> <span class='ocrx_word' id='word_1_124' title='bbox 1051 1778 1282 1851; x_wconf 83' lang='lat' dir='ltr'><strong>legitur:</strong></span> <span class='ocrx_word' id='word_1_125' title='bbox 1308 1781 1415 1855; x_wconf 66' lang='grc'><strong>54</strong></span> <span class='ocrx_word' id='word_1_126' title='bbox 1441 1801 1461 1835; x_wconf 81' lang='grc'><strong><em>‹</em></strong></span> <span class='ocrx_word' id='word_1_127' title='bbox 1496 1784 1816 1843; x_wconf 79' lang='lat' dir='ltr'><strong>Maledictus</strong></span> 
     </span>
    </p>
   </div>
   <div class='ocr_carea' id='block_1_18' title="bbox 206 1863 1810 1940">
    <p class='ocr_par' dir='ltr' id='par_1_18' title="bbox 206 1863 1810 1940">
     <span class='ocr_line' id='line_1_18' title="bbox 206 1863 1810 1940; baseline 0.014 -22"><span class='ocrx_word' id='word_1_128' title='bbox 206 1863 395 1920; x_wconf 85' lang='lat' dir='ltr'><strong>omnis</strong></span> <span class='ocrx_word' id='word_1_129' title='bbox 415 1865 509 1937; x_wconf 85' lang='lat' dir='ltr'><strong>qui</strong></span> <span class='ocrx_word' id='word_1_130' title='bbox 531 1865 791 1925; x_wconf 79' lang='lat' dir='ltr'><strong>transfert</strong></span> <span class='ocrx_word' id='word_1_131' title='bbox 808 1872 1067 1929; x_wconf 85' lang='lat' dir='ltr'><strong>terminos</strong></span> <span class='ocrx_word' id='word_1_132' title='bbox 1080 1875 1309 1935; x_wconf 78' lang='lat' dir='ltr'><strong>proximi</strong></span> <span class='ocrx_word' id='word_1_133' title='bbox 1325 1879 1430 1935; x_wconf 87' lang='lat' dir='ltr'><strong>sui.</strong></span> <span class='ocrx_word' id='word_1_134' title='bbox 1446 1879 1515 1937; x_wconf 88' lang='lat' dir='ltr'><strong>Et</strong></span> <span class='ocrx_word' id='word_1_135' title='bbox 1537 1881 1681 1940; x_wconf 76' lang='lat' dir='ltr'><strong>dicet</strong></span> <span class='ocrx_word' id='word_1_136' title='bbox 1696 1898 1810 1940; x_wconf 88' lang='lat' dir='ltr'><strong>om-</strong></span> 
     </span>
    </p>
   </div>
   <div class='ocr_carea' id='block_1_19' title="bbox 1929 686 3517 767">
    <p class='ocr_par' dir='ltr' id='par_1_19' title="bbox 1929 686 3517 767">
     <span class='ocr_line' id='line_1_19' title="bbox 1929 686 3517 767; baseline 0.008 -32"><span class='ocrx_word' id='word_1_137' title='bbox 1929 690 2329 749; x_wconf 75' lang='lat' dir='ltr'><strong>prtesnmantur</strong></span> <span class='ocrx_word' id='word_1_138' title='bbox 2347 686 2551 758; x_wconf 86' lang='lat' dir='ltr'><strong>absque</strong></span> <span class='ocrx_word' id='word_1_139' title='bbox 2570 688 2794 757; x_wconf 89' lang='lat' dir='ltr'><strong>ultione,</strong></span> <span class='ocrx_word' id='word_1_140' title='bbox 2812 705 2912 747; x_wconf 85' lang='lat' dir='ltr'><strong>nec</strong></span> <span class='ocrx_word' id='word_1_141' title='bbox 2935 701 3291 767; x_wconf 85' lang='lat' dir='ltr'><strong>exerceantur</strong></span> <span class='ocrx_word' id='word_1_142' title='bbox 3312 692 3517 763; x_wconf 81' lang='lat' dir='ltr'><strong>absque</strong></span> 
     </span>
    </p>
   </div>
   <div class='ocr_carea' id='block_1_20' title="bbox 1930 775 3517 858">
    <p class='ocr_par' dir='ltr' id='par_1_20' title="bbox 1930 775 3517 858">
     <span class='ocr_line' id='line_1_20' title="bbox 1930 775 3517 858; baseline 0.009 -30"><span class='ocrx_word' id='word_1_143' title='bbox 1930 788 2028 829; x_wconf 91' lang='lat' dir='ltr'><strong>sua</strong></span> <span class='ocrx_word' id='word_1_144' title='bbox 2054 775 2422 836; x_wconf 84' lang='lat' dir='ltr'><strong>damnatione.</strong></span> <span class='ocrx_word' id='word_1_145' title='bbox 2454 780 2647 839; x_wconf 86' lang='lat' dir='ltr'><strong>Pacem</strong></span> <span class='ocrx_word' id='word_1_146' title='bbox 2675 792 2730 840; x_wconf 91' lang='lat' dir='ltr'><strong>et</strong></span> <span class='ocrx_word' id='word_1_147' title='bbox 2753 799 2860 841; x_wconf 93' lang='lat' dir='ltr'><strong>non</strong></span> <span class='ocrx_word' id='word_1_148' title='bbox 2885 786 3160 854; x_wconf 90' lang='lat' dir='ltr'><strong>damnum,</strong></span> <span class='ocrx_word' id='word_1_149' title='bbox 3189 795 3283 842; x_wconf 87' lang='lat' dir='ltr'><strong>aut</strong></span> <span class='ocrx_word' id='word_1_150' title='bbox 3301 785 3517 858; x_wconf 85' lang='lat' dir='ltr'><strong>injusti-</strong></span> 
     </span>
    </p>
   </div>
   <div class='ocr_carea' id='block_1_21' title="bbox 1928 867 3517 943">
    <p class='ocr_par' dir='ltr' id='par_1_21' title="bbox 1928 867 3517 943">
     <span class='ocr_line' id='line_1_21' title="bbox 1928 867 3517 943; baseline 0.008 -20"><span class='ocrx_word' id='word_1_151' title='bbox 1928 867 2059 925; x_wconf 89' lang='lat' dir='ltr'><strong>tiam</strong></span> <span class='ocrx_word' id='word_1_152' title='bbox 2088 871 2315 943; x_wconf 88' lang='lat' dir='ltr'><strong>alicujus</strong></span> <span class='ocrx_word' id='word_1_153' title='bbox 2344 879 2626 934; x_wconf 89' lang='lat' dir='ltr'><strong>sectamini</strong></span> <span class='ocrx_word' id='word_1_154' title='bbox 2658 881 2887 937; x_wconf 82' lang='lat' dir='ltr'><strong>invicem</strong></span> <span class='ocrx_word' id='word_1_155' title='bbox 2913 890 2968 937; x_wconf 94' lang='lat' dir='ltr'><strong>et</strong></span> <span class='ocrx_word' id='word_1_156' title='bbox 3004 882 3061 937; x_wconf 89' lang='lat' dir='ltr'><strong>in</strong></span> <span class='ocrx_word' id='word_1_157' title='bbox 3107 897 3315 939; x_wconf 89' lang='lat' dir='ltr'><strong>omnes.</strong></span> <span class='ocrx_word' id='word_1_158' title='bbox 3356 879 3517 937; x_wconf 80' lang='lat' dir='ltr'><strong>Veri-</strong></span> 
     </span>
    </p>
   </div>
   <div class='ocr_carea' id='block_1_22' title="bbox 1929 965 3518 1043">
    <p class='ocr_par' dir='ltr' id='par_1_22' title="bbox 1929 965 3518 1043">
     <span class='ocr_line' id='line_1_22' title="bbox 1929 965 3518 1043; baseline 0.008 -28"><span class='ocrx_word' id='word_1_159' title='bbox 1929 967 2095 1017; x_wconf 90' lang='lat' dir='ltr'><strong>tatem</strong></span> <span class='ocrx_word' id='word_1_160' title='bbox 2124 973 2300 1020; x_wconf 76' lang='lat' dir='ltr'><strong>autem</strong></span> <span class='ocrx_word' id='word_1_161' title='bbox 2329 965 2589 1025; x_wconf 81' lang='lat' dir='ltr'><strong>facientes</strong></span> <span class='ocrx_word' id='word_1_162' title='bbox 2618 970 2672 1025; x_wconf 91' lang='lat' dir='ltr'><strong>in</strong></span> <span class='ocrx_word' id='word_1_163' title='bbox 2693 972 2979 1039; x_wconf 86' lang='lat' dir='ltr'><strong>charitate,</strong></span> <span class='ocrx_word' id='word_1_164' title='bbox 3001 987 3311 1029; x_wconf 86' lang='lat' dir='ltr'><strong>crescamus</strong></span> <span class='ocrx_word' id='word_1_165' title='bbox 3340 972 3395 1028; x_wconf 91' lang='lat' dir='ltr'><strong>in</strong></span> <span class='ocrx_word' id='word_1_166' title='bbox 3420 970 3518 1043; x_wconf 84' lang='lat' dir='ltr'><strong>illo</strong></span> 
     </span>
    </p>
   </div>
   <div class='ocr_carea' id='block_1_23' title="bbox 1926 1057 3521 1136">
    <p class='ocr_par' dir='ltr' id='par_1_23' title="bbox 1926 1057 3521 1136">
     <span class='ocr_line' id='line_1_23' title="bbox 1926 1057 3521 1136; baseline 0.008 -28"><span class='ocrx_word' id='word_1_167' title='bbox 1926 1069 2026 1125; x_wconf 89' lang='lat' dir='ltr'><strong>per</strong></span> <span class='ocrx_word' id='word_1_168' title='bbox 2053 1057 2233 1111; x_wconf 88' lang='lat' dir='ltr'><strong>omnia</strong></span> <span class='ocrx_word' id='word_1_169' title='bbox 2262 1059 2354 1129; x_wconf 92' lang='lat' dir='ltr'><strong>qui</strong></span> <span class='ocrx_word' id='word_1_170' title='bbox 2380 1068 2465 1115; x_wconf 90' lang='lat' dir='ltr'><strong>est</strong></span> <span class='ocrx_word' id='word_1_171' title='bbox 2486 1070 2645 1132; x_wconf 89' lang='lat' dir='ltr'><strong>caput</strong></span> <span class='ocrx_word' id='word_1_172' title='bbox 2672 1061 2942 1134; x_wconf 85' lang='lat' dir='ltr'><strong>Christus,</strong></span> <span class='ocrx_word' id='word_1_173' title='bbox 2970 1081 3034 1121; x_wconf 83' lang='lat' dir='ltr'><strong>ex</strong></span> <span class='ocrx_word' id='word_1_174' title='bbox 3059 1080 3167 1136; x_wconf 88' lang='lat' dir='ltr'><strong>quo</strong></span> <span class='ocrx_word' id='word_1_175' title='bbox 3193 1075 3363 1120; x_wconf 91' lang='lat' dir='ltr'><strong>totum</strong></span> <span class='ocrx_word' id='word_1_176' title='bbox 3394 1079 3521 1120; x_wconf 88' lang='lat' dir='ltr'><strong>eor-</strong></span> 
     </span>
    </p>
   </div>
   <div class='ocr_carea' id='block_1_24' title="bbox 1924 1157 3517 1231">
    <p class='ocr_par' dir='ltr' id='par_1_24' title="bbox 1924 1157 3517 1231">
     <span class='ocr_line' id='line_1_24' title="bbox 1924 1157 3517 1231; baseline 0.005 -26"><span class='ocrx_word' id='word_1_177' title='bbox 1924 1164 2027 1220; x_wconf 89' lang='lat' dir='ltr'><strong>pus</strong></span> <span class='ocrx_word' id='word_1_178' title='bbox 2061 1162 2404 1224; x_wconf 90' lang='lat' dir='ltr'><strong>compactum</strong></span> <span class='ocrx_word' id='word_1_179' title='bbox 2438 1165 2496 1212; x_wconf 91' lang='lat' dir='ltr'><strong>et</strong></span> <span class='ocrx_word' id='word_1_180' title='bbox 2515 1171 2820 1213; x_wconf 77' lang='lat' dir='ltr'><strong>connexum</strong></span> <span class='ocrx_word' id='word_1_181' title='bbox 2843 1174 2942 1231; x_wconf 89' lang='lat' dir='ltr'><strong>per</strong></span> <span class='ocrx_word' id='word_1_182' title='bbox 2964 1174 3179 1215; x_wconf 90' lang='lat' dir='ltr'><strong>omnem</strong></span> <span class='ocrx_word' id='word_1_183' title='bbox 3202 1157 3517 1230; x_wconf 81' lang='lat' dir='ltr'><strong>juncturam</strong></span> 
     </span>
    </p>
   </div>
   <div class='ocr_carea' id='block_1_25' title="bbox 1925 1244 3519 1323">
    <p class='ocr_par' dir='ltr' id='par_1_25' title="bbox 1925 1244 3519 1323">
     <span class='ocr_line' id='line_1_25' title="bbox 1925 1244 3519 1323; baseline 0.003 -24"><span class='ocrx_word' id='word_1_184' title='bbox 1925 1244 2445 1304; x_wconf 88' lang='lat' dir='ltr'><strong>subministrationis</strong></span> <span class='ocrx_word' id='word_1_185' title='bbox 2474 1251 2774 1306; x_wconf 90' lang='lat' dir='ltr'><strong>secundum</strong></span> <span class='ocrx_word' id='word_1_186' title='bbox 2806 1252 3172 1323; x_wconf 85' lang='lat' dir='ltr'><strong>operationem</strong></span> <span class='ocrx_word' id='word_1_187' title='bbox 3215 1252 3266 1306; x_wconf 92' lang='lat' dir='ltr'><strong>in</strong></span> <span class='ocrx_word' id='word_1_188' title='bbox 3301 1265 3519 1305; x_wconf 89' lang='lat' dir='ltr'><strong>mensu-</strong></span> 
     </span>
    </p>
   </div>
   <div class='ocr_carea' id='block_1_26' title="bbox 1923 1338 3518 1415">
    <p class='ocr_par' dir='ltr' id='par_1_26' title="bbox 1923 1338 3518 1415">
     <span class='ocr_line' id='line_1_26' title="bbox 1923 1338 3518 1415; baseline 0.004 -25"><span class='ocrx_word' id='word_1_189' title='bbox 1923 1351 2040 1391; x_wconf 89' lang='lat' dir='ltr'><strong>ram</strong></span> <span class='ocrx_word' id='word_1_190' title='bbox 2090 1338 2511 1412; x_wconf 84' lang='lat' dir='ltr'><strong>uniuscujusque</strong></span> <span class='ocrx_word' id='word_1_191' title='bbox 2556 1343 2828 1410; x_wconf 89' lang='lat' dir='ltr'><strong>membri,</strong></span> <span class='ocrx_word' id='word_1_192' title='bbox 2877 1353 3224 1415; x_wconf 76' lang='lat' dir='ltr'><strong>augmentum</strong></span> <span class='ocrx_word' id='word_1_193' title='bbox 3274 1340 3518 1413; x_wconf 84' lang='lat' dir='ltr'><strong>corporis</strong></span> 
     </span>
    </p>
   </div>
   <div class='ocr_carea' id='block_1_27' title="bbox 1922 1426 3515 1498">
    <p class='ocr_par' dir='ltr' id='par_1_27' title="bbox 1922 1426 3515 1498">
     <span class='ocr_line' id='line_1_27' title="bbox 1922 1426 3515 1498; baseline 0.003 -15"><span class='ocrx_word' id='word_1_194' title='bbox 1922 1426 2054 1484; x_wconf 85' lang='lat' dir='ltr'><strong>facit</strong></span> <span class='ocrx_word' id='word_1_195' title='bbox 2092 1430 2147 1485; x_wconf 93' lang='lat' dir='ltr'><strong>in</strong></span> <span class='ocrx_word' id='word_1_196' title='bbox 2192 1430 2606 1490; x_wconf 79' lang='lat' dir='ltr'><strong>aedificationem</strong></span> <span class='ocrx_word' id='word_1_197' title='bbox 2642 1436 2725 1490; x_wconf 88' lang='lat' dir='ltr'><strong>sui</strong></span> <span class='ocrx_word' id='word_1_198' title='bbox 2758 1434 2812 1490; x_wconf 92' lang='lat' dir='ltr'><strong>in</strong></span> <span class='ocrx_word' id='word_1_199' title='bbox 2843 1435 3127 1492; x_wconf 88' lang='lat' dir='ltr'><strong>cbaritate.</strong></span> <span class='ocrx_word' id='word_1_200' title='bbox 3169 1435 3265 1491; x_wconf 88' lang='lat' dir='ltr'><strong>De</strong></span> <span class='ocrx_word' id='word_1_201' title='bbox 3294 1442 3515 1498; x_wconf 84' lang='lat' dir='ltr'><strong>caetero,</strong></span> 
     </span>
    </p>
   </div>
   <div class='ocr_carea' id='block_1_28' title="bbox 1922 1522 3517 1602">
    <p class='ocr_par' dir='ltr' id='par_1_28' title="bbox 1922 1522 3517 1602">
     <span class='ocr_line' id='line_1_28' title="bbox 1922 1522 3517 1602; baseline 0.001 -25"><span class='ocrx_word' id='word_1_202' title='bbox 1922 1523 2248 1587; x_wconf 88' lang='lat' dir='ltr'><strong>charissimi,</strong></span> <span class='ocrx_word' id='word_1_203' title='bbox 2274 1526 2505 1596; x_wconf 78' lang='lat' dir='ltr'><strong>gaudete</strong></span> <span class='ocrx_word' id='word_1_204' title='bbox 2529 1536 2583 1583; x_wconf 90' lang='lat' dir='ltr'><strong>et</strong></span> <span class='ocrx_word' id='word_1_205' title='bbox 2616 1527 2841 1599; x_wconf 83' lang='lat' dir='ltr'><strong>perfecti</strong></span> <span class='ocrx_word' id='word_1_206' title='bbox 2896 1537 3088 1594; x_wconf 87' lang='lat' dir='ltr'><strong>estote,</strong></span> <span class='ocrx_word' id='word_1_207' title='bbox 3131 1522 3517 1602; x_wconf 79' lang='lat' dir='ltr'><strong>exhortamini.</strong></span> 
     </span>
    </p>
   </div>
   <div class='ocr_carea' id='block_1_29' title="bbox 1919 1610 3522 1689">
    <p class='ocr_par' dir='ltr' id='par_1_29' title="bbox 1919 1610 3522 1689">
     <span class='ocr_line' id='line_1_29' title="bbox 1919 1610 3522 1689; baseline 0.002 -23"><span class='ocrx_word' id='word_1_208' title='bbox 1919 1610 2066 1669; x_wconf 92' lang='lat' dir='ltr'><strong>ldem</strong></span> <span class='ocrx_word' id='word_1_209' title='bbox 2088 1614 2284 1684; x_wconf 88' lang='lat' dir='ltr'><strong>sapite,</strong></span> <span class='ocrx_word' id='word_1_210' title='bbox 2315 1630 2503 1685; x_wconf 90' lang='lat' dir='ltr'><strong>pacem</strong></span> <span class='ocrx_word' id='word_1_211' title='bbox 2532 1617 2748 1685; x_wconf 88' lang='lat' dir='ltr'><strong>habete,</strong></span> <span class='ocrx_word' id='word_1_212' title='bbox 2769 1627 2825 1673; x_wconf 89' lang='lat' dir='ltr'><strong>et</strong></span> <span class='ocrx_word' id='word_1_213' title='bbox 2845 1620 2990 1676; x_wconf 89' lang='lat' dir='ltr'><strong>Dens</strong></span> <span class='ocrx_word' id='word_1_214' title='bbox 3015 1616 3166 1689; x_wconf 91' lang='lat' dir='ltr'><strong>pacis</strong></span> <span class='ocrx_word' id='word_1_215' title='bbox 3195 1624 3248 1671; x_wconf 90' lang='lat' dir='ltr'><strong>et</strong></span> <span class='ocrx_word' id='word_1_216' title='bbox 3275 1614 3522 1672; x_wconf 83' lang='lat' dir='ltr'><strong>dilectio-</strong></span> 
     </span>
    </p>
   </div>
   <div class='ocr_carea' id='block_1_30' title="bbox 1918 1706 3517 1772">
    <p class='ocr_par' dir='ltr' id='par_1_30' title="bbox 1918 1706 3517 1772">
     <span class='ocr_line' id='line_1_30' title="bbox 1918 1706 3517 1772; baseline 0.001 -11"><span class='ocrx_word' id='word_1_217' title='bbox 1918 1706 2007 1761; x_wconf 91' lang='lat' dir='ltr'><strong>nis</strong></span> <span class='ocrx_word' id='word_1_218' title='bbox 2027 1706 2133 1761; x_wconf 91' lang='lat' dir='ltr'><strong>erit</strong></span> <span class='ocrx_word' id='word_1_219' title='bbox 2162 1706 2458 1763; x_wconf 90' lang='lat' dir='ltr'><strong>vobiscum.</strong></span> <span class='ocrx_word' id='word_1_220' title='bbox 2506 1709 2767 1767; x_wconf 88' lang='lat' dir='ltr'><strong>Dominus</strong></span> <span class='ocrx_word' id='word_1_221' title='bbox 2800 1710 3072 1766; x_wconf 88' lang='lat' dir='ltr'><strong>custodiat</strong></span> <span class='ocrx_word' id='word_1_222' title='bbox 3107 1724 3206 1765; x_wconf 91' lang='lat' dir='ltr'><strong>vos</strong></span> <span class='ocrx_word' id='word_1_223' title='bbox 3255 1716 3312 1764; x_wconf 91' lang='lat' dir='ltr'><strong>et</strong></span> <span class='ocrx_word' id='word_1_224' title='bbox 3348 1720 3517 1772; x_wconf 83' lang='lat' dir='ltr'><strong>nunc,</strong></span> 
     </span>
    </p>
   </div>
   <div class='ocr_carea' id='block_1_31' title="bbox 1918 1796 3516 1859">
    <p class='ocr_par' dir='ltr' id='par_1_31' title="bbox 1918 1796 3516 1859">
     <span class='ocr_line' id='line_1_31' title="bbox 1918 1796 3516 1859; baseline 0.004 -7"><span class='ocrx_word' id='word_1_225' title='bbox 1918 1805 1973 1852; x_wconf 89' lang='lat' dir='ltr'><strong>et</strong></span> <span class='ocrx_word' id='word_1_226' title='bbox 2001 1798 2056 1853; x_wconf 91' lang='lat' dir='ltr'><strong>in</strong></span> <span class='ocrx_word' id='word_1_227' title='bbox 2083 1797 2172 1853; x_wconf 92' lang='lat' dir='ltr'><strong>die</strong></span> <span class='ocrx_word' id='word_1_228' title='bbox 2219 1799 2581 1855; x_wconf 68' lang='lat' dir='ltr'><strong>aeternitatis.</strong></span> <span class='ocrx_word' id='word_1_229' title='bbox 2612 1801 2807 1858; x_wconf 86' lang='lat' dir='ltr'><strong>Amen.</strong></span> <span class='ocrx_word' id='word_1_230' title='bbox 2840 1800 2976 1858; x_wconf 86' lang='lat' dir='ltr'><strong>Data</strong></span> <span class='ocrx_word' id='word_1_231' title='bbox 3022 1816 3077 1857; x_wconf 68' lang='grc' dir='ltr'><strong>ιχ</strong></span> <span class='ocrx_word' id='word_1_232' title='bbox 3115 1798 3306 1856; x_wconf 86' lang='lat' dir='ltr'><strong>Kalen.</strong></span> <span class='ocrx_word' id='word_1_233' title='bbox 3351 1796 3516 1859; x_wconf 73' lang='lat' dir='ltr'><strong>Octo-</strong></span> 
     </span>
    </p>
   </div>
   <div class='ocr_carea' id='block_1_32' title="bbox 1916 1887 2732 1958">
    <p class='ocr_par' dir='ltr' id='par_1_32' title="bbox 1916 1887 2732 1958">
     <span class='ocr_line' id='line_1_32' title="bbox 1916 1887 2732 1958; baseline 0.002 -12"><span class='ocrx_word' id='word_1_234' title='bbox 1916 1887 2057 1958; x_wconf 84' lang='lat' dir='ltr'><strong>bris,</strong></span> <span class='ocrx_word' id='word_1_235' title='bbox 2079 1888 2397 1950; x_wconf 83' lang='lat' dir='ltr'><strong>Constante.</strong></span> <span class='ocrx_word' id='word_1_236' title='bbox 2413 1906 2496 1949; x_wconf 89' lang='lat' dir='ltr'><strong>cc.</strong></span> <span class='ocrx_word' id='word_1_237' title='bbox 2519 1892 2732 1950; x_wconf 88' lang='lat' dir='ltr'><strong>consul.</strong></span> 
     </span>
    </p>
   </div>
   <div class='ocr_carea' id='block_1_33' title="bbox 669 2190 3052 2264">
    <p class='ocr_par' dir='ltr' id='par_1_33' title="bbox 669 2190 3052 2264">
     <span class='ocr_line' id='line_1_33' title="bbox 669 2190 3052 2264; baseline 0.006 -16"><span class='ocrx_word' id='word_1_238' title='bbox 669 2190 840 2249; x_wconf 82' lang='lat' dir='ltr'><strong>ITEM</strong></span> <span class='ocrx_word' id='word_1_239' title='bbox 869 2193 1214 2254; x_wconf 81' lang='lat' dir='ltr'><strong>EPISTOLA</strong></span> <span class='ocrx_word' id='word_1_240' title='bbox 1240 2196 1517 2256; x_wconf 75' lang='lat' dir='ltr'><strong>EUSEBII</strong></span> <span class='ocrx_word' id='word_1_241' title='bbox 1546 2198 1752 2257; x_wconf 68' lang='lat' dir='ltr'><strong>PANE</strong></span> <span class='ocrx_word' id='word_1_242' title='bbox 1782 2201 2143 2261; x_wconf 86' lang='lat' dir='ltr'><strong>EPISCOPIS</strong></span> <span class='ocrx_word' id='word_1_243' title='bbox 2173 2201 2498 2264; x_wconf 68' lang='lat' dir='ltr'><strong>THUSCLE</strong></span> <span class='ocrx_word' id='word_1_244' title='bbox 2531 2204 2622 2262; x_wconf 88' lang='lat' dir='ltr'><strong>ET</strong></span> <span class='ocrx_word' id='word_1_245' title='bbox 2650 2204 3052 2264; x_wconf 71' lang='lat' dir='ltr'><strong>CAMPANLE.</strong></span> 
     </span>
    </p>
   </div>
   <div class='ocr_carea' id='block_1_34' title="bbox 269 2352 3518 2442">
    <p class='ocr_par' dir='ltr' id='par_1_34' title="bbox 269 2352 3518 2442">
     <span class='ocr_line' id='line_1_34' title="bbox 269 2352 3518 2442; baseline 0.005 -33"><span class='ocrx_word' id='word_1_246' title='bbox 269 2352 664 2411; x_wconf 86' lang='lat' dir='ltr'><strong>Dilectissimis</strong></span> <span class='ocrx_word' id='word_1_247' title='bbox 713 2352 1016 2424; x_wconf 82' lang='lat' dir='ltr'><strong>fratribus,</strong></span> <span class='ocrx_word' id='word_1_248' title='bbox 1076 2357 1347 2414; x_wconf 83' lang='lat' dir='ltr'><strong>universis</strong></span> <span class='ocrx_word' id='word_1_249' title='bbox 1389 2359 1660 2431; x_wconf 89' lang='lat' dir='ltr'><strong>episcopis</strong></span> <span class='ocrx_word' id='word_1_250' title='bbox 1715 2375 1815 2431; x_wconf 89' lang='lat' dir='ltr'><strong>per</strong></span> <span class='ocrx_word' id='word_1_251' title='bbox 1842 2364 1892 2425; x_wconf 89' lang='lat' dir='ltr'><strong>B</strong></span> <span class='ocrx_word' id='word_1_252' title='bbox 1918 2363 2314 2421; x_wconf 88' lang='lat' dir='ltr'><strong>consideranda</strong></span> <span class='ocrx_word' id='word_1_253' title='bbox 2357 2371 2414 2421; x_wconf 87' lang='lat' dir='ltr'><strong>et</strong></span> <span class='ocrx_word' id='word_1_254' title='bbox 2450 2366 2689 2422; x_wconf 90' lang='lat' dir='ltr'><strong>cavenda</strong></span> <span class='ocrx_word' id='word_1_255' title='bbox 2714 2405 2731 2433; x_wconf 92' lang='lat'><strong>,</strong></span> <span class='ocrx_word' id='word_1_256' title='bbox 2773 2374 2832 2423; x_wconf 88' lang='lat' dir='ltr'><strong>et</strong></span> <span class='ocrx_word' id='word_1_257' title='bbox 2870 2373 2983 2422; x_wconf 86' lang='lat' dir='ltr'><strong>tam</strong></span> <span class='ocrx_word' id='word_1_258' title='bbox 3017 2371 3240 2439; x_wconf 88' lang='lat' dir='ltr'><strong>propter</strong></span> <span class='ocrx_word' id='word_1_259' title='bbox 3282 2381 3378 2425; x_wconf 85' lang='lat' dir='ltr'><strong>eos</strong></span> <span class='ocrx_word' id='word_1_260' title='bbox 3423 2366 3518 2442; x_wconf 88' lang='lat' dir='ltr'><strong>qui</strong></span> 
     </span>
    </p>
   </div>
   <div class='ocr_carea' id='block_1_35' title="bbox 200 2445 1642 2519">
    <p class='ocr_par' dir='ltr' id='par_1_35' title="bbox 200 2445 1642 2519">
     <span class='ocr_line' id='line_1_35' title="bbox 200 2445 1642 2519; baseline 0.006 -18"><span class='ocrx_word' id='word_1_261' title='bbox 200 2445 564 2519; x_wconf 86' lang='lat' dir='ltr'><strong>Campaniam</strong></span> <span class='ocrx_word' id='word_1_262' title='bbox 593 2455 648 2502; x_wconf 91' lang='lat' dir='ltr'><strong>et</strong></span> <span class='ocrx_word' id='word_1_263' title='bbox 669 2446 966 2504; x_wconf 90' lang='lat' dir='ltr'><strong>Tlmsciam</strong></span> <span class='ocrx_word' id='word_1_264' title='bbox 997 2451 1329 2518; x_wconf 89' lang='lat' dir='ltr'><strong>constitutis,</strong></span> <span class='ocrx_word' id='word_1_265' title='bbox 1358 2451 1642 2509; x_wconf 74' lang='lat' dir='ltr'><strong>Essemus.</strong></span> 
     </span>
    </p>
   </div>
   <div class='ocr_carea' id='block_1_36' title="bbox 266 2539 1815 2616">
    <p class='ocr_par' dir='ltr' id='par_1_36' title="bbox 266 2539 1815 2616">
     <span class='ocr_line' id='line_1_36' title="bbox 266 2539 1815 2616; baseline 0.005 -21"><span class='ocrx_word' id='word_1_266' title='bbox 266 2539 609 2595; x_wconf 88' lang='lat' dir='ltr'><strong>Benedictus</strong></span> <span class='ocrx_word' id='word_1_267' title='bbox 634 2540 894 2595; x_wconf 89' lang='lat' dir='ltr'><strong>Dominus</strong></span> <span class='ocrx_word' id='word_1_268' title='bbox 927 2542 1069 2597; x_wconf 85' lang='lat' dir='ltr'><strong>Deus</strong></span> <span class='ocrx_word' id='word_1_269' title='bbox 1102 2552 1309 2611; x_wconf 89' lang='lat' dir='ltr'><strong>noster,</strong></span> <span class='ocrx_word' id='word_1_270' title='bbox 1339 2546 1433 2616; x_wconf 91' lang='lat' dir='ltr'><strong>qui</strong></span> <span class='ocrx_word' id='word_1_271' title='bbox 1479 2561 1577 2616; x_wconf 90' lang='lat' dir='ltr'><strong>per</strong></span> <span class='ocrx_word' id='word_1_272' title='bbox 1598 2547 1815 2603; x_wconf 88' lang='lat' dir='ltr'><strong>miseri-</strong></span> 
     </span>
    </p>
   </div>
   <div class='ocr_carea' id='block_1_37' title="bbox 198 2633 1811 2711">
    <p class='ocr_par' dir='ltr' id='par_1_37' title="bbox 198 2633 1811 2711">
     <span class='ocr_line' id='line_1_37' title="bbox 198 2633 1811 2711; baseline 0.004 -21"><span class='ocrx_word' id='word_1_273' title='bbox 198 2634 450 2691; x_wconf 85' lang='lat' dir='ltr'><strong>cordiam</strong></span> <span class='ocrx_word' id='word_1_274' title='bbox 472 2650 629 2689; x_wconf 89' lang='lat' dir='ltr'><strong>suam</strong></span> <span class='ocrx_word' id='word_1_275' title='bbox 657 2633 956 2688; x_wconf 82' lang='lat' dir='ltr'><strong>Romanam</strong></span> <span class='ocrx_word' id='word_1_276' title='bbox 984 2634 1286 2692; x_wconf 87' lang='lat' dir='ltr'><strong>Ecclesiam</strong></span> <span class='ocrx_word' id='word_1_277' title='bbox 1316 2638 1460 2693; x_wconf 86' lang='lat' dir='ltr'><strong>beati</strong></span> <span class='ocrx_word' id='word_1_278' title='bbox 1486 2637 1652 2702; x_wconf 89' lang='lat' dir='ltr'><strong>Petri,</strong></span> <span class='ocrx_word' id='word_1_279' title='bbox 1677 2655 1811 2711; x_wconf 89' lang='lat' dir='ltr'><strong>apo-</strong></span> 
     </span>
    </p>
   </div>
   <div class='ocr_carea' id='block_1_38' title="bbox 198 2727 1813 2804">
    <p class='ocr_par' dir='ltr' id='par_1_38' title="bbox 198 2727 1813 2804">
     <span class='ocr_line' id='line_1_38' title="bbox 198 2727 1813 2804; baseline 0.004 -22"><span class='ocrx_word' id='word_1_280' title='bbox 198 2727 472 2783; x_wconf 84' lang='lat' dir='ltr'><strong>stolorum</strong></span> <span class='ocrx_word' id='word_1_281' title='bbox 546 2727 829 2797; x_wconf 85' lang='lat' dir='ltr'><strong>principis,</strong></span> <span class='ocrx_word' id='word_1_282' title='bbox 879 2728 1184 2783; x_wconf 87' lang='lat' dir='ltr'><strong>sacerdotio</strong></span> <span class='ocrx_word' id='word_1_283' title='bbox 1247 2729 1480 2798; x_wconf 86' lang='lat' dir='ltr'><strong>ditavit,</strong></span> <span class='ocrx_word' id='word_1_284' title='bbox 1550 2733 1813 2804; x_wconf 85' lang='lat' dir='ltr'><strong>nobisque</strong></span> 
     </span>
    </p>
   </div>
   <div class='ocr_carea' id='block_1_39' title="bbox 204 2819 1810 2894">
    <p class='ocr_par' dir='ltr' id='par_1_39' title="bbox 204 2819 1810 2894">
     <span class='ocr_line' id='line_1_39' title="bbox 204 2819 1810 2894; baseline 0.004 -19"><span class='ocrx_word' id='word_1_285' title='bbox 204 2820 349 2875; x_wconf 75' lang='lat' dir='ltr'><strong>tiam</strong></span> <span class='ocrx_word' id='word_1_286' title='bbox 378 2819 792 2874; x_wconf 87' lang='lat' dir='ltr'><strong>monstrandam</strong></span> <span class='ocrx_word' id='word_1_287' title='bbox 838 2820 982 2876; x_wconf 90' lang='lat' dir='ltr'><strong>circa</strong></span> <span class='ocrx_word' id='word_1_288' title='bbox 1033 2836 1132 2877; x_wconf 90' lang='lat' dir='ltr'><strong>nos</strong></span> <span class='ocrx_word' id='word_1_289' title='bbox 1185 2832 1409 2894; x_wconf 87' lang='lat' dir='ltr'><strong>prepter</strong></span> <span class='ocrx_word' id='word_1_290' title='bbox 1449 2825 1810 2882; x_wconf 88' lang='lat' dir='ltr'><strong>universalem</strong></span> 
     </span>
    </p>
   </div>
   <div class='ocr_carea' id='block_1_40' title="bbox 196 2913 1812 2987">
    <p class='ocr_par' dir='ltr' id='par_1_40' title="bbox 196 2913 1812 2987">
     <span class='ocr_line' id='line_1_40' title="bbox 196 2913 1812 2987; baseline 0.004 -19"><span class='ocrx_word' id='word_1_291' title='bbox 196 2928 393 2969; x_wconf 89' lang='lat' dir='ltr'><strong>curam</strong></span> <span class='ocrx_word' id='word_1_292' title='bbox 418 2928 541 2984; x_wconf 87' lang='lat' dir='ltr'><strong>quae</strong></span> <span class='ocrx_word' id='word_1_293' title='bbox 581 2913 736 2969; x_wconf 88' lang='lat' dir='ltr'><strong>nobis</strong></span> <span class='ocrx_word' id='word_1_294' title='bbox 764 2922 988 2985; x_wconf 88' lang='lat' dir='ltr'><strong>propter</strong></span> <span class='ocrx_word' id='word_1_295' title='bbox 1034 2915 1376 2987; x_wconf 85' lang='lat' dir='ltr'><strong>privilegium</strong></span> <span class='ocrx_word' id='word_1_296' title='bbox 1427 2916 1666 2986; x_wconf 88' lang='lat' dir='ltr'><strong>ejusdem</strong></span> <span class='ocrx_word' id='word_1_297' title='bbox 1708 2920 1812 2975; x_wconf 80' lang='lat' dir='ltr'><strong>Ec-</strong></span> 
     </span>
    </p>
   </div>
   <div class='ocr_carea' id='block_1_41' title="bbox 196 3006 1811 3076">
    <p class='ocr_par' dir='ltr' id='par_1_41' title="bbox 196 3006 1811 3076">
     <span class='ocr_line' id='line_1_41' title="bbox 196 3006 1811 3076; baseline 0.002 -13"><span class='ocrx_word' id='word_1_298' title='bbox 196 3006 384 3063; x_wconf 62' lang='lat' dir='ltr'><strong>clesiae</strong></span> <span class='ocrx_word' id='word_1_299' title='bbox 405 3007 692 3063; x_wconf 88' lang='lat' dir='ltr'><strong>charitatis</strong></span> <span class='ocrx_word' id='word_1_300' title='bbox 714 3006 959 3073; x_wconf 88' lang='lat' dir='ltr'><strong>indulsit,</strong></span> <span class='ocrx_word' id='word_1_301' title='bbox 991 3014 1051 3061; x_wconf 91' lang='lat' dir='ltr'><strong>ut</strong></span> <span class='ocrx_word' id='word_1_302' title='bbox 1072 3008 1165 3076; x_wconf 88' lang='lat' dir='ltr'><strong>qui</strong></span> <span class='ocrx_word' id='word_1_303' title='bbox 1187 3009 1523 3066; x_wconf 66' lang='lat' dir='ltr'><strong>cohaeremus</strong></span> <span class='ocrx_word' id='word_1_304' title='bbox 1551 3011 1811 3068; x_wconf 84' lang='lat' dir='ltr'><strong>firmitate</strong></span> 
     </span>
    </p>
   </div>
   <div class='ocr_carea' id='block_1_42' title="bbox 196 3101 1807 3178">
    <p class='ocr_par' dir='ltr' id='par_1_42' title="bbox 196 3101 1807 3178">
     <span class='ocr_line' id='line_1_42' title="bbox 196 3101 1807 3178; baseline 0.003 -21"><span class='ocrx_word' id='word_1_305' title='bbox 196 3102 350 3168; x_wconf 83' lang='lat' dir='ltr'><strong>ﬁdei,</strong></span> <span class='ocrx_word' id='word_1_306' title='bbox 370 3101 668 3173; x_wconf 85' lang='lat' dir='ltr'><strong>jungamur</strong></span> <span class='ocrx_word' id='word_1_307' title='bbox 701 3116 917 3172; x_wconf 85' lang='lat' dir='ltr'><strong>quoque</strong></span> <span class='ocrx_word' id='word_1_308' title='bbox 947 3101 1126 3155; x_wconf 90' lang='lat' dir='ltr'><strong>votiva</strong></span> <span class='ocrx_word' id='word_1_309' title='bbox 1154 3102 1501 3172; x_wconf 86' lang='lat' dir='ltr'><strong>jucunditate</strong></span> <span class='ocrx_word' id='word_1_310' title='bbox 1526 3105 1807 3178; x_wconf 89' lang='lat' dir='ltr'><strong>colloquii,</strong></span> 
     </span>
    </p>
   </div>
   <div class='ocr_carea' id='block_1_43' title="bbox 195 3192 1809 3266">
    <p class='ocr_par' dir='ltr' id='par_1_43' title="bbox 195 3192 1809 3266">
     <span class='ocr_line' id='line_1_43' title="bbox 195 3192 1809 3266; baseline 0.002 -16"><span class='ocrx_word' id='word_1_311' title='bbox 195 3210 309 3266; x_wconf 83' lang='lat' dir='ltr'><strong>quo</strong></span> <span class='ocrx_word' id='word_1_312' title='bbox 353 3192 571 3250; x_wconf 81' lang='lat' dir='ltr'><strong>facilius</strong></span> <span class='ocrx_word' id='word_1_313' title='bbox 619 3193 745 3248; x_wconf 89' lang='lat' dir='ltr'><strong>dum</strong></span> <span class='ocrx_word' id='word_1_314' title='bbox 779 3208 877 3263; x_wconf 86' lang='lat' dir='ltr'><strong>per</strong></span> <span class='ocrx_word' id='word_1_315' title='bbox 914 3192 1218 3248; x_wconf 88' lang='lat' dir='ltr'><strong>litterarum</strong></span> <span class='ocrx_word' id='word_1_316' title='bbox 1260 3194 1562 3251; x_wconf 90' lang='lat' dir='ltr'><strong>ministeria</strong></span> <span class='ocrx_word' id='word_1_317' title='bbox 1608 3198 1677 3252; x_wconf 91' lang='lat' dir='ltr'><strong>ad</strong></span> <span class='ocrx_word' id='word_1_318' title='bbox 1710 3213 1809 3254; x_wconf 90' lang='lat' dir='ltr'><strong>vos</strong></span> 
     </span>
    </p>
   </div>
   <div class='ocr_carea' id='block_1_44' title="bbox 195 3288 1841 3363">
    <p class='ocr_par' dir='ltr' id='par_1_44' title="bbox 195 3288 1841 3363">
     <span class='ocr_line' id='line_1_44' title="bbox 195 3288 1841 3363; baseline 0.003 -17"><span class='ocrx_word' id='word_1_319' title='bbox 195 3307 373 3362; x_wconf 86' lang='lat' dir='ltr'><strong>usque</strong></span> <span class='ocrx_word' id='word_1_320' title='bbox 398 3290 795 3363; x_wconf 86' lang='lat' dir='ltr'><strong>pertendimus,</strong></span> <span class='ocrx_word' id='word_1_321' title='bbox 821 3289 985 3345; x_wconf 87' lang='lat' dir='ltr'><strong>etiam</strong></span> <span class='ocrx_word' id='word_1_322' title='bbox 1041 3288 1205 3344; x_wconf 88' lang='lat' dir='ltr'><strong>corda</strong></span> <span class='ocrx_word' id='word_1_323' title='bbox 1249 3300 1433 3345; x_wconf 86' lang='lat' dir='ltr'><strong>vestra</strong></span> <span class='ocrx_word' id='word_1_324' title='bbox 1480 3291 1547 3346; x_wconf 90' lang='lat' dir='ltr'><strong>ad</strong></span> <span class='ocrx_word' id='word_1_325' title='bbox 1598 3292 1841 3362; x_wconf 47' lang='lat' dir='ltr'><strong>religio»</strong></span> 
     </span>
    </p>
   </div>
   <div class='ocr_carea' id='block_1_45' title="bbox 196 3381 1804 3455">
    <p class='ocr_par' dir='ltr' id='par_1_45' title="bbox 196 3381 1804 3455">
     <span class='ocr_line' id='line_1_45' title="bbox 196 3381 1804 3455; baseline 0.001 -14"><span class='ocrx_word' id='word_1_326' title='bbox 196 3401 318 3441; x_wconf 80' lang='lat' dir='ltr'><strong>sum</strong></span> <span class='ocrx_word' id='word_1_327' title='bbox 374 3384 581 3439; x_wconf 90' lang='lat' dir='ltr'><strong>cultum</strong></span> <span class='ocrx_word' id='word_1_328' title='bbox 627 3381 940 3455; x_wconf 91' lang='lat' dir='ltr'><strong>apostolicis</strong></span> <span class='ocrx_word' id='word_1_329' title='bbox 990 3381 1451 3439; x_wconf 89' lang='lat' dir='ltr'><strong>admonitionibus</strong></span> <span class='ocrx_word' id='word_1_330' title='bbox 1497 3384 1804 3452; x_wconf 89' lang='lat' dir='ltr'><strong>incitemus,</strong></span> 
     </span>
    </p>
   </div>
   <div class='ocr_carea' id='block_1_46' title="bbox 195 3476 1807 3547">
    <p class='ocr_par' dir='ltr' id='par_1_46' title="bbox 195 3476 1807 3547">
     <span class='ocr_line' id='line_1_46' title="bbox 195 3476 1807 3547; baseline 0.001 -13"><span class='ocrx_word' id='word_1_331' title='bbox 195 3489 252 3535; x_wconf 76' lang='lat' dir='ltr'><strong>et</strong></span> <span class='ocrx_word' id='word_1_332' title='bbox 311 3479 445 3533; x_wconf 90' lang='lat' dir='ltr'><strong>dum</strong></span> <span class='ocrx_word' id='word_1_333' title='bbox 525 3477 837 3533; x_wconf 79' lang='lat' dir='ltr'><strong>dilectionis</strong></span> <span class='ocrx_word' id='word_1_334' title='bbox 883 3485 1081 3531; x_wconf 76' lang='lat' dir='ltr'><strong>nostrae</strong></span> <span class='ocrx_word' id='word_1_335' title='bbox 1143 3476 1259 3547; x_wconf 90' lang='lat' dir='ltr'><strong>spei</strong></span> <span class='ocrx_word' id='word_1_336' title='bbox 1332 3477 1610 3535; x_wconf 88' lang='lat' dir='ltr'><strong>reddimus</strong></span> <span class='ocrx_word' id='word_1_337' title='bbox 1660 3480 1807 3536; x_wconf 90' lang='lat' dir='ltr'><strong>velut</strong></span> 
     </span>
    </p>
   </div>
   <div class='ocr_carea' id='block_1_47' title="bbox 195 3568 1805 3642">
    <p class='ocr_par' dir='ltr' id='par_1_47' title="bbox 195 3568 1805 3642">
     <span class='ocr_line' id='line_1_47' title="bbox 195 3568 1805 3642; baseline 0.004 -17"><span class='ocrx_word' id='word_1_338' title='bbox 195 3572 474 3642; x_wconf 85' lang='lat' dir='ltr'><strong>quoddam</strong></span> <span class='ocrx_word' id='word_1_339' title='bbox 505 3570 771 3637; x_wconf 86' lang='lat' dir='ltr'><strong>debitum,</strong></span> <span class='ocrx_word' id='word_1_340' title='bbox 801 3569 1021 3642; x_wconf 90' lang='lat' dir='ltr'><strong>plenum</strong></span> <span class='ocrx_word' id='word_1_341' title='bbox 1060 3568 1205 3625; x_wconf 87' lang='lat' dir='ltr'><strong>circa</strong></span> <span class='ocrx_word' id='word_1_342' title='bbox 1238 3570 1407 3626; x_wconf 92' lang='lat' dir='ltr'><strong>Deum</strong></span> <span class='ocrx_word' id='word_1_343' title='bbox 1435 3581 1805 3631; x_wconf 86' lang='lat' dir='ltr'><strong>monstremus</strong></span> 
     </span>
    </p>
   </div>
   <div class='ocr_carea' id='block_1_48' title="bbox 195 3657 1802 3732">
    <p class='ocr_par' dir='ltr' id='par_1_48' title="bbox 195 3657 1802 3732">
     <span class='ocr_line' id='line_1_48' title="bbox 195 3657 1802 3732; baseline 0.004 -16"><span class='ocrx_word' id='word_1_344' title='bbox 195 3659 479 3717; x_wconf 73' lang='lat' dir='ltr'><strong>aﬁ&#39;ectum.</strong></span> <span class='ocrx_word' id='word_1_345' title='bbox 507 3660 807 3732; x_wconf 80' lang='lat' dir='ltr'><strong>Jungamus</strong></span> <span class='ocrx_word' id='word_1_346' title='bbox 831 3674 981 3731; x_wconf 88' lang='lat' dir='ltr'><strong>ergo,</strong></span> <span class='ocrx_word' id='word_1_347' title='bbox 1016 3657 1353 3716; x_wconf 88' lang='lat' dir='ltr'><strong>dilectissimi</strong></span> <span class='ocrx_word' id='word_1_348' title='bbox 1396 3662 1617 3731; x_wconf 88' lang='lat' dir='ltr'><strong>fratres,</strong></span> <span class='ocrx_word' id='word_1_349' title='bbox 1669 3681 1802 3722; x_wconf 86' lang='lat' dir='ltr'><strong>con-</strong></span> 
     </span>
    </p>
   </div>
   <div class='ocr_carea' id='block_1_49' title="bbox 1880 2457 3518 2530">
    <p class='ocr_par' dir='ltr' id='par_1_49' title="bbox 1880 2457 3518 2530">
     <span class='ocr_line' id='line_1_49' title="bbox 1880 2457 3518 2530; baseline 0.002 -17"><span class='ocrx_word' id='word_1_350' title='bbox 1880 2526 1883 2529; x_wconf 96' lang='lat'><em>_</em></span> <span class='ocrx_word' id='word_1_351' title='bbox 1918 2457 2260 2529; x_wconf 90' lang='lat' dir='ltr'><strong>semetipsos,</strong></span> <span class='ocrx_word' id='word_1_352' title='bbox 2285 2465 2380 2515; x_wconf 89' lang='lat' dir='ltr'><strong>aut</strong></span> <span class='ocrx_word' id='word_1_353' title='bbox 2409 2459 2726 2530; x_wconf 89' lang='lat' dir='ltr'><strong>cupiditate,</strong></span> <span class='ocrx_word' id='word_1_354' title='bbox 2761 2468 2856 2515; x_wconf 91' lang='lat' dir='ltr'><strong>aut</strong></span> <span class='ocrx_word' id='word_1_355' title='bbox 2880 2460 3130 2526; x_wconf 88' lang='lat' dir='ltr'><strong>avaritia,</strong></span> <span class='ocrx_word' id='word_1_356' title='bbox 3182 2468 3277 2517; x_wconf 88' lang='lat' dir='ltr'><strong>aut</strong></span> <span class='ocrx_word' id='word_1_357' title='bbox 3308 2460 3518 2517; x_wconf 87' lang='lat' dir='ltr'><strong>invidia</strong></span> 
     </span>
    </p>
   </div>
   <div class='ocr_carea' id='block_1_50' title="bbox 1915 2550 3519 2623">
    <p class='ocr_par' dir='ltr' id='par_1_50' title="bbox 1915 2550 3519 2623">
     <span class='ocr_line' id='line_1_50' title="bbox 1915 2550 3519 2623; baseline 0.003 -18"><span class='ocrx_word' id='word_1_358' title='bbox 1915 2551 2151 2621; x_wconf 90' lang='lat' dir='ltr'><strong>perdere</strong></span> <span class='ocrx_word' id='word_1_359' title='bbox 2179 2550 2478 2607; x_wconf 90' lang='lat' dir='ltr'><strong>moliuntur</strong></span> <span class='ocrx_word' id='word_1_360' title='bbox 2506 2552 2596 2622; x_wconf 91' lang='lat' dir='ltr'><strong>(ne</strong></span> <span class='ocrx_word' id='word_1_361' title='bbox 2625 2553 2679 2607; x_wconf 92' lang='lat' dir='ltr'><strong>in</strong></span> <span class='ocrx_word' id='word_1_362' title='bbox 2704 2551 2974 2623; x_wconf 89' lang='lat' dir='ltr'><strong>profunda</strong></span> <span class='ocrx_word' id='word_1_363' title='bbox 2999 2552 3272 2621; x_wconf 89' lang='lat' dir='ltr'><strong>labantur,</strong></span> <span class='ocrx_word' id='word_1_364' title='bbox 3322 2563 3416 2610; x_wconf 91' lang='lat' dir='ltr'><strong>aut</strong></span> <span class='ocrx_word' id='word_1_365' title='bbox 3460 2555 3519 2611; x_wconf 91' lang='lat' dir='ltr'><strong>in</strong></span> 
     </span>
    </p>
   </div>
   <div class='ocr_carea' id='block_1_51' title="bbox 1915 2642 3517 2718">
    <p class='ocr_par' dir='ltr' id='par_1_51' title="bbox 1915 2642 3517 2718">
     <span class='ocr_line' id='line_1_51' title="bbox 1915 2642 3517 2718; baseline 0.002 -20"><span class='ocrx_word' id='word_1_366' title='bbox 1915 2642 2046 2699; x_wconf 86' lang='lat' dir='ltr'><strong>talia</strong></span> <span class='ocrx_word' id='word_1_367' title='bbox 2072 2643 2317 2700; x_wconf 89' lang='lat' dir='ltr'><strong>incidant</strong></span> <span class='ocrx_word' id='word_1_368' title='bbox 2341 2643 2506 2715; x_wconf 89' lang='lat' dir='ltr'><strong>mala)</strong></span> <span class='ocrx_word' id='word_1_369' title='bbox 2543 2659 2707 2716; x_wconf 89' lang='lat' dir='ltr'><strong>quam</strong></span> <span class='ocrx_word' id='word_1_370' title='bbox 2736 2653 2958 2718; x_wconf 89' lang='lat' dir='ltr'><strong>propter</strong></span> <span class='ocrx_word' id='word_1_371' title='bbox 2983 2654 3362 2718; x_wconf 89' lang='lat' dir='ltr'><strong>persecutores</strong></span> <span class='ocrx_word' id='word_1_372' title='bbox 3413 2646 3517 2702; x_wconf 88' lang='lat' dir='ltr'><strong>Ec-</strong></span> 
     </span>
    </p>
   </div>
   <div class='ocr_carea' id='block_1_52' title="bbox 1913 2734 3515 2808">
    <p class='ocr_par' dir='ltr' id='par_1_52' title="bbox 1913 2734 3515 2808">
     <span class='ocr_line' id='line_1_52' title="bbox 1913 2734 3515 2808; baseline 0.002 -18"><span class='ocrx_word' id='word_1_373' title='bbox 1913 2734 2094 2791; x_wconf 68' lang='lat' dir='ltr'><strong>clesiae</strong></span> <span class='ocrx_word' id='word_1_374' title='bbox 2123 2750 2514 2808; x_wconf 84' lang='lat' dir='ltr'><strong>servorumque</strong></span> <span class='ocrx_word' id='word_1_375' title='bbox 2536 2737 2678 2808; x_wconf 89' lang='lat' dir='ltr'><strong>ejus,</strong></span> <span class='ocrx_word' id='word_1_376' title='bbox 2717 2735 2986 2808; x_wconf 84' lang='lat' dir='ltr'><strong>qnijuxta</strong></span> <span class='ocrx_word' id='word_1_377' title='bbox 3021 2738 3271 2794; x_wconf 84' lang='lat' dir='ltr'><strong>veritatis</strong></span> <span class='ocrx_word' id='word_1_378' title='bbox 3322 2752 3515 2794; x_wconf 86' lang='lat' dir='ltr'><strong>vocem</strong></span> 
     </span>
    </p>
   </div>
   <div class='ocr_carea' id='block_1_53' title="bbox 1912 2827 3515 2895">
    <p class='ocr_par' dir='ltr' id='par_1_53' title="bbox 1912 2827 3515 2895">
     <span class='ocr_line' id='line_1_53' title="bbox 1912 2827 3515 2895; baseline 0.002 -13"><span class='ocrx_word' id='word_1_379' title='bbox 1912 2827 2103 2883; x_wconf 91' lang='lat' dir='ltr'><strong>oculos</strong></span> <span class='ocrx_word' id='word_1_380' title='bbox 2123 2828 2390 2885; x_wconf 90' lang='lat' dir='ltr'><strong>habentes</strong></span> <span class='ocrx_word' id='word_1_381' title='bbox 2413 2844 2521 2885; x_wconf 91' lang='lat' dir='ltr'><strong>non</strong></span> <span class='ocrx_word' id='word_1_382' title='bbox 2553 2829 2761 2895; x_wconf 89' lang='lat' dir='ltr'><strong>vident,</strong></span> <span class='ocrx_word' id='word_1_383' title='bbox 2785 2838 2842 2885; x_wconf 92' lang='lat' dir='ltr'><strong>et</strong></span> <span class='ocrx_word' id='word_1_384' title='bbox 2893 2845 3055 2886; x_wconf 88' lang='lat' dir='ltr'><strong>aures</strong></span> <span class='ocrx_word' id='word_1_385' title='bbox 3097 2830 3363 2887; x_wconf 89' lang='lat' dir='ltr'><strong>habentes</strong></span> <span class='ocrx_word' id='word_1_386' title='bbox 3404 2846 3515 2885; x_wconf 92' lang='lat' dir='ltr'><strong>non</strong></span> 
     </span>
    </p>
   </div>
   <div class='ocr_carea' id='block_1_54' title="bbox 1913 2920 3508 2994">
    <p class='ocr_par' dir='ltr' id='par_1_54' title="bbox 1913 2920 3508 2994">
     <span class='ocr_line' id='line_1_54' title="bbox 1913 2920 3508 2994; baseline -0.001 -18"><span class='ocrx_word' id='word_1_387' title='bbox 1913 2920 2164 2988; x_wconf 89' lang='lat' dir='ltr'><strong>audiunt,</strong></span> <span class='ocrx_word' id='word_1_388' title='bbox 2185 2936 2290 2977; x_wconf 90' lang='lat' dir='ltr'><strong>nec</strong></span> <span class='ocrx_word' id='word_1_389' title='bbox 2310 2920 2620 2994; x_wconf 84' lang='lat' dir='ltr'><strong>intelligunt</strong></span> <span class='ocrx_word' id='word_1_390' title='bbox 2650 2937 2771 2992; x_wconf 75' lang='lat' dir='ltr'><strong>quae</strong></span> <span class='ocrx_word' id='word_1_391' title='bbox 2792 2922 3010 2993; x_wconf 91' lang='lat' dir='ltr'><strong>placent</strong></span> <span class='ocrx_word' id='word_1_392' title='bbox 3039 2922 3172 2988; x_wconf 89' lang='lat' dir='ltr'><strong>Deo,</strong></span> <span class='ocrx_word' id='word_1_393' title='bbox 3215 2928 3508 2991; x_wconf 87' lang='lat' dir='ltr'><strong>sequentes</strong></span> 
     </span>
    </p>
   </div>
   <div class='ocr_carea' id='block_1_55' title="bbox 1913 3013 3516 3088">
    <p class='ocr_par' dir='ltr' id='par_1_55' title="bbox 1913 3013 3516 3088">
     <span class='ocr_line' id='line_1_55' title="bbox 1913 3013 3516 3088; baseline -0.001 -18"><span class='ocrx_word' id='word_1_394' title='bbox 1913 3014 1967 3070; x_wconf 92' lang='lat' dir='ltr'><strong>in</strong></span> <span class='ocrx_word' id='word_1_395' title='bbox 1990 3013 2246 3070; x_wconf 90' lang='lat' dir='ltr'><strong>omnibus</strong></span> <span class='ocrx_word' id='word_1_396' title='bbox 2264 3014 2616 3085; x_wconf 86' lang='lat' dir='ltr'><strong>apostolicam</strong></span> <span class='ocrx_word' id='word_1_397' title='bbox 2644 3014 2910 3088; x_wconf 84' lang='lat' dir='ltr'><strong>regulam,</strong></span> <span class='ocrx_word' id='word_1_398' title='bbox 2935 3023 2991 3070; x_wconf 90' lang='lat' dir='ltr'><strong>et</strong></span> <span class='ocrx_word' id='word_1_399' title='bbox 3007 3014 3366 3087; x_wconf 65' lang='lat' dir='ltr'><strong>praedicantes</strong></span> <span class='ocrx_word' id='word_1_400' title='bbox 3396 3013 3516 3084; x_wconf 86' lang='lat' dir='ltr'><strong>ejus</strong></span> 
     </span>
    </p>
   </div>
   <div class='ocr_carea' id='block_1_56' title="bbox 1911 3094 3515 3181">
    <p class='ocr_par' dir='ltr' id='par_1_56' title="bbox 1911 3094 3515 3181">
     <span class='ocr_line' id='line_1_56' title="bbox 1911 3094 3515 3181; baseline -0.001 -16"><span class='ocrx_word' id='word_1_401' title='bbox 1911 3108 2095 3165; x_wconf 91' lang='lat' dir='ltr'><strong>omnia</strong></span> <span class='ocrx_word' id='word_1_402' title='bbox 2120 3109 2416 3165; x_wconf 88' lang='lat' dir='ltr'><strong>constituta</strong></span> <span class='ocrx_word' id='word_1_403' title='bbox 2464 3110 2534 3167; x_wconf 87' lang='lat' dir='ltr'><strong>ob</strong></span> <span class='ocrx_word' id='word_1_404' title='bbox 2583 3111 2887 3167; x_wconf 88' lang='lat' dir='ltr'><strong>custodiam</strong></span> <span class='ocrx_word' id='word_1_405' title='bbox 2941 3094 3350 3181; x_wconf 65' lang='lat' dir='ltr'><strong>episcoporum,</strong></span> <span class='ocrx_word' id='word_1_406' title='bbox 3419 3107 3515 3180; x_wconf 82' lang='lat' dir='ltr'><strong>qui</strong></span> 
     </span>
    </p>
   </div>
   <div class='ocr_carea' id='block_1_57' title="bbox 1911 3201 3513 3260">
    <p class='ocr_par' dir='ltr' id='par_1_57' title="bbox 1911 3201 3513 3260">
     <span class='ocr_line' id='line_1_57' title="bbox 1911 3201 3513 3260; baseline 0.001 -3"><span class='ocrx_word' id='word_1_407' title='bbox 1911 3201 2177 3260; x_wconf 66' lang='lat' dir='ltr'><strong>columna:</strong></span> <span class='ocrx_word' id='word_1_408' title='bbox 2206 3201 2463 3260; x_wconf 84' lang='lat' dir='ltr'><strong>Ecclesiae</strong></span> <span class='ocrx_word' id='word_1_409' title='bbox 2510 3218 2540 3258; x_wconf 87' lang='lat' dir='ltr'><strong>a</strong></span> <span class='ocrx_word' id='word_1_410' title='bbox 2590 3202 2703 3259; x_wconf 90' lang='lat' dir='ltr'><strong>Deo</strong></span> <span class='ocrx_word' id='word_1_411' title='bbox 2753 3203 2883 3260; x_wconf 89' lang='lat' dir='ltr'><strong>dicti</strong></span> <span class='ocrx_word' id='word_1_412' title='bbox 2929 3210 3054 3259; x_wconf 90' lang='lat' dir='ltr'><strong>sunt</strong></span> <span class='ocrx_word' id='word_1_413' title='bbox 3111 3210 3166 3257; x_wconf 87' lang='lat' dir='ltr'><strong>et</strong></span> <span class='ocrx_word' id='word_1_414' title='bbox 3191 3212 3513 3259; x_wconf 67' lang='lat' dir='ltr'><strong>cancrorum</strong></span> 
     </span>
    </p>
   </div>
   <div class='ocr_carea' id='block_1_58' title="bbox 1909 3292 3510 3359">
    <p class='ocr_par' dir='ltr' id='par_1_58' title="bbox 1909 3292 3510 3359">
     <span class='ocr_line' id='line_1_58' title="bbox 1909 3292 3510 3359; baseline 0.001 -13"><span class='ocrx_word' id='word_1_415' title='bbox 1909 3307 2163 3349; x_wconf 89' lang='lat' dir='ltr'><strong>verorum</strong></span> <span class='ocrx_word' id='word_1_416' title='bbox 2193 3293 2535 3350; x_wconf 90' lang='lat' dir='ltr'><strong>sacerdotum</strong></span> <span class='ocrx_word' id='word_1_417' title='bbox 2566 3292 2847 3351; x_wconf 87' lang='lat' dir='ltr'><strong>ﬁrmantes</strong></span> <span class='ocrx_word' id='word_1_418' title='bbox 2872 3309 3010 3351; x_wconf 88' lang='lat' dir='ltr'><strong>cana</strong></span> <span class='ocrx_word' id='word_1_419' title='bbox 3030 3293 3255 3349; x_wconf 87' lang='lat' dir='ltr'><strong>Patrum</strong></span> <span class='ocrx_word' id='word_1_420' title='bbox 3285 3298 3510 3359; x_wconf 81' lang='lat' dir='ltr'><strong>statuta,</strong></span> 
     </span>
    </p>
   </div>
   <div class='ocr_carea' id='block_1_59' title="bbox 1911 3385 3513 3458">
    <p class='ocr_par' dir='ltr' id='par_1_59' title="bbox 1911 3385 3513 3458">
     <span class='ocr_line' id='line_1_59' title="bbox 1911 3385 3513 3458; baseline -0.002 -17"><span class='ocrx_word' id='word_1_421' title='bbox 1911 3385 2200 3441; x_wconf 88' lang='lat' dir='ltr'><strong>statuimus</strong></span> <span class='ocrx_word' id='word_1_422' title='bbox 2241 3386 2437 3441; x_wconf 90' lang='lat' dir='ltr'><strong>iterum</strong></span> <span class='ocrx_word' id='word_1_423' title='bbox 2488 3400 2611 3441; x_wconf 92' lang='lat' dir='ltr'><strong>cum</strong></span> <span class='ocrx_word' id='word_1_424' title='bbox 2632 3387 2886 3442; x_wconf 90' lang='lat' dir='ltr'><strong>omnibus</strong></span> <span class='ocrx_word' id='word_1_425' title='bbox 2913 3387 3007 3458; x_wconf 92' lang='lat' dir='ltr'><strong>qui</strong></span> <span class='ocrx_word' id='word_1_426' title='bbox 3056 3386 3341 3442; x_wconf 89' lang='lat' dir='ltr'><strong>nobiscum</strong></span> <span class='ocrx_word' id='word_1_427' title='bbox 3382 3391 3513 3440; x_wconf 87' lang='lat' dir='ltr'><strong>sunt</strong></span> 
     </span>
    </p>
   </div>
   <div class='ocr_carea' id='block_1_60' title="bbox 1909 3475 3511 3548">
    <p class='ocr_par' dir='ltr' id='par_1_60' title="bbox 1909 3475 3511 3548">
     <span class='ocr_line' id='line_1_60' title="bbox 1909 3475 3511 3548; baseline -0.002 -14"><span class='ocrx_word' id='word_1_428' title='bbox 1909 3477 2196 3548; x_wconf 88' lang='lat' dir='ltr'><strong>episcopis,</strong></span> <span class='ocrx_word' id='word_1_429' title='bbox 2227 3477 2368 3534; x_wconf 91' lang='lat' dir='ltr'><strong>sicut</strong></span> <span class='ocrx_word' id='word_1_430' title='bbox 2395 3477 2599 3533; x_wconf 90' lang='lat' dir='ltr'><strong>dudum</strong></span> <span class='ocrx_word' id='word_1_431' title='bbox 2626 3477 2908 3534; x_wconf 89' lang='lat' dir='ltr'><strong>decretum</strong></span> <span class='ocrx_word' id='word_1_432' title='bbox 2958 3478 3284 3548; x_wconf 88' lang='lat' dir='ltr'><strong>reperimus,</strong></span> <span class='ocrx_word' id='word_1_433' title='bbox 3315 3484 3378 3531; x_wconf 90' lang='lat' dir='ltr'><strong>ut</strong></span> <span class='ocrx_word' id='word_1_434' title='bbox 3412 3475 3511 3531; x_wconf 77' lang='lat' dir='ltr'><strong>ho-</strong></span> 
     </span>
    </p>
   </div>
   <div class='ocr_carea' id='block_1_61' title="bbox 1909 3570 3508 3643">
    <p class='ocr_par' dir='ltr' id='par_1_61' title="bbox 1909 3570 3508 3643">
     <span class='ocr_line' id='line_1_61' title="bbox 1909 3570 3508 3643; baseline -0.002 -16"><span class='ocrx_word' id='word_1_435' title='bbox 1909 3573 2141 3637; x_wconf 68' lang='lat' dir='ltr'><strong>micidm,</strong></span> <span class='ocrx_word' id='word_1_436' title='bbox 2171 3571 2427 3638; x_wconf 84' lang='lat' dir='ltr'><strong>malefici,</strong></span> <span class='ocrx_word' id='word_1_437' title='bbox 2448 3571 2619 3639; x_wconf 89' lang='lat' dir='ltr'><strong>fures,</strong></span> <span class='ocrx_word' id='word_1_438' title='bbox 2652 3571 2921 3643; x_wconf 80' lang='lat' dir='ltr'><strong>sacrilegi,</strong></span> <span class='ocrx_word' id='word_1_439' title='bbox 2950 3580 3216 3642; x_wconf 86' lang='lat' dir='ltr'><strong>raptores,</strong></span> <span class='ocrx_word' id='word_1_440' title='bbox 3255 3570 3508 3637; x_wconf 76' lang='lat' dir='ltr'><strong>adulteri,</strong></span> 
     </span>
    </p>
   </div>
   <div class='ocr_carea' id='block_1_62' title="bbox 1909 3654 3512 3733">
    <p class='ocr_par' dir='ltr' id='par_1_62' title="bbox 1909 3654 3512 3733">
     <span class='ocr_line' id='line_1_62' title="bbox 1909 3654 3512 3733; baseline -0.001 -15"><span class='ocrx_word' id='word_1_441' title='bbox 1909 3663 2124 3726; x_wconf 89' lang='lat' dir='ltr'><strong>incesti,</strong></span> <span class='ocrx_word' id='word_1_442' title='bbox 2156 3654 2404 3727; x_wconf 84' lang='lat' dir='ltr'><strong>veneﬁci,</strong></span> <span class='ocrx_word' id='word_1_443' title='bbox 2440 3662 2699 3732; x_wconf 87' lang='lat' dir='ltr'><strong>suspecti,</strong></span> <span class='ocrx_word' id='word_1_444' title='bbox 2723 3662 3024 3729; x_wconf 89' lang='lat' dir='ltr'><strong>criminosi,</strong></span> <span class='ocrx_word' id='word_1_445' title='bbox 3050 3661 3355 3727; x_wconf 90' lang='lat' dir='ltr'><strong>domestici,</strong></span> <span class='ocrx_word' id='word_1_446' title='bbox 3388 3676 3512 3733; x_wconf 90' lang='lat' dir='ltr'><strong>per-</strong></span> 
     </span>
    </p>
   </div>
   <div class='ocr_carea' id='block_1_63' title="bbox 199 3750 3507 3826">
    <p class='ocr_par' dir='ltr' id='par_1_63' title="bbox 199 3750 3507 3826">
     <span class='ocr_line' id='line_1_63' title="bbox 199 3750 3507 3826; baseline 0.002 -16"><span class='ocrx_word' id='word_1_447' title='bbox 199 3755 381 3810; x_wconf 88' lang='lat' dir='ltr'><strong>tiuuas</strong></span> <span class='ocrx_word' id='word_1_448' title='bbox 418 3762 477 3809; x_wconf 92' lang='lat' dir='ltr'><strong>et</strong></span> <span class='ocrx_word' id='word_1_449' title='bbox 504 3754 739 3810; x_wconf 90' lang='lat' dir='ltr'><strong>humiles</strong></span> <span class='ocrx_word' id='word_1_450' title='bbox 762 3770 975 3826; x_wconf 90' lang='lat' dir='ltr'><strong>preces,</strong></span> <span class='ocrx_word' id='word_1_451' title='bbox 1017 3765 1073 3811; x_wconf 92' lang='lat' dir='ltr'><strong>et</strong></span> <span class='ocrx_word' id='word_1_452' title='bbox 1122 3757 1291 3812; x_wconf 90' lang='lat' dir='ltr'><strong>Deum</strong></span> <span class='ocrx_word' id='word_1_453' title='bbox 1319 3766 1566 3814; x_wconf 89' lang='lat' dir='ltr'><strong>nostrum</strong></span> <span class='ocrx_word' id='word_1_454' title='bbox 1593 3759 1707 3815; x_wconf 91' lang='lat' dir='ltr'><strong>oris</strong></span> <span class='ocrx_word' id='word_1_455' title='bbox 1752 3767 1807 3816; x_wconf 92' lang='lat' dir='ltr'><strong>et</strong></span> <span class='ocrx_word' id='word_1_456' title='bbox 1833 3751 1881 3817; x_wconf 88' lang='lat' dir='ltr'><strong>C</strong></span> <span class='ocrx_word' id='word_1_457' title='bbox 1904 3752 2041 3825; x_wconf 73' lang='lat' dir='ltr'><strong>iuri.</strong></span> <span class='ocrx_word' id='word_1_458' title='bbox 2070 3762 2128 3809; x_wconf 75' lang='lat' dir='ltr'><strong>el</strong></span> <span class='ocrx_word' id='word_1_459' title='bbox 2148 3753 2240 3824; x_wconf 83' lang='lat' dir='ltr'><strong>qui</strong></span> <span class='ocrx_word' id='word_1_460' title='bbox 2264 3761 2479 3824; x_wconf 77' lang='lat' dir='ltr'><strong>raptum</strong></span> <span class='ocrx_word' id='word_1_461' title='bbox 2502 3750 2769 3820; x_wconf 70' lang='lat' dir='ltr'><strong>fecerunt.</strong></span> <span class='ocrx_word' id='word_1_462' title='bbox 2799 3752 2884 3808; x_wconf 71' lang='lat' dir='ltr'><strong>vel</strong></span> <span class='ocrx_word' id='word_1_463' title='bbox 2914 3752 3109 3808; x_wconf 78' lang='lat' dir='ltr'><strong>falsum</strong></span> <span class='ocrx_word' id='word_1_464' title='bbox 3135 3754 3507 3810; x_wconf 77' lang='lat' dir='ltr'><strong>testimonium</strong></span> 
     </span>
    </p>
   </div>
   <div class='ocr_carea' id='block_1_64' title="bbox 197 3846 1803 3925">
    <p class='ocr_par' dir='ltr' id='par_1_64' title="bbox 197 3846 1803 3925">
     <span class='ocr_line' id='line_1_64' title="bbox 197 3846 1803 3925; baseline 0.003 -22"><span class='ocrx_word' id='word_1_465' title='bbox 197 3847 383 3903; x_wconf 90' lang='lat' dir='ltr'><strong>cordis</strong></span> <span class='ocrx_word' id='word_1_466' title='bbox 411 3846 668 3920; x_wconf 85' lang='lat' dir='ltr'><strong>lacrymis</strong></span> <span class='ocrx_word' id='word_1_467' title='bbox 695 3849 1069 3920; x_wconf 86' lang='lat' dir='ltr'><strong>supplicantes</strong></span> <span class='ocrx_word' id='word_1_468' title='bbox 1106 3851 1223 3925; x_wconf 88' lang='lat' dir='ltr'><strong>jugi</strong></span> <span class='ocrx_word' id='word_1_469' title='bbox 1278 3852 1665 3924; x_wconf 88' lang='lat' dir='ltr'><strong>deprecatione</strong></span> <span class='ocrx_word' id='word_1_470' title='bbox 1705 3869 1803 3925; x_wconf 90' lang='lat' dir='ltr'><strong>po-</strong></span> 
     </span>
    </p>
   </div>
   <div class='ocr_carea' id='block_1_65' title="bbox 196 3940 1808 4014">
    <p class='ocr_par' dir='ltr' id='par_1_65' title="bbox 196 3940 1808 4014">
     <span class='ocr_line' id='line_1_65' title="bbox 196 3940 1808 4014; baseline 0.004 -19"><span class='ocrx_word' id='word_1_471' title='bbox 196 3954 442 4006; x_wconf 82' lang='lat' dir='ltr'><strong>scamus,</strong></span> <span class='ocrx_word' id='word_1_472' title='bbox 475 3947 535 3994; x_wconf 92' lang='lat' dir='ltr'><strong>ut</strong></span> <span class='ocrx_word' id='word_1_473' title='bbox 556 3940 897 3997; x_wconf 88' lang='lat' dir='ltr'><strong>institutione</strong></span> <span class='ocrx_word' id='word_1_474' title='bbox 924 3951 981 3997; x_wconf 88' lang='lat' dir='ltr'><strong>et</strong></span> <span class='ocrx_word' id='word_1_475' title='bbox 1010 3957 1176 4014; x_wconf 91' lang='lat' dir='ltr'><strong>opere</strong></span> <span class='ocrx_word' id='word_1_476' title='bbox 1205 3943 1281 3999; x_wconf 91' lang='lat' dir='ltr'><strong>illi</strong></span> <span class='ocrx_word' id='word_1_477' title='bbox 1309 3943 1465 4013; x_wconf 89' lang='lat' dir='ltr'><strong>cujus</strong></span> <span class='ocrx_word' id='word_1_478' title='bbox 1485 3959 1607 4000; x_wconf 89' lang='lat' dir='ltr'><strong>esse</strong></span> <span class='ocrx_word' id='word_1_479' title='bbox 1637 3960 1808 4001; x_wconf 89' lang='lat' dir='ltr'><strong>mem-</strong></span> 
     </span>
    </p>
   </div>
   <div class='ocr_carea' id='block_1_66' title="bbox 198 4032 1805 4108">
    <p class='ocr_par' dir='ltr' id='par_1_66' title="bbox 198 4032 1805 4108">
     <span class='ocr_line' id='line_1_66' title="bbox 198 4032 1805 4108; baseline 0.004 -20"><span class='ocrx_word' id='word_1_480' title='bbox 198 4032 296 4088; x_wconf 86' lang='lat' dir='ltr'><strong>bra</strong></span> <span class='ocrx_word' id='word_1_481' title='bbox 321 4032 596 4103; x_wconf 85' lang='lat' dir='ltr'><strong>cupimus,</strong></span> <span class='ocrx_word' id='word_1_482' title='bbox 645 4034 971 4103; x_wconf 65' lang='lat' dir='ltr'><strong>intereamus,</strong></span> <span class='ocrx_word' id='word_1_483' title='bbox 1024 4051 1125 4093; x_wconf 91' lang='lat' dir='ltr'><strong>nec</strong></span> <span class='ocrx_word' id='word_1_484' title='bbox 1181 4053 1414 4108; x_wconf 89' lang='lat' dir='ltr'><strong>unquam</strong></span> <span class='ocrx_word' id='word_1_485' title='bbox 1470 4040 1537 4094; x_wconf 91' lang='lat' dir='ltr'><strong>ab</strong></span> <span class='ocrx_word' id='word_1_486' title='bbox 1580 4037 1671 4094; x_wconf 90' lang='lat' dir='ltr'><strong>illa</strong></span> <span class='ocrx_word' id='word_1_487' title='bbox 1719 4040 1805 4095; x_wconf 87' lang='lat' dir='ltr'><strong>via</strong></span> 
     </span>
    </p>
   </div>
   <div class='ocr_carea' id='block_1_67' title="bbox 201 4125 1805 4199">
    <p class='ocr_par' dir='ltr' id='par_1_67' title="bbox 201 4125 1805 4199">
     <span class='ocr_line' id='line_1_67' title="bbox 201 4125 1805 4199; baseline 0.006 -18"><span class='ocrx_word' id='word_1_488' title='bbox 201 4142 325 4197; x_wconf 74' lang='lat' dir='ltr'><strong>quae</strong></span> <span class='ocrx_word' id='word_1_489' title='bbox 351 4125 603 4184; x_wconf 87' lang='lat' dir='ltr'><strong>Christus</strong></span> <span class='ocrx_word' id='word_1_490' title='bbox 629 4137 713 4183; x_wconf 85' lang='lat' dir='ltr'><strong>est</strong></span> <span class='ocrx_word' id='word_1_491' title='bbox 737 4129 897 4185; x_wconf 90' lang='lat' dir='ltr'><strong>devio</strong></span> <span class='ocrx_word' id='word_1_492' title='bbox 929 4133 1145 4187; x_wconf 87' lang='lat' dir='ltr'><strong>tramite</strong></span> <span class='ocrx_word' id='word_1_493' title='bbox 1168 4133 1523 4199; x_wconf 86' lang='lat' dir='ltr'><strong>declinemus,</strong></span> <span class='ocrx_word' id='word_1_494' title='bbox 1553 4148 1622 4188; x_wconf 91' lang='lat' dir='ltr'><strong>ne</strong></span> <span class='ocrx_word' id='word_1_495' title='bbox 1649 4134 1717 4189; x_wconf 91' lang='lat' dir='ltr'><strong>ab</strong></span> <span class='ocrx_word' id='word_1_496' title='bbox 1738 4150 1805 4190; x_wconf 90' lang='lat' dir='ltr'><strong>eo</strong></span> 
     </span>
    </p>
   </div>
   <div class='ocr_carea' id='block_1_68' title="bbox 194 4218 1805 4297">
    <p class='ocr_par' dir='ltr' id='par_1_68' title="bbox 194 4218 1805 4297">
     <span class='ocr_line' id='line_1_68' title="bbox 194 4218 1805 4297; baseline 0.006 -23"><span class='ocrx_word' id='word_1_497' title='bbox 194 4218 348 4286; x_wconf 84' lang='lat' dir='ltr'><strong>juste</strong></span> <span class='ocrx_word' id='word_1_498' title='bbox 385 4235 550 4289; x_wconf 86' lang='lat' dir='ltr'><strong>quem</strong></span> <span class='ocrx_word' id='word_1_499' title='bbox 577 4236 676 4277; x_wconf 89' lang='lat' dir='ltr'><strong>nos</strong></span> <span class='ocrx_word' id='word_1_500' title='bbox 703 4222 867 4294; x_wconf 88' lang='lat' dir='ltr'><strong>impie</strong></span> <span class='ocrx_word' id='word_1_501' title='bbox 891 4224 1271 4297; x_wconf 81' lang='lat' dir='ltr'><strong>relinquimus,</strong></span> <span class='ocrx_word' id='word_1_502' title='bbox 1320 4227 1636 4284; x_wconf 87' lang='lat' dir='ltr'><strong>deseramur</strong></span> <span class='ocrx_word' id='word_1_503' title='bbox 1682 4229 1805 4284; x_wconf 84' lang='lat' dir='ltr'><strong>infi-</strong></span> 
     </span>
    </p>
   </div>
   <div class='ocr_carea' id='block_1_69' title="bbox 195 4309 1805 4391">
    <p class='ocr_par' dir='ltr' id='par_1_69' title="bbox 195 4309 1805 4391">
     <span class='ocr_line' id='line_1_69' title="bbox 195 4309 1805 4391; baseline 0.007 -26"><span class='ocrx_word' id='word_1_504' title='bbox 195 4309 368 4367; x_wconf 84' lang='lat' dir='ltr'><strong>deles.</strong></span> <span class='ocrx_word' id='word_1_505' title='bbox 403 4312 559 4380; x_wconf 83' lang='lat' dir='ltr'><strong>Quod</strong></span> <span class='ocrx_word' id='word_1_506' title='bbox 586 4328 706 4369; x_wconf 91' lang='lat' dir='ltr'><strong>cum</strong></span> <span class='ocrx_word' id='word_1_507' title='bbox 730 4316 947 4385; x_wconf 82' lang='lat' dir='ltr'><strong>superni</strong></span> <span class='ocrx_word' id='word_1_508' title='bbox 972 4316 1173 4373; x_wconf 83' lang='lat' dir='ltr'><strong>favoris</strong></span> <span class='ocrx_word' id='word_1_509' title='bbox 1201 4318 1405 4373; x_wconf 76' lang='lat' dir='ltr'><strong>auxilio</strong></span> <span class='ocrx_word' id='word_1_510' title='bbox 1434 4335 1498 4374; x_wconf 87' lang='lat' dir='ltr'><strong>ea</strong></span> <span class='ocrx_word' id='word_1_511' title='bbox 1529 4320 1685 4376; x_wconf 90' lang='lat' dir='ltr'><strong>nobis</strong></span> <span class='ocrx_word' id='word_1_512' title='bbox 1708 4337 1805 4391; x_wconf 89' lang='lat' dir='ltr'><strong>po-</strong></span> 
     </span>
    </p>
   </div>
   <div class='ocr_carea' id='block_1_70' title="bbox 197 4405 1804 4483">
    <p class='ocr_par' dir='ltr' id='par_1_70' title="bbox 197 4405 1804 4483">
     <span class='ocr_line' id='line_1_70' title="bbox 197 4405 1804 4483; baseline 0.007 -25"><span class='ocrx_word' id='word_1_513' title='bbox 197 4413 305 4461; x_wconf 84' lang='lat' dir='ltr'><strong>test</strong></span> <span class='ocrx_word' id='word_1_514' title='bbox 334 4405 548 4461; x_wconf 86' lang='lat' dir='ltr'><strong>ratioue</strong></span> <span class='ocrx_word' id='word_1_515' title='bbox 576 4406 910 4479; x_wconf 75' lang='lat' dir='ltr'><strong>contingere,</strong></span> <span class='ocrx_word' id='word_1_516' title='bbox 935 4409 981 4464; x_wconf 90' lang='lat' dir='ltr'><strong>si</strong></span> <span class='ocrx_word' id='word_1_517' title='bbox 1012 4410 1305 4480; x_wconf 90' lang='lat' dir='ltr'><strong>apostolica</strong></span> <span class='ocrx_word' id='word_1_518' title='bbox 1328 4411 1603 4483; x_wconf 82' lang='lat' dir='ltr'><strong>dogmata,</strong></span> <span class='ocrx_word' id='word_1_519' title='bbox 1624 4414 1671 4468; x_wconf 91' lang='lat' dir='ltr'><strong>si</strong></span> <span class='ocrx_word' id='word_1_520' title='bbox 1701 4412 1804 4469; x_wconf 90' lang='lat' dir='ltr'><strong>Pa-</strong></span> 
     </span>
    </p>
   </div>
   <div class='ocr_carea' id='block_1_71' title="bbox 196 4496 1798 4567">
    <p class='ocr_par' dir='ltr' id='par_1_71' title="bbox 196 4496 1798 4567">
     <span class='ocr_line' id='line_1_71' title="bbox 196 4496 1798 4567; baseline 0.007 -18"><span class='ocrx_word' id='word_1_521' title='bbox 196 4503 342 4551; x_wconf 88' lang='lat' dir='ltr'><strong>trum</strong></span> <span class='ocrx_word' id='word_1_522' title='bbox 373 4496 630 4552; x_wconf 85' lang='lat' dir='ltr'><strong>mandata</strong></span> <span class='ocrx_word' id='word_1_523' title='bbox 655 4513 958 4567; x_wconf 89' lang='lat' dir='ltr'><strong>servamus,</strong></span> <span class='ocrx_word' id='word_1_524' title='bbox 989 4500 1122 4556; x_wconf 86' lang='lat' dir='ltr'><strong>dicit</strong></span> <span class='ocrx_word' id='word_1_525' title='bbox 1143 4502 1285 4556; x_wconf 89' lang='lat' dir='ltr'><strong>enim</strong></span> <span class='ocrx_word' id='word_1_526' title='bbox 1314 4501 1573 4559; x_wconf 87' lang='lat' dir='ltr'><strong>Dominus</strong></span> <span class='ocrx_word' id='word_1_527' title='bbox 1595 4514 1798 4561; x_wconf 87' lang='lat' dir='ltr'><strong>noster:</strong></span> 
     </span>
    </p>
   </div>
   <div class='ocr_carea' id='block_1_72' title="bbox 201 4590 1801 4665">
    <p class='ocr_par' dir='ltr' id='par_1_72' title="bbox 201 4590 1801 4665">
     <span class='ocr_line' id='line_1_72' title="bbox 201 4590 1801 4665; baseline 0.008 -22"><span class='ocrx_word' id='word_1_528' title='bbox 201 4609 220 4643; x_wconf 77' lang='grc' dir='ltr'>ι</span> <span class='ocrx_word' id='word_1_529' title='bbox 259 4590 363 4660; x_wconf 90' lang='lat' dir='ltr'><strong>Qui</strong></span> <span class='ocrx_word' id='word_1_530' title='bbox 386 4592 565 4665; x_wconf 80' lang='lat' dir='ltr'><strong>diligit</strong></span> <span class='ocrx_word' id='word_1_531' title='bbox 588 4609 697 4660; x_wconf 85' lang='lat' dir='ltr'><strong>me,</strong></span> <span class='ocrx_word' id='word_1_532' title='bbox 716 4609 1020 4651; x_wconf 83' lang='lat' dir='ltr'><strong>sermonem</strong></span> <span class='ocrx_word' id='word_1_533' title='bbox 1051 4611 1233 4652; x_wconf 90' lang='lat' dir='ltr'><strong>meum</strong></span> <span class='ocrx_word' id='word_1_534' title='bbox 1262 4598 1536 4664; x_wconf 88' lang='lat' dir='ltr'><strong>servabit,</strong></span> <span class='ocrx_word' id='word_1_535' title='bbox 1557 4609 1612 4653; x_wconf 90' lang='lat' dir='ltr'><strong>et</strong></span> <span class='ocrx_word' id='word_1_536' title='bbox 1638 4599 1801 4656; x_wconf 87' lang='lat' dir='ltr'><strong>Pater</strong></span> 
     </span>
    </p>
   </div>
   <div class='ocr_carea' id='block_1_73' title="bbox 197 4684 1799 4758">
    <p class='ocr_par' dir='ltr' id='par_1_73' title="bbox 197 4684 1799 4758">
     <span class='ocr_line' id='line_1_73' title="bbox 197 4684 1799 4758; baseline 0.006 -19"><span class='ocrx_word' id='word_1_537' title='bbox 197 4699 352 4741; x_wconf 88' lang='lat' dir='ltr'><strong>meus</strong></span> <span class='ocrx_word' id='word_1_538' title='bbox 380 4684 573 4758; x_wconf 82' lang='lat' dir='ltr'><strong>diliget</strong></span> <span class='ocrx_word' id='word_1_539' title='bbox 593 4701 741 4753; x_wconf 90' lang='lat' dir='ltr'><strong>eum,</strong></span> <span class='ocrx_word' id='word_1_540' title='bbox 765 4696 821 4743; x_wconf 91' lang='lat' dir='ltr'><strong>et</strong></span> <span class='ocrx_word' id='word_1_541' title='bbox 847 4688 915 4742; x_wconf 88' lang='lat' dir='ltr'><strong>ad</strong></span> <span class='ocrx_word' id='word_1_542' title='bbox 941 4703 1068 4744; x_wconf 85' lang='lat' dir='ltr'><strong>eum</strong></span> <span class='ocrx_word' id='word_1_543' title='bbox 1096 4688 1402 4756; x_wconf 86' lang='lat' dir='ltr'><strong>veniemus,</strong></span> <span class='ocrx_word' id='word_1_544' title='bbox 1447 4698 1504 4745; x_wconf 90' lang='lat' dir='ltr'><strong>et</strong></span> <span class='ocrx_word' id='word_1_545' title='bbox 1557 4694 1799 4749; x_wconf 90' lang='lat' dir='ltr'><strong>mansio-</strong></span> 
     </span>
    </p>
   </div>
   <div class='ocr_carea' id='block_1_74' title="bbox 195 4776 1800 4853">
    <p class='ocr_par' dir='ltr' id='par_1_74' title="bbox 195 4776 1800 4853">
     <span class='ocr_line' id='line_1_74' title="bbox 195 4776 1800 4853; baseline 0.006 -23"><span class='ocrx_word' id='word_1_546' title='bbox 195 4791 321 4831; x_wconf 88' lang='lat' dir='ltr'><strong>nem</strong></span> <span class='ocrx_word' id='word_1_547' title='bbox 344 4776 491 4848; x_wconf 91' lang='lat' dir='ltr'><strong>apud</strong></span> <span class='ocrx_word' id='word_1_548' title='bbox 516 4792 641 4833; x_wconf 90' lang='lat' dir='ltr'><strong>eum</strong></span> <span class='ocrx_word' id='word_1_549' title='bbox 670 4776 934 4835; x_wconf 86' lang='lat' dir='ltr'><strong>faciemus</strong></span> <span class='ocrx_word' id='word_1_550' title='bbox 959 4778 1143 4850; x_wconf 85' lang='lat' dir='ltr'><strong>(Joan.</strong></span> <span class='ocrx_word' id='word_1_551' title='bbox 1171 4796 1289 4846; x_wconf 80' lang='lat' dir='ltr'><strong>xw,</strong></span> <span class='ocrx_word' id='word_1_552' title='bbox 1311 4780 1428 4853; x_wconf 75' lang='lat'><strong>2&#39;5).</strong></span> <span class='ocrx_word' id='word_1_553' title='bbox 1471 4801 1491 4833; x_wconf 79' lang='grc' dir='ltr'><strong><em>ι</em></strong></span> <span class='ocrx_word' id='word_1_554' title='bbox 1548 4781 1617 4837; x_wconf 86' lang='lat' dir='ltr'><strong>Et</strong></span> <span class='ocrx_word' id='word_1_555' title='bbox 1670 4783 1800 4840; x_wconf 83' lang='lat' dir='ltr'><strong>licet</strong></span> 
     </span>
    </p>
   </div>
   <div class='ocr_carea' id='block_1_75' title="bbox 196 4867 1798 4940">
    <p class='ocr_par' dir='ltr' id='par_1_75' title="bbox 196 4867 1798 4940">
     <span class='ocr_line' id='line_1_75' title="bbox 196 4867 1798 4940; baseline 0.006 -17"><span class='ocrx_word' id='word_1_556' title='bbox 196 4867 314 4923; x_wconf 68' lang='lat' dir='ltr'><strong>hmc</strong></span> <span class='ocrx_word' id='word_1_557' title='bbox 338 4869 552 4938; x_wconf 89' lang='lat' dir='ltr'><strong>possint</strong></span> <span class='ocrx_word' id='word_1_558' title='bbox 578 4869 905 4939; x_wconf 78' lang='lat' dir='ltr'><strong>generaliter</strong></span> <span class='ocrx_word' id='word_1_559' title='bbox 934 4871 1080 4927; x_wconf 88' lang='lat' dir='ltr'><strong>dicta</strong></span> <span class='ocrx_word' id='word_1_560' title='bbox 1116 4871 1383 4940; x_wconf 87' lang='lat' dir='ltr'><strong>sullicere,</strong></span> <span class='ocrx_word' id='word_1_561' title='bbox 1407 4882 1468 4930; x_wconf 90' lang='lat' dir='ltr'><strong>ut</strong></span> <span class='ocrx_word' id='word_1_562' title='bbox 1494 4875 1580 4931; x_wconf 91' lang='lat' dir='ltr'><strong>vel</strong></span> <span class='ocrx_word' id='word_1_563' title='bbox 1633 4876 1798 4932; x_wconf 79' lang='lat' dir='ltr'><strong>decli-</strong></span> 
     </span>
    </p>
   </div>
   <div class='ocr_carea' id='block_1_76' title="bbox 196 4961 1796 5037">
    <p class='ocr_par' dir='ltr' id='par_1_76' title="bbox 196 4961 1796 5037">
     <span class='ocr_line' id='line_1_76' title="bbox 196 4961 1796 5037; baseline 0.006 -25"><span class='ocrx_word' id='word_1_564' title='bbox 196 4973 390 5015; x_wconf 91' lang='lat' dir='ltr'><strong>nemus</strong></span> <span class='ocrx_word' id='word_1_565' title='bbox 418 4969 624 5028; x_wconf 88' lang='lat' dir='ltr'><strong>errata,</strong></span> <span class='ocrx_word' id='word_1_566' title='bbox 648 4961 733 5017; x_wconf 87' lang='lat' dir='ltr'><strong>vel</strong></span> <span class='ocrx_word' id='word_1_567' title='bbox 755 4962 1126 5019; x_wconf 88' lang='lat' dir='ltr'><strong>custodiamus</strong></span> <span class='ocrx_word' id='word_1_568' title='bbox 1154 4965 1446 5032; x_wconf 84' lang='lat' dir='ltr'><strong>catholica,</strong></span> <span class='ocrx_word' id='word_1_569' title='bbox 1477 4966 1545 5019; x_wconf 90' lang='lat' dir='ltr'><strong>ab</strong></span> <span class='ocrx_word' id='word_1_570' title='bbox 1571 4974 1796 5037; x_wconf 86' lang='lat' dir='ltr'><strong>aposto-</strong></span> 
     </span>
    </p>
   </div>
   <div class='ocr_carea' id='block_1_77' title="bbox 195 5052 1795 5131">
    <p class='ocr_par' dir='ltr' id='par_1_77' title="bbox 195 5052 1795 5131">
     <span class='ocr_line' id='line_1_77' title="bbox 195 5052 1795 5131; baseline 0.008 -23"><span class='ocrx_word' id='word_1_571' title='bbox 195 5052 263 5112; x_wconf 90' lang='lat' dir='ltr'><strong>lis</strong></span> <span class='ocrx_word' id='word_1_572' title='bbox 292 5065 475 5112; x_wconf 85' lang='lat' dir='ltr'><strong>tamen</strong></span> <span class='ocrx_word' id='word_1_573' title='bbox 525 5073 823 5131; x_wconf 91' lang='lat' dir='ltr'><strong>eorumque</strong></span> <span class='ocrx_word' id='word_1_574' title='bbox 846 5061 1255 5117; x_wconf 80' lang='lat' dir='ltr'><strong>successoribus</strong></span> <span class='ocrx_word' id='word_1_575' title='bbox 1285 5063 1534 5119; x_wconf 89' lang='lat' dir='ltr'><strong>novimus</strong></span> <span class='ocrx_word' id='word_1_576' title='bbox 1590 5066 1795 5121; x_wconf 84' lang='lat' dir='ltr'><strong>consti-</strong></span> 
     </span>
    </p>
   </div>
   <div class='ocr_carea' id='block_1_78' title="bbox 1913 3844 3511 3917">
    <p class='ocr_par' dir='ltr' id='par_1_78' title="bbox 1913 3844 3511 3917">
     <span class='ocr_line' id='line_1_78' title="bbox 1913 3844 3511 3917; baseline 0 -16"><span class='ocrx_word' id='word_1_577' title='bbox 1913 3846 2192 3912; x_wconf 80' lang='lat' dir='ltr'><strong>dixerunt,</strong></span> <span class='ocrx_word' id='word_1_578' title='bbox 2221 3860 2318 3901; x_wconf 91' lang='lat' dir='ltr'><strong>seu</strong></span> <span class='ocrx_word' id='word_1_579' title='bbox 2348 3845 2443 3916; x_wconf 90' lang='lat' dir='ltr'><strong>qui</strong></span> <span class='ocrx_word' id='word_1_580' title='bbox 2471 3845 2539 3900; x_wconf 90' lang='lat' dir='ltr'><strong>ad</strong></span> <span class='ocrx_word' id='word_1_581' title='bbox 2589 3844 2884 3917; x_wconf 85' lang='lat' dir='ltr'><strong>sacrilegos</strong></span> <span class='ocrx_word' id='word_1_582' title='bbox 2934 3846 3252 3917; x_wconf 82' lang='lat' dir='ltr'><strong>divinosque</strong></span> <span class='ocrx_word' id='word_1_583' title='bbox 3277 3861 3511 3902; x_wconf 89' lang='lat' dir='ltr'><strong>concur-</strong></span> 
     </span>
    </p>
   </div>
   <div class='ocr_carea' id='block_1_79' title="bbox 1911 3938 3506 4010">
    <p class='ocr_par' dir='ltr' id='par_1_79' title="bbox 1911 3938 3506 4010">
     <span class='ocr_line' id='line_1_79' title="bbox 1911 3938 3506 4010; baseline 0 -15"><span class='ocrx_word' id='word_1_584' title='bbox 1911 3948 2101 3995; x_wconf 90' lang='lat' dir='ltr'><strong>rerunt</strong></span> <span class='ocrx_word' id='word_1_585' title='bbox 2129 3938 2445 4010; x_wconf 90' lang='lat' dir='ltr'><strong>similesque</strong></span> <span class='ocrx_word' id='word_1_586' title='bbox 2477 3953 2668 3995; x_wconf 88' lang='lat' dir='ltr'><strong>eorum</strong></span> <span class='ocrx_word' id='word_1_587' title='bbox 2716 3940 3029 3996; x_wconf 88' lang='lat' dir='ltr'><strong>nullatenus</strong></span> <span class='ocrx_word' id='word_1_588' title='bbox 3074 3940 3141 3996; x_wconf 90' lang='lat' dir='ltr'><strong>ad</strong></span> <span class='ocrx_word' id='word_1_589' title='bbox 3198 3940 3506 3996; x_wconf 89' lang='lat' dir='ltr'><strong>accusatio-</strong></span> 
     </span>
    </p>
   </div>
   <div class='ocr_carea' id='block_1_80' title="bbox 1908 4032 3507 4105">
    <p class='ocr_par' dir='ltr' id='par_1_80' title="bbox 1908 4032 3507 4105">
     <span class='ocr_line' id='line_1_80' title="bbox 1908 4032 3507 4105; baseline -0.002 -15"><span class='ocrx_word' id='word_1_590' title='bbox 1908 4049 2035 4090; x_wconf 92' lang='lat' dir='ltr'><strong>nem</strong></span> <span class='ocrx_word' id='word_1_591' title='bbox 2057 4033 2143 4089; x_wconf 91' lang='lat' dir='ltr'><strong>vel</strong></span> <span class='ocrx_word' id='word_1_592' title='bbox 2166 4033 2233 4089; x_wconf 90' lang='lat' dir='ltr'><strong>ad</strong></span> <span class='ocrx_word' id='word_1_593' title='bbox 2266 4033 2635 4089; x_wconf 82' lang='lat' dir='ltr'><strong>testimonium</strong></span> <span class='ocrx_word' id='word_1_594' title='bbox 2665 4033 3186 4100; x_wconf 88' lang='lat' dir='ltr'><strong>eruntadmittendi,</strong></span> <span class='ocrx_word' id='word_1_595' title='bbox 3242 4033 3370 4105; x_wconf 91' lang='lat' dir='ltr'><strong>quia</strong></span> <span class='ocrx_word' id='word_1_596' title='bbox 3419 4032 3507 4087; x_wconf 86' lang='lat' dir='ltr'><strong>in-</strong></span> 
     </span>
    </p>
   </div>
   <div class='ocr_carea' id='block_1_81' title="bbox 1907 4127 3508 4199">
    <p class='ocr_par' dir='ltr' id='par_1_81' title="bbox 1907 4127 3508 4199">
     <span class='ocr_line' id='line_1_81' title="bbox 1907 4127 3508 4199; baseline -0.001 -15"><span class='ocrx_word' id='word_1_597' title='bbox 1907 4128 2081 4184; x_wconf 89' lang='lat' dir='ltr'><strong>fames</strong></span> <span class='ocrx_word' id='word_1_598' title='bbox 2110 4136 2316 4183; x_wconf 88' lang='lat' dir='ltr'><strong>suntet</strong></span> <span class='ocrx_word' id='word_1_599' title='bbox 2346 4128 2492 4199; x_wconf 89' lang='lat' dir='ltr'><strong>juste</strong></span> <span class='ocrx_word' id='word_1_600' title='bbox 2520 4127 2836 4198; x_wconf 89' lang='lat' dir='ltr'><strong>repellendi,</strong></span> <span class='ocrx_word' id='word_1_601' title='bbox 2866 4129 2991 4199; x_wconf 88' lang='lat' dir='ltr'><strong>quia</strong></span> <span class='ocrx_word' id='word_1_602' title='bbox 3017 4127 3231 4184; x_wconf 88' lang='lat' dir='ltr'><strong>funesta</strong></span> <span class='ocrx_word' id='word_1_603' title='bbox 3271 4136 3355 4183; x_wconf 89' lang='lat' dir='ltr'><strong>est</strong></span> <span class='ocrx_word' id='word_1_604' title='bbox 3400 4142 3508 4183; x_wconf 79' lang='lat' dir='ltr'><strong>vox</strong></span> 
     </span>
    </p>
   </div>
   <div class='ocr_carea' id='block_1_82' title="bbox 1905 4218 3508 4277">
    <p class='ocr_par' dir='ltr' id='par_1_82' title="bbox 1905 4218 3508 4277">
     <span class='ocr_line' id='line_1_82' title="bbox 1905 4218 3508 4277; baseline 0.001 -2"><span class='ocrx_word' id='word_1_605' title='bbox 1905 4234 2116 4275; x_wconf 88' lang='lat' dir='ltr'><strong>eorum.</strong></span> <span class='ocrx_word' id='word_1_606' title='bbox 2145 4218 2344 4275; x_wconf 84' lang='lat' dir='ltr'><strong>Vocem</strong></span> <span class='ocrx_word' id='word_1_607' title='bbox 2371 4220 2518 4275; x_wconf 90' lang='lat' dir='ltr'><strong>enim</strong></span> <span class='ocrx_word' id='word_1_608' title='bbox 2546 4218 2817 4275; x_wconf 88' lang='lat' dir='ltr'><strong>funestam</strong></span> <span class='ocrx_word' id='word_1_609' title='bbox 2853 4221 2908 4276; x_wconf 91' lang='lat' dir='ltr'><strong>in</strong></span> <span class='ocrx_word' id='word_1_610' title='bbox 2949 4221 3201 4277; x_wconf 88' lang='lat' dir='ltr'><strong>omnibus</strong></span> <span class='ocrx_word' id='word_1_611' title='bbox 3251 4220 3508 4276; x_wconf 89' lang='lat' dir='ltr'><strong>interdici</strong></span> 
     </span>
    </p>
   </div>
   <div class='ocr_carea' id='block_1_83' title="bbox 1904 4313 3504 4385">
    <p class='ocr_par' dir='ltr' id='par_1_83' title="bbox 1904 4313 3504 4385">
     <span class='ocr_line' id='line_1_83' title="bbox 1904 4313 3504 4385; baseline 0 -16"><span class='ocrx_word' id='word_1_612' title='bbox 1904 4313 2085 4385; x_wconf 88' lang='lat' dir='ltr'><strong>potius</strong></span> <span class='ocrx_word' id='word_1_613' title='bbox 2116 4328 2278 4383; x_wconf 89' lang='lat' dir='ltr'><strong>quam</strong></span> <span class='ocrx_word' id='word_1_614' title='bbox 2312 4313 2488 4367; x_wconf 88' lang='lat' dir='ltr'><strong>audiri</strong></span> <span class='ocrx_word' id='word_1_615' title='bbox 2529 4321 2760 4383; x_wconf 90' lang='lat' dir='ltr'><strong>oportet.</strong></span> <span class='ocrx_word' id='word_1_616' title='bbox 2813 4313 3117 4369; x_wconf 87' lang='lat' dir='ltr'><strong>Periculum</strong></span> <span class='ocrx_word' id='word_1_617' title='bbox 3181 4327 3309 4385; x_wconf 78' lang='lat' dir='ltr'><strong>ergo</strong></span> <span class='ocrx_word' id='word_1_618' title='bbox 3358 4314 3504 4385; x_wconf 87' lang='lat' dir='ltr'><strong>quod</strong></span> 
     </span>
    </p>
   </div>
   <div class='ocr_carea' id='block_1_84' title="bbox 1904 4405 3504 4478">
    <p class='ocr_par' dir='ltr' id='par_1_84' title="bbox 1904 4405 3504 4478">
     <span class='ocr_line' id='line_1_84' title="bbox 1904 4405 3504 4478; baseline 0 -17"><span class='ocrx_word' id='word_1_619' title='bbox 1904 4405 2217 4461; x_wconf 90' lang='lat' dir='ltr'><strong>doctoribus</strong></span> <span class='ocrx_word' id='word_1_620' title='bbox 2267 4406 2512 4461; x_wconf 88' lang='lat' dir='ltr'><strong>imminet</strong></span> <span class='ocrx_word' id='word_1_621' title='bbox 2553 4421 2896 4476; x_wconf 87' lang='lat' dir='ltr'><strong>summopere</strong></span> <span class='ocrx_word' id='word_1_622' title='bbox 2942 4422 3159 4478; x_wconf 89' lang='lat' dir='ltr'><strong>semper</strong></span> <span class='ocrx_word' id='word_1_623' title='bbox 3205 4408 3504 4462; x_wconf 86' lang='lat' dir='ltr'><strong>cavendum</strong></span> 
     </span>
    </p>
   </div>
   <div class='ocr_carea' id='block_1_85' title="bbox 1902 4500 3507 4573">
    <p class='ocr_par' dir='ltr' id='par_1_85' title="bbox 1902 4500 3507 4573">
     <span class='ocr_line' id='line_1_85' title="bbox 1902 4500 3507 4573; baseline -0.001 -17"><span class='ocrx_word' id='word_1_624' title='bbox 1902 4510 1987 4557; x_wconf 86' lang='lat' dir='ltr'><strong>est</strong></span> <span class='ocrx_word' id='word_1_625' title='bbox 2012 4510 2068 4556; x_wconf 89' lang='lat' dir='ltr'><strong>et</strong></span> <span class='ocrx_word' id='word_1_626' title='bbox 2096 4500 2497 4567; x_wconf 86' lang='lat' dir='ltr'><strong>declinandum,</strong></span> <span class='ocrx_word' id='word_1_627' title='bbox 2535 4509 2591 4557; x_wconf 91' lang='lat' dir='ltr'><strong>et</strong></span> <span class='ocrx_word' id='word_1_628' title='bbox 2617 4500 2693 4556; x_wconf 93' lang='lat' dir='ltr'><strong>illi</strong></span> <span class='ocrx_word' id='word_1_629' title='bbox 2721 4510 2846 4557; x_wconf 90' lang='lat' dir='ltr'><strong>sunt</strong></span> <span class='ocrx_word' id='word_1_630' title='bbox 2875 4518 2906 4557; x_wconf 89' lang='lat' dir='ltr'><strong>a</strong></span> <span class='ocrx_word' id='word_1_631' title='bbox 2939 4502 3152 4558; x_wconf 89' lang='lat' dir='ltr'><strong>cunctis</strong></span> <span class='ocrx_word' id='word_1_632' title='bbox 3172 4502 3423 4573; x_wconf 89' lang='lat' dir='ltr'><strong>portandi</strong></span> <span class='ocrx_word' id='word_1_633' title='bbox 3451 4510 3507 4556; x_wconf 89' lang='lat' dir='ltr'><strong>et</strong></span> 
     </span>
    </p>
   </div>
   <div class='ocr_carea' id='block_1_86' title="bbox 1902 4593 3504 4663">
    <p class='ocr_par' dir='ltr' id='par_1_86' title="bbox 1902 4593 3504 4663">
     <span class='ocr_line' id='line_1_86' title="bbox 1902 4593 3504 4663; baseline -0.001 -13"><span class='ocrx_word' id='word_1_634' title='bbox 1902 4593 2266 4660; x_wconf 88' lang='lat' dir='ltr'><strong>custodiendi,</strong></span> <span class='ocrx_word' id='word_1_635' title='bbox 2294 4594 2507 4650; x_wconf 82' lang='lat' dir='ltr'><strong>dicente</strong></span> <span class='ocrx_word' id='word_1_636' title='bbox 2530 4594 2793 4653; x_wconf 89' lang='lat' dir='ltr'><strong>Domino:</strong></span> <span class='ocrx_word' id='word_1_637' title='bbox 2820 4614 2838 4646; x_wconf 73' lang='grc' dir='ltr'><strong>ε</strong></span> <span class='ocrx_word' id='word_1_638' title='bbox 2872 4594 3025 4663; x_wconf 91' lang='lat' dir='ltr'><strong>Quod</strong></span> <span class='ocrx_word' id='word_1_639' title='bbox 3049 4597 3139 4650; x_wconf 89' lang='lat' dir='ltr'><strong>uni</strong></span> <span class='ocrx_word' id='word_1_640' title='bbox 3170 4610 3235 4650; x_wconf 78' lang='lat' dir='ltr'><strong>ex</strong></span> <span class='ocrx_word' id='word_1_641' title='bbox 3260 4594 3504 4649; x_wconf 87' lang='lat' dir='ltr'><strong>minimis</strong></span> 
     </span>
    </p>
   </div>
   <div class='ocr_carea' id='block_1_87' title="bbox 1899 4684 3502 4757">
    <p class='ocr_par' dir='ltr' id='par_1_87' title="bbox 1899 4684 3502 4757">
     <span class='ocr_line' id='line_1_87' title="bbox 1899 4684 3502 4757; baseline -0.004 -14"><span class='ocrx_word' id='word_1_642' title='bbox 1899 4687 2036 4743; x_wconf 88' lang='lat' dir='ltr'><strong>meis</strong></span> <span class='ocrx_word' id='word_1_643' title='bbox 2061 4685 2286 4753; x_wconf 82' lang='lat' dir='ltr'><strong>fecistis,</strong></span> <span class='ocrx_word' id='word_1_644' title='bbox 2320 4686 2453 4742; x_wconf 90' lang='lat' dir='ltr'><strong>mihi</strong></span> <span class='ocrx_word' id='word_1_645' title='bbox 2480 4684 2691 4742; x_wconf 85' lang='lat' dir='ltr'><strong>fecistis</strong></span> <span class='ocrx_word' id='word_1_646' title='bbox 2715 4685 2931 4755; x_wconf 80' lang='lat' dir='ltr'><strong>(Matth.</strong></span> <span class='ocrx_word' id='word_1_647' title='bbox 2957 4702 3086 4753; x_wconf 80' lang='lat' dir='ltr'><strong>xxv,</strong></span> <span class='ocrx_word' id='word_1_648' title='bbox 3117 4685 3229 4757; x_wconf 70' lang='grc'><strong>40).</strong></span> <span class='ocrx_word' id='word_1_649' title='bbox 3266 4705 3283 4737; x_wconf 80' lang='grc' dir='ltr'><strong><em>ι</em></strong></span> <span class='ocrx_word' id='word_1_650' title='bbox 3319 4684 3502 4739; x_wconf 83' lang='lat' dir='ltr'><strong>Prima</strong></span> 
     </span>
    </p>
   </div>
   <div class='ocr_carea' id='block_1_88' title="bbox 1898 4777 3501 4850">
    <p class='ocr_par' dir='ltr' id='par_1_88' title="bbox 1898 4777 3501 4850">
     <span class='ocr_line' id='line_1_88' title="bbox 1898 4777 3501 4850; baseline -0.003 -15"><span class='ocrx_word' id='word_1_651' title='bbox 1898 4780 2045 4835; x_wconf 91' lang='lat' dir='ltr'><strong>enim</strong></span> <span class='ocrx_word' id='word_1_652' title='bbox 2077 4778 2225 4835; x_wconf 91' lang='lat' dir='ltr'><strong>salus</strong></span> <span class='ocrx_word' id='word_1_653' title='bbox 2276 4786 2361 4834; x_wconf 87' lang='lat' dir='ltr'><strong>est</strong></span> <span class='ocrx_word' id='word_1_654' title='bbox 2402 4787 2566 4836; x_wconf 74' lang='lat' dir='ltr'><strong>rectae</strong></span> <span class='ocrx_word' id='word_1_655' title='bbox 2617 4778 2740 4834; x_wconf 85' lang='lat' dir='ltr'><strong>ﬁdei</strong></span> <span class='ocrx_word' id='word_1_656' title='bbox 2789 4778 3003 4850; x_wconf 86' lang='lat' dir='ltr'><strong>regulas</strong></span> <span class='ocrx_word' id='word_1_657' title='bbox 3057 4777 3350 4842; x_wconf 87' lang='lat' dir='ltr'><strong>custodire,</strong></span> <span class='ocrx_word' id='word_1_658' title='bbox 3388 4785 3444 4831; x_wconf 92' lang='lat' dir='ltr'><strong>ct</strong></span> <span class='ocrx_word' id='word_1_659' title='bbox 3473 4792 3501 4830; x_wconf 90' lang='lat' dir='ltr'><strong>a</strong></span> 
     </span>
    </p>
   </div>
   <div class='ocr_carea' id='block_1_89' title="bbox 1899 4866 3506 4939">
    <p class='ocr_par' dir='ltr' id='par_1_89' title="bbox 1899 4866 3506 4939">
     <span class='ocr_line' id='line_1_89' title="bbox 1899 4866 3506 4939; baseline -0.004 -11"><span class='ocrx_word' id='word_1_660' title='bbox 1899 4871 2470 4929; x_wconf 81' lang='lat' dir='ltr'><strong>constitutisPatrum</strong></span> <span class='ocrx_word' id='word_1_661' title='bbox 2523 4871 2830 4927; x_wconf 87' lang='lat' dir='ltr'><strong>nullatenus</strong></span> <span class='ocrx_word' id='word_1_662' title='bbox 2870 4869 3108 4925; x_wconf 89' lang='lat' dir='ltr'><strong>deviare.</strong></span> <span class='ocrx_word' id='word_1_663' title='bbox 3163 4866 3275 4923; x_wconf 83' lang='lat' dir='ltr'><strong>Nec</strong></span> <span class='ocrx_word' id='word_1_664' title='bbox 3325 4875 3506 4939; x_wconf 87' lang='lat' dir='ltr'><strong>potest</strong></span> 
     </span>
    </p>
   </div>
   <div class='ocr_carea' id='block_1_90' title="bbox 1899 4962 3497 5035">
    <p class='ocr_par' dir='ltr' id='par_1_90' title="bbox 1899 4962 3497 5035">
     <span class='ocr_line' id='line_1_90' title="bbox 1899 4962 3497 5035; baseline -0.004 -14"><span class='ocrx_word' id='word_1_665' title='bbox 1899 4965 2115 5021; x_wconf 91' lang='lat' dir='ltr'><strong>Domini</strong></span> <span class='ocrx_word' id='word_1_666' title='bbox 2141 4965 2316 5021; x_wconf 87' lang='lat' dir='ltr'><strong>nostri</strong></span> <span class='ocrx_word' id='word_1_667' title='bbox 2338 4964 2468 5021; x_wconf 88' lang='lat' dir='ltr'><strong>Jesu</strong></span> <span class='ocrx_word' id='word_1_668' title='bbox 2490 4965 2694 5022; x_wconf 88' lang='lat' dir='ltr'><strong>Christi</strong></span> <span class='ocrx_word' id='word_1_669' title='bbox 2716 4963 3063 5035; x_wconf 83' lang='lat' dir='ltr'><strong>praetermitti</strong></span> <span class='ocrx_word' id='word_1_670' title='bbox 3094 4962 3365 5017; x_wconf 90' lang='lat' dir='ltr'><strong>sententia</strong></span> <span class='ocrx_word' id='word_1_671' title='bbox 3413 4963 3497 5015; x_wconf 86' lang='lat' dir='ltr'><strong>di-</strong></span> 
     </span>
    </p>
   </div>
   <div class='ocr_carea' id='block_1_91' title="bbox 1897 5057 3609 5147">
    <p class='ocr_par' dir='ltr' id='par_1_91' title="bbox 1897 5057 3609 5147">
     <span class='ocr_line' id='line_1_91' title="bbox 1897 5057 3609 5147; baseline -0.001 -32"><span class='ocrx_word' id='word_1_672' title='bbox 1897 5060 2113 5115; x_wconf 88' lang='lat' dir='ltr'><strong>centis:</strong></span> <span class='ocrx_word' id='word_1_673' title='bbox 2147 5080 2166 5113; x_wconf 75' lang='grc' dir='ltr'><strong><em>ι</em></strong></span> <span class='ocrx_word' id='word_1_674' title='bbox 2203 5060 2284 5115; x_wconf 92' lang='lat' dir='ltr'><strong>Tu</strong></span> <span class='ocrx_word' id='word_1_675' title='bbox 2308 5076 2367 5115; x_wconf 90' lang='lat' dir='ltr'><strong>es</strong></span> <span class='ocrx_word' id='word_1_676' title='bbox 2387 5059 2583 5117; x_wconf 90' lang='lat' dir='ltr'><strong>Petrus</strong></span> <span class='ocrx_word' id='word_1_677' title='bbox 2600 5069 2655 5116; x_wconf 87' lang='lat' dir='ltr'><strong>et</strong></span> <span class='ocrx_word' id='word_1_678' title='bbox 2680 5075 2843 5130; x_wconf 88' lang='lat' dir='ltr'><strong>super</strong></span> <span class='ocrx_word' id='word_1_679' title='bbox 2893 5060 3036 5114; x_wconf 91' lang='lat' dir='ltr'><strong>hanc</strong></span> <span class='ocrx_word' id='word_1_680' title='bbox 3075 5069 3287 5129; x_wconf 88' lang='lat' dir='ltr'><strong>petram</strong></span> <span class='ocrx_word' id='word_1_681' title='bbox 3331 5057 3500 5115; x_wconf 75' lang='lat' dir='ltr'><strong>:cdifi-</strong></span> <span class='ocrx_word' id='word_1_682' title='bbox 3590 5134 3609 5147; x_wconf 38' lang='lat'><strong><em>’</em></strong></span> 
     </span>
    </p>
   </div>
   <div class='ocr_carea' id='block_1_92' title="bbox 200 5133 3502 5223">
    <p class='ocr_par' dir='ltr' id='par_1_92' title="bbox 200 5133 3502 5223">
     <span class='ocr_line' id='line_1_92' title="bbox 200 5133 3502 5223; baseline 0.001 -21"><span class='ocrx_word' id='word_1_683' title='bbox 200 5157 371 5204; x_wconf 84' lang='lat' dir='ltr'><strong>tutum</strong></span> <span class='ocrx_word' id='word_1_684' title='bbox 412 5149 824 5207; x_wconf 88' lang='lat' dir='ltr'><strong>criminationes</strong></span> <span class='ocrx_word' id='word_1_685' title='bbox 864 5152 1127 5207; x_wconf 86' lang='lat' dir='ltr'><strong>adversus</strong></span> <span class='ocrx_word' id='word_1_686' title='bbox 1159 5153 1411 5208; x_wconf 89' lang='lat' dir='ltr'><strong>doctores</strong></span> <span class='ocrx_word' id='word_1_687' title='bbox 1434 5169 1539 5208; x_wconf 90' lang='lat' dir='ltr'><strong>non</strong></span> <span class='ocrx_word' id='word_1_688' title='bbox 1597 5155 1796 5210; x_wconf 85' lang='lat' dir='ltr'><strong>debere</strong></span> <span class='ocrx_word' id='word_1_689' title='bbox 1826 5133 1875 5193; x_wconf 80' lang='lat' dir='ltr'><strong>D</strong></span> <span class='ocrx_word' id='word_1_690' title='bbox 1902 5152 2037 5206; x_wconf 92' lang='lat' dir='ltr'><strong>cabo</strong></span> <span class='ocrx_word' id='word_1_691' title='bbox 2066 5150 2363 5207; x_wconf 87' lang='lat' dir='ltr'><strong>Ecclesiam</strong></span> <span class='ocrx_word' id='word_1_692' title='bbox 2389 5167 2565 5207; x_wconf 90' lang='lat' dir='ltr'><strong>meam</strong></span> <span class='ocrx_word' id='word_1_693' title='bbox 2596 5149 2811 5220; x_wconf 80' lang='lat' dir='ltr'><strong>(Matth.</strong></span> <span class='ocrx_word' id='word_1_694' title='bbox 2837 5167 2950 5217; x_wconf 74' lang='lat' dir='ltr'><strong>xvi,</strong></span> <span class='ocrx_word' id='word_1_695' title='bbox 2975 5151 3088 5223; x_wconf 78' lang='grc'><strong>18),</strong></span> <span class='ocrx_word' id='word_1_696' title='bbox 3112 5170 3132 5204; x_wconf 72' lang='grc' dir='ltr'><strong>ι</strong></span> <span class='ocrx_word' id='word_1_697' title='bbox 3158 5160 3213 5207; x_wconf 90' lang='lat' dir='ltr'><strong>et</strong></span> <span class='ocrx_word' id='word_1_698' title='bbox 3244 5154 3358 5208; x_wconf 84' lang='lat' dir='ltr'><strong>haec</strong></span> <span class='ocrx_word' id='word_1_699' title='bbox 3379 5166 3502 5221; x_wconf 78' lang='lat' dir='ltr'><strong>qua:</strong></span> 
     </span>
    </p>
   </div>
   <div class='ocr_carea' id='block_1_93' title="bbox 195 5240 1796 5314">
    <p class='ocr_par' dir='ltr' id='par_1_93' title="bbox 195 5240 1796 5314">
     <span class='ocr_line' id='line_1_93' title="bbox 195 5240 1796 5314; baseline 0.004 -21"><span class='ocrx_word' id='word_1_700' title='bbox 195 5240 414 5311; x_wconf 86' lang='lat' dir='ltr'><strong>suscipi,</strong></span> <span class='ocrx_word' id='word_1_701' title='bbox 468 5242 875 5314; x_wconf 82' lang='lat' dir='ltr'><strong>necperegrina</strong></span> <span class='ocrx_word' id='word_1_702' title='bbox 898 5240 1101 5310; x_wconf 90' lang='lat' dir='ltr'><strong>judicia</strong></span> <span class='ocrx_word' id='word_1_703' title='bbox 1146 5242 1420 5312; x_wconf 66' lang='lat' dir='ltr'><strong>ﬁeri‘,fnec</strong></span> <span class='ocrx_word' id='word_1_704' title='bbox 1470 5259 1796 5314; x_wconf 81' lang='lat' dir='ltr'><strong>quemquam</strong></span> 
     </span>
    </p>
   </div>
   <div class='ocr_carea' id='block_1_94' title="bbox 196 5334 1792 5412">
    <p class='ocr_par' dir='ltr' id='par_1_94' title="bbox 196 5334 1792 5412">
     <span class='ocr_line' id='line_1_94' title="bbox 196 5334 1792 5412; baseline 0.005 -24"><span class='ocrx_word' id='word_1_705' title='bbox 196 5334 422 5392; x_wconf 89' lang='lat' dir='ltr'><strong>alterius</strong></span> <span class='ocrx_word' id='word_1_706' title='bbox 439 5335 645 5406; x_wconf 89' lang='lat' dir='ltr'><strong>judicis</strong></span> <span class='ocrx_word' id='word_1_707' title='bbox 662 5353 825 5409; x_wconf 91' lang='lat' dir='ltr'><strong>quam</strong></span> <span class='ocrx_word' id='word_1_708' title='bbox 850 5338 932 5394; x_wconf 91' lang='lat' dir='ltr'><strong>sui</strong></span> <span class='ocrx_word' id='word_1_709' title='bbox 956 5339 1224 5393; x_wconf 88' lang='lat' dir='ltr'><strong>sententia</strong></span> <span class='ocrx_word' id='word_1_710' title='bbox 1249 5339 1449 5396; x_wconf 90' lang='lat' dir='ltr'><strong>debere</strong></span> <span class='ocrx_word' id='word_1_711' title='bbox 1472 5342 1792 5412; x_wconf 87' lang='lat' dir='ltr'><strong>constringi.</strong></span> 
     </span>
    </p>
   </div>
   <div class='ocr_carea' id='block_1_95' title="bbox 197 5426 1793 5501">
    <p class='ocr_par' dir='ltr' id='par_1_95' title="bbox 197 5426 1793 5501">
     <span class='ocr_line' id='line_1_95' title="bbox 197 5426 1793 5501; baseline 0.003 -17"><span class='ocrx_word' id='word_1_712' title='bbox 197 5426 370 5501; x_wconf 84' lang='lat' dir='ltr'><strong>Caput</strong></span> <span class='ocrx_word' id='word_1_713' title='bbox 391 5430 537 5486; x_wconf 80' lang='lat' dir='ltr'><strong>enim</strong></span> <span class='ocrx_word' id='word_1_714' title='bbox 589 5431 849 5488; x_wconf 82' lang='lat' dir='ltr'><strong>Ecclesiae</strong></span> <span class='ocrx_word' id='word_1_715' title='bbox 891 5429 1142 5488; x_wconf 88' lang='lat' dir='ltr'><strong>Christus</strong></span> <span class='ocrx_word' id='word_1_716' title='bbox 1193 5441 1298 5497; x_wconf 88' lang='lat' dir='ltr'><strong>est,</strong></span> <span class='ocrx_word' id='word_1_717' title='bbox 1355 5431 1557 5488; x_wconf 87' lang='lat' dir='ltr'><strong>Christi</strong></span> <span class='ocrx_word' id='word_1_718' title='bbox 1612 5441 1793 5488; x_wconf 85' lang='lat' dir='ltr'><strong>autem</strong></span> 
     </span>
    </p>
   </div>
   <div class='ocr_carea' id='block_1_96' title="bbox 195 5520 1796 5595">
    <p class='ocr_par' dir='ltr' id='par_1_96' title="bbox 195 5520 1796 5595">
     <span class='ocr_line' id='line_1_96' title="bbox 195 5520 1796 5595; baseline 0.004 -21"><span class='ocrx_word' id='word_1_719' title='bbox 195 5520 381 5577; x_wconf 90' lang='lat' dir='ltr'><strong>vicarii</strong></span> <span class='ocrx_word' id='word_1_720' title='bbox 412 5524 725 5580; x_wconf 86' lang='lat' dir='ltr'><strong>sacerdotes</strong></span> <span class='ocrx_word' id='word_1_721' title='bbox 753 5531 899 5587; x_wconf 90' lang='lat' dir='ltr'><strong>sunt,</strong></span> <span class='ocrx_word' id='word_1_722' title='bbox 955 5524 1046 5595; x_wconf 89' lang='lat' dir='ltr'><strong>qui</strong></span> <span class='ocrx_word' id='word_1_723' title='bbox 1100 5524 1216 5578; x_wconf 85' lang='lat' dir='ltr'><strong>vice</strong></span> <span class='ocrx_word' id='word_1_724' title='bbox 1267 5523 1474 5580; x_wconf 88' lang='lat' dir='ltr'><strong>Christi</strong></span> <span class='ocrx_word' id='word_1_725' title='bbox 1526 5524 1796 5595; x_wconf 84' lang='lat' dir='ltr'><strong>legatione</strong></span> 
     </span>
    </p>
   </div>
   <div class='ocr_carea' id='block_1_97' title="bbox 197 5611 1806 5688">
    <p class='ocr_par' dir='ltr' id='par_1_97' title="bbox 197 5611 1806 5688">
     <span class='ocr_line' id='line_1_97' title="bbox 197 5611 1806 5688; baseline 0.004 -21"><span class='ocrx_word' id='word_1_726' title='bbox 197 5611 491 5688; x_wconf 83' lang='lat' dir='ltr'><strong>funguntur</strong></span> <span class='ocrx_word' id='word_1_727' title='bbox 511 5617 565 5672; x_wconf 92' lang='lat' dir='ltr'><strong>in</strong></span> <span class='ocrx_word' id='word_1_728' title='bbox 593 5616 855 5672; x_wconf 87' lang='lat' dir='ltr'><strong>Ecclesia.</strong></span> <span class='ocrx_word' id='word_1_729' title='bbox 885 5616 1092 5673; x_wconf 86' lang='lat' dir='ltr'><strong>Idcirco</strong></span> <span class='ocrx_word' id='word_1_730' title='bbox 1114 5616 1379 5688; x_wconf 86' lang='lat' dir='ltr'><strong>quidquid</strong></span> <span class='ocrx_word' id='word_1_731' title='bbox 1402 5619 1468 5673; x_wconf 89' lang='lat' dir='ltr'><strong>ad</strong></span> <span class='ocrx_word' id='word_1_732' title='bbox 1510 5632 1697 5673; x_wconf 86' lang='lat' dir='ltr'><strong>eorum</strong></span> <span class='ocrx_word' id='word_1_733' title='bbox 1728 5617 1806 5674; x_wconf 74' lang='grc' dir='ltr'><strong>ῆι·</strong></span> 
     </span>
    </p>
   </div>
   <div class='ocr_carea' id='block_1_98' title="bbox 201 5706 1785 5782">
    <p class='ocr_par' dir='ltr' id='par_1_98' title="bbox 201 5706 1785 5782">
     <span class='ocr_line' id='line_1_98' title="bbox 201 5706 1785 5782; baseline 0.004 -20"><span class='ocrx_word' id='word_1_734' title='bbox 201 5706 469 5778; x_wconf 86' lang='lat' dir='ltr'><strong>iujuriam,</strong></span> <span class='ocrx_word' id='word_1_735' title='bbox 503 5709 571 5765; x_wconf 90' lang='lat' dir='ltr'><strong>ad</strong></span> <span class='ocrx_word' id='word_1_736' title='bbox 605 5709 884 5766; x_wconf 86' lang='lat' dir='ltr'><strong>Christum</strong></span> <span class='ocrx_word' id='word_1_737' title='bbox 911 5712 1166 5781; x_wconf 86' lang='lat' dir='ltr'><strong>pertinet,</strong></span> <span class='ocrx_word' id='word_1_738' title='bbox 1193 5711 1287 5782; x_wconf 86' lang='lat' dir='ltr'><strong>qui</strong></span> <span class='ocrx_word' id='word_1_739' title='bbox 1310 5711 1446 5767; x_wconf 81' lang='lat' dir='ltr'><strong>dixit</strong></span> <span class='ocrx_word' id='word_1_740' title='bbox 1471 5730 1484 5766; x_wconf 77' lang='grc' dir='ltr'><strong>ε</strong></span> <span class='ocrx_word' id='word_1_741' title='bbox 1511 5731 1529 5764; x_wconf 85' lang='grc'><strong><em>‹</em></strong></span> <span class='ocrx_word' id='word_1_742' title='bbox 1564 5710 1666 5779; x_wconf 92' lang='lat' dir='ltr'><strong>Qui</strong></span> <span class='ocrx_word' id='word_1_743' title='bbox 1689 5728 1785 5769; x_wconf 90' lang='lat' dir='ltr'><strong>vos</strong></span> 
     </span>
    </p>
   </div>
   <div class='ocr_carea' id='block_1_99' title="bbox 201 5801 1791 5874">
    <p class='ocr_par' dir='ltr' id='par_1_99' title="bbox 201 5801 1791 5874">
     <span class='ocr_line' id='line_1_99' title="bbox 201 5801 1791 5874; baseline 0.003 -21"><span class='ocrx_word' id='word_1_744' title='bbox 201 5802 364 5868; x_wconf 86' lang='lat' dir='ltr'><strong>audit,</strong></span> <span class='ocrx_word' id='word_1_745' title='bbox 391 5817 479 5857; x_wconf 92' lang='lat' dir='ltr'><strong>me</strong></span> <span class='ocrx_word' id='word_1_746' title='bbox 506 5801 690 5869; x_wconf 86' lang='lat' dir='ltr'><strong>audit;</strong></span> <span class='ocrx_word' id='word_1_747' title='bbox 732 5810 788 5858; x_wconf 91' lang='lat' dir='ltr'><strong>et</strong></span> <span class='ocrx_word' id='word_1_748' title='bbox 831 5802 922 5871; x_wconf 90' lang='lat' dir='ltr'><strong>qui</strong></span> <span class='ocrx_word' id='word_1_749' title='bbox 945 5818 1043 5857; x_wconf 93' lang='lat' dir='ltr'><strong>vos</strong></span> <span class='ocrx_word' id='word_1_750' title='bbox 1070 5802 1298 5873; x_wconf 90' lang='lat' dir='ltr'><strong>spernit,</strong></span> <span class='ocrx_word' id='word_1_751' title='bbox 1326 5817 1414 5858; x_wconf 91' lang='lat' dir='ltr'><strong>me</strong></span> <span class='ocrx_word' id='word_1_752' title='bbox 1440 5804 1668 5874; x_wconf 90' lang='lat' dir='ltr'><strong>spernit.</strong></span> <span class='ocrx_word' id='word_1_753' title='bbox 1722 5803 1791 5858; x_wconf 89' lang='lat' dir='ltr'><strong>Et</strong></span> 
     </span>
    </p>
   </div>
   <div class='ocr_carea' id='block_1_100' title="bbox 202 5894 1784 5967">
    <p class='ocr_par' dir='ltr' id='par_1_100' title="bbox 202 5894 1784 5967">
     <span class='ocr_line' id='line_1_100' title="bbox 202 5894 1784 5967; baseline 0.004 -22"><span class='ocrx_word' id='word_1_754' title='bbox 202 5894 518 5965; x_wconf 85' lang='lat' dir='ltr'><strong>quispcrnit</strong></span> <span class='ocrx_word' id='word_1_755' title='bbox 545 5910 651 5961; x_wconf 89' lang='lat' dir='ltr'><strong>me,</strong></span> <span class='ocrx_word' id='word_1_756' title='bbox 678 5897 888 5966; x_wconf 88' lang='lat' dir='ltr'><strong>spernit</strong></span> <span class='ocrx_word' id='word_1_757' title='bbox 915 5910 1038 5950; x_wconf 91' lang='lat' dir='ltr'><strong>eum</strong></span> <span class='ocrx_word' id='word_1_758' title='bbox 1083 5896 1175 5965; x_wconf 87' lang='lat' dir='ltr'><strong>qui</strong></span> <span class='ocrx_word' id='word_1_759' title='bbox 1232 5895 1380 5951; x_wconf 90' lang='lat' dir='ltr'><strong>misit</strong></span> <span class='ocrx_word' id='word_1_760' title='bbox 1404 5909 1494 5953; x_wconf 89' lang='lat' dir='ltr'><strong>mc</strong></span> <span class='ocrx_word' id='word_1_761' title='bbox 1549 5895 1784 5967; x_wconf 80' lang='lat' dir='ltr'><strong>(Luc.x,</strong></span> 
     </span>
    </p>
   </div>
   <div class='ocr_carea' id='block_1_101' title="bbox 204 5983 1817 6061">
    <p class='ocr_par' dir='ltr' id='par_1_101' title="bbox 204 5983 1817 6061">
     <span class='ocr_line' id='line_1_101' title="bbox 204 5983 1817 6061; baseline 0.003 -22"><span class='ocrx_word' id='word_1_762' title='bbox 204 5983 308 6056; x_wconf 73' lang='grc'><strong>16).</strong></span> <span class='ocrx_word' id='word_1_763' title='bbox 336 6007 354 6041; x_wconf 75' lang='grc' dir='ltr'><strong>ι</strong></span> <span class='ocrx_word' id='word_1_764' title='bbox 373 5988 499 6056; x_wconf 82' lang='lat' dir='ltr'><strong>Ista,</strong></span> <span class='ocrx_word' id='word_1_765' title='bbox 525 5986 741 6058; x_wconf 88' lang='lat' dir='ltr'><strong>fratres,</strong></span> <span class='ocrx_word' id='word_1_766' title='bbox 764 5987 1029 6046; x_wconf 83' lang='lat' dir='ltr'><strong>terribilia</strong></span> <span class='ocrx_word' id='word_1_767' title='bbox 1051 5997 1180 6045; x_wconf 88' lang='lat' dir='ltr'><strong>sunt</strong></span> <span class='ocrx_word' id='word_1_768' title='bbox 1203 5998 1259 6046; x_wconf 90' lang='lat' dir='ltr'><strong>ct</strong></span> <span class='ocrx_word' id='word_1_769' title='bbox 1279 5989 1476 6060; x_wconf 90' lang='lat' dir='ltr'><strong>oppido</strong></span> <span class='ocrx_word' id='word_1_770' title='bbox 1504 5989 1790 6061; x_wconf 79' lang='lat' dir='ltr'><strong>diligenter</strong></span> <span class='ocrx_word' id='word_1_771' title='bbox 1814 6038 1817 6039; x_wconf 36' lang='grc' dir='ltr'><em>ν</em></span> 
     </span>
    </p>
   </div>
   <div class='ocr_carea' id='block_1_102' title="bbox 1905 5243 3502 5317">
    <p class='ocr_par' dir='ltr' id='par_1_102' title="bbox 1905 5243 3502 5317">
     <span class='ocr_line' id='line_1_102' title="bbox 1905 5243 3502 5317; baseline 0 -18"><span class='ocrx_word' id='word_1_772' title='bbox 1905 5246 2049 5302; x_wconf 87' lang='lat' dir='ltr'><strong>dicta</strong></span> <span class='ocrx_word' id='word_1_773' title='bbox 2091 5257 2217 5302; x_wconf 87' lang='lat' dir='ltr'><strong>sunt</strong></span> <span class='ocrx_word' id='word_1_774' title='bbox 2247 5262 2429 5301; x_wconf 90' lang='lat' dir='ltr'><strong>rerum</strong></span> <span class='ocrx_word' id='word_1_775' title='bbox 2476 5246 2778 5316; x_wconf 85' lang='lat' dir='ltr'><strong>probantur</strong></span> <span class='ocrx_word' id='word_1_776' title='bbox 2807 5243 3109 5313; x_wconf 73' lang='lat' dir='ltr'><strong>effectibus,</strong></span> <span class='ocrx_word' id='word_1_777' title='bbox 3137 5246 3262 5317; x_wconf 88' lang='lat' dir='ltr'><strong>quia</strong></span> <span class='ocrx_word' id='word_1_778' title='bbox 3294 5250 3347 5301; x_wconf 89' lang='lat' dir='ltr'><strong>in</strong></span> <span class='ocrx_word' id='word_1_779' title='bbox 3372 5246 3502 5300; x_wconf 91' lang='lat' dir='ltr'><strong>sede</strong></span> 
     </span>
    </p>
   </div>
   <div class='ocr_carea' id='block_1_103' title="bbox 1901 5337 3499 5408">
    <p class='ocr_par' dir='ltr' id='par_1_103' title="bbox 1901 5337 3499 5408">
     <span class='ocr_line' id='line_1_103' title="bbox 1901 5337 3499 5408; baseline -0.001 -17"><span class='ocrx_word' id='word_1_780' title='bbox 1901 5338 2193 5408; x_wconf 88' lang='lat' dir='ltr'><strong>apostolica</strong></span> <span class='ocrx_word' id='word_1_781' title='bbox 2222 5350 2375 5395; x_wconf 77' lang='lat' dir='ltr'><strong>extra</strong></span> <span class='ocrx_word' id='word_1_782' title='bbox 2403 5337 2666 5395; x_wconf 90' lang='lat' dir='ltr'><strong>maculam</strong></span> <span class='ocrx_word' id='word_1_783' title='bbox 2688 5352 2902 5408; x_wconf 89' lang='lat' dir='ltr'><strong>semper</strong></span> <span class='ocrx_word' id='word_1_784' title='bbox 2928 5346 3013 5393; x_wconf 87' lang='lat' dir='ltr'><strong>est</strong></span> <span class='ocrx_word' id='word_1_785' title='bbox 3062 5338 3329 5395; x_wconf 88' lang='lat' dir='ltr'><strong>catholica</strong></span> <span class='ocrx_word' id='word_1_786' title='bbox 3379 5350 3499 5391; x_wconf 89' lang='lat' dir='ltr'><strong>ser-</strong></span> 
     </span>
    </p>
   </div>
   <div class='ocr_carea' id='block_1_104' title="bbox 1901 5431 3500 5504">
    <p class='ocr_par' dir='ltr' id='par_1_104' title="bbox 1901 5431 3500 5504">
     <span class='ocr_line' id='line_1_104' title="bbox 1901 5431 3500 5504; baseline -0.002 -19"><span class='ocrx_word' id='word_1_787' title='bbox 1901 5439 2025 5485; x_wconf 86' lang='lat' dir='ltr'><strong>vata</strong></span> <span class='ocrx_word' id='word_1_788' title='bbox 2048 5431 2256 5504; x_wconf 86' lang='lat' dir='ltr'><strong>religio.</strong></span> <span class='ocrx_word' id='word_1_789' title='bbox 2288 5432 2442 5497; x_wconf 92' lang='lat' dir='ltr'><strong>Ideo,</strong></span> <span class='ocrx_word' id='word_1_790' title='bbox 2467 5431 2796 5497; x_wconf 91' lang='lat' dir='ltr'><strong>charissimi,</strong></span> <span class='ocrx_word' id='word_1_791' title='bbox 2826 5439 2881 5487; x_wconf 91' lang='lat' dir='ltr'><strong>et</strong></span> <span class='ocrx_word' id='word_1_792' title='bbox 2907 5447 3003 5488; x_wconf 91' lang='lat' dir='ltr'><strong>vos</strong></span> <span class='ocrx_word' id='word_1_793' title='bbox 3035 5431 3192 5502; x_wconf 85' lang='lat' dir='ltr'><strong>juxta</strong></span> <span class='ocrx_word' id='word_1_794' title='bbox 3252 5436 3500 5486; x_wconf 87' lang='lat' dir='ltr'><strong>sanctam</strong></span> 
     </span>
    </p>
   </div>
   <div class='ocr_carea' id='block_1_105' title="bbox 1903 5522 3497 5595">
    <p class='ocr_par' dir='ltr' id='par_1_105' title="bbox 1903 5522 3497 5595">
     <span class='ocr_line' id='line_1_105' title="bbox 1903 5522 3497 5595; baseline -0.002 -15"><span class='ocrx_word' id='word_1_795' title='bbox 1903 5524 2242 5595; x_wconf 88' lang='lat' dir='ltr'><strong>Scripturam</strong></span> <span class='ocrx_word' id='word_1_796' title='bbox 2291 5524 2485 5580; x_wconf 90' lang='lat' dir='ltr'><strong>discite</strong></span> <span class='ocrx_word' id='word_1_797' title='bbox 2514 5523 2858 5592; x_wconf 80' lang='lat' dir='ltr'><strong>benefacere,</strong></span> <span class='ocrx_word' id='word_1_798' title='bbox 2916 5533 2970 5581; x_wconf 88' lang='lat' dir='ltr'><strong>et</strong></span> <span class='ocrx_word' id='word_1_799' title='bbox 3024 5525 3165 5580; x_wconf 89' lang='lat' dir='ltr'><strong>mala</strong></span> <span class='ocrx_word' id='word_1_800' title='bbox 3200 5522 3497 5587; x_wconf 87' lang='lat' dir='ltr'><strong>declinare,</strong></span> 
     </span>
    </p>
   </div>
   <div class='ocr_carea' id='block_1_106' title="bbox 1892 5612 3499 5686">
    <p class='ocr_par' dir='ltr' id='par_1_106' title="bbox 1892 5612 3499 5686">
     <span class='ocr_line' id='line_1_106' title="bbox 1892 5612 3499 5686; baseline -0.001 -15"><span class='ocrx_word' id='word_1_801' title='bbox 1892 5625 1949 5679; x_wconf 79' lang='lat' dir='ltr'><strong>et</strong></span> <span class='ocrx_word' id='word_1_802' title='bbox 1973 5616 2195 5671; x_wconf 87' lang='lat' dir='ltr'><strong>Patrum</strong></span> <span class='ocrx_word' id='word_1_803' title='bbox 2218 5614 2420 5685; x_wconf 83' lang='lat' dir='ltr'><strong>regulis</strong></span> <span class='ocrx_word' id='word_1_804' title='bbox 2444 5614 2646 5682; x_wconf 88' lang='lat' dir='ltr'><strong>imbui,</strong></span> <span class='ocrx_word' id='word_1_805' title='bbox 2673 5615 2812 5671; x_wconf 88' lang='lat' dir='ltr'><strong>sicut</strong></span> <span class='ocrx_word' id='word_1_806' title='bbox 2835 5617 3094 5686; x_wconf 89' lang='lat' dir='ltr'><strong>scriptum</strong></span> <span class='ocrx_word' id='word_1_807' title='bbox 3122 5622 3235 5669; x_wconf 88' lang='lat' dir='ltr'><strong>est:</strong></span> <span class='ocrx_word' id='word_1_808' title='bbox 3263 5633 3280 5665; x_wconf 74' lang='grc' dir='ltr'>ι</span> <span class='ocrx_word' id='word_1_809' title='bbox 3305 5612 3432 5678; x_wconf 89' lang='lat' dir='ltr'><strong>Fili,</strong></span> <span class='ocrx_word' id='word_1_810' title='bbox 3450 5615 3499 5670; x_wconf 92' lang='lat' dir='ltr'><strong>si</strong></span> 
     </span>
    </p>
   </div>
   <div class='ocr_carea' id='block_1_107' title="bbox 1893 5704 3493 5780">
    <p class='ocr_par' dir='ltr' id='par_1_107' title="bbox 1893 5704 3493 5780">
     <span class='ocr_line' id='line_1_107' title="bbox 1893 5704 3493 5780; baseline -0.002 -17"><span class='ocrx_word' id='word_1_811' title='bbox 1893 5707 2064 5763; x_wconf 88' lang='lat' dir='ltr'><strong>habes</strong></span> <span class='ocrx_word' id='word_1_812' title='bbox 2105 5708 2243 5763; x_wconf 91' lang='lat' dir='ltr'><strong>bene</strong></span> <span class='ocrx_word' id='word_1_813' title='bbox 2267 5706 2351 5762; x_wconf 87' lang='lat' dir='ltr'><strong>fac</strong></span> <span class='ocrx_word' id='word_1_814' title='bbox 2377 5716 2580 5774; x_wconf 84' lang='lat' dir='ltr'><strong>tecum,</strong></span> <span class='ocrx_word' id='word_1_815' title='bbox 2604 5716 2657 5764; x_wconf 91' lang='lat' dir='ltr'><strong>et</strong></span> <span class='ocrx_word' id='word_1_816' title='bbox 2679 5709 2787 5764; x_wconf 91' lang='lat' dir='ltr'><strong>Deo</strong></span> <span class='ocrx_word' id='word_1_817' title='bbox 2808 5709 2996 5780; x_wconf 86' lang='lat' dir='ltr'><strong>dignas</strong></span> <span class='ocrx_word' id='word_1_818' title='bbox 3014 5706 3317 5763; x_wconf 87' lang='lat' dir='ltr'><strong>oblationes</strong></span> <span class='ocrx_word' id='word_1_819' title='bbox 3337 5704 3493 5763; x_wconf 84' lang='lat' dir='ltr'><strong>offer.</strong></span> 
     </span>
    </p>
   </div>
   <div class='ocr_carea' id='block_1_108' title="bbox 1892 5795 3495 5871">
    <p class='ocr_par' dir='ltr' id='par_1_108' title="bbox 1892 5795 3495 5871">
     <span class='ocr_line' id='line_1_108' title="bbox 1892 5795 3495 5871; baseline -0.001 -17"><span class='ocrx_word' id='word_1_820' title='bbox 1892 5800 2100 5855; x_wconf 88' lang='lat' dir='ltr'><strong>Memor</strong></span> <span class='ocrx_word' id='word_1_821' title='bbox 2119 5809 2257 5867; x_wconf 86' lang='lat' dir='ltr'><strong>esto,</strong></span> <span class='ocrx_word' id='word_1_822' title='bbox 2271 5801 2526 5871; x_wconf 89' lang='lat' dir='ltr'><strong>quoniam</strong></span> <span class='ocrx_word' id='word_1_823' title='bbox 2544 5817 2690 5857; x_wconf 90' lang='lat' dir='ltr'><strong>mors</strong></span> <span class='ocrx_word' id='word_1_824' title='bbox 2708 5816 2813 5856; x_wconf 90' lang='lat' dir='ltr'><strong>non</strong></span> <span class='ocrx_word' id='word_1_825' title='bbox 2829 5799 3027 5865; x_wconf 89' lang='lat' dir='ltr'><strong>tardat,</strong></span> <span class='ocrx_word' id='word_1_826' title='bbox 3044 5807 3099 5853; x_wconf 90' lang='lat' dir='ltr'><strong>et</strong></span> <span class='ocrx_word' id='word_1_827' title='bbox 3115 5795 3495 5853; x_wconf 87' lang='lat' dir='ltr'><strong>testamentum</strong></span> 
     </span>
    </p>
   </div>
   <div class='ocr_carea' id='block_1_109' title="bbox 1892 5891 3497 5966">
    <p class='ocr_par' dir='ltr' id='par_1_109' title="bbox 1892 5891 3497 5966">
     <span class='ocr_line' id='line_1_109' title="bbox 1892 5891 3497 5966; baseline -0.002 -16"><span class='ocrx_word' id='word_1_828' title='bbox 1892 5893 2219 5961; x_wconf 89' lang='lat' dir='ltr'><strong>inferorum,</strong></span> <span class='ocrx_word' id='word_1_829' title='bbox 2252 5896 2377 5966; x_wconf 90' lang='lat' dir='ltr'><strong>quia</strong></span> <span class='ocrx_word' id='word_1_830' title='bbox 2411 5897 2843 5952; x_wconf 84' lang='lat' dir='ltr'><strong>demonstratum</strong></span> <span class='ocrx_word' id='word_1_831' title='bbox 2893 5892 3115 5949; x_wconf 89' lang='lat' dir='ltr'><strong>esttibi.</strong></span> <span class='ocrx_word' id='word_1_832' title='bbox 3176 5891 3497 5947; x_wconf 89' lang='lat' dir='ltr'><strong>Testamen-</strong></span> 
     </span>
    </p>
   </div>
   <div class='ocr_carea' id='block_1_110' title="bbox 1892 5985 3489 6063">
    <p class='ocr_par' dir='ltr' id='par_1_110' title="bbox 1892 5985 3489 6063">
     <span class='ocr_line' id='line_1_110' title="bbox 1892 5985 3489 6063; baseline -0.002 -18"><span class='ocrx_word' id='word_1_833' title='bbox 1892 5996 2009 6046; x_wconf 87' lang='lat' dir='ltr'><strong>tum</strong></span> <span class='ocrx_word' id='word_1_834' title='bbox 2029 5987 2192 6063; x_wconf 88' lang='lat' dir='ltr'><strong>hujus</strong></span> <span class='ocrx_word' id='word_1_835' title='bbox 2211 5989 2397 6047; x_wconf 90' lang='lat' dir='ltr'><strong>mundi</strong></span> <span class='ocrx_word' id='word_1_836' title='bbox 2416 5988 2591 6046; x_wconf 86' lang='lat' dir='ltr'><strong>morte</strong></span> <span class='ocrx_word' id='word_1_837' title='bbox 2617 5989 2899 6045; x_wconf 90' lang='lat' dir='ltr'><strong>morietur.</strong></span> <span class='ocrx_word' id='word_1_838' title='bbox 2922 5986 3064 6044; x_wconf 78' lang='lat' dir='ltr'><strong>Ante</strong></span> <span class='ocrx_word' id='word_1_839' title='bbox 3084 5994 3318 6045; x_wconf 90' lang='lat' dir='ltr'><strong>mortem</strong></span> <span class='ocrx_word' id='word_1_840' title='bbox 3328 5985 3489 6042; x_wconf 79' lang='lat' dir='ltr'><strong>bene.</strong></span> 
     </span>
    </p>
   </div>
  </div>
