3908 5434
424 386 535 450 235

1268 381 1560 438 APPEND.
1590 381 1680 437 Al)
1716 378 1893 435 suac.
1929 377 2022 434 ix.
2064 362 2132 418 —'—
2171 373 2423 433 lSlDORl
2461 372 2908 433 MERCA'roms

3614 380 3707 437 236

427 511 521 569 fac
539 522 718 568 amico
740 513 854 577 tuo,
880 512 937 565 et
968 504 1262 564 secundum
1291 517 1437 559 Vires
1489 510 1612 558 tuas
1666 499 2021 572 exporrigens
2048 502 2097 562 Α
2125 496 2269 552 enim
2293 496 2631 568 concupiscit
2660 495 3032 555 multitudines
3061 498 3297 557 ﬁliorum
3326 500 3640 561 inﬁdelium
3660 519 3712 562 et

431 604 503 663 da
516 592 772 677 pauperi.
816 601 934 657 Non
965 596 1300 656 defrauderis
1327 611 1357 652 a
1386 595 1471 651 die
1495 596 1637 651 bona
1659 601 1713 649 et
1750 589 2017 664 particula

429 693 563 752 boui
593 693 720 750 doni
746 699 929 748 nonte
971 695 1280 762 praetereat.
1335 684 1525 741 Nonne
1572 681 1694 739 aliis
1742 679 2018 749 relinquas

435 786 654 844 dolores
680 793 736 841 et
760 784 973 840 labores
997 780 1153 838 tuos?
1177 779 1238 835 In
1263 777 1527 833 divisione
1558 774 1722 831 sortis
1742 774 1808 828 da
1838 781 1892 828 et
1923 786 2017 827 ae-

433 882 575 953 cipe,
624 877 865 951 justiﬁca
918 874 1157 932 animam
1199 881 1373 929 tuam.
1423 870 1563 923 Ante
1616 866 1821 921 obitum
1868 873 2017 918 tuum

416 974 658 1045 'operare
687 969 957 1043 justitiam
980 968 1107 1039 quia
1134 980 1240 1021 non
1265 972 1349 1020 est
1374 961 1515 1033 apud
1542 957 1747 1013 inferos
1778 954 2022 1010 invenire

433 1068 637 1126 cibum.
668 1063 859 1123 Omnis
887 1077 1016 1119 caro
1044 1060 1188 1117 sicut
1207 1056 1392 1114 fenum
1414 1060 1741 1113 veterascet,
1781 1059 1837 1104 et
1884 1049 2025 1104 sicut

434 1159 625 1216 folium
662 1156 997 1214 fructiﬁcans
1022 1154 1081 1209 in
1108 1152 1305 1208 arbore
1331 1148 1512 1205 viridi.
1540 1146 1656 1201 Alia
1676 1151 2027 1216 generantur,

434 1264 492 1313 et
513 1255 620 1312 alia
651 1252 1003 1323 dejiciuntur.
1026 1248 1118 1305 Sic
1145 1246 1426 1320 generatio
1449 1243 1631 1300 carnis
1649 1251 1702 1297 et
1723 1239 2026 1311 sanguinis,

439 1347 548 1404 alia
577 1346 786 1412 ﬁnitur,
818 1352 876 1402 et
897 1342 1000 1399 alia
1021 1340 1288 1397 nascitur.
1311 1338 1484 1396 Omne
1511 1350 1649 1406 opus
1674 1330 2029 1403 corruptibile

438 1441 494 1497 in
520 1440 629 1495 ﬁne
653 1437 890 1504 deﬁciet,
920 1443 975 1491 et
993 1435 1084 1507 qui
1110 1433 1238 1489 illud
1259 1438 1512 1502 operatur
1547 1428 1645 1484 ibit
1661 1441 1785 1482 cum
1805 1427 1939 1496 ipso.
1962 1423 2031 1481 Et

440 1547 602 1591 omne
637 1547 774 1604 opus
808 1532 1038 1587 electum
1080 1526 1481 1599 iustiﬁcabitur,
1523 1531 1579 1579 et
1630 1522 1721 1593 qui
1770 1528 2031 1593 operatur

440 1626 572 1681 illud
596 1624 953 1681 bonorabitur
984 1622 1038 1677 in
1066 1620 1177 1676 illo.
1217 1620 1415 1676 Beatus
1440 1617 1525 1672 vir
1554 1614 1644 1686 qui
1679 1615 1733 1670 in
1764 1612 2029 1685 sapientia

443 1733 541 1774 sua
565 1716 886 1781 morabitur,
911 1722 966 1769 et
992 1711 1159 1784 quiin
1185 1710 1394 1781 justitia
1424 1722 1521 1765 sua
1551 1705 1923 1769 meditabitur,
1978 1711 2034 1759 et

448 1810 504 1865 in
517 1824 679 1866 sensu
694 1807 955 1880 cogitabit
981 1803 1526 1875 circumspectionem
1549 1800 1664 1855 Dei.
1690 1798 1791 1866 Qui
1818 1796 2034 1869 excogi-

2123 589 2416 645 inutilium.
2447 588 2523 645 Ne
2541 589 2857 661 jncunderis
2882 590 2937 647 in
2970 591 3096 649 ﬁliis
3125 593 3324 665 impiis,
3354 596 3401 651 si
3442 596 3709 670 multipli-

2123 692 2334 749 centur,
2362 698 2460 739 nec
2488 682 2778 741 oblecteris
2801 699 2965 756 super
2988 685 3154 758 ipsos,
3183 688 3230 743 si
3264 704 3372 746 non
3410 699 3503 747 est
3558 691 3715 748 timor

2124 777 2219 832 Dei
2249 794 2371 833 cum
2398 777 2521 833 illis.
2563 776 2679 833 Non
2710 779 2900 835 credas
2928 781 3053 837 vitae
3107 781 3342 851 illorum,
3376 795 3440 842 et
3489 803 3606 843 non
3636 802 3715 848 re-

2125 870 2367 940 Spexeris
2412 871 2466 925 in
2520 870 2734 929 labores
2782 888 2991 929 eorum.
3039 873 3228 933 Melior
3272 888 3360 936 est
3386 883 3539 938 enim
3586 886 3718 942 unus

2128 967 2324 1022 timens
2354 968 2547 1036 Deum,
2579 969 2762 1039 quiatu
2790 969 2937 1025 mille
2966 968 3061 1025 ﬁlii
3104 970 3276 1042 impii.
3305 973 3375 1030 Et
3393 976 3531 1032 utile
3587 978 3719 1037 mori

2128 1058 2246 1114 sine
2285 1058 2432 1126 ﬁliis,
2460 1076 2623 1132 quam
2671 1061 2979 1134 relinquere
3030 1062 3170 1121 ﬁlios
3222 1066 3437 1137 impios.
3499 1068 3588 1125 Ab
3620 1086 3720 1127 uno

2127 1161 2343 1208 sensato
2366 1152 2754 1210 inhabilabitur
2772 1156 2967 1227 patria,
2982 1164 3040 1212 et
3058 1173 3091 1213 a
3113 1158 3284 1215 tribus
3298 1158 3484 1232 impiis
3501 1164 3722 1221 desere-

2131 1252 2237 1298 tur.
2268 1243 2432 1300 Multa
2455 1246 2557 1301 alia
2580 1246 2712 1303 vidit
2741 1248 2933 1304 oculus
2961 1264 3135 1316 meus,
3162 1260 3220 1308 et
3246 1250 3476 1309 fortiora
3529 1257 3721 1311 borum

2131 1338 2337 1394 audivit
2368 1339 2515 1396 auris
2544 1355 2681 1397 mea.
2720 1341 2775 1397 In
2806 1358 3075 1416 synagoga
3122 1347 3468 1415 peccantium
3501 1353 3726 1406 exarde—

2132 1427 2477 1502 bitignis,in
2527 1442 2687 1504 gente
2742 1433 3046 1491 incredibili
3094 1439 3420 1495 exardeseet
3460 1442 3564 1497 ira.
3616 1441 3724 1498 Non

2133 1534 2499 1581 exoraverunt
2532 1540 2632 1596 pro
2659 1527 2896 1597 peccatis
2951 1528 3062 1585 suis
3092 1530 3300 1601 antiqui
3330 1533 3606 1604 gigantes,
3641 1536 3724 1606 qui

2135 1616 2522 1674 destruxcrunt
2546 1616 2880 1674 conﬁdentes
2910 1634 3021 1675 sum
3045 1620 3250 1685 virtuti,
3279 1631 3335 1678 et
3356 1640 3460 1679 non
3490 1628 3725 1696 pepercit

2136 1708 2560 1779 peregrinationi
2587 1707 2825 1776 illorum,
2851 1709 2946 1765 sed
2972 1711 3241 1781 percussit
3261 1725 3374 1780 eos,
3408 1723 3463 1770 et
3483 1732 3727 1772 exsecra-

2142 1810 2224 1857 tus
2260 1811 2344 1858 est
2375 1801 2493 1857 illos
2523 1818 2634 1871 prm
2659 1804 2912 1874 superbia
2945 1806 3094 1860 verbi
3126 1807 3360 1862 illorum.
3403 1807 3523 1862 Non
3548 1810 3726 1863 miscr-

445 1908 524 1957 tat
550 1900 669 1959 vias
696 1877 842 1955 illius
865 1899 918 1953 in
949 1897 1113 1953 corde
1134 1910 1233 1951 suo
1255 1904 1313 1951 et
1333 1894 1389 1950 in
1438 1892 1720 1949 absconsis
1767 1889 1912 1945 illius
1954 1889 2038 1943 in-
2066 1877 2116 1940 Β
2145 1902 2231 1951 ωε
2251 1902 2335 1950 εει
2365 1894 2493 1955 illis,
2519 1902 2685 1949 [Nam
2713 1904 2927 1965 gemem
2953 1896 3204 1966 pudens,
3229 1907 3284 1953 et
3312 1897 3635 1954 emonemes
3675 1914 3727 1953 se

447 1995 695 2067 telligens
719 1993 846 2057 erit,
867 1991 1072 2047 vadens
1113 1996 1237 2061 post
1267 1986 1417 2043 illam
1458 1986 1614 2056 quasi
1663 1982 2040 2055 investigator,

448 2097 505 2146 et
528 2088 584 2143 in
609 2085 714 2142 viis
737 2084 881 2139 illius
910 2082 1232 2139 consistens.
1300 2077 1405 2148 Qui
1459 2076 1685 2148 respicit
1744 2090 1844 2147 per
1888 2073 2043 2130 fene-

450 2188 621 2237 stram
632 2176 773 2250 ejus,
790 2174 911 2231 etin
925 2173 1151 2245 januam
1169 2170 1316 2226 illius
1330 2170 1579 2226 audiens.
1622 2167 1724 2237 Qui
1752 2167 2048 2238 requiescit

432 2271 604 2343 ’juxta
640 2270 860 2327 domum
890 2266 1058 2332 illius,
1085 2273 1144 2321 et
1165 2264 1223 2320 in
1244 2262 1546 2335 parietibus
1570 2260 1715 2317 illius
1740 2260 1910 2330 ﬁgens
1953 2273 2049 2329 pa-

452 2368 587 2424 lum.
610 2364 816 2423 Statuit
847 2361 1092 2420 casulam
1116 2373 1270 2415 suam
1308 2358 1375 2413 ad
1422 2368 1617 2412 manus
1670 2353 1817 2411 illius
1863 2360 1920 2409 et
1964 2365 2051 2407 re-

454 2461 746 2534 quiescunt
769 2459 824 2514 in
850 2455 1038 2515 casula
1061 2454 1210 2511 illius
1247 2454 1388 2510 dona
1441 2466 1542 2523 per
1589 2463 1786 2505 avum.
1836 2446 2053 2503 Statuet

457 2552 601 2611 ﬁllos
628 2566 758 2610 suos
782 2550 884 2607 sub
908 2548 1150 2622 tegmine
1168 2545 1316 2603 illius
1333 2585 1350 2611 ,
1376 2552 1434 2601 et
1456 2543 1558 2599 sub
1583 2542 1753 2597 ramis
1774 2540 1918 2596 illius
1939 2553 2057 2592 mo-

455 2647 686 2711 rabitur,
716 2642 1023 2716 protegitur
1050 2640 1151 2696 sub
1180 2638 1350 2693 ramis
1378 2636 1524 2692 illius
1550 2650 1579 2689 a
1608 2633 1847 2697 fervore,
1890 2638 1947 2686 et
1998 2629 2053 2684 in

460 2738 633 2811 gloria
659 2737 778 2807 ejus
806 2734 1133 2805 requiescet.
1188 2729 1292 2797 Qui
1346 2728 1504 2783 timet
1557 2725 1844 2781 Dominum
1893 2720 2058 2777 faciet

462 2831 617 2898 illud,
641 2840 699 2888 et
721 2830 814 2899 qui
829 2828 1116 2884 continens
1135 2833 1219 2881 est
1234 2821 1460 2892 iustitiae
1485 2817 1859 2889 apprehendet
1883 2815 2055 2879 illam,

465 2936 521 2979 et
549 2921 793 2979 obviabit
838 2919 912 2975 illi
960 2916 1116 2990 quasi
1143 2922 1321 2970 mater
1374 2909 1752 2974 bonoriﬁcata,
1798 2917 1855 2962 et
1905 2904 2062 2977 quasi

470 3019 670 3075 mulier
691 2998 1064 3088 a’virginiiaie
1113 3009 1372 3081 suscipiet
1422 3006 1593 3063 illum.
1646 3002 1858 3060 Cibabit
1912 3001 2061 3056 illum

463 3124 609 3182 pane
630 3109 761 3164 vitae
794 3115 851 3163 et
878 3104 1205 3169 intellectus,
1237 3110 1293 3157 et
1316 3114 1456 3171 aqua
1479 3096 1761 3169 sapientia:
1806 3094 2063 3151 salutaris

465 3202 681 3275 potabit
704 3202 876 3257 illum.
905 3199 972 3254 Et
997 3195 1306 3253 ﬁrmabitur
1335 3194 1391 3249 in
1420 3192 1533 3259 illo,
1556 3200 1613 3248 et
1652 3205 1760 3246 non
1788 3186 2058 3254 flectetur,

2145 1985 2199 2041 in
2231 1987 2342 2041 suis
2383 1986 2642 2057 peccatis.
2688 1986 2755 2041 Et
2785 1988 2926 2042 sicut
2961 1998 3215 2044 sexcenta
3252 1991 3417 2045 millia
3474 1993 3725 2061 peditum,

2145 2080 2237 2151 qui
2268 2080 2582 2152 congregati
2618 2090 2745 2137 sunt
2772 2082 2824 2135 in
2858 2082 3056 2136 duritia
3081 2082 3263 2138 cordis
3296 2085 3402 2139 sui.
3435 2084 3504 2138 Et
3532 2086 3574 2139 si
3600 2099 3729 2138 unus

2148 2171 2337 2229 fuisset
2360 2173 2690 2238 cervicatus,
2720 2173 2915 2228 mirum
2951 2174 2993 2228 si
3026 2172 3219 2229 fuisset
3260 2175 3542 2233 immunis.
3584 2176 3727 2232 Mise—

2149 2266 2386 2321 ricordia
2404 2265 2551 2323 enim
2576 2275 2630 2322 et
2660 2269 2738 2322 ira
2769 2277 2852 2324 est
2879 2256 3002 2323 eum
3027 2267 3143 2335 illo,
3172 2278 3365 2340 potens
3407 2271 3648 2327 exoratio
3681 2277 3729 2325 et

2150 2360 2431 2417 eﬂ‘undens
2454 2361 2589 2415 iram
2630 2360 2924 2416 secundum
2958 2363 3388 2419 misericordiam
3419 2379 3593 2419 suam.
3647 2340 3729 2419 Sic

2153 2454 2425 2524 correptio
2461 2453 2607 2509 illius
2628 2454 2874 2511 homines
2904 2455 3201 2511 secundum
3225 2469 3392 2526 opera
3421 2472 3519 2512 sua
3542 2456 3730 2526 judica-

2154 2545 2252 2600 bit.
2295 2545 2411 2600 Non
2446 2544 2666 2617 effugiet
2706 2547 2758 2601 in
2785 2546 2970 2617 rapina
3002 2563 3098 2603 sua
3132 2558 3406 2620 peccator,
3437 2558 3618 2605 etnon
3658 2564 3732 2604 re.

2157 2638 2394 2693 tardabit
2415 2638 2784 2694 sull’erentiain
2815 2638 3067 2695 facientis
3085 2640 3538 2697 misericordiam.
3562 2640 3730 2697 Omnis

2160 2731 2535 2787 misericordia
2562 2729 2728 2786 faciet
2750 2730 2929 2788 locum
2963 2732 3258 2807 unicuique
3312 2734 3606 2789 secundum
3637 2746 3732 2787 uie-

2163 2828 2325 2882 ritum
2375 2841 2598 2897 operum
2651 2842 2871 2882 suorum
2902 2868 2917 2893 ,
2976 2834 3032 2883 et
3081 2827 3376 2883 secundum
3425 2827 3733 2882 intellectum

2163 2919 2639 2992 peregrinationis.
2678 2917 2795 2975 Non
2824 2920 2976 2976 dicas
3005 2939 3017 2975 :
3047 2920 3088 2974 A
3118 2921 3229 2976 Deo
3244 2920 3578 2983 abscondar,
3602 2929 3653 2972 et
3678 2933 3733 2971 ex

2164 3027 2377 3067 summo
2421 3012 2543 3084 quis
2578 3012 2682 3068 mei
2729 3013 3155 3068 memorabitur?
3194 3012 3252 3068 In
3309 3013 3507 3085 populo
3566 3024 3739 3083 magno

2168 3121 2272 3160 non
2300 3121 2584 3178 agnoscar.
2618 3104 2751 3173 Quae
2780 3114 2864 3162 est
2890 3106 3033 3163 enim
3059 3107 3239 3162 anima
3264 3121 3382 3162 mea
3417 3106 3472 3160 in
3503 3114 3605 3160 tam
3651 3103 3743 3157 im:

2167 3216 2353 3255 mensa
2377 3198 2669 3255 creatura?
2689 3197 2828 3255 Ecce
2852 3200 3049 3256 coelum
3075 3209 3130 3256 et
3151 3198 3275 3255 caeli
3305 3198 3568 3255 coelornm
3593 3197 3742 3267 abys-

468 3304 528 3353 οῑ
551 3291 855 3350 continebit
879 3290 1052 3355 illum:
1106 3296 1163 3344 εί
1189 3302 1299 3343 ηοη
1323 3284 1709 3349 οοηῗυηίίθιυΐν
1754 3289 1812 3337 ει
1856 3277 2067 3336 03““3'
2093 3272 2139 3336 C
2170 3305 2285 3356 sus,
2323 3290 2576 3347 universa
2610 3298 2752 3346 terra
2785 3300 2840 3347 et
2867 3307 2987 3362 quae
3017 3290 3071 3345 in
3096 3290 3177 3346 eis
3203 3298 3351 3356 sunt,
3384 3290 3439 3345 in
3461 3294 3742 3358 conSpectu

473 3388 555 3444 bit
580 3401 705 3443 eum
726 3384 869 3456 apud
888 3381 1167 3455 proximos
1203 3391 1353 3442 suos,
1381 3385 1437 3434 et
1486 3378 1541 3431 in
1593 3373 1773 3431 medio
1817 3370 2068 3456 ecclesiae

473 3479 686 3552 aperiet
710 3450 779 3534 os
810 3450 952 3545 eju—s,
982 3484 1038 3530 et
1083 3470 1326 3544 implebit
1375 3483 1501 3525 eum
1548 3466 1744 3538 spiritu
1793 3450 2072 3536 sapientiae

473 3580 533 3629 et
560 3568 894 3634 intellectus,
925 3575 982 3624 et
1011 3564 1152 3622 stola
1182 3562 1370 3635 gloria:
1418 3561 1615 3617 vestiet
1654 3558 1828 3623 illum,
1876 3556 2073 3628 jucun-

477 3664 705 3719 ditatem
733 3669 794 3717 et
817 3656 1239 3715 exsultationem
1273 3649 1667 3709 thesaurizabit
1692 3662 1859 3718 super
1902 3645 2073 3710 illum,

478 3766 535 3812 et
565 3755 786 3812 nomine
805 3760 1011 3808 aeterno
1038 3745 1386 3804 hatreilitabit
1413 3742 1587 3799 illum.
1641 3739 1901 3795 Homines
1925 3735 2075 3792 stulti

485 3861 597 3901 non
622 3841 1037 3915 apprehendent
1057 3837 1227 3903 illam,
1254 3843 1310 3891 et
1355 3832 1605 3889 homines
1633 3828 1840 3885 sensati
1894 3825 2079 3882 obvia-

2172 3387 2315 3443 illius
2339 3387 2844 3454 commovebuntur,
2880 3396 3092 3442 montes
3117 3386 3368 3441 similiter
3399 3394 3454 3440 et
3496 3383 3653 3440 colles
3691 3390 3745 3434 ct

2174 3477 2522 3535 fundamenta
2549 3489 2732 3535 terrae.
2788 3478 2856 3534 Et
2896 3494 3020 3535 cum
3072 3475 3416 3548 conspexerit
3468 3475 3553 3530 illa
3602 3475 3745 3536 Deus,

2177 3580 2412 3628 tremore
2441 3571 2845 3637 concutientur,
2869 3581 2922 3625 et
2964 3570 3017 3625 in
3041 3569 3293 3625 omnibus
3316 3568 3403 3624 his
3433 3567 3745 3625 insensatum

2178 3672 2263 3719 est
2285 3679 2396 3719 cor.
2425 3663 2491 3717 Et
2519 3678 2677 3718 omne
2708 3676 2802 3717 cor
2824 3660 3145 3733 intelligitur
3170 3662 3239 3716 ab
3274 3658 3385 3726 illo,
3439 3669 3495 3714 et
3546 3658 3654 3713 vias
3694 3655 3748 3709 ilo

2180 3760 2283 3814 lius
2346 3760 2467 3831 quis
2522 3756 2807 3829 intelligit?
2867 3756 2935 3811 Et
2981 3754 3274 3827 procellam
3328 3768 3491 3824 quam
3522 3767 3617 3808 nec
3641 3764 3748 3805 ocn-

2182 3852 2267 3908 lus
2320 3852 2458 3908 vidit
2508 3850 2779 3907 hominis?
2826 3848 2961 3904 Nam
2991 3847 3224 3919 plurima
3265 3861 3428 3919 opera
3461 3844 3605 3900 illius
3645 3851 3750 3897 sunt

2186 3947 2239 4001 in
2266 3944 2568 4009 absconsis,
2592 3942 2686 3999 sed
2712 3955 2878 4013 opera
2897 3939 3125 4012 justitiae
3156 3921 3299 3993 illius
3322 3936 3446 4007 quis
3478 3932 3749 3995 enarrahit,

2188 4046 2278 4093 aut
2324 4036 2446 4107 quis
2485 4033 2812 4091 sustinebit?
2841 4032 3014 4102 Large
3037 4030 3179 4087 enim
3209 4037 3295 4085 est
3344 4036 3705 4083 testamentum
3727 4037 3752 4075 a

2190 4131 2509 4205 quibusdam
2539 4171 2554 4196 ,
2580 4137 2637 4185 et
2665 4127 3021 4201 interrogatio
3048 4125 3328 4182 hominum
3355 4124 3407 4178 in
3438 4132 3754 4177 consumma-

2192 4226 2338 4281 tione
2360 4233 2461 4278 est.
2480 4221 2581 4290 Qui
2606 4218 3079 4277 minoraturcordc
3101 4218 3305 4291 cogitat
3328 4216 3489 4276 mala.
3504 4222 3559 4270 et
3579 4212 3657 4266 vir
3677 4210 3756 4264 iiu-

2193 4321 2432 4391 prudens
2466 4326 2521 4373 et
2539 4331 2729 4373 errans
2764 4315 2964 4386 cogitat
2999 4312 3161 4369 stulta
3192 4309 3383 4384 (Eccli.
3427 4324 3538 4374 xiv,
3589 4303 3755 4367 ll-27;

2196 4429 2289 4478 xv,
2316 4410 2476 4479 1-22;
2509 4424 2620 4477 xw,
2650 4407 2807 4479 1-25)
2840 4427 2859 4459 ι
2896 4427 2914 4459 ι
2944 4404 3134 4463 Omnis
3163 4418 3315 4475 ergo,
3355 4400 3580 4465 fratres,
3611 4410 3760 4453 sermo

2202 4505 2375 4562 malus
2424 4504 2490 4559 de
2517 4518 2613 4559 ore
2632 4512 2813 4557 vestro
2844 4515 2947 4555 non
2974 4498 3253 4570 procedat,
3285 4494 3381 4551 sed
3402 4494 3448 4550 si
3479 4494 3601 4565 quis
3620 4492 3762 4546 bonus

2205 4611 2289 4658 est
2317 4600 2385 4656 ad
2409 4597 2822 4655 aediﬁcationem
2846 4590 3288 4665 Opportunitatis,
3322 4597 3380 4642 ut
3428 4588 3521 4643 det
3565 4583 3761 4658 gratiam

2210 4694 2570 4751 audientibus.
2600 4690 2667 4745 Et
2702 4689 2870 4745 nolite
2891 4685 3218 4742 contristare
3246 4682 3510 4755 Spiritum
3551 4685 3764 4734 sanctum

2210 4789 2330 4854 Dei,
2358 4789 2413 4842 in
2446 4800 2553 4856 quo
2589 4781 2787 4855 signati
2811 4780 2942 4837 estis
2970 4780 3024 4834 in
3055 4779 3143 4834 die
3169 4774 3580 4847 redemptionis.
3608 4769 3767 4829 Omnis

2212 4877 2543 4943 amaritudo,
2581 4884 2638 4930 et
2663 4875 2766 4939 ira,
2803 4882 2859 4929 et
2886 4870 3207 4941 indignatio,
3240 4878 3296 4923 et
3313 4867 3541 4932 clamor,
3577 4873 3630 4919 et
3654 4862 3770 4917 blas-

2211 4973 2426 5045 phemia
2452 4970 2670 5027 tollatur
2714 4984 2742 5023 a
2775 4964 2928 5020 vobis
2969 4979 3092 5020 cum
3140 4961 3288 5017 omni
3336 4959 3563 5014 malitia.
3620 4957 3771 5010 Esiozc

2216 5076 2397 5125 autem
2422 5064 2651 5120 invicem
2679 5059 2921 5133 benigni,
2951 5055 3349 5120 misericordes,
3403 5052 3665 5106 donantes
3711 5046 3770 5099 inc

2216 5164 2414 5224 vicem,
2436 5158 2576 5213 sicut
2600 5164 2657 5211 et
2682 5156 2823 5210 Deus
2850 5152 2903 5205 in
2927 5150 3146 5205 Christo
3167 5146 3391 5203 donavit
3416 5144 3589 5200 vobis.
3624 5140 3771 5194 Estolc

2219 5268 2347 5325 ergo
2374 5252 2674 5307 imitatores
2698 5246 2798 5301 Dei
2829 5245 2970 5299 sicut
3000 5241 3094 5298 ﬁlii
3141 5234 3472 5302 charissimi,
3527 5244 3583 5288 ct
3627 5231 3771 5284 anilia-

2219 5348 2326 5403 late
2349 5347 2405 5401 in
2433 5341 2739 5403 dilectione,
2788 5338 2929 5393 sicut
2959 5344 3014 5391 et
3061 5333 3312 5389 Christus
3357 5328 3549 5386 dilexit
3599 5339 3701 5388 nos,
3731 5326 3771 5374 et

482 3940 621 3995 bunt
642 3934 741 4001 illi,
765 3932 1015 3989 homines
1035 3928 1188 3985 stulti
1217 3941 1324 3983 non
1378 3923 1643 3980 videbunt
1682 3919 1851 3975 illam.
1896 3916 2082 3990 Longe

485 4031 634 4089 enim
667 4028 873 4084 abesta
896 4024 1151 4096 superbia
1181 4029 1238 4077 et
1276 4018 1419 4076 dolo.
1468 4016 1585 4072 Viri
1629 4013 1924 4070 mendaces
1969 4025 2084 4067 non

489 4130 653 4181 erunt
680 4120 845 4186 illius,
866 4127 924 4175 et
947 4118 1049 4174 viri
1095 4128 1325 4172 veraces
1375 4110 1723 4168 invenientur
1765 4107 1821 4162 in
1869 4105 1982 4173 illa,
2033 4111 2088 4159 et

498 4228 779 4271 accessum
827 4211 1106 4267 habebunt
1163 4220 1336 4277 usque
1386 4204 1455 4259 ad
1513 4200 1904 4273 inspectionem
1970 4196 2086 4253 Dei.

499 4307 621 4365 Non
643 4318 728 4363 est
750 4305 993 4377 speciosa
1022 4303 1139 4358 laus
1153 4302 1209 4357 in
1224 4313 1318 4357 ore
1329 4297 1652 4368 peccatoris,
1667 4292 1923 4364 quoniam
1937 4307 1967 4346 a
1985 4290 2092 4346 Deo

496 4399 737 4472 perfecta
758 4405 843 4455 est
867 4395 1152 4467 sapientia.
1184 4390 1457 4464 Sapientia
1481 4388 1623 4444 enim
1647 4386 1742 4443 Dei
1766 4385 1933 4463 stabit
1953 4383 2092 4450 laus,

500 4502 558 4551 et
594 4494 649 4550 in
679 4506 775 4549 ore
801 4490 946 4546 ﬁdeli
977 4486 1298 4552 abundabit,
1327 4492 1382 4541 et
1416 4481 1726 4539 dominator
1775 4477 1924 4534 dabit
1974 4482 2096 4531 eam

502 4585 603 4643 illi.
630 4583 745 4640 Non
770 4582 974 4639 dixeris
1001 4597 1015 4635 ί
1050 4579 1154 4635 Per
1179 4577 1464 4633 Dominum
1487 4575 1661 4638 abest,
1714 4587 1832 4643 quae
1852 4569 1965 4625 odit
1988 4582 2095 4623 non

494 4679 733 4749 feceris,
755 4695 863 4735 non
891 4676 1043 4733 dicas
1074 4693 1087 4729 :
1116 4672 1208 4728 Ille
1254 4686 1345 4727 me
1397 4667 1735 4739 implanavit.
1785 4663 1902 4720 Non
1944 4663 2101 4719 enim

506 4759 810 4828 necessarii
844 4776 971 4823 sunt
1007 4764 1084 4821 illi
1114 4762 1386 4821 homines.
1411 4759 1584 4830 impii.
1632 4755 1805 4813 Omne
1848 4768 2102 4810 exsecra-

508 4872 752 4921 mentum
777 4860 980 4918 erroris
1004 4858 1121 4914 odit
1140 4856 1284 4911 Deus
1310 4862 1367 4910 et
1390 4867 1498 4909 non
1524 4851 1631 4906 erit
1655 4848 1887 4904 amabile
1911 4847 2107 4902 timen-

514 4961 660 5018 tibus
685 4956 1004 5014 eum.Deus
1035 4951 1104 5008 ab
1157 4949 1315 5006 initio
1365 4945 1649 5006 constituit
1704 4940 2001 5005 hominem,
2053 4946 2108 4993 et

515 5052 738 5123 reliquit
762 5048 913 5105 illum
933 5048 988 5102 in
1012 5060 1176 5099 manu
1208 5040 1421 5099 consilii
1462 5040 1566 5102 sui,
1602 5035 1799 5106 adjecit
1850 5032 2107 5088 mandata

521 5153 579 5204 et
596 5148 869 5218 praecepta
896 5153 1013 5194 sua.
1044 5135 1103 5192 Si
1131 5134 1371 5191 volueris
1399 5132 1675 5193 mandata,
1712 5126 2112 5184 conservabnnt

518 5243 575 5291 te
600 5217 662 5290 et
688 5232 744 5288 in
774 5236 1093 5300 perpetuum
1118 5224 1280 5280 ﬁdem
1311 5222 1568 5294 placitam
1610 5220 1807 5275 facere.
1850 5217 2113 5289 Apposuit

524 5327 624 5384 tibi
654 5338 855 5397 aquam
883 5330 939 5378 et
966 5322 1176 5392 ignem,-
1228 5316 1298 5371 ad
1321 5316 1465 5387 quod
1494 5313 1731 5369 volueris
1759 5311 1977 5382 porrige
2000 5323 2112 5365 ma-

813 5430 828 5434 -
864 5414 891 5434 Ι.
912 5414 1140 5434 -;.-2....Α..ιι
1164 5414 1239 5434 ..ΞΔ

1301 5418 1351 5434 ιιι
1378 5423 1522 5434 ..ΑΛ-η
1570 5408 1770 5434 ιπρι-ιιιιω
1807 5412 1856 5434 ιι.
1890 5401 2088 5434 unn‘nrn
