3908 5434
430 379 550 457 359

1306 380 1596 437 APPEND.
1627 380 1721 436 AD
1761 377 1938 436 SIEC.
1977 377 2069 434 IX.
2110 407 2178 421 -—
2214 374 2468 434 lSlDORl
2508 367 2956 429 MERCATORIS

3627 362 3729 418 240

448 504 755 565 eorquue
801 509 921 565 qua:
974 495 1044 551 ad
1109 494 1384 567 querelam
1436 497 1687 553 venirent
1738 509 1935 552 causas
1987 503 2041 550 et
2068 496 2119 556 Α
2146 491 2333 548 cordia
2377 500 2489 554 tua,
2521 488 2654 543 ﬁdes
2700 495 2790 542 tua
2845 498 3016 556 usque
3060 482 3127 539 ad
3168 481 3360 545 nubes,
3388 478 3605 550 justitia
3645 485 3728 535 tua

447 587 907 660 interrogationes
949 588 1244 661 prudenter
1268 580 1611 660 disponeret.»
1629 588 1782 656 Quod
1820 587 1915 643 Dei
1953 601 2041 641 or-

430 677 734 749 dinatione
765 680 943 736 taliter
966 681 1272 737 ordinatum
1299 697 1423 739 esse
1449 682 1741 748 credimus,
1769 695 1837 736 ne
1854 694 2043 735 omnes

447 779 795 841 posterorum
854 782 1046 830 cuncta
1098 773 1200 830 sibi
1251 764 1772 840 vindicarent,‘sed
1808 786 2044 843 semper

430 862 695 935 majores
742 879 917 921 causa)
945 865 1087 922 sicut
1112 875 1239 922 sunt
1275 866 1650 937 episcoporum
1682 873 1736 922 et
1773 866 2048 937 potiorum

451 968 602 1012 cura:
640 958 976 1029 negotiorum
1013 958 1082 1015 ad
1129 975 1293 1015 unam
1341 959 1486 1014 beati
1523 959 1782 1032 principis
1829 971 2050 1030 aposto-

450 1048 629 1107 lorum
673 1049 819 1105 Petri
868 1038 1075 1106 sedem
1107 1049 1447 1107 conﬂuerent
1494 1060 1554 1105 ut
1590 1051 1714 1106 inde
1745 1050 2047 1122 suscipiant

448 1137 619 1202 ﬁnem
641 1140 995 1211 judiciorum,
1026 1141 1171 1198 unde
1210 1150 1539 1214 acceperunt
1586 1142 1799 1199 initium
1831 1143 2042 1199 institu-

454 1228 686 1296 tionum,
725 1246 795 1287 ne
816 1232 1139 1305 quandoque
1161 1249 1192 1288 a
1223 1248 1323 1290 suo
1351 1233 1729 1304 discreparent
1757 1236 1953 1305 capite.
1987 1233 2045 1289 Si

429 1335 587 1412 'vero
607 1336 665 1377 se
689 1322 889 1378 viderit
909 1323 1199 1395 quisquam
1240 1335 1482 1381 vestrum
1514 1326 1865 1396 praegravari‘,
1906 1325 2048 1382 hanc

452 1418 639 1474 sedem
663 1418 917 1489 appellet,
966 1420 1073 1475 huc
1122 1429 1389 1487 recurrat,
1443 1429 1515 1497 ut
1546 1435 1761 1492 semper
1802 1418 2050 1476 instituta

453 1513 559 1569 fuit
582 1516 935 1578 consuetudo,
963 1513 1090 1584 quia
1120 1521 1176 1569 et
1206 1513 1512 1569 voluntarie
1539 1514 1618 1570 eis
1656 1513 2052 1584 compatiemur

428 1615 514 1666 .et
536 1607 767 1664 libenter
794 1616 953 1679 prout
1002 1608 1264 1664 Dominus
1298 1608 1508 1665 dederit
1554 1607 1941 1663 adminiculum
1970 1607 2053 1663 fe-

455 1716 661 1775 remus.
677 1700 787 1757 Nec
806 1716 837 1755 a
863 1714 1158 1771 quoquam,
1180 1698 1400 1765 fratres,
1424 1700 1734 1755 inhibeatur
1756 1706 1848 1753 aut
1868 1695 2055 1767 objur-

454 1801 609 1866 getur
632 1794 725 1865 qui
756 1802 956 1849 nostrae
981 1809 1205 1850 consors
1230 1793 1627 1851 communionis
1658 1808 1780 1849 esse
1799 1791 2052 1857 voluerit,

2145 585 2286 640 sicut
2304 591 2518 638 montes
2538 579 2653 647 Dei,
2671 578 2873 649 judicia
2896 585 2984 632 tua
2998 577 3249 648 abyssum
3269 571 3460 629 multa.
3477 567 3732 626 Homines

2145 684 2200 731 et
2234 674 2481 745 jumenta
2522 670 2699 727 salvos
2726 669 2917 733 facies,
2979 665 3238 731 Domine,
3282 678 3446 735 quam
3497 660 3732 731 pretiosa

2146 766 2521 823 misericordia
2550 773 2663 828 tua,
2693 763 2851 819 Deus.
2886 761 2954 817 Et
2982 759 3077 814 ﬁlii
3106 758 3278 813 Adam
3318 757 3375 812 in
3398 755 3597 811 umbra
3626 751 3735 807 ala-

2148 875 2267 915 rum
2296 867 2509 913 tuarum
2536 856 2849 925 sperabunt.
2880 849 3299 907 lnebriabuntur
3325 849 3393 903 de
3411 844 3735 918 pinguedine

2142 953 2341 1021 domus
2377 960 2482 1006 tuae
2535 957 2592 1004 et
2628 956 2869 1003 torrente
2914 944 3233 1001 deliciarum
3264 951 3480 998 tuarum
3528 936 3737 1013 potabis

2147 1059 2261 1099 eos.
2295 1042 2559 1111 Quoniam
2591 1048 2766 1096 tecum
2801 1045 2885 1094 est
2916 1035 3039 1093 fons
3067 1036 3212 1103 vitae,
3235 1044 3291 1092 et
3328 1035 3386 1090 in
3417 1031 3626 1088 lumine
3650 1038 3737 1086 tuo

2146 1137 2455 1194 uidebimus
2475 1135 2678 1191 lumen.
2703 1134 2932 1189 Attrahe
2951 1132 3380 1189 misericordiam
3395 1137 3550 1184 tuam
3570 1126 3741 1182 scien-

2147 1228 2296 1284 tibus
2326 1236 2401 1292 te,
2431 1235 2488 1282 et
2503 1224 2774 1295 justitiam
2818 1222 3387 1296 tuam‘rectisgcorde.
3417 1218 3544 1275 Non
3564 1216 3740 1273 veniat

2136 1320 2287 1385 mihi
2317 1334 2412 1391 pes
2434 1318 2721 1390 superbiae,
2740 1324 2794 1371 ct
2819 1331 3014 1372 manus
3034 1315 3321 1387 impiorum
3350 1327 3461 1369 non
3491 1326 3583 1366 me
3601 1324 3741 1365 com-

2134 1421 2391 1481 moveat,
2444 1411 2519 1467 ibi
2569 1410 3200 1480 cecideruutoperantes
3234 1406 3605 1476 iniquitatem,
3652 1416 3742 1456 ex-

2154 1504 2295 1576 pulsi
2327 1511 2534 1560 suntet
2574 1516 2682 1557 non
2720 1509 3015 1573 potuerunt
3041 1513 3264 1570 surgere
3305 1494 3485 1566 (Psal.
3523 1490 3742 1557 Παλ

2132 1607 2204 1663 ,ει
2227 1594 2383 1668 seq.).
2409 1615 2429 1649 ι
2468 1593 2795 1651 Audivimus
2835 1607 2866 1646 a
2896 1591 3220 1662 quibusdam
3245 1584 3508 1643 fratribus
3553 1583 3741 1654 quibus

2134 1685 2342 1767 :infesti
2377 1686 2546 1742 eratis
2595 1684 2762 1739 nimis
2811 1682 2955 1754 quod
3002 1680 3185 1753 jurgia
3213 1687 3271 1735 et
3304 1675 3596 1754 discordia:
3642 1674 3743 1730 sint

2159 1781 2302 1837 inter
2352 1794 2473 1837 vos.
2515 1778 2808 1849 Propterea
2861 1777 2963 1833 ista
3013 1772 3331 1844 scripsimus
3385 1769 3543 1826 vobis
3600 1782 3745 1822 man-

581 1860 754 1960 magis
775 1888 839 1966 .ei
867 1888 1117 1944 veniendi
1142 1888 1405 1944 auxilium
1434 1895 1676 1958 praestet,
1701 1886 1826 1957 quia
1859 1882 2057 1941 suﬁicit
2081 1860 2132 1922 Β
2160 1876 2353 1931 dantes
2379 1881 2442 1929 ιιι
2487 1873 2565 1929 ita
2604 1869 2838 1952 ιθηθαιίε
2888 1869 3031 1925 Sicut
3074 1875 3129 1923 θι
3184 1866 3253 1921 ab
3298 1863 3604 1937 εροειοιίῡι
3628 1860 3745 1916 $049

453 1982 749 2052 unicuique
784 1981 1108 2058 _objurgatio
1132 1997 1254 2053 quae
1301 1981 1364 2037 ﬁt
1406 1996 1438 2036 a
1488 1981 1759 2051 plurimis,
1805 1989 1865 2036 ut
1898 1979 2054 2048 juxta

432 2076 773 2149 ,Apostolum
818 2095 840 2129 ι
869 2077 1043 2148 magis
1080 2076 1293 2131 donetis
1320 2084 1372 2131 et
1405 2073 1784 2151 consolemini,
1815 2088 1884 2128 ne
1914 2071 2055 2127 forte

428 2167 844 2250 abundantiori
893 2169 1117 2225 tristitia
1166 2167 1527 2224 absorbeatur
1573 2167 1667 2238 qui
1708 2167 1762 2221 in
1805 2164 2055 2238 angustia

430 2269 542 2329 [est
572 2261 802 2332 Propter
845 2261 988 2332 quod
1017 2261 1247 2317 obsecro
1288 2275 1409 2326 vos,
1439 2268 1499 2315 ut
1528 2259 1645 2330 ipse
1694 2258 1790 2323 ait,
1835 2266 1895 2312 ut
1921 2273 2053 2313 con-

428 2404 431 2407 .
458 2351 690 2407 ﬁrmetis
730 2354 785 2407 in
812 2352 903 2407 illo
930 2352 1278 2409 charitatem.
1316 2369 1336 2403 ι
1366 2350 1452 2423 (II
1478 2350 1603 2407 Cor.
1637 2367 1698 2417 ιι,
1740 2348 1820 2411 7.)
1852 2348 2055 2403 Eorum

431 2439 608 2511 enim
636 2454 700 2495 os
724 2438 1016 2496 accusandi
1044 2439 1360 2495 sacerdotes
1384 2441 1471 2494 vel
1502 2436 1829 2494 testiﬁcandi
1864 2436 1919 2491 in
1961 2450 2056 2492 eos

430 2531 811 2599 ,obstruimus,
848 2547 986 2603 quos
1026 2545 1135 2587 non
1170 2530 1449 2596 humanis,
1475 2529 1572 2587 sed
1610 2528 1806 2585 divinis
1831 2527 2058 2583 vocibus

433 2616 708 2691 ,mortuos
729 2638 851 2680 esse
879 2623 1121 2703 scimus,
1152 2623 1409 2694 quoniam
1458 2620 1694 2678 inﬁdelis
1723 2620 1887 2675 homo
1913 2634 2054 2674 mor-

460 2724 585 2773 tuus
610 2723 695 2794 est
719 2716 777 2772 in
800 2731 1049 2797 corpore
1074 2716 1311 2782 vivente,
1341 2731 1443 2772 nec
1483 2715 1538 2771 iu
1570 2713 1935 2786 suspicionem
1965 2727 2058 2771 ve-

459 2812 580 2867 niat
628 2812 793 2868 homo
842 2810 1041 2877 ﬁdelis,
1080 2809 1335 2885 utIdicat
1382 2818 1476 2865 aut
1519 2808 1682 2865 faciat
1707 2822 1771 2863 ea
1802 2821 1922 2877 quae
1946 2805 2058 2877 pati

462 2916 574 2957 non
597 2901 735 2957 vult.
772 2900 833 2958 Si
859 2901 983 2973 quis
1017 2899 1191 2957 ﬁdelis
1214 2906 1298 2955 est
1320 2898 1505 2955 videat
1532 2913 1600 2954 ne
1623 2897 1757 2952 falsa
1783 2895 2054 2968 loquatur,

467 3002 562 3050 aut
586 2996 840 3066 cuiquam
883 2995 1111 3050 insidias
1149 3001 1336 3065 ponat.
1387 2990 1571 3048 Facile
1614 2999 1699 3047 est
1727 3004 1857 3061 ergo
1884 2988 2059 3044 homi-

466 3101 593 3143 nem
627 3086 832 3151 fallere,
862 3102 970 3143 non
1015 3093 1197 3141 tamen
1226 3084 1422 3140 Deum.
1461 3081 1691 3154 Sapiens
1716 3096 1826 3137 non
1856 3087 1944 3137 est
1965 3079 2059 3152 qui

468 3188 649 3236 nocet.
693 3178 763 3234 Et
791 3178 927 3235 nihil
957 3178 1089 3241 mali
1117 3176 1233 3232 vult
1259 3176 1351 3247 qui
1375 3186 1461 3231 est
1487 3173 1682 3240 ﬁdelis,
1726 3174 1781 3229 in
1805 3172 1891 3229 his
1910 3172 2058 3229 enim

2154 1968 2310 2025 vobis
2340 1966 2572 2023 tenenda
2619 1964 2964 2020 mandantur.
2998 1960 3155 2017 Unde
3183 1957 3448 2014 Dominus
3477 1957 3533 2012 in
3577 1954 3746 2010 Evan-

2157 2061 2298 2135 gelio
2345 2059 2610 2116 militibus
2661 2040 3126 2126 interrogantibus
3185 2049 3467 2123 respondit
3526 2048 3742 2105 dicens:

2163 2155 2486 2213 «Neminem
2539 2149 2869 2210 concutiatis
2923 2160 3101 2217 neque
3146 2143 3478 2200 calumniam
3518 2139 3743 2204 faciatis,

2158 2249 2252 2305 sed
2277 2245 2524 2305 contenti
2554 2251 2731 2300 estote
2750 2239 3038 2313 stipendiis
3065 2237 3261 2293 vestris
3297 2234 3451 2308 (Luc.
3474 2222 3569 2301 ιιι,⁶
3588 2232 3695 2303 14).
3722 2249 3739 2283 ι

2130 2340 2414 2398 Ὀοηουιίι
2434 2338 2583 2395 enim
2604 2335 2880 2392 hominem
2913 2332 3006 2403 qui
3034 2330 3189 2394 illum
3214 2327 3418 2399 injuste
3442 2325 3742 2390 conturbat,

2159 2433 2227 2488 de
2250 2432 2338 2488 his
2360 2431 2477 2486 haec
2499 2427 2654 2485 vobis
2683 2425 2957 2483 interdum
2986 2420 3275 2479 sufﬁciant.
3328 2420 3388 2475 Si
3432 2428 3615 2474 autem
3650 2432 3747 2472 ma-

2153 2525 2369 2597 joribus
2394 2520 2760 2596 indigueritis,
2783 2517 2896 2574 vita
2925 2516 3124 2572 comite
3145 2513 3372 2579 mittite,
3397 2519 3457 2568 et
3477 2511 3747 2565 mittentur

2134 2689 2138 2695 ι
2160 2619 2334 2676 vobis.
2367 2618 2445 2673 De
2474 2616 2563 2672 bis
2583 2629 2717 2671 vero
2742 2627 2906 2684 super
2936 2610 3135 2682 quibus
3155 2607 3439 2680 rogitastis
3457 2620 3559 2660 vos
3586 2602 3745 2658 infor-

2160 2710 2321 2775 mari,
2346 2709 2400 2765 id
2430 2715 2515 2764 est
2539 2713 2721 2761 utrum
2750 2702 2923 2774 majus
2959 2709 3106 2757 esset
3131 2705 3540 2756 sacramentum
3568 2708 3746 2750 manus

2162 2802 2436 2877 impositio
2454 2800 2832 2872 episcoporum
2853 2804 2945 2852 aut
2966 2795 3292 2867 baptismus,
3323 2792 3522 2857 scitote
3546 2799 3742 2845 utrum-

2161 2912 2267 2969 que
2318 2909 2577 2967 magnum
2623 2907 2745 2949 esse
2786 2886 3209 2947 sacramentum.
3266 2887 3334 2942 Et
3385 2887 3531 2942 sicut
3594 2897 3742 2939 unum

2162 3003 2193 3043 a
2224 2984 2524 3056 majoribus
2550 2983 2632 3050 ﬁt,
2668 2983 2724 3039 id
2750 2991 2853 3047 est,
2884 2996 2915 3035 a
2952 2979 3183 3036 summis
3211 2975 3586 3049 pontiﬁcibus,
3619 2972 3746 3044 quod

2164 3098 2197 3138 a
2224 3079 2527 3137 minoribus
2569 3076 2760 3151 perﬁci
2814 3089 2919 3131 non
2950 3082 3150 3145 potest,
3183 3072 3258 3127 ita
3280 3080 3337 3127 et
3366 3067 3568 3139 majori
3597 3082 3747 3123 vene-

2137 3164 2376 3234 ratione
2399 3172 2770 3230 venerandum
2818 3179 2874 3227 et
2903 3168 3199 3226 tenendum
3225 3174 3331 3233 est,
3381 3166 3477 3221 sed
3510 3165 3590 3220 ita
3636 3177 3749 3219 ron-

468 3271 681 3328 ﬁdelem
708 3281 763 3328 et
787 3271 1057 3328 inﬁdelem
1091 3245 1370 3327 hominem
1416 3281 1744 3340 cognoscere
1772 3282 2061 3340 possumus
2086 3245 2132 3308 (ἶ
2161 3271 2350 3344 juncta
2377 3278 2505 3325 sunt
2524 3268 2643 3323 haec
2664 3266 2771 3322 duo
2808 3269 3174 3327 sacramenta,
3208 3268 3270 3314 ut
3294 3258 3363 3315 ab
3397 3257 3635 3313 invicem
3659 3253 3749 3310 nisi

468 3364 525 3419 in
552 3364 795 3421 nocendo
831 3372 889 3421 et
910 3363 1233 3436 adjuvando,
1269 3371 1331 3419 ut
1370 3363 1485 3433 ipsa
1508 3360 1738 3419 .Veritas
1768 3360 1882 3416 ait:
1911 3377 1931 3413 ‹
1957 3358 2060 3416 Βο-

467 3471 574 3512 nus
603 3457 767 3513 homo
796 3471 864 3513 ex
891 3457 1035 3514 bono
1064 3456 1324 3513 thesauro
1351 3454 1535 3512 cordis
1554 3454 1639 3511 sui
1664 3453 1876 3527 profert
1892 3454 2058 3523 bona,

467 3558 524 3606 et
563 3550 738 3608 malus
780 3551 944 3608 homo
972 3568 1037 3608 ex
1067 3551 1211 3608 malo
1250 3551 1511 3608 thesauro
1535 3550 1719 3608 cordis
1742 3551 1826 3606 sui
1853 3548 2063 3621 profert

437 3645 632 3721 mala,
664 3662 731 3702 ex
756 3646 1086 3703 abundantia
1114 3646 1260 3703 enim
1290 3647 1471 3704 cordis
1489 3662 1554 3703 os
1576 3646 1818 3717 loquitur
1840 3644 2059 3719 (Matth.
2098 3698 2101 3701 ,

465 3755 566 3807 xu,
615 3739 706 3806 '54,
752 3738 865 3811 55).
915 3758 934 3792 ι
968 3737 1078 3793 Pro
1105 3738 1264 3795 nobis
1310 3739 1457 3793 enim
1492 3736 1645 3817 dicit
1676 3736 1938 3796 Dominus
1965 3750 2064 3808 per

466 3833 812 3909 prophetam.
835 3830 943 3886 Eos
961 3844 1092 3886 vero
1112 3833 1206 3902 qui
1229 3831 1478 3909 iudicant
1504 3845 1626 3898 vos,
1660 3844 1761 3901 ego
1783 3828 2060 3901 judicaho.

472 3907 541 3977 Et
594 3921 794 3978 iterum
845 3922 910 3976 ad
950 3936 1138 3978 servos
1163 3907 1301 3977 dixit
1340 3940 1355 3975 :
1396 3919 1575 3977 Nolite
1624 3921 1818 3976 timere
1866 3935 2064 3992 oppro-

470 4011 650 4067 brium
677 4012 957 4068 hominum
982 4023 1037 4068 et
1072 4012 1440 4085 blasphemias
1465 4029 1653 4070 eorum
1696 4030 1765 4071 ne
1786 4014 2060 4071 metuatis.

440 4180 443 4187 1
477 4100 555 4156 De
583 4102 778 4158 talibus
803 4118 1017 4173 quoque
1036 4105 1306 4174 propheta
1324 4105 1491 4170 canit,
1524 4105 1711 4162 dicens
1736 4123 1749 4159 :
1788 4124 1807 4157 ‹
1836 4104 1953 4163 Non
1983 4105 2063 4162 sic

473 4192 649 4265 impii,
697 4193 791 4251 sed
838 4203 1093 4266 tanquam
1150 4196 1326 4267 pulvis
1370 4211 1530 4267 quem
1574 4197 1793 4269 projicit
1840 4206 2056 4262 ventus,

476 4297 766 4359 propterea
822 4302 927 4343 non
979 4299 1268 4360 resurgent
1319 4291 1469 4361 impii
1522 4290 1579 4345 in
1628 4289 1836 4361 judicio
1883 4306 2061 4362 neque

476 4389 794 4450 peccatores
854 4382 909 4435 in
971 4383 1390 4453 congregatione
1439 4384 1734 4455 justorum.
1793 4384 2061 4454 Quoniam

474 4473 629 4527 novit
675 4472 936 4528 Domhus
992 4474 1137 4529 viam
1189 4475 1460 4545 justorum
1511 4484 1565 4530 et
1617 4476 1721 4530 iter
1758 4460 2063 4547 impiorum

479 4562 681 4633 peribit
709 4560 880 4632 (Psal.
906 4580 946 4628 ι,
968 4563 1000 4617 4
1034 4574 1081 4619 et
1106 4564 1258 4636 θείῃ).
1283 4586 1301 4619 ι
1333 4585 1352 4619 ι
1381 4565 1559 4634 Quare
1579 4554 1915 4623 conturbatae
1938 4574 2066 4622 sunt

478 4663 689 4724 gentes,
712 4661 784 4735 et
826 4654 1012 4725 plebes
1040 4657 1449 4712 meditabantur
1474 4658 1699 4713 inania?
1726 4657 2067 4730 Consurgent

478 4761 635 4819 reges
666 4755 842 4817 terrae,
863 4757 918 4804 et
936 4750 1211 4821 principes
1240 4753 1550 4807 tractabant
1571 4753 1778 4823 pariter
1804 4753 2067 4809 adversus

479 4840 767 4895 Dominum
801 4850 856 4897 et
881 4842 1141 4898 adversus
1175 4842 1452 4899 Christum
1488 4844 1624 4915 ejus.
1655 4844 2070 4917 Disrumpamus

477 4933 692 4988 vincula
728 4950 941 5000 eorum,
990 4943 1046 4991 et
1096 4935 1445 5006 projiciamus
1493 4952 1523 4992 a
1573 4939 1728 4994 nobis
1752 4939 1941 5011 jugum
1990 4939 2070 5011 ip-

476 5040 683 5080 sorum.
714 5025 997 5084 Hahitator
1034 5028 1156 5084 οωιὶ
1198 5029 1410 5096 ridebit,
1460 5038 1514 5083 et
1559 5032 1816 5086 Dominus
1844 5032 2072 5088 subsan—

483 5118 638 5173 nabit
667 5131 781 5173 eos.
842 5116 996 5172 Tunc
1024 5116 1277 5188 loquetur
1319 5120 1387 5174 ad
1433 5135 1527 5177 eos
1575 5121 1631 5175 in
1658 5122 1742 5176 ira
1789 5137 1907 5189 sua,
1934 5126 2071 5177 etin

2089 4618 2143 4679 D

2113 3394 2116 3398 ~
2166 3372 2342 3420 morte
2379 3358 2748 3433 praeveniente
2784 3355 3094 3411 nullatenus
3118 3352 3332 3425 possint
3376 3347 3675 3422 segregari,
3705 3356 3751 3401 et

2164 3469 2333 3510 unum
2361 3452 2479 3508 sine
2507 3451 2682 3506 altero
2716 3448 2818 3504 rite
2840 3445 3029 3519 perﬁci
3065 3460 3172 3499 non
3204 3449 3401 3514 potest.
3437 3439 3576 3495 Nam
3598 3452 3751 3494 unum

2163 3545 2530 3619 praeveniente
2555 3550 2729 3598 morte
2759 3540 2971 3597 salvare
3016 3539 3136 3593 sine
3170 3535 3342 3591 altero
3377 3541 3582 3604 potest,
3615 3528 3749 3585 aliud

2165 3648 2346 3696 autem
2378 3651 2486 3693 non
2529 3643 2726 3708 potest.
2775 3633 2931 3690 Unde
2977 3630 3241 3701 scriptum
3282 3635 3406 3695 est;
3444 3646 3463 3678 ί
3490 3625 3550 3681 lu
3577 3623 3751 3679 diebus

2136 3801 2141 3805 ρ
2166 3730 2274 3788 illis
2299 3729 2431 3787 dicit
2454 3727 2716 3784 Dominus
2745 3744 2760 3781 :
2791 3722 3077 3780 Ell'undam
3106 3722 3175 3778 de
3201 3720 3409 3792 Spiritu
3453 3732 3578 3773 meo
3601 3728 3752 3785 super

2165 3839 2386 3881 omnem
2418 3835 2639 3877 carnem
2669 3817 2831 3890 (Joel.
2854 3833 2916 3883 ιι,
2945 3816 3062 3886 28).
3088 3834 3107 3867 ι
3134 3814 3504 3869 Advertamus
3525 3821 3749 3866 sutnmas

2134 3983 2138 3987 ,
2166 3914 2385 3972 divitias
2411 3910 2676 3967 bonitatis
2697 3909 2813 3964 Dei.
2836 3907 2992 3976 Quod
3022 3907 3077 3961 in
3112 3903 3504 3961 conﬁrmandis
3530 3899 3751 3969 neophy-

2134 4080 2137 4083 _
2168 4008 2240 4063 tis
2266 4020 2462 4061 manus
2492 4001 2765 4074 impositio
2808 4000 3000 4055 tribuit
3037 3996 3290 4065 singulis,
3336 3996 3443 4050 hoc
3488 4002 3617 4049 tunc
3643 3988 3750 4059 Spi-

2165 4099 2304 4156 ritus
2332 4096 2506 4154 sancti
2536 4092 2820 4150 descensio
2848 4091 2905 4147 in
2932 4089 3269 4146 credentium
3290 4084 3527 4158 populos
3546 4078 3747 4139 donavit

2166 4192 2465 4250 universis.
2492 4187 2601 4245 Sed
2631 4187 2760 4259 quia
2795 4186 3029 4243 dicimus
3069 4183 3215 4255 quod
3245 4196 3442 4238 manus
3471 4177 3746 4251 impositio,

2167 4298 2225 4345 et
2250 4284 2614 4349 conﬁrmatio,
2646 4291 2702 4340 et
2724 4282 2819 4355 qui
2840 4280 2956 4351 jam
2983 4286 3337 4350 regeneratus
3358 4275 3414 4330 in
3442 4272 3659 4330 Christo
3680 4276 3748 4325 est

2135 4378 2139 4383 ’
2168 4381 2497 4439 conﬁrmare
2526 4376 2730 4449 aliquid
2756 4375 2955 4448 possit,
2986 4372 3128 4428 forte
3161 4370 3367 4441 cogitat
3391 4367 3498 4423 sibi
3526 4365 3746 4436 aliquis:

2169 4471 2310 4541 Quid
2353 4469 2490 4527 mihi
2515 4468 2740 4541 prodest
2777 4475 2901 4538 post
2929 4462 3250 4537 mysterium
3281 4458 3628 4531 baptismatis
3652 4469 3752 4524 my-

2171 4565 2395 4621 sterium
2446 4559 2931 4620 conﬁrmationis?
2977 4557 3087 4612 Aut
3136 4561 3400 4626 quantum
3450 4552 3612 4607 video
3657 4562 3749 4603 non

2170 4663 2344 4712 totum
2365 4654 2432 4711 de
2452 4651 2604 4709 fonte
2625 4649 2985 4722 suscepimus,
3017 4646 3064 4703 si
3090 4654 3216 4718 post
3234 4643 3445 4700 fontem
3465 4638 3753 4710 adjectione

2171 4748 2297 4804 novi
2322 4745 2541 4819 generis
2578 4742 2902 4815 indigemus.
2931 4738 3051 4795 Non
3078 4739 3175 4805 ita,
3203 4733 3573 4800 dilectissimi,
3596 4739 3753 4787 atten-

2132 4834 2140 4912 ξ
2173 4842 2265 4898 dat
2312 4837 2554 4896 charitas
2581 4842 2783 4892 vestra.
2836 4832 2991 4888 Sicut
3032 4830 3204 4902 exigit
3230 4825 3487 4883 militaris
3518 4823 3654 4880 ordo
3685 4827 3751 4885 ut,

2175 4947 2302 4989 cum
2338 4930 2639 5000 imperator
2684 4936 3062 4997 quemcunque
3115 4922 3171 4978 in
3217 4918 3448 4976 militum
3499 4912 3754 4986 receperit

2176 5036 2485 5085 numerum,
2541 5017 2858 5095 nonsolum
2906 5016 3082 5087 signet
3132 5019 3429 5083 receptum,
3479 5009 3578 5063 sed
3606 5006 3754 5061 etiam

2183 5114 2352 5170 armis
2392 5110 2826 5183 competentibus
2869 5110 3106 5163 instruat
3143 5112 3546 5177 pugnaturum;
3598 5100 3669 5155 ita
3707 5097 3753 5151 in

435 5279 438 5282 ἢ
478 5208 665 5264 furore
693 5223 793 5263 suo
829 5209 1174 5263 conturbabit
1201 5223 1296 5265 eos
1325 5208 1496 5283 (Psal.
1518 5226 1579 5276 ιι,
1624 5211 1652 5265 1
1692 5220 1739 5264 et
1770 5188 1925 5283 seq.).
1952 5228 1970 5262 ι
2008 5209 2078 5265 Ει
2132 5283 2139 5287 ί
2182 5205 2454 5278 baptizato
2486 5200 2789 5259 benedictio
2820 5199 2911 5255 illa
2954 5197 3186 5253 munitio
3231 5202 3333 5251 est.
3382 5192 3592 5249 Dedisti
3631 5188 3755 5247 mili-
