3926 6458
149 428 246 484 ΞΗ

1337 415 1823 475 DECRETALIUM
1850 416 2253 480 COLLECTIO.

3312 432 3417 490 9.42

150 554 291 611 ctus,
324 542 420 615 qui
443 556 609 612 super
635 556 806 615 aquas
842 540 1098 614 baptisini
1129 538 1411 596 salutifero
1455 534 1734 595 descendit
1759 543 1814 595 Α
1838 537 1982 592 enim
2010 538 2062 593 in
2094 540 2361 611 baptismo
2380 558 2435 599 in
2456 559 2564 616 quo
2586 548 2962 607 resurrexistis
2984 563 3082 621 per
3110 549 3270 608 fidem
3291 570 3420 626 ope«

151 635 368 705 illapsu,
404 634 457 689 in
491 632 638 690 fonte
678 632 1137 705 pulchritudinem
1168 632 1357 687 tribuit
1386 633 1455 687 ad
1484 632 1738 686 innocen-

153 730 304 795 tiam,
339 729 396 783 in
428 727 838 784 conﬁrmatione
880 734 1226 799 augmentum
1254 734 1476 797 praestat
1516 725 1582 779 ad
1611 738 1737 797 gra-

151 822 303 887 tiam,
340 822 470 893 quia
516 820 571 876 in
620 819 726 876 hoc
762 820 966 875 mundo
1004 826 1115 875 tota
1144 826 1303 874 artate
1333 817 1559 874 victuris
1596 817 1740 873 inter

149 912 452 969 invisibiles
495 912 679 968 hostes
726 919 783 967 et
828 909 1067 983 pericula
1115 910 1469 982 gradiendum
1519 917 1629 977 est,
1682 909 1740 965 in

148 1006 425 1078 baptismo
470 1021 853 1076 regeneramur
901 1005 970 1061 ad
1010 1006 1200 1072 vitam,
1242 1014 1366 1077 post
1413 1006 1740 1078 baptismum

148 1100 544 1157 conﬁrmamur
564 1099 632 1154 ad
651 1114 906 1172 pugnam.
934 1094 1283 1171 ln'baptismo
1304 1098 1595 1167 abluimur,
1620 1106 1742 1171 post

146 1196 483 1267 baptismum
531 1194 875 1261 roboramur,
924 1201 980 1249 at
1031 1194 1078 1250 si
1127 1193 1385 1251 continuo
1431 1193 1741 1250 transituris

150 1284 426 1344 sufﬁciant
438 1285 866 1357 regenerationis
884 1284 1167 1351 beneﬁcia,
1194 1285 1417 1341 victuris
1440 1292 1617 1341 tamen
1642 1298 1740 1340 ne-

149 1380 393 1437 cessaria
418 1387 545 1435 sunt
570 1379 996 1437 confirmationis
1023 1379 1242 1435 auxilia.
1269 1378 1629 1452 Regeneratio
1645 1395 1743 1451 per

150 1487 204 1528 se
224 1472 412 1528 salvat
442 1487 569 1527 mox
595 1472 650 1527 in
676 1486 811 1543 pace
830 1472 974 1527 beati
1008 1472 1189 1528 saeculi
1222 1473 1583 1543 recipiendos,
1613 1488 1743 1530 con-

149 1565 390 1622 firmatio
400 1581 468 1620 au
477 1574 581 1620 tem
597 1573 775 1621 armat
787 1573 842 1620 et
858 1565 1075 1621 instruit
1088 1565 1155 1620 ad
1169 1581 1370 1637 agones
1384 1567 1569 1622 mundi
1584 1565 1744 1635 hujus

149 1668 200 1714 et
219 1658 416 1730 praelia
430 1657 809 1714 reservandos.
824 1657 927 1726 Qui
954 1666 1134 1713 autem
1148 1666 1269 1731 post
1281 1659 1607 1730 baptismum
1620 1675 1744 1715 cum

148 1752 423 1823 acquisita
454 1752 765 1808 innocentia
796 1752 1176 1809 immaculatus
1201 1753 1450 1824 pervenit
1486 1754 1554 1809 ad
1593 1769 1744 1810 mor-

151 1854 253 1900 tem
280 1842 644 1901 conﬁrmatur
670 1853 865 1909 morte,
889 1843 1015 1915 quia
1042 1859 1149 1899 non
1172 1850 1351 1915 potest
1369 1858 1596 1915 peccare
1622 1853 1746 1914 post

148 1946 405 1993 mortem.
422 1935 522 1993 Hic
534 1936 579 1993 si
591 1935 732 1993 forte
747 1936 878 1993 illud
891 1938 1054 1993 etiam
1069 1940 1347 2009 requirere
1357 1940 1604 2007 velimus,
1623 1947 1745 2011 post
1772 1915 1823 1978 Β

152 2031 464 2103 passionem
489 2039 547 2086 et
580 2021 1033 2087 resurrectionem
1058 2029 1285 2099 Christi,
1317 2032 1447 2103 quid
1489 2032 1750 2104 apostolis
1778 2078 1781 2079 ν

155 2127 430 2199 profuerit
456 2126 723 2182 adventus
755 2124 993 2201 Spiritus
1015 2126 1209 2192 sancti,
1235 2126 1352 2198 ipse
1377 2128 1641 2184 Dominus
1666 2129 1747 2185 eis

153 2222 437 2279 evidenter
459 2219 697 2292 exponit.
732 2237 752 2272 ι
783 2218 914 2288 Quae
940 2218 1082 2286 dico,
1112 2219 1304 2291 inquit,
1334 2220 1488 2277 vobis
1515 2236 1624 2277 non
1653 2236 1749 2292 po-

153 2317 304 2372 testis
321 2330 385 2372 ea
398 2324 617 2387 portare
638 2313 817 2379 modo,
835 2328 956 2387 cum
973 2321 1155 2370 autem
1176 2314 1387 2370 venerit
1408 2313 1496 2369 ille
1512 2312 1750 2385 Spiritus

156 2408 426 2473 veritatis,
454 2406 570 2477 ipse
609 2405 823 2462 docebit
863 2419 1080 2462 omnem
1108 2405 1393 2462 veritatem
1425 2405 1607 2479 (Joan.
1632 2423 1744 2474 xvr,

155 2503 219 2558 12
239 2512 291 2557 et
316 2501 431 2573 l3).
452 2519 472 2554 ι
503 2498 668 2557 Vides
693 2500 821 2571 quia
871 2515 995 2557 cum
1038 2500 1274 2572 Spiritus
1314 2508 1537 2557 sanctus
1567 2500 1748 2557 infun-

156 2597 324 2661 ditur,
347 2611 446 2652 cor
473 2594 632 2651 fidele
670 2595 737 2650 ad
761 2594 1105 2666 prudentiam
1135 2604 1190 2651 et
1219 2595 1583 2651 constantiam
1612 2595 1747 2651 dila-

155 2699 317 2746 tatur.
334 2690 527 2762 Itaque
549 2699 676 2747 ante
695 2689 1102 2747 descensionem
1126 2688 1359 2760 Spiritus
1377 2688 1550 2745 sancti
1575 2704 1749 2761 usque

155 2786 218 2839 ad
245 2782 596 2855 negationem
645 2782 874 2855 apostoli
925 2783 1292 2849 deterrentur,
1323 2789 1449 2854 post
1477 2781 1747 2839 visitatio-

154 2890 276 2931 nem
302 2888 437 2929 vero
465 2871 582 2942 ejus
623 2887 799 2945 usque
847 2873 914 2929 ad
955 2873 1279 2946 martyrium
1308 2880 1622 2945 contemptu
1661 2889 1748 2931 sa-

155 2965 279 3023 lutis
308 2974 619 3033 armantur,
645 2966 941 3023 secundum
968 2966 1072 3022 hoc
1096 2981 1194 3038 per
1222 2963 1499 3023 Christum
1526 2966 1749 3024 redimi-

157 3076 294 3126 mur,
311 3075 415 3131 per
433 3058 696 3131 Spiritum
711 3074 840 3116 vero
862 3067 1113 3115 sanctum
1136 3058 1279 3115 dono
1296 3058 1575 3130 sapientiae
1594 3058 1749 3130 spiri-

159 3154 313 3209 tualis
342 3154 738 3221 illuminamur,
784 3153 1135 3218 tedificamur,
1191 3152 1491 3218 erudimur,
1523 3152 1748 3209 instrui-

160 3264 294 3312 mur,
326 3263 796 3315 consummamur,
824 3254 885 3301 ut
920 3246 1064 3302 illam
1093 3247 1266 3302 sancti
1296 3245 1531 3318 Spiritus
1556 3261 1743 3301 vocem

138 3340 341 3413 audire
381 3339 669 3410 possimus.
695 3356 716 3390 ι
742 3337 1080 3394 Intellectum
1107 3337 1201 3392 tibi
1233 3337 1371 3393 dabo
1395 3345 1451 3391 et
1482 3338 1747 3393 instruam

134 3438 213 3499 te
246 3431 297 3486 in
346 3431 436 3485 via
490 3429 595 3487 hac
645 3444 749 3500 qua
788 3429 1055 3502 gradieris
1104 3426 1279 3500 (Psal.
1310 3442 1463 3493 xm,
1493 3426 1571 3497 8).
1603 3447 1623 3480 ι
1674 3429 1750 3484 De

162 3522 361 3596 Spiritu
403 3532 595 3579 sancto
629 3523 944 3595 accipimus,
987 3531 1048 3577 ut
1089 3519 1399 3593 spirituales
1426 3518 1745 3587 efﬁciamur,

162 3617 280 3686 quia
306 3636 326 3670 ι
362 3616 615 3672 animalis
644 3617 807 3671 homo
836 3630 944 3671 non
981 3614 1213 3686 percipit
1242 3628 1307 3669 ea
1332 3628 1441 3684 qua
1471 3620 1600 3669 sunt
1626 3612 1752 3685 Spi-

164 3713 292 3768 ritus
334 3712 428 3767 Dei
462 3710 515 3785 (1
542 3709 667 3767 Cor.
696 3726 758 3777 ιι,
793 3710 906 3781 14).
930 3728 949 3763 ι
986 3710 1064 3766 De
1107 3707 1314 3781 Spiritu
1363 3715 1556 3764 sancto
1600 3707 1748 3763 acci-

163 3804 352 3875 pimus,
383 3811 445 3859 ut
489 3802 763 3873 sapiamus
790 3800 934 3856 inter
967 3800 1169 3856 bonum
1210 3796 1520 3869 malumque
1554 3797 1753 3854 discer-

166 3910 306 3963 nere,
334 3896 484 3968 justa
510 3894 757 3966 diligere,
790 3893 988 3965 injusta
1036 3905 1316 3963 respuere,
1343 3897 1405 3944 ut
1434 3888 1656 3944 malitiae
1689 3904 1751 3945 ac

168 3989 427 4060 superbiae
452 4002 837 4060 repugnemus,
878 3993 937 4040 ut
964 3985 1193 4041 luxuriae
1221 3999 1285 4041 ac
1312 3982 1545 4040 diversis
1572 3982 1753 4039 illece-

168 4083 275 4141 bris
307 4094 363 4141 et
393 4067 558 4140 {tedis
592 4082 935 4155 indignisque
983 4079 1370 4151 cupiditatibus
1401 4079 1746 4144 resistamus.

171 4174 240 4231 De
274 4176 480 4248 Spiritu
529 4182 720 4231 sancto
770 4174 1068 4244 accipimus
1108 4173 1239 4230 vitae
1280 4188 1523 4230 amorem
1549 4182 1605 4230 et
1642 4174 1752 4245 glo-

171 4265 256 4323 ria:
274 4268 551 4333 ardorem,
573 4275 636 4322 ut
662 4266 909 4323 succensi
937 4265 1195 4321 divinitus
1222 4265 1436 4338 erigere
1465 4282 1496 4323 a
1521 4267 1753 4322 terrenis

172 4369 395 4416 mentem
439 4359 509 4414 ad
541 4372 777 4428 superna
816 4367 873 4414 et
913 4358 1095 4414 divina
1135 4360 1434 4415 valeamus.
1476 4358 1749 4429 Jejunium

173 4465 288 4523 ergo
314 4450 718 4508 Dominicidiei
762 4458 817 4506 et
843 4451 1045 4521 quintae
1089 4450 1243 4507 feriae
1284 4464 1446 4507 nemo
1472 4451 1753 4508 celebrare

175 4542 337 4611 debet,
365 4551 429 4600 ut
456 4543 601 4598 inter
624 4542 893 4615 jejunium
913 4542 1348 4599 Christianorum
1376 4551 1431 4598 et
1456 4542 1743 4615 gentilium

174 4637 428 4691 veraciter
482 4633 1042 4704 credentiumgatque
1091 4632 1390 4688 inﬁdelium
1437 4640 1495 4687 et
1540 4633 1753 4688 haereti-

180 4740 350 4783 corum
378 4740 512 4782 vera
557 4732 614 4781 et
656 4740 765 4781 non
805 4724 944 4780 falsa
978 4723 1238 4780 discretio
1288 4723 1572 4788 habeatur,
1607 4724 1753 4780 unde

182 4821 423 4890 scriptum
449 4826 572 4875 est:
599 4836 618 4869 ι
646 4818 776 4886 Quae
800 4831 928 4886 pars
945 4815 1151 4872 Christi
1186 4816 1255 4871 ad
1276 4814 1487 4871 Belial?
1510 4825 1605 4872 aut
1629 4832 1751 4889 quae

183 4929 295 4984 pars
326 4915 468 4972 ﬁdeli
517 4929 640 4971 cum
687 4911 932 4968 inﬁdeli?
981 4910 1111 4980 Quae
1149 4920 1242 4966 aut
1288 4911 1634 4982 participatio
1662 4912 1751 4983 ju-

169 5005 329 5070 stitim
358 5022 482 5064 cum
512 5006 835 5078 iniquitate?
861 5024 880 5057 ι
915 5003 1000 5074 (II
1031 5003 1156 5060 Cor.
1180 5021 1253 5069 γι,
1280 5005 1392 5081 l5.)
1418 5005 1483 5059 Et
1504 5006 1702 5062 iterum
1731 5024 1745 5060 :

194 5114 211 5148 ι
234 5097 400 5156 Nolite
433 5100 622 5170 iugum
653 5099 855 5154 ducere
898 5114 1022 5154 cum
1055 5095 1363 5153 inﬁdelibus
1390 5096 1557 5169 (Ibid.
1588 5097 1701 5170 14).
1731 5117 1750 5152 ι

196 5189 303 5247 «De
339 5201 557 5257 caetero,
604 5189 822 5254 fratres,
866 5187 1045 5245 videte
1096 5201 1164 5242 ne
1208 5190 1330 5259 quis
1378 5204 1475 5245 vos
1526 5188 1763 5260 decipiat

191 5279 418 5339 inanibus
448 5282 655 5349 verbis,
690 5295 866 5352 neque
900 5296 1000 5351 per
1032 5280 1429 5352 pltiloSOphiam
1457 5290 1513 5338 et
1542 5282 1757 5338 inanem

194 5372 739 5432 lallaciamsecundum
765 5374 1110 5429 traditionem
1132 5373 1432 5442 hominum,
1456 5376 1754 5432 secundum

195 5463 566 5537 56elcmenta
595 5466 817 5533 mundi,
849 5475 905 5522 et
944 5481 1052 5521 non
1101 5466 1398 5523 secundum
1438 5466 1716 5524 Christum
1737 5510 1753 5537 ,

197 5562 314 5630 quia
344 5566 395 5620 in
422 5565 637 5622 Christo
666 5565 874 5621 habitat
910 5564 1091 5620 omnis
1129 5563 1408 5634 plenitudo
1453 5564 1754 5621 divinitatis

200 5657 573 5726 corporaliter,
600 5667 657 5715 et
696 5659 828 5714 estis
867 5658 920 5714 in
951 5658 1043 5713 illo
1066 5658 1289 5728 repleti,
1344 5659 1437 5730 qui
1478 5670 1563 5716 est
1592 5667 1756 5731 caput

200 5748 358 5805 omnis
385 5751 715 5822 principatus
739 5760 796 5808 et
815 5752 1121 5825 potestatis,
1153 5751 1208 5807 in
1231 5767 1339 5823 quo
1364 5761 1418 5808 et
1447 5753 1758 5810 circumcisi

202 5840 336 5908 estis,
365 5844 773 5902 circumcisione
808 5860 916 5901 non
954 5843 1263 5901 manufacta
1288 5845 1342 5900 in
1371 5847 1759 5918 eXSpoliatione

206 5937 424 6007 corporis
442 5933 652 6010 carnis,
678 5940 736 5999 in
759 5940 1184 6015 circumcisione
1200 5938 1424 6010 Christi,
1454 5942 1759 6013 consepulti

1776 3295 1823 3360 C

1778 4685 1832 4747 D

1840 628 2065 685 rationis
2094 630 2212 697 Dei,
2243 634 2335 705 qui
2360 635 2645 692 suscitavit
2673 637 2825 694 illum
2863 654 2897 696 a
2924 643 3175 702 mortuis.
3206 645 3275 702 Et
3295 663 3416 718 vos,

1840 737 1965 778 cum
1994 724 2195 780 mortui
2237 727 2434 784 essetis
2476 728 2531 785 in
2583 730 2795 789 delictis
2839 742 2898 791 et
2941 740 3207 809 praeputio
3236 743 3417 799 carnis

1840 826 2050 880 vestra),
2078 817 2479 877 convivificavit
2514 837 2637 879 cum
2666 823 2780 891 illo,
2820 827 3029 888 donans
3055 832 3212 889 vobis
3240 837 3419 894 omnia

1841 911 2037 968 delicta
2061 954 2077 981 ,
2122 913 2308 971 delens
2337 917 2481 987 quod
2510 921 2797 979 adversum
2840 940 2939 983 vos
2989 937 3110 985 erat
3134 931 3422 1004 chirogra-

1840 1005 2006 1077 phum
2028 1005 2253 1074 decreti,
2281 1009 2424 1079 quod
2444 1019 2563 1066 erat
2595 1017 2931 1074 contrarium
2954 1020 3131 1089 nobis,
3162 1032 3217 1079 et
3247 1025 3423 1096 ipsum

1845 1099 1963 1155 tulit
2005 1100 2072 1156 de
2119 1102 2297 1159 medio
2332 1112 2388 1159 et
2435 1102 2661 1177 afﬁgens
2710 1108 2840 1166 illud
2890 1114 3075 1181 cruci,
3118 1119 3429 1189 exspolians

1841 1192 2178 1284 principatus
2201 1203 2255 1251 et
2273 1206 2571 1266 potestates
2594 1241 2610 1267 ,
2639 1203 2875 1260 traduxit
2913 1207 3277 1277 conﬁdenter,
3333 1229 3428 1284 pa-

1844 1282 1949 1339 lam
1979 1285 2319 1357 triumphans
2358 1289 2476 1347 illos
2519 1292 2574 1346 in
2602 1297 2917 1367 semetipso.
2965 1300 3134 1360 Nemo
3180 1319 3310 1376 ergo
3333 1282 3431 1365 vos

1792 1456 1795 1459 _
1838 1378 2043 1450 judicet
2073 1379 2127 1434 in
2154 1380 2277 1437 cibo
2305 1390 2360 1438 et
2399 1394 2526 1454 potu
2547 1426 2561 1451 ,
2614 1389 2787 1443 autin
2813 1399 2965 1460 parte
3000 1394 3106 1449 diei
3139 1396 3283 1463 festi,
3334 1408 3430 1456 aut

1844 1471 2167 1539 neomeniae,
2199 1480 2295 1528 aut
2343 1475 2714 1546 sabbatorum,
2745 1495 2866 1550 quae
2893 1492 3020 1539 sunt
3066 1487 3256 1543 umbra
3287 1488 3432 1545 futu-

1812 1640 1819 1649 ι
1846 1577 2032 1617 rorum
2058 1603 2073 1629 ,
2104 1577 2303 1635 corpus
2344 1576 2524 1622 autem
2554 1567 2776 1626 Christi.
2828 1571 3000 1631 Nemo
3028 1591 3127 1633 vos
3168 1580 3391 1636 seducat
3413 1622 3430 1650 ,

1812 1714 1813 1717 η
1846 1654 2033 1711 volens
2062 1655 2117 1713 in
2144 1655 2452 1715 humilitate
2468 1670 2524 1716 et
2552 1662 2814 1735 religione
2838 1668 3157 1738 angelorum
3180 1688 3302 1742 quae
3324 1689 3434 1732 non

1810 1799 1817 1829 ι,
1846 1748 2003 1815 vidit,
2036 1749 2323 1806 ambulans
2359 1750 2584 1819 frustra,
2618 1754 2834 1815 inﬂatus
2880 1775 3043 1817 sensu
3083 1765 3265 1821 carnis
3298 1782 3434 1836 sua),

1848 1846 1904 1896 et
1953 1855 2061 1897 non
2116 1852 2307 1899 tenens
2361 1857 2522 1918 caput
2572 1862 2640 1903 ex
2689 1865 2796 1920 quo
2848 1861 3019 1909 totum
3084 1870 3283 1928 corpus
3336 1875 3438 1931 per

1851 1949 2088 2004 nexum,
2127 1945 2184 1992 et
2236 1939 2673 2010 conjunctionem
2718 1947 3190 2006 subministratqu
3226 1961 3281 2009 et
3306 1968 3437 2011 con-

1851 2035 2117 2083 structum
2144 2031 2344 2087 crescit
2367 2033 2423 2088 in
2444 2044 2791 2106 augmentum
2819 2038 2961 2095 ﬁdei.
2996 2039 3052 2096 Si
3079 2044 3278 2099 mortui
3302 2046 3436 2103 estis

1816 2196 1823 2203 θ
1850 2135 1973 2175 cum
2000 2120 2218 2178 Christo
2238 2124 2314 2184 ab.
2332 2124 2616 2182 clementis
2639 2127 2800 2198 hujus
2839 2131 3062 2198 mundi,
3093 2133 3226 2205 quid
3253 2136 3435 2193 adhuc

1814 2282 1823 2288 _
1850 2225 2107 2288 tanquam
2128 2218 2376 2277 viventes
2394 2222 2450 2278 in
2475 2224 2678 2280 mundo
2700 2224 3030 2284 decernitis?
3052 2227 3131 2284 Ne
3147 2231 3437 2303 tetigeritis

1849 2324 2025 2383 neque
2052 2314 2425 2385 gustaveritis,
2457 2330 2633 2388 neque
2659 2320 3129 2377 contrectaveritis
3157 2338 3277 2393 quae
3311 2333 3439 2382 sunt

1820 2404 2033 2485 omnia
2070 2405 2125 2461 in
2175 2407 2400 2463 interitu
2444 2409 2563 2481 ipso
2606 2426 2709 2467 usu
2737 2413 3036 2468 secundum
3071 2426 3342 2487 praecepta
3386 2424 3443 2474 et

1850 2498 2127 2556 doctrinas
2173 2501 2494 2571 hominum,
2541 2520 2662 2575 quae
2718 2514 2845 2562 sunt
2903 2508 3171 2565 rationem
3217 2510 3438 2581 quidem

1852 2594 2113 2650 habentia
2143 2595 2427 2667 sapientia:
2452 2596 2506 2652 in
2537 2599 2925 2670 superstitione
2946 2610 3001 2656 et
3025 2602 3352 2670 humilitate,
3385 2610 3443 2660 et

1849 2700 1957 2742 non
1984 2686 2053 2742 ad
2078 2688 2409 2757 parcendum
2435 2691 2671 2762 corpori,
2702 2706 2815 2748 non
2845 2691 2899 2747 in
2931 2692 3140 2750 honore
3164 2694 3346 2766 aliquo
3369 2695 3439 2751 ad

1851 2779 2196 2837 saturitatem
2246 2782 2447 2839 carnis.
2500 2782 2699 2856 Igitur,
2739 2784 2787 2840 si
2840 2788 3262 2844 consurrexistis
3311 2803 3437 2844 cum

1851 2872 2101 2955 Christo,
2126 2891 2247 2947 quae
2286 2893 2503 2934 sursum
2533 2887 2662 2936 sunt
2685 2879 2937 2950 quaerite,
2964 2881 3055 2937 ubi
3085 2880 3333 2938 Christus
3357 2890 3443 2938 est

1852 2968 1908 3024 in
1930 2969 2154 3025 dextera
2178 2970 2273 3025 Dei
2304 2973 2522 3039 sedens,
2551 2990 2674 3046 quae
2702 2992 2921 3033 sursum
2950 2983 3078 3032 sunt
3101 2975 3296 3047 sapite,
3333 2990 3441 3030 non

1852 3075 1972 3132 quae
1996 3076 2162 3132 super
2191 3070 2417 3118 terram.
2448 3062 2648 3121 Μοιιυί
2674 3067 2819 3123 enim
2840 3065 2996 3132 estis,
3037 3073 3092 3121 et
3113 3065 3223 3121 vita
3258 3074 3441 3121 vestra

1852 3153 2172 3211 abscondita
2196 3164 2282 3213 est
2309 3172 2433 3212 cum
2477 3157 2696 3216 Christo
2726 3160 2780 3215 in
2826 3160 2958 3215 Deo.
3012 3158 3147 3215 Cum
3192 3157 3444 3214 Christus

1855 3247 2170 3317 apparuerit
2210 3248 2319 3303 vita
2353 3257 2556 3317 vestra,
2595 3246 2726 3306 tunc
2766 3258 2823 3306 et
2847 3265 2943 3306 vos
2968 3249 3301 3323 apparebitis
3319 3265 3443 3307 cum

1857 3339 1976 3410 ipso
1999 3340 2053 3394 in
2082 3340 2274 3412 gloria.
2305 3340 2631 3397 Mortiﬁcate
2661 3356 2793 3414 ergo
2818 3342 3060 3398 membra
3091 3352 3293 3409 vestra,
3323 3357 3446 3412 quae

1854 3441 1983 3488 sunt
2030 3447 2193 3503 super
2222 3440 2423 3489 terram
2447 3474 2463 3499 ,
2513 3433 2929 3491 fornicationem
2956 3475 2971 3500 ,
3002 3434 3401 3491 immunditiam
3427 3474 3444 3501 ,

1855 3524 2153 3610 libidinem,
2184 3525 2683 3597 concupiscentiam
2710 3525 2909 3582 malam
2935 3535 2993 3583 et
3013 3526 3299 3581 avaritiam
3322 3539 3446 3595 quae

1854 3624 1939 3673 est
1983 3615 2398 3672 simulacrorum
2430 3617 2664 3673 servitus
2689 3658 2705 3684 ,
2747 3625 2968 3689 propter
3007 3630 3130 3686 quae
3174 3612 3323 3669 venit
3363 3613 3445 3667 ira

1836 3700 1951 3765 Dei
1966 3710 2019 3766 in
2037 3709 2175 3766 ﬁlios
2190 3710 2603 3766 incredulitatis.
2630 3710 2688 3765 In
2707 3710 2905 3781 quibus
2926 3716 2982 3764 et
2999 3722 3098 3764 vos
3123 3704 3445 3762 ambulastis

1856 3805 2146 3877 aliquando
2175 3821 2297 3861 cum
2326 3805 2587 3861 viveretis
2612 3820 2736 3860 cum
2763 3803 2886 3860 illis.
2917 3801 3085 3883 Nune
3116 3808 3301 3856 autem
3343 3799 3439 3854 de-

1852 3897 2037 3969 ponite
2064 3912 2162 3952 vos
2199 3912 2415 3952 omnem
2450 3896 2608 3960 iram,
2658 3895 3107 3968 indignationem,
3137 3893 3402 3951 malitiam
3428 3930 3445 3959 ,

1854 3989 2283 4060 blasphemiam,
2337 3997 2548 4059 turpem
2620 4003 2926 4046 sermonem
2977 3990 3046 4046 de
3091 4004 3188 4046 ore
3236 3996 3443 4044 vestro.

1855 4082 2033 4139 Nolite
2076 4082 2294 4138 mentiri
2344 4082 2575 4137 invicem
2601 4121 2617 4148 ,
2657 4082 3029 4153 exspoliantes
3064 4098 3162 4139 vos
3203 4090 3445 4139 veterem

1856 4174 2130 4231 hominem
2181 4189 2305 4229 cum
2338 4171 2549 4228 actibus
2584 4172 2700 4228 suis
2722 4212 2737 4239 ,
2787 4179 2843 4227 et
2873 4172 3161 4229 induentes
3212 4186 3443 4237 novum,

1857 4281 1982 4322 eum
2013 4264 2106 4335 qui
2135 4271 2430 4318 renovatur
2452 4263 2505 4318 in
2530 4263 2805 4334 agnitione
2830 4246 3128 4319 secundum
3158 4263 3446 4335 imaginem

1856 4357 1974 4427 ejus
2003 4357 2094 4428 qui
2128 4356 2335 4411 creavit
2378 4370 2501 4410 eum
2521 4396 2536 4422 ,
2567 4356 2658 4411 ubi
2685 4372 2795 4413 non
2824 4366 2908 4413 est
2934 4355 3153 4413 Iudaeus
3181 4397 3197 4423 ,
3227 4365 3283 4413 et
3311 4373 3446 4428 gen-

1858 4451 1966 4508 tilis
1989 4449 2335 4506 circumcisio
2359 4489 2376 4515 ,
2422 4457 2477 4504 et
2500 4448 2826 4519 praeputium
2850 4490 2866 4515 ,
2919 4449 3186 4505 barbarus
3219 4448 3443 4522 Scytha,

1856 4559 2047 4600 servus
2072 4552 2125 4598 et
2153 4542 2312 4609 liber,
2347 4542 2442 4598 sed
2472 4542 2657 4598 omnia
2683 4542 2738 4597 in
2767 4542 3021 4598 omnibus
3049 4541 3318 4599 Christus.
3359 4540 3446 4596 la-

1857 4638 2007 4695 duite
2039 4652 2170 4707 ergo
2210 4650 2339 4701 vos,
2389 4635 2530 4692 sicut
2575 4633 2733 4691 electi
2764 4633 2883 4703 Dei,
2924 4635 3101 4691 sancti
3135 4643 3190 4689 et
3232 4634 3444 4701 dilecti,

1858 4732 2067 4788 viscera
2112 4713 2539 4793 misericordiae,
2581 4727 3002 4799 benignitatem.
3051 4726 3444 4793 humilitatem,

1860 4821 2210 4887 modestiam,
2261 4819 2613 4890 patientiam,
2672 4826 3056 4889 supportantes
3102 4815 3364 4882 invicem,
3395 4825 3451 4873 et

1861 4918 2129 4973 donantes
2156 4911 2595 4984 vobismetipsis,
2638 4912 2686 4968 si
2726 4912 2851 4983 quis
2893 4911 3159 4966 adversus
3209 4908 3448 4981 aliquem

1862 5013 2028 5070 habet
2063 5008 2360 5082 querelem.
2410 5006 2564 5064 Sicut
2599 5016 2654 5063 et
2697 5005 2949 5063 Christus
2995 5002 3218 5060 donavit
3262 5002 3448 5070 vobis,

1862 5106 1937 5161 ita
1959 5111 2016 5160 et
2036 5084 2158 5159 vos.
2189 5101 2366 5174 Super
2387 5110 2570 5157 autem
2598 5098 2782 5155 omnia
2808 5098 2926 5154 haec
2946 5137 2963 5163 ,
2996 5096 3319 5152 charitatem
3351 5097 3450 5152 ha-

1861 5199 2075 5264 bentes,
2094 5195 2237 5267 quod
2267 5203 2350 5251 est
2370 5192 2645 5249 vinculum
2669 5189 3039 5262 perfectionis.
3067 5189 3135 5245 Et
3156 5205 3263 5261 pax
3289 5188 3451 5246 Chri-

1861 5291 1928 5348 sti
1957 5291 2137 5363 vigeat
2172 5287 2229 5344 in
2254 5287 2510 5344 cordibus
2539 5284 2737 5341 vestris
2755 5325 2771 5351 ,
2814 5284 2868 5340 in
2891 5299 2999 5356 qua
3025 5292 3082 5339 et
3115 5284 3291 5339 vocati
3315 5282 3450 5339 estis

1862 5386 1917 5441 in
1949 5400 2058 5440 uno
2083 5398 2331 5456 corpore,
2370 5389 2427 5437 et
2454 5379 2591 5452 grati
2629 5388 2822 5436 estote.
2846 5379 3088 5453 'Verbum
3117 5378 3212 5434 Dei
3239 5378 3449 5433 habitet

1865 5477 1920 5532 in
1948 5475 2102 5531 vobis
2128 5473 2467 5530 abundanter
2504 5472 2561 5527 in
2589 5470 2737 5527 omni
2766 5471 3064 5546 sapientia,
3097 5471 3355 5527 docentes
3392 5476 3448 5524 et

1863 5574 2271 5625 commouentcs
2302 5563 2661 5636 vosmetipsos
2687 5564 2935 5636 psalmis,
2986 5564 3199 5636 hymnis
3226 5568 3281 5616 et
3312 5575 3447 5616 can-

1870 5662 2013 5727 ticis,
2068 5658 2438 5743 spiritualibus
2469 5658 2523 5713 in
2559 5658 2732 5730 gratia
2759 5665 3047 5714 cantantes
3091 5656 3161 5726 in,
3191 5652 3447 5708 cordibus

1858 5754 2069 5815 vestris
2098 5753 2229 5808 Deo.
2255 5750 2430 5809 Omne
2458 5751 2820 5823 quodcunque
2856 5749 3034 5805 facitis
3065 5747 3118 5802 in
3154 5744 3320 5800 verbo
3353 5751 3453 5799 aut

1866 5851 1920 5906 in
1952 5861 2138 5920 opere,
2166 5845 2349 5900 omnia
2376 5845 2429 5900 in
2461 5845 2677 5900 nomine
2704 5842 2917 5898 Domini
2949 5839 3121 5897 nostri
3150 5837 3274 5894 Jesu
3299 5836 3451 5893 Chri-

1862 5941 1934 6000 sti
1968 5940 2165 6008 facite,
2193 5939 2399 6014 gratias
2442 5946 2667 6014 agentes
2690 5936 2802 5993 Deo
2840 5943 2896 5990 et
2941 5933 3091 5989 Patri
3140 5947 3241 6007 per
3270 5928 3448 6006 ipsum
