3908 5434
537 386 645 446 215

1369 390 1665 449 APPEND.
1702 391 1797 449 AD
1835 389 2013 449 SEC.
2045 390 2140 449 IX.
2180 424 2250 436 —
2282 396 2536 456 lSlDORl
2572 399 3021 460 MERCATORIS
3706 404 3798 461 244

510 508 678 585 ‘(CoL
700 524 759 575 ιι,
786 507 947 575 8-25;
974 523 1055 575 nt,
1083 507 1257 582 i—l7).
1294 527 1314 563 ι
1344 510 1474 578 Vos,
1496 509 1825 577 charissimi,
1847 508 2014 566 nolite
2038 509 2129 567 de-

2236 518 2378 577 Deus
2414 527 2593 577 autem
2630 522 2783 594 pacis
2815 523 2907 579 det
2943 523 3096 581 vobis
3145 522 3378 596 idipsum
3405 536 3598 595 sapere
3643 523 3700 581 in
3729 527 3797 579 al-

536 602 701 660 :lcere
726 602 1145 659 benefacientes.
1187 601 1341 672 Quod
1382 604 1428 662 si
1459 603 1658 676 aliquis
1691 602 1858 659 fuerit
1886 602 1976 675 qui
2018 618 2127 661 non

535 696 807 753 obedierit
830 696 1011 754 verbis
1053 696 1364 768 apostolicis
1391 739 1406 767 ,
1460 698 1607 756 hunc
1642 706 1828 754 notate
1852 739 1867 766 ,
1914 705 1969 755 et
2024 712 2129 753 non

535 789 997 846 comntiseeamini
1028 806 1150 847 cum
1190 790 1282 846 illo
1305 832 1319 858 ,
1350 798 1411 846 ut
1446 789 1826 849 confundatur.
1875 789 1943 845 Et
1964 788 2132 847 nolite

536 882 692 953 quasi
714 882 989 941 inimicum
1015 864 1353 950 existimare,
1381 882 1475 939 sed
1498 881 1756 956 corripite
1784 889 1842 938 ut
1871 880 2118 948 fratrem,

2231 622 2500 673 terutrum
2525 625 2581 673 et
2614 617 2669 673 in
2698 631 2908 687 omnes,
2941 624 2997 674 et
3034 618 3150 688 ipse
3192 616 3265 673 sit
3288 630 3509 690 semper
3534 615 3798 673 vobiscum

2228 711 2283 767 in
2320 711 2468 767 omni
2498 712 2637 770 loco.
2668 712 2864 770 Amen.
2913 712 3050 770 Data
3075 709 3194 769 Kal.
3227 708 3491 779 Martias,
3527 707 3799 768 Volusiano

2227 814 2283 865 et
2312 805 2509 865 Ruﬁno
2542 807 2674 865 viris
2710 808 3027 866 clarissimis
3057 806 3388 866 consulibus.

2112 1015 3797 1049 Μ

961 1189 1097 1269 DE
1149 1188 1709 1271 PBIMITIVA
1762 1183 2249 1268 ECCLESIA
2303 1182 2436 1262 ET
2491 1181 2907 1262 SYNODO
2969 1178 3410 1262 NICIENA.

620 1521 810 1587 Nemo,
839 1520 932 1591 qui
963 1518 1276 1591 Scripturas
1305 1517 1520 1575 divinas
1537 1516 1671 1591 legit
1706 1516 1921 1589 ignorat
1961 1517 2128 1588 quod,

540 1620 597 1677 in
634 1615 903 1691 principio
928 1612 1205 1669 nascentis
1240 1611 1499 1668 Ecclesiae.
1520 1653 1537 1680 ,
1568 1610 1849 1685 discipulis
1878 1610 1933 1666 in
1958 1626 2129 1667 unum

539 1707 905 1782 congregatis,
932 1720 1057 1762 cum
1083 1703 1430 1761 multitudine
1453 1704 1813 1769 credentium,
1848 1703 1906 1759 in
1934 1703 2134 1775 quibus

537 1811 655 1859 erat
676 1818 772 1858 cor
793 1816 959 1856 unum
988 1806 1046 1855 et
1065 1799 1248 1854 anima
1270 1814 1405 1865 una,
1433 1800 1637 1870 quique
1671 1799 1969 1854 vendentes
1990 1812 2132 1868 prte-

538 1900 625 1953 dia
655 1907 707 1953 et
747 1895 1117 1967 possessiones
1150 1909 1277 1949 suas
1321 1891 1659 1960 aﬂ‘erebant,
1688 1901 1743 1949 et
1787 1889 2132 1946 dividebatur

537 1991 787 2063 singulis,
812 1998 973 2062 prout
1009 1988 1207 2059 cuique
1233 2002 1371 2058 opus
1395 1996 1514 2043 erat
1529 1987 1668 2058 (Act.
1694 2001 1770 2053 tv,
1810 1984 1879 2040 52
1902 1993 1950 2040 et
1972 1984 2127 2057 seq.).

538 2083 798 2139 Futuram
849 2096 1086 2153 namque
1139 2080 1442 2137 Ecclesiam
1487 2081 1542 2136 in
1594 2078 1846 2152 gentibus
1903 2078 2128 2151 apostoli

538 2176 948 2251 praevidebant,
983 2175 1328 2246 maximeque
1373 2174 1499 2245 quia
1554 2173 1816 2229 Dominus
1855 2171 1963 2228 illis
1990 2186 2131 2243 prte-

541 2271 785 2330 dixerat:
820 2268 1025 2325 Euntes
1051 2267 1105 2323 in
1124 2268 1385 2323 mundum
1408 2266 1740 2332 universum,
1770 2265 2130 2338 prmdicanles

539 2364 880 2436 evangelium
927 2361 1124 2435 (Marc.
1153 2350 1285 2429 xvi,
1341 2360 1470 2433 i5),
1520 2359 1605 2416 vel
1653 2360 1781 2431 quia
1827 2359 2132 2431 ettpellendi

539 2464 694 2514 erant
714 2473 743 2512 a
769 2455 974 2523 Judtea,
1000 2464 1263 2512 noverant
1288 2470 1347 2511 se
1367 2455 1420 2511 in
1447 2455 1697 2528 gentibus
1722 2453 2128 2526 dispergendos,

539 2549 950 2620 Eeclesiamque
971 2548 1407 2622 congregandam
1435 2561 1502 2603 ex
1533 2547 1653 2604 rudi
1679 2547 1897 2618 populo.
1922 2545 2132 2603 idcirco

536 2646 737 2718 przedia
768 2647 823 2701 in
851 2645 1092 2703 Iudaeam
1134 2645 1357 2701 minime
1399 2654 1531 2700 sunt
1560 2642 1785 2714 adepti,
1831 2643 1926 2698 sed
1956 2640 2131 2714 pretia

541 2741 916 2797 tantummodo
939 2740 1006 2795 ad
1036 2739 1296 2795 fovendos
1318 2746 1557 2811 egentes.
1590 2738 1657 2793 At
1684 2751 1815 2794 vero
1841 2752 1965 2792 cum
1990 2736 2133 2791 inter

539 2831 785 2887 turbines
818 2839 872 2887 et
905 2831 1134 2887 adversa
1181 2830 1369 2886 mundi
1417 2838 1794 2886 succresceret
1840 2827 2087 2885 Ecclesia
2114 2867 2130 2895 ,

539 2940 608 2982 eo
630 2939 801 2996 usque
826 2927 1074 2997 pervenit
1100 2932 1164 2980 ut
1200 2939 1311 2980 non
1351 2923 1527 2981 solum
1569 2931 1759 2996 gentes
1785 2964 1800 2989 ,
1838 2923 1932 2978 sed
1964 2924 2131 2977 etiam

539 3017 772 3074 Romani
801 3018 1079 3089 principes
1106 3018 1219 3093 (qui
1236 3033 1372 3088 pene
1397 3017 1563 3074 totius
1580 3017 1730 3072 orbis
1755 3014 2128 3072 monarcbiam

543 3112 823 3186 tenebant)
854 3113 921 3169 ad
965 3112 1129 3169 ﬁdem
1159 3111 1362 3169 Christi
1398 3120 1455 3168 et
1502 3110 1757 3183 baptismi
1788 3119 2129 3167 sacramenta

542 3214 953 3263 concurrerent.
1006 3206 1074 3262 Et
1100 3206 1297 3276 quibus
1325 3204 1412 3261 vir
1458 3203 1906 3277 religiosissimus
1928 3244 1944 3272 ,
1980 3202 2129 3260 Con-

541 3300 815 3357 stantinus
836 3300 1068 3371 primus,
1098 3299 1258 3356 iidem
1282 3299 1534 3356 veritatis
1569 3305 1821 3370 patenter
1862 3297 2090 3369 adeptus
2111 3338 2126 3364 ,

545 3390 820 3448 licentiam
858 3391 1005 3448 dedit
1033 3406 1132 3463 per
1158 3390 1472 3448 universum
1501 3390 1691 3447 orbem
1740 3404 1840 3447 suo
1871 3389 2130 3462 degentes

543 3485 774 3558 imperio
816 3501 922 3542 non
953 3485 1127 3542 solum
1159 3486 1276 3543 ﬂeri
1299 3485 1642 3543 Christianos
1666 3527 1680 3553 ,
1721 3486 1818 3542 sed
1852 3486 2017 3541 etiam
2049 3483 2129 3540 fa-

539 3576 826 3635 bricandas
866 3579 1155 3648 ecclesias,
1193 3587 1251 3636 et
1283 3579 1486 3651 praedia
1511 3577 1794 3636 tribuenda
1827 3576 2126 3634 constituit.

539 3668 956 3741 Denique'idem
983 3669 1241 3743 praefatus
1266 3671 1519 3743 princeps
1552 3669 1778 3727 donaria
1822 3669 2087 3725 immensa
2112 3709 2128 3735 ,

541 3773 597 3821 et
618 3765 881 3822 fabricam
910 3764 1095 3836 templi
1123 3765 1315 3837 primae
1340 3764 1483 3820 sedis
1522 3763 1670 3819 beati
1705 3761 1968 3833 principis
1998 3775 2130 3832 apo-

544 3858 1092 3924 stolorum'instituit,
1122 3859 1257 3913 adeo
1281 3865 1342 3912 ut
1367 3858 1549 3913 sedem
1582 3855 1940 3928 imperialem,
1965 3869 2130 3928 quam

546 3950 778 4006 Romani
804 3943 1083 4022 principes
1106 3950 1483 4023 possederant,
1510 3949 1865 4022 relinqueret,
1892 3957 1947 4005 et
1971 3948 2131 4007 beato

540 4043 707 4100 Petro
751 4043 971 4114 suisque
1016 4041 1341 4113 praesulibus
1388 4040 1726 4114 profuturam
1786 4041 2127 4098 concederet.

544 4136 689 4191 ldem
715 4149 846 4191 vero
878 4134 1179 4207 praesidens
1209 4136 1263 4190 in
1304 4120 1490 4191 sancta
1527 4134 1731 4207 synodo
1753 4176 1767 4200 ,
1818 4149 1939 4206 quae
1987 4136 2129 4206 apud

541 4228 819 4286 Nicaennm
842 4238 1170 4302 congregata
1188 4236 1291 4295 est,
1322 4244 1445 4285 cum
1473 4228 1752 4300 querelam
1771 4228 2128 4300 quorumdam

546 4322 886 4393 conspiceret
914 4337 1099 4378 coram
1127 4336 1185 4377 se
1213 4320 1563 4378 deferendam
1588 4362 1604 4388 ,
1642 4321 1718 4377 ait
1756 4339 1769 4376 :
1823 4318 1930 4378 Vos
1972 4336 2002 4376 a
2033 4336 2130 4378 ne-

543 4413 692 4470 mine
748 4411 1033 4483 dijudicari
1077 4412 1344 4485 potestis,
1375 4413 1501 4483 quia
1552 4411 1722 4469 solius
1773 4412 1871 4468 Dei
1923 4410 2131 4482 judicio

542 4504 904 4560 reservamini
931 4544 946 4571 ,
979 4503 1052 4559 dii
1093 4503 1299 4560 etenim
1332 4503 1509 4560 vocati
1543 4503 1695 4559 estis.
1738 4502 1944 4559 Idcirco
1968 4545 1983 4569 ,
2023 4518 2131 4559 non

543 4596 772 4667 potestis
800 4596 868 4650 ab
890 4594 1201 4652 hominibus
1231 4595 1487 4668 iudicari.
1523 4594 1608 4651 Ab
1629 4595 1721 4651 illo
1760 4595 1960 4650 etenim
1988 4602 2129 4651 tem-

538 4704 671 4761 pore
700 4696 757 4744 et
784 4685 1189 4758 deinceps,.viri
1219 4687 1611 4760 religiosissimi
1637 4703 1749 4742 non
1778 4686 1952 4742 solum
1996 4702 2127 4758 pos-
2154 4696 2207 4757 1)

540 4783 812 4839 sessiones
858 4791 914 4839 et
957 4782 1157 4855 praedia
1207 4795 1326 4851 qua).
1367 4779 1762 4851 possederant,
1821 4779 1914 4834 sed
1960 4780 2127 4835 etiam

541 4876 862 4946 semetipsos
891 4873 1123 4931 Domino
1161 4879 1591 4938 consecrarunt,
1618 4870 1950 4927 aedificantes
1986 4871 2131 4927 basia

541 4966 677 5023 licas
702 4967 757 5022 in
778 4966 890 5023 suis
910 4966 1112 5029 fundis,
1141 4965 1194 5020 in
1219 4966 1423 5020 honore
1447 4971 1779 5030 sanctorum,
1805 4971 2125 5035 martyrum,

541 5073 640 5131 per
682 5057 932 5113 civitates
978 5072 1044 5111 ac
1088 5054 1417 5111 monasteria
1452 5053 1737 5109 innumera
1764 5093 1780 5119 ,
1831 5052 1885 5107 in
1932 5052 2130 5123 quibus

524 5158 718 5207 'cmtus
762 5148 990 5204 Domino
1018 5148 1371 5204 servientium
1403 5146 1735 5203 conveniret.
1765 5145 2009 5215 Denique
2039 5160 2126 5201 re-

541 5258 672 5315 ges,
716 5250 772 5296 et
822 5240 1081 5313 praesides
1120 5254 1184 5294 ac
1232 5239 1584 5311 magistratus
1631 5252 1739 5292 non
1782 5236 1956 5292 solum
1984 5235 2126 5292 lianc

537 5332 813 5393 licentiam
866 5329 1132 5395 tribuere,
1180 5331 1274 5386 sed
1324 5330 1489 5385 etiam
1541 5328 1643 5399 ipsi
1677 5328 1895 5398 propria
1947 5326 2126 5397 largiti

2231 1509 2496 1584 Apostoli,
2532 1526 2556 1565 ‹
2589 1509 2894 1574 orationes,
2924 1505 3336 1579 postulationes,
3390 1502 3803 1571 obsecrationes,

2234 1605 2535 1678 gratiarum
2560 1604 2804 1661 actiones
2832 1600 3014 1659 facere
3040 1614 3140 1672 pro
3166 1598 3439 1666 omnibus,
3464 1612 3570 1673 pro
3588 1598 3803 1670 regibus,

2234 1707 2290 1756 et
2313 1699 2405 1771 qui
2443 1700 2500 1755 in
2526 1698 2863 1755 sublimitate
2891 1706 3047 1765 sunt,
3077 1706 3139 1752 ut
3183 1694 3423 1767 quietam
3453 1702 3510 1751 et
3553 1693 3805 1765 tranquil-

2218 1790 2346 1872 lam
2365 1792 2537 1848 vitam
2560 1791 2816 1848 habeant.
2850 1790 2919 1846 Et
2942 1791 3049 1846 hoc
3078 1790 3279 1845 bonum
3313 1795 3369 1844 et
3393 1796 3685 1858 acceptum
3710 1800 3808 1840 esse

2234 1899 2420 1942 coram
2465 1884 2578 1941 Deo
2626 1883 2678 1958 (1
2729 1881 2868 1938 Tim.
2894 1898 2975 1950 ιι,
3006 1880 3034 1937 i
3072 1890 3120 1937 et
3161 1878 3314 1952 seq.).
3347 1896 3367 1932 ι
3401 1878 3530 1935 ideo
3565 1876 3809 1950 magister

2233 1976 2473 2050 gentium
2497 1982 2855 2047 protestatur,
2884 1973 2973 2030 cui
3002 1991 3023 2026 ι
3050 1970 3359 2029 sollicitudo
3378 1971 3629 2027 omnium
3649 1967 3809 2025 Eccle-

2232 2070 2439 2126 slarum
2492 2068 2758 2126 incumbit
2791 2065 2879 2142 (11
2902 2066 3028 2122 Cor.
3076 2081 3148 2135 tt,
3175 2062 3305 2136 28),
3345 2082 3364 2117 ι
3406 2062 3618 2135 quique
3665 2079 3686 2114 ‹
3712 2061 3809 2133 epi-

2231 2178 2426 2236 scopos
2455 2176 2647 2234 regere
2670 2176 2769 2233 per
2813 2159 3082 2232 Spiritum
3107 2166 3357 2214 sanctum
3402 2153 3701 2212 constituit
3723 2151 3807 2209 Ec.

2233 2256 2457 2314 ciesiam
2481 2256 2575 2312 Dei
2600 2254 2740 2328 (Act.
2765 2269 2856 2321 xx,
2880 2252 2996 2325 26).
3030 2270 3050 2305 ι
3076 2249 3282 2320 Quibus
3297 2248 3415 2305 ait:
3451 2266 3470 2300 ‹
3499 2247 3719 2304 Pascite
3736 2245 3808 2316 qui

2232 2349 2289 2404 in
2316 2347 2471 2406 vobis
2491 2355 2576 2404 est
2606 2360 2823 2420 gregem
2847 2344 2966 2412 Dei,
2996 2342 3345 2415 providentes
3370 2355 3479 2397 non
3510 2347 3707 2395 eoacte
3731 2336 3808 2393 sed

2233 2450 2428 2513 sponte
2474 2440 2774 2496 secundum
2823 2436 2993 2493 Deum
3017 2477 3032 2503 ,
3066 2449 3244 2506 neque
3277 2432 3457 2503 turpis
3482 2430 3631 2487 lucri
3659 2429 3807 2503 gratia

2236 2533 2335 2590 sed
2371 2531 2677 2588 voluntarie
2725 2529 2788 2604 (ι
2823 2526 2970 2583 Petr.
3008 2542 3063 2594 v,
3092 2526 3173 2601 (ἰ).
3208 2544 3228 2579 υ
3263 2523 3398 2582 Cum
3427 2522 3580 2581 enim
3638 2522 3806 2579 dicat:

2238 2645 2257 2680 ι
2287 2626 2459 2682 Nemo
2482 2625 2725 2681 militans
2747 2622 2860 2679 Deo
2883 2621 3127 2692 implicat
3142 2632 3202 2675 se
3224 2617 3462 2691 negotiis
3474 2614 3808 2671 saecularibus

2233 2721 2322 2792 (ΙΙ
2340 2720 2540 2785 Tim.u,
2556 2719 2633 2789 4).
2648 2739 2666 2773 ι
2678 2718 2806 2785 Quae
2817 2717 2961 2773 enim
2975 2723 3100 2773 sunt
3114 2712 3331 2787 negotia
3342 2707 3810 2777 saecularia,sanc4i

2232 2828 2472 2870 canones
2495 2812 2844 2869 manifestam
2863 2819 2920 2867 et
2940 2809 3189 2866 inhibent
3209 2807 3524 2880 perspicue,
3542 2804 3689 2876 quod
3709 2804 3810 2874 qui-

2234 2910 2357 2966 dam
2380 2909 2550 2980 quiin
2595 2907 2743 2964 clero
2764 2906 3017 2963 videntur
3037 2902 3196 2961 electi
3216 2910 3440 2976 propter
3458 2900 3619 2957 lucra
3657 2897 3812 2969 turpia

2234 3007 2597 3063 conductores
2611 3004 2911 3061 alienarum
2928 3000 3329 3074 possessionum
3345 2996 3501 3064 ﬁant,
3528 3004 3589 3053 et
3612 2992 3813 3053 secula-

2229 3099 2316 3155 ria
2340 3097 2557 3168 negotia
2588 3096 2690 3153 sub
2720 3110 2852 3153 cura
2896 3110 2995 3151 sua
3028 3092 3329 3164 accipiant,
3357 3088 3582 3147 Domini
3616 3087 3812 3167 quidem

2231 3188 2592 3245 ministerium
2610 3184 3084 3258 parvipendentes,
3110 3181 3453 3239 saecularium
3474 3192 3615 3236 vero
3629 3179 3813 3235 discur-

2239 3289 2426 3338 rentes
2451 3281 2665 3347 domos,
2708 3286 2763 3335 et
2785 3283 3009 3351 propter
3028 3274 3313 3331 avaritiam
3338 3270 3809 3344 patrimoniorum,

2234 3360 2653 3431 sollicitudinem
2700 3377 3017 3431 sumentes,
3065 3365 3309 3424 decrevit
3361 3371 3559 3421 sancta
3596 3360 3813 3435 synodus

2234 3465 2442 3522 nullum
2481 3464 2737 3534 deinceps
2771 3460 3033 3519 clericum
3082 3466 3173 3515 aut
3218 3456 3603 3530 possessiones
3629 3452 3813 3512 condu-

2234 3571 2360 3615 cere
2384 3599 2399 3624 ,
2432 3564 2527 3612 aut
2563 3554 2798 3627 negotiis
2850 3551 3206 3610 smeularibus
3245 3563 3316 3626 se
3363 3549 3607 3607 miscere
3633 3553 3814 3619 praeter

2231 3647 2560 3719 pupillorum
2586 3655 2645 3701 et
2688 3644 3059 3716 orphanorum
3083 3682 3098 3710 ,
3141 3648 3234 3698 aut
3279 3640 3326 3697 si
3353 3640 3499 3698 forte
3545 3640 3815 3711 episcopus

2233 3743 2493 3809 civitatis,
2525 3739 3022 3799 ecclesiasticarum
3058 3750 3243 3794 rerum
3276 3734 3705 3793 sollicitudinem
3734 3733 3816 3788 ha-

2234 3836 2364 3892 bere
2398 3835 2715 3908 praecipiat,
2741 3840 2805 3889 ut
2837 3831 3045 3902 liquido
3066 3838 3241 3902 patet,
3270 3828 3396 3900 quia
3425 3829 3536 3885 alia
3566 3837 3694 3884 sunt
3731 3840 3813 3882 ue-

2233 3928 2381 4001 gotia
2414 3925 2728 3993 saecularia,
2762 3921 3283 3979 alia'eeclesiastica.
3315 3920 3508 3977 Nonne
3536 3918 3749 3993 Moyses
3769 3918 3812 3972 in

2237 4021 2440 4079 saeculo
2484 4029 2606 4076 erat
2643 4034 2767 4075 cum
2789 4018 2982 4075 crebro
3021 4037 3040 4070 ι
3075 4014 3483 4072 tabernaculum
3510 4015 3746 4069 intraret
3770 4019 3816 4067 et

2233 4116 2431 4182 exiret,
2448 4114 2539 4186 qui
2565 4114 2710 4168 intus
2725 4110 3182 4181 contemplatione
3196 4118 3383 4181 raptus
3399 4106 3602 4179 (Exod.
3629 4119 3813 4167 xum,

2234 4206 2313 4275 8),
2348 4224 2367 4258 ι
2422 4204 2555 4261 foris
2600 4202 2995 4259 infirmantium
3036 4200 3270 4274 negotiis
3297 4197 3630 4272 urgebatur,
3684 4198 3811 4252 intus

2234 4299 2330 4356 Dei
2366 4312 2566 4356 arcana
2593 4297 2950 4354 considerans
2970 4335 2985 4362 ,
3010 4294 3145 4351 foris
3170 4308 3337 4350 onera
3362 4292 3671 4349 carnalium
3701 4302 3810 4360 por-

2232 4389 2424 4448 tabat?
2475 4387 2641 4460 Cujus
2686 4396 2874 4460 typum
2921 4385 3235 4443 sacerdotes
3273 4383 3329 4440 in
3378 4382 3627 4441 Ecclesia
3665 4395 3813 4454 agere

2234 4483 2434 4541 debent
2450 4524 2466 4552 ,
2500 4492 2562 4538 ut
2586 4482 2712 4539 dum
2744 4479 2893 4537 foras
2917 4486 3121 4537 exeunt
3146 4478 3213 4536 ad
3237 4479 3581 4536 exsecranda
3610 4475 3809 4550 negotia

2233 4590 2333 4648 pro
2361 4573 2787 4632 necessitatibus
2814 4571 3191 4637 subditorum,
3220 4571 3370 4628 intus
3402 4571 3468 4628 ad
3501 4586 3561 4627 se
3597 4570 3810 4626 redeant

2233 4684 2336 4741 per
2384 4665 2897 4738 contemplationem
2946 4663 3360 4729 mandatorum,
3405 4664 3551 4718 sicut
3597 4660 3808 4721 Paulus,

2237 4779 2257 4812 ι
2280 4760 2371 4830 qui
2386 4758 2702 4815 caelestibus
2723 4754 2949 4813 secretis
2973 4755 3234 4812 inseritur
3256 4753 3345 4828 (II
3363 4750 3490 4810 Cor.
3506 4769 3610 4821 xit,
3633 4754 3689 4825 4)
3718 4772 3735 4806 ι
3763 4760 3809 4804 et

2231 4864 2413 4910 tamen
2438 4866 2538 4924 per
2570 4849 3048 4909 condescensionis
3074 4848 3285 4905 viscera
3316 4847 3621 4903 carnalium
3645 4845 3809 4903 cubile

2230 4942 2631 5020 perscrutatur'.
2699 4946 2792 5004 Sic
2819 4954 2874 5002 et
2907 4945 3076 5003 Iacob
3122 4944 3479 5002 ascendentes
3523 4954 3580 5000 et
3605 4945 3809 4999 descen-

2230 5044 2422 5099 dentes
2449 5040 2669 5113 angelos
2697 5039 2830 5095 vidit
2862 5037 3017 5111 (Gen.
3052 5052 3244 5104 xxvm,
3275 5035 3388 5111 i2),
3416 5036 3546 5108 quia
3574 5034 3807 5091 videlicet

2230 5142 2472 5190 rectores
2494 5132 2754 5189 Ecclesiae
2782 5146 2888 5187 non
2916 5131 3090 5187 solum
3134 5131 3245 5186 Deo
3275 5127 3692 5201 contemplando
3729 5141 3807 5180 sn-

2229 5243 2399 5301 perna
2434 5234 2732 5298 appetunt,
2783 5225 2878 5282 sed
2920 5226 3173 5282 deorsum
3220 5236 3438 5296 quoque
3479 5224 3551 5277 ad
3577 5220 3804 5278 membra

2230 5320 2377 5375 illius
2428 5317 2742 5374 miserando
2783 5316 3137 5372 descendunt.
3184 5314 3285 5381 Et,
3330 5314 3461 5369 dum
3506 5314 3805 5370 sacerdotes

2278 5426 2423 5434 -..ρ-..Α
2457 5418 2505 5434 ε’-
2520 5418 2597 5434 -.Α
2632 5418 2917 5434 Σῌ;.Δ“.--“

3128 5406 3431 5434 ΑααηΙΑιιειιη.
3487 5414 3541 5434 Α.
3572 5404 3803 5434 ρηιιιιξικ..
3896 5412 3897 5434 ἶ
