  <div class='ocr_page' id='page_1' title='image "/cluster/home/n/w/nwhite01/storage/ocr_20150623/130/hvd.32044015471717/152.png"; bbox 0 0 3926 6436; ppageno 0'>
   <div class='ocr_carea' id='block_1_1' title="bbox 108 458 1737 529">
    <p class='ocr_par' dir='ltr' id='par_1_1' title="bbox 108 458 1737 529">
     <span class='ocr_line' id='line_1_1' title="bbox 108 458 1737 529; baseline -0.002 -9"><span class='ocrx_word' id='word_1_1' title='bbox 108 468 192 529; x_wconf 64' lang='lat' dir='ltr'><strong>us</strong></span> <span class='ocrx_word' id='word_1_2' title='bbox 1245 458 1561 519; x_wconf 82' lang='lat' dir='ltr'><strong>DECRETA</strong></span> <span class='ocrx_word' id='word_1_3' title='bbox 1570 458 1737 519; x_wconf 73' lang='lat' dir='ltr'><strong>LIUM</strong></span> 
     </span>
    </p>
   </div>
   <div class='ocr_carea' id='block_1_2' title="bbox 1769 408 3355 520">
    <p class='ocr_par' dir='ltr' id='par_1_2' title="bbox 1769 408 3355 520">
     <span class='ocr_line' id='line_1_2' title="bbox 1769 408 3355 520; baseline -0.003 -2"><span class='ocrx_word' id='word_1_4' title='bbox 1769 408 2174 520; x_wconf 75' lang='lat' dir='ltr'><strong>soLan&#39;rto.</strong></span> <span class='ocrx_word' id='word_1_5' title='bbox 2304 408 2319 413; x_wconf 24' lang='grc' dir='ltr'><strong><em>Ὗ</em></strong></span> <span class='ocrx_word' id='word_1_6' title='bbox 3248 414 3355 514; x_wconf 49' lang='lat' dir='ltr'><strong>ea</strong></span> 
     </span>
    </p>
   </div>
   <div class='ocr_carea' id='block_1_3' title="bbox 888 620 2498 685">
    <p class='ocr_par' dir='ltr' id='par_1_3' title="bbox 888 620 2498 685">
     <span class='ocr_line' id='line_1_3' title="bbox 888 620 2498 685; baseline 0.001 -5"><span class='ocrx_word' id='word_1_7' title='bbox 888 620 1197 680; x_wconf 79' lang='lat' dir='ltr'><strong>EDICTUM</strong></span> <span class='ocrx_word' id='word_1_8' title='bbox 1234 622 1470 682; x_wconf 83' lang='lat' dir='ltr'><strong>DOMINI</strong></span> <span class='ocrx_word' id='word_1_9' title='bbox 1501 620 1968 681; x_wconf 81' lang='lat' dir='ltr'><strong>CONSTANTINI</strong></span> <span class='ocrx_word' id='word_1_10' title='bbox 2003 622 2498 685; x_wconf 78' lang='lat' dir='ltr'><strong>lMPERATORlS.</strong></span> 
     </span>
    </p>
   </div>
   <div class='ocr_carea' id='block_1_4' title="bbox 164 757 3360 841">
    <p class='ocr_par' dir='ltr' id='par_1_4' title="bbox 164 757 3360 841">
     <span class='ocr_line' id='line_1_4' title="bbox 164 757 3360 841; baseline 0.002 -22"><span class='ocrx_word' id='word_1_11' title='bbox 164 764 214 819; x_wconf 89' lang='lat' dir='ltr'><strong>ln</strong></span> <span class='ocrx_word' id='word_1_12' title='bbox 237 760 448 817; x_wconf 83' lang='lat' dir='ltr'><strong>nomine</strong></span> <span class='ocrx_word' id='word_1_13' title='bbox 472 766 674 817; x_wconf 61' lang='lat' dir='ltr'><strong>sancta;</strong></span> <span class='ocrx_word' id='word_1_14' title='bbox 700 767 757 816; x_wconf 88' lang='lat' dir='ltr'><strong>et</strong></span> <span class='ocrx_word' id='word_1_15' title='bbox 778 758 1071 825; x_wconf 72' lang='lat' dir='ltr'><strong>individua:</strong></span> <span class='ocrx_word' id='word_1_16' title='bbox 1102 758 1385 815; x_wconf 74' lang='lat' dir='ltr'><strong>Trinitatis</strong></span> <span class='ocrx_word' id='word_1_17' title='bbox 1403 801 1419 826; x_wconf 92' lang='lat'><strong>,</strong></span> <span class='ocrx_word' id='word_1_18' title='bbox 1474 758 1658 815; x_wconf 80' lang='lat' dir='ltr'><strong>Patris</strong></span> <span class='ocrx_word' id='word_1_19' title='bbox 1690 762 1737 822; x_wconf 81' lang='grc' dir='ltr'>Α</span> <span class='ocrx_word' id='word_1_20' title='bbox 1760 757 2060 819; x_wconf 88' lang='lat' dir='ltr'><strong>virtutibus</strong></span> <span class='ocrx_word' id='word_1_21' title='bbox 2080 804 2095 829; x_wconf 93' lang='lat'><strong>,</strong></span> <span class='ocrx_word' id='word_1_22' title='bbox 2122 771 2180 820; x_wconf 91' lang='lat' dir='ltr'><strong>et</strong></span> <span class='ocrx_word' id='word_1_23' title='bbox 2205 763 2474 822; x_wconf 89' lang='lat' dir='ltr'><strong>universis</strong></span> <span class='ocrx_word' id='word_1_24' title='bbox 2497 774 2657 825; x_wconf 66' lang='lat' dir='ltr'><strong>terras</strong></span> <span class='ocrx_word' id='word_1_25' title='bbox 2696 764 2944 822; x_wconf 91' lang='lat' dir='ltr'><strong>materiis</strong></span> <span class='ocrx_word' id='word_1_26' title='bbox 2969 766 3061 839; x_wconf 92' lang='lat' dir='ltr'><strong>pio</strong></span> <span class='ocrx_word' id='word_1_27' title='bbox 3081 764 3360 841; x_wconf 87' lang='lat' dir='ltr'><strong>sapientiae</strong></span> 
     </span>
    </p>
   </div>
   <div class='ocr_carea' id='block_1_5' title="bbox 110 845 1663 924">
    <p class='ocr_par' dir='ltr' id='par_1_5' title="bbox 110 845 1663 924">
     <span class='ocr_line' id='line_1_5' title="bbox 110 845 1663 924; baseline -0.005 -11"><span class='ocrx_word' id='word_1_28' title='bbox 110 845 305 917; x_wconf 73' lang='lat' dir='ltr'><strong>scilicet,</strong></span> <span class='ocrx_word' id='word_1_29' title='bbox 333 852 549 919; x_wconf 85' lang='lat' dir='ltr'><strong>etFilii,</strong></span> <span class='ocrx_word' id='word_1_30' title='bbox 579 862 635 909; x_wconf 91' lang='lat' dir='ltr'><strong>et</strong></span> <span class='ocrx_word' id='word_1_31' title='bbox 659 852 894 924; x_wconf 87' lang='lat' dir='ltr'><strong>Spiritus</strong></span> <span class='ocrx_word' id='word_1_32' title='bbox 924 853 1121 920; x_wconf 86' lang='lat' dir='ltr'><strong>sancti,</strong></span> <span class='ocrx_word' id='word_1_33' title='bbox 1153 852 1450 923; x_wconf 84' lang='lat' dir='ltr'><strong>imperator</strong></span> <span class='ocrx_word' id='word_1_34' title='bbox 1477 852 1663 909; x_wconf 58' lang='lat' dir='ltr'><strong>Caesar</strong></span> 
     </span>
    </p>
   </div>
   <div class='ocr_carea' id='block_1_6' title="bbox 112 944 1662 1013">
    <p class='ocr_par' dir='ltr' id='par_1_6' title="bbox 112 944 1662 1013">
     <span class='ocr_line' id='line_1_6' title="bbox 112 944 1662 1013; baseline -0.003 -9"><span class='ocrx_word' id='word_1_35' title='bbox 112 949 313 1004; x_wconf 71' lang='lat' dir='ltr'><strong>Furios</strong></span> <span class='ocrx_word' id='word_1_36' title='bbox 334 946 775 1013; x_wconf 67' lang='lat' dir='ltr'><strong>CONS‘I&#39;ANTINUS,</strong></span> <span class='ocrx_word' id='word_1_37' title='bbox 821 946 874 1001; x_wconf 88' lang='lat' dir='ltr'><strong>in</strong></span> <span class='ocrx_word' id='word_1_38' title='bbox 907 945 1125 1002; x_wconf 84' lang='lat' dir='ltr'><strong>Christo</strong></span> <span class='ocrx_word' id='word_1_39' title='bbox 1159 944 1284 1000; x_wconf 85' lang='lat' dir='ltr'><strong>.iesu</strong></span> <span class='ocrx_word' id='word_1_40' title='bbox 1303 987 1316 1010; x_wconf 94' lang='lat'><strong>,</strong></span> <span class='ocrx_word' id='word_1_41' title='bbox 1345 961 1453 1000; x_wconf 91' lang='lat' dir='ltr'><strong>uno</strong></span> <span class='ocrx_word' id='word_1_42' title='bbox 1481 959 1547 1001; x_wconf 80' lang='lat' dir='ltr'><strong>ex</strong></span> <span class='ocrx_word' id='word_1_43' title='bbox 1574 959 1662 1001; x_wconf 90' lang='lat' dir='ltr'><strong>ea-</strong></span> 
     </span>
    </p>
   </div>
   <div class='ocr_carea' id='block_1_7' title="bbox 112 1037 1664 1104">
    <p class='ocr_par' dir='ltr' id='par_1_7' title="bbox 112 1037 1664 1104">
     <span class='ocr_line' id='line_1_7' title="bbox 112 1037 1664 1104; baseline -0.002 -9"><span class='ocrx_word' id='word_1_44' title='bbox 112 1040 210 1095; x_wconf 90' lang='lat' dir='ltr'><strong>dem</strong></span> <span class='ocrx_word' id='word_1_45' title='bbox 238 1038 497 1093; x_wconf 86' lang='lat' dir='ltr'><strong>Trinitate</strong></span> <span class='ocrx_word' id='word_1_46' title='bbox 518 1049 728 1103; x_wconf 86' lang='lat' dir='ltr'><strong>sancta,</strong></span> <span class='ocrx_word' id='word_1_47' title='bbox 761 1037 1067 1104; x_wconf 87' lang='lat' dir='ltr'><strong>Salvatore,</strong></span> <span class='ocrx_word' id='word_1_48' title='bbox 1091 1038 1321 1093; x_wconf 88' lang='lat' dir='ltr'><strong>Domino</strong></span> <span class='ocrx_word' id='word_1_49' title='bbox 1342 1038 1455 1092; x_wconf 89' lang='lat' dir='ltr'><strong>Deo</strong></span> <span class='ocrx_word' id='word_1_50' title='bbox 1475 1046 1664 1092; x_wconf 89' lang='lat' dir='ltr'><strong>nostro</strong></span> 
     </span>
    </p>
   </div>
   <div class='ocr_carea' id='block_1_8' title="bbox 116 1129 1667 1198">
    <p class='ocr_par' dir='ltr' id='par_1_8' title="bbox 116 1129 1667 1198">
     <span class='ocr_line' id='line_1_8' title="bbox 116 1129 1667 1198; baseline 0 -12"><span class='ocrx_word' id='word_1_51' title='bbox 116 1132 277 1197; x_wconf 86' lang='lat' dir='ltr'><strong>ﬁdelis,</strong></span> <span class='ocrx_word' id='word_1_52' title='bbox 313 1140 660 1198; x_wconf 89' lang='lat' dir='ltr'><strong>mansuetus,</strong></span> <span class='ocrx_word' id='word_1_53' title='bbox 687 1130 986 1196; x_wconf 90' lang='lat' dir='ltr'><strong>beneﬁcus,</strong></span> <span class='ocrx_word' id='word_1_54' title='bbox 1014 1129 1429 1197; x_wconf 82' lang='lat' dir='ltr'><strong>Alemannicus,</strong></span> <span class='ocrx_word' id='word_1_55' title='bbox 1479 1129 1667 1187; x_wconf 84' lang='lat' dir='ltr'><strong>Gothi-</strong></span> 
     </span>
    </p>
   </div>
   <div class='ocr_carea' id='block_1_9' title="bbox 112 1221 1664 1289">
    <p class='ocr_par' dir='ltr' id='par_1_9' title="bbox 112 1221 1664 1289">
     <span class='ocr_line' id='line_1_9' title="bbox 112 1221 1664 1289; baseline -0.001 -8"><span class='ocrx_word' id='word_1_56' title='bbox 112 1240 207 1289; x_wconf 86' lang='lat' dir='ltr'><strong>cus,</strong></span> <span class='ocrx_word' id='word_1_57' title='bbox 231 1224 585 1289; x_wconf 85' lang='lat' dir='ltr'><strong>Sarmaticus,</strong></span> <span class='ocrx_word' id='word_1_58' title='bbox 612 1221 992 1287; x_wconf 86' lang='lat' dir='ltr'><strong>Germanicus,</strong></span> <span class='ocrx_word' id='word_1_59' title='bbox 1037 1221 1384 1277; x_wconf 86' lang='lat' dir='ltr'><strong>Britannicus</strong></span> <span class='ocrx_word' id='word_1_60' title='bbox 1405 1264 1420 1289; x_wconf 91' lang='lat'><strong>,</strong></span> <span class='ocrx_word' id='word_1_61' title='bbox 1446 1221 1664 1288; x_wconf 90' lang='lat' dir='ltr'><strong>unicus,</strong></span> 
     </span>
    </p>
   </div>
   <div class='ocr_carea' id='block_1_10' title="bbox 112 1316 1662 1389">
    <p class='ocr_par' dir='ltr' id='par_1_10' title="bbox 112 1316 1662 1389">
     <span class='ocr_line' id='line_1_10' title="bbox 112 1316 1662 1389; baseline -0.002 -17"><span class='ocrx_word' id='word_1_62' title='bbox 112 1320 225 1389; x_wconf 77' lang='lat' dir='ltr'><strong>pius,</strong></span> <span class='ocrx_word' id='word_1_63' title='bbox 244 1317 384 1379; x_wconf 76' lang='lat' dir='ltr'><strong>felix,</strong></span> <span class='ocrx_word' id='word_1_64' title='bbox 410 1318 606 1380; x_wconf 86' lang='lat' dir='ltr'><strong>vietor,</strong></span> <span class='ocrx_word' id='word_1_65' title='bbox 634 1331 699 1372; x_wconf 91' lang='lat' dir='ltr'><strong>ac</strong></span> <span class='ocrx_word' id='word_1_66' title='bbox 720 1316 1108 1385; x_wconf 85' lang='lat' dir='ltr'><strong>triumphator,</strong></span> <span class='ocrx_word' id='word_1_67' title='bbox 1134 1328 1353 1384; x_wconf 86' lang='lat' dir='ltr'><strong>semper</strong></span> <span class='ocrx_word' id='word_1_68' title='bbox 1376 1324 1662 1387; x_wconf 87' lang='lat' dir='ltr'><strong>angustus,</strong></span> 
     </span>
    </p>
   </div>
   <div class='ocr_carea' id='block_1_11' title="bbox 112 1404 1667 1473">
    <p class='ocr_par' dir='ltr' id='par_1_11' title="bbox 112 1404 1667 1473">
     <span class='ocr_line' id='line_1_11' title="bbox 112 1404 1667 1473; baseline -0.003 -8"><span class='ocrx_word' id='word_1_69' title='bbox 112 1410 418 1465; x_wconf 82' lang='lat' dir='ltr'><strong>sanctissimo</strong></span> <span class='ocrx_word' id='word_1_70' title='bbox 467 1424 536 1465; x_wconf 90' lang='lat' dir='ltr'><strong>ac</strong></span> <span class='ocrx_word' id='word_1_71' title='bbox 587 1408 905 1464; x_wconf 87' lang='lat' dir='ltr'><strong>beatissimo</strong></span> <span class='ocrx_word' id='word_1_72' title='bbox 947 1407 1096 1462; x_wconf 85' lang='lat' dir='ltr'><strong>Patri</strong></span> <span class='ocrx_word' id='word_1_73' title='bbox 1153 1406 1488 1473; x_wconf 78' lang='lat' dir='ltr'><strong>SILVESTRO,</strong></span> <span class='ocrx_word' id='word_1_74' title='bbox 1514 1404 1667 1461; x_wconf 87' lang='lat' dir='ltr'><strong>urbis</strong></span> 
     </span>
    </p>
   </div>
   <div class='ocr_carea' id='block_1_12' title="bbox 115 1497 1668 1571">
    <p class='ocr_par' dir='ltr' id='par_1_12' title="bbox 115 1497 1668 1571">
     <span class='ocr_line' id='line_1_12' title="bbox 115 1497 1668 1571; baseline -0.001 -15"><span class='ocrx_word' id='word_1_75' title='bbox 115 1502 265 1556; x_wconf 61' lang='lat' dir='ltr'><strong>Romae</strong></span> <span class='ocrx_word' id='word_1_76' title='bbox 302 1501 560 1571; x_wconf 82' lang='lat' dir='ltr'><strong>episcopo</strong></span> <span class='ocrx_word' id='word_1_77' title='bbox 600 1510 656 1556; x_wconf 90' lang='lat' dir='ltr'><strong>et</strong></span> <span class='ocrx_word' id='word_1_78' title='bbox 701 1515 884 1571; x_wconf 75' lang='lat' dir='ltr'><strong>papm,</strong></span> <span class='ocrx_word' id='word_1_79' title='bbox 918 1508 1083 1570; x_wconf 90' lang='lat' dir='ltr'><strong>atque</strong></span> <span class='ocrx_word' id='word_1_80' title='bbox 1107 1497 1361 1555; x_wconf 89' lang='lat' dir='ltr'><strong>omnibus</strong></span> <span class='ocrx_word' id='word_1_81' title='bbox 1394 1499 1513 1569; x_wconf 87' lang='lat' dir='ltr'><strong>ejus</strong></span> <span class='ocrx_word' id='word_1_82' title='bbox 1546 1513 1668 1555; x_wconf 77' lang='lat' dir='ltr'><strong>Suc-</strong></span> 
     </span>
    </p>
   </div>
   <div class='ocr_carea' id='block_1_13' title="bbox 112 1588 1665 1663">
    <p class='ocr_par' dir='ltr' id='par_1_13' title="bbox 112 1588 1665 1663">
     <span class='ocr_line' id='line_1_13' title="bbox 112 1588 1665 1663; baseline -0.005 -14"><span class='ocrx_word' id='word_1_83' title='bbox 112 1594 382 1649; x_wconf 69' lang='lat' dir='ltr'><strong>cessor-ibus</strong></span> <span class='ocrx_word' id='word_1_84' title='bbox 404 1634 418 1657; x_wconf 94' lang='lat'><strong>,</strong></span> <span class='ocrx_word' id='word_1_85' title='bbox 450 1593 546 1663; x_wconf 91' lang='lat' dir='ltr'><strong>qui</strong></span> <span class='ocrx_word' id='word_1_86' title='bbox 589 1592 644 1647; x_wconf 89' lang='lat' dir='ltr'><strong>in</strong></span> <span class='ocrx_word' id='word_1_87' title='bbox 695 1592 824 1648; x_wconf 85' lang='lat' dir='ltr'><strong>sede</strong></span> <span class='ocrx_word' id='word_1_88' title='bbox 850 1591 993 1647; x_wconf 85' lang='lat' dir='ltr'><strong>beati</strong></span> <span class='ocrx_word' id='word_1_89' title='bbox 1028 1589 1175 1646; x_wconf 86' lang='lat' dir='ltr'><strong>Petri</strong></span> <span class='ocrx_word' id='word_1_90' title='bbox 1203 1605 1374 1659; x_wconf 90' lang='lat' dir='ltr'><strong>usque</strong></span> <span class='ocrx_word' id='word_1_91' title='bbox 1418 1590 1471 1643; x_wconf 93' lang='lat' dir='ltr'><strong>in</strong></span> <span class='ocrx_word' id='word_1_92' title='bbox 1504 1588 1665 1643; x_wconf 88' lang='lat' dir='ltr'><strong>ﬁnem</strong></span> 
     </span>
    </p>
   </div>
   <div class='ocr_carea' id='block_1_14' title="bbox 112 1682 1669 1755">
    <p class='ocr_par' dir='ltr' id='par_1_14' title="bbox 112 1682 1669 1755">
     <span class='ocr_line' id='line_1_14' title="bbox 112 1682 1669 1755; baseline -0.004 -13"><span class='ocrx_word' id='word_1_93' title='bbox 112 1687 260 1742; x_wconf 68' lang='lat' dir='ltr'><strong>seculi</strong></span> <span class='ocrx_word' id='word_1_94' title='bbox 285 1686 488 1742; x_wconf 84' lang='lat' dir='ltr'><strong>sessuri</strong></span> <span class='ocrx_word' id='word_1_95' title='bbox 522 1695 669 1750; x_wconf 88' lang='lat' dir='ltr'><strong>sunt,</strong></span> <span class='ocrx_word' id='word_1_96' title='bbox 702 1684 1053 1755; x_wconf 90' lang='lat' dir='ltr'><strong>pontiﬁcibus</strong></span> <span class='ocrx_word' id='word_1_97' title='bbox 1080 1699 1307 1739; x_wconf 88' lang='lat' dir='ltr'><strong>necnon</strong></span> <span class='ocrx_word' id='word_1_98' title='bbox 1333 1689 1392 1737; x_wconf 88' lang='lat' dir='ltr'><strong>et</strong></span> <span class='ocrx_word' id='word_1_99' title='bbox 1414 1682 1669 1737; x_wconf 90' lang='lat' dir='ltr'><strong>omnibus</strong></span> 
     </span>
    </p>
   </div>
   <div class='ocr_carea' id='block_1_15' title="bbox 114 1772 1667 1844">
    <p class='ocr_par' dir='ltr' id='par_1_15' title="bbox 114 1772 1667 1844">
     <span class='ocr_line' id='line_1_15' title="bbox 114 1772 1667 1844; baseline -0.002 -13"><span class='ocrx_word' id='word_1_100' title='bbox 114 1778 549 1835; x_wconf 83' lang='lat' dir='ltr'><strong>reverendissimis</strong></span> <span class='ocrx_word' id='word_1_101' title='bbox 595 1788 651 1832; x_wconf 91' lang='lat' dir='ltr'><strong>et</strong></span> <span class='ocrx_word' id='word_1_102' title='bbox 694 1778 804 1832; x_wconf 90' lang='lat' dir='ltr'><strong>Deo</strong></span> <span class='ocrx_word' id='word_1_103' title='bbox 847 1777 1174 1832; x_wconf 86' lang='lat' dir='ltr'><strong>amabilibus</strong></span> <span class='ocrx_word' id='word_1_104' title='bbox 1217 1773 1499 1831; x_wconf 77' lang='lat' dir='ltr'><strong>catholicis</strong></span> <span class='ocrx_word' id='word_1_105' title='bbox 1550 1772 1667 1844; x_wconf 88' lang='lat' dir='ltr'><strong>cpi-</strong></span> 
     </span>
    </p>
   </div>
   <div class='ocr_carea' id='block_1_16' title="bbox 113 1865 1670 1940">
    <p class='ocr_par' dir='ltr' id='par_1_16' title="bbox 113 1865 1670 1940">
     <span class='ocr_line' id='line_1_16' title="bbox 113 1865 1670 1940; baseline -0.005 -14"><span class='ocrx_word' id='word_1_106' title='bbox 113 1872 254 1940; x_wconf 71' lang='lat' dir='ltr'><strong>scopis</strong></span> <span class='ocrx_word' id='word_1_107' title='bbox 289 1871 460 1925; x_wconf 85' lang='lat' dir='ltr'><strong>cidem</strong></span> <span class='ocrx_word' id='word_1_108' title='bbox 518 1876 884 1925; x_wconf 70' lang='lat' dir='ltr'><strong>sacrosancta:</strong></span> <span class='ocrx_word' id='word_1_109' title='bbox 914 1867 1070 1921; x_wconf 76' lang='lat' dir='ltr'><strong>liom.</strong></span> <span class='ocrx_word' id='word_1_110' title='bbox 1112 1866 1367 1922; x_wconf 70' lang='lat' dir='ltr'><strong>Ecclesite</strong></span> <span class='ocrx_word' id='word_1_111' title='bbox 1396 1880 1493 1937; x_wconf 90' lang='lat' dir='ltr'><strong>per</strong></span> <span class='ocrx_word' id='word_1_112' title='bbox 1530 1865 1670 1919; x_wconf 90' lang='lat' dir='ltr'><strong>hanc</strong></span> 
     </span>
    </p>
   </div>
   <div class='ocr_carea' id='block_1_17' title="bbox 112 1957 1668 2034">
    <p class='ocr_par' dir='ltr' id='par_1_17' title="bbox 112 1957 1668 2034">
     <span class='ocr_line' id='line_1_17' title="bbox 112 1957 1668 2034; baseline -0.004 -16"><span class='ocrx_word' id='word_1_113' title='bbox 112 1973 311 2018; x_wconf 86' lang='lat' dir='ltr'><strong>nostram</strong></span> <span class='ocrx_word' id='word_1_114' title='bbox 364 1960 708 2034; x_wconf 86' lang='lat' dir='ltr'><strong>imperiaiem</strong></span> <span class='ocrx_word' id='word_1_115' title='bbox 765 1959 1209 2015; x_wconf 76' lang='lat' dir='ltr'><strong>constitutionem</strong></span> <span class='ocrx_word' id='word_1_116' title='bbox 1285 1957 1545 2028; x_wconf 80' lang='lat' dir='ltr'><strong>subjectis</strong></span> <span class='ocrx_word' id='word_1_117' title='bbox 1612 1957 1668 2012; x_wconf 91' lang='lat' dir='ltr'><strong>in</strong></span> 
     </span>
    </p>
   </div>
   <div class='ocr_carea' id='block_1_18' title="bbox 112 2050 1670 2124">
    <p class='ocr_par' dir='ltr' id='par_1_18' title="bbox 112 2050 1670 2124">
     <span class='ocr_line' id='line_1_18' title="bbox 112 2050 1670 2124; baseline -0.001 -15"><span class='ocrx_word' id='word_1_118' title='bbox 112 2059 324 2112; x_wconf 75' lang='lat' dir='ltr'><strong>universo</strong></span> <span class='ocrx_word' id='word_1_119' title='bbox 352 2059 491 2111; x_wconf 87' lang='lat' dir='ltr'><strong>orhc</strong></span> <span class='ocrx_word' id='word_1_120' title='bbox 519 2066 788 2111; x_wconf 88' lang='lat' dir='ltr'><strong>terrarum</strong></span> <span class='ocrx_word' id='word_1_121' title='bbox 819 2095 831 2117; x_wconf 92' lang='lat'><strong>,</strong></span> <span class='ocrx_word' id='word_1_122' title='bbox 867 2069 1009 2109; x_wconf 87' lang='lat' dir='ltr'><strong>nunc</strong></span> <span class='ocrx_word' id='word_1_123' title='bbox 1029 2061 1084 2107; x_wconf 90' lang='lat' dir='ltr'><strong>et</strong></span> <span class='ocrx_word' id='word_1_124' title='bbox 1113 2053 1166 2107; x_wconf 91' lang='lat' dir='ltr'><strong>in</strong></span> <span class='ocrx_word' id='word_1_125' title='bbox 1189 2052 1423 2124; x_wconf 87' lang='lat' dir='ltr'><strong>posteris</strong></span> <span class='ocrx_word' id='word_1_126' title='bbox 1457 2050 1670 2108; x_wconf 83' lang='lat' dir='ltr'><strong>cunctis</strong></span> 
     </span>
    </p>
   </div>
   <div class='ocr_carea' id='block_1_19' title="bbox 1764 857 3358 932">
    <p class='ocr_par' dir='ltr' id='par_1_19' title="bbox 1764 857 3358 932">
     <span class='ocr_line' id='line_1_19' title="bbox 1764 857 3358 932; baseline 0.005 -22"><span class='ocrx_word' id='word_1_127' title='bbox 1764 870 1877 911; x_wconf 71' lang='lat' dir='ltr'><strong>sua:</strong></span> <span class='ocrx_word' id='word_1_128' title='bbox 1929 863 2060 911; x_wconf 90' lang='lat' dir='ltr'><strong>nutu</strong></span> <span class='ocrx_word' id='word_1_129' title='bbox 2129 859 2195 911; x_wconf 86' lang='lat' dir='ltr'><strong>ad</strong></span> <span class='ocrx_word' id='word_1_130' title='bbox 2254 857 2542 932; x_wconf 84' lang='lat' dir='ltr'><strong>imaginem</strong></span> <span class='ocrx_word' id='word_1_131' title='bbox 2617 868 2671 916; x_wconf 86' lang='lat' dir='ltr'><strong>et</strong></span> <span class='ocrx_word' id='word_1_132' title='bbox 2740 860 3150 918; x_wconf 83' lang='lat' dir='ltr'><strong>similitudinem</strong></span> <span class='ocrx_word' id='word_1_133' title='bbox 3203 878 3358 919; x_wconf 90' lang='lat' dir='ltr'><strong>suam</strong></span> 
     </span>
    </p>
   </div>
   <div class='ocr_carea' id='block_1_20' title="bbox 1767 946 3359 1028">
    <p class='ocr_par' dir='ltr' id='par_1_20' title="bbox 1767 946 3359 1028">
     <span class='ocr_line' id='line_1_20' title="bbox 1767 946 3359 1028; baseline 0.008 -26"><span class='ocrx_word' id='word_1_134' title='bbox 1767 946 1872 1022; x_wconf 82' lang='lat'><strong>5&#39;7</strong></span> <span class='ocrx_word' id='word_1_135' title='bbox 1904 948 2137 1022; x_wconf 89' lang='lat' dir='ltr'><strong>primum</strong></span> <span class='ocrx_word' id='word_1_136' title='bbox 2176 949 2242 1006; x_wconf 91' lang='lat' dir='ltr'><strong>de</strong></span> <span class='ocrx_word' id='word_1_137' title='bbox 2268 948 2397 1006; x_wconf 91' lang='lat' dir='ltr'><strong>limo</strong></span> <span class='ocrx_word' id='word_1_138' title='bbox 2426 960 2583 1010; x_wconf 63' lang='lat' dir='ltr'><strong>terra:</strong></span> <span class='ocrx_word' id='word_1_139' title='bbox 2614 953 2819 1028; x_wconf 88' lang='lat' dir='ltr'><strong>ﬁngens</strong></span> <span class='ocrx_word' id='word_1_140' title='bbox 2840 953 3114 1011; x_wconf 88' lang='lat' dir='ltr'><strong>hominem</strong></span> <span class='ocrx_word' id='word_1_141' title='bbox 3140 954 3283 1011; x_wconf 90' lang='lat' dir='ltr'><strong>hunc</strong></span> <span class='ocrx_word' id='word_1_142' title='bbox 3304 952 3359 1015; x_wconf 86' lang='lat' dir='ltr'><strong>in</strong></span> 
     </span>
    </p>
   </div>
   <div class='ocr_carea' id='block_1_21' title="bbox 1764 1040 3362 1120">
    <p class='ocr_par' dir='ltr' id='par_1_21' title="bbox 1764 1040 3362 1120">
     <span class='ocr_line' id='line_1_21' title="bbox 1764 1040 3362 1120; baseline 0.009 -27"><span class='ocrx_word' id='word_1_143' title='bbox 1764 1042 2022 1113; x_wconf 84' lang='lat' dir='ltr'><strong>paradiso</strong></span> <span class='ocrx_word' id='word_1_144' title='bbox 2051 1040 2231 1112; x_wconf 83' lang='lat' dir='ltr'><strong>posuit</strong></span> <span class='ocrx_word' id='word_1_145' title='bbox 2260 1040 2570 1113; x_wconf 77' lang='lat' dir='ltr'><strong>voluptatis.</strong></span> <span class='ocrx_word' id='word_1_146' title='bbox 2597 1044 2768 1113; x_wconf 85' lang='lat' dir='ltr'><strong>Quem</strong></span> <span class='ocrx_word' id='word_1_147' title='bbox 2816 1047 3075 1119; x_wconf 87' lang='lat' dir='ltr'><strong>antiquus</strong></span> <span class='ocrx_word' id='word_1_148' title='bbox 3136 1062 3362 1120; x_wconf 85' lang='lat' dir='ltr'><strong>serpens</strong></span> 
     </span>
    </p>
   </div>
   <div class='ocr_carea' id='block_1_22' title="bbox 1766 1133 3362 1210">
    <p class='ocr_par' dir='ltr' id='par_1_22' title="bbox 1766 1133 3362 1210">
     <span class='ocr_line' id='line_1_22' title="bbox 1766 1133 3362 1210; baseline 0.001 -19"><span class='ocrx_word' id='word_1_149' title='bbox 1766 1145 1821 1191; x_wconf 93' lang='lat' dir='ltr'><strong>et</strong></span> <span class='ocrx_word' id='word_1_150' title='bbox 1851 1135 2022 1190; x_wconf 86' lang='lat' dir='ltr'><strong>hostis</strong></span> <span class='ocrx_word' id='word_1_151' title='bbox 2050 1133 2301 1190; x_wconf 90' lang='lat' dir='ltr'><strong>invidens</strong></span> <span class='ocrx_word' id='word_1_152' title='bbox 2349 1135 2592 1192; x_wconf 80' lang='lat' dir='ltr'><strong>diabolus</strong></span> <span class='ocrx_word' id='word_1_153' title='bbox 2634 1152 2733 1208; x_wconf 89' lang='lat' dir='ltr'><strong>per</strong></span> <span class='ocrx_word' id='word_1_154' title='bbox 2784 1138 3188 1194; x_wconf 89' lang='lat' dir='ltr'><strong>amarissimum</strong></span> <span class='ocrx_word' id='word_1_155' title='bbox 3231 1137 3362 1210; x_wconf 84' lang='lat' dir='ltr'><strong>ligni</strong></span> 
     </span>
    </p>
   </div>
   <div class='ocr_carea' id='block_1_23' title="bbox 1765 1224 3364 1299">
    <p class='ocr_par' dir='ltr' id='par_1_23' title="bbox 1765 1224 3364 1299">
     <span class='ocr_line' id='line_1_23' title="bbox 1765 1224 3364 1299; baseline 0.003 -21"><span class='ocrx_word' id='word_1_156' title='bbox 1765 1225 1920 1279; x_wconf 88' lang='lat' dir='ltr'><strong>vetiti</strong></span> <span class='ocrx_word' id='word_1_157' title='bbox 1983 1233 2234 1295; x_wconf 87' lang='lat' dir='ltr'><strong>gustum,</strong></span> <span class='ocrx_word' id='word_1_158' title='bbox 2293 1224 2536 1281; x_wconf 78' lang='lat' dir='ltr'><strong>exsulem</strong></span> <span class='ocrx_word' id='word_1_159' title='bbox 2592 1226 2661 1281; x_wconf 92' lang='lat' dir='ltr'><strong>ab</strong></span> <span class='ocrx_word' id='word_1_160' title='bbox 2712 1226 2917 1283; x_wconf 86' lang='lat' dir='ltr'><strong>eisdem</strong></span> <span class='ocrx_word' id='word_1_161' title='bbox 2969 1225 3098 1283; x_wconf 85' lang='lat' dir='ltr'><strong>fecit</strong></span> <span class='ocrx_word' id='word_1_162' title='bbox 3154 1227 3364 1299; x_wconf 86' lang='lat' dir='ltr'><strong>gaudiis</strong></span> 
     </span>
    </p>
   </div>
   <div class='ocr_carea' id='block_1_24' title="bbox 1770 1315 3364 1389">
    <p class='ocr_par' dir='ltr' id='par_1_24' title="bbox 1770 1315 3364 1389">
     <span class='ocr_line' id='line_1_24' title="bbox 1770 1315 3364 1389; baseline 0.001 -17"><span class='ocrx_word' id='word_1_163' title='bbox 1770 1315 1923 1389; x_wconf 82' lang='lat' dir='ltr'><strong>(Gen.</strong></span> <span class='ocrx_word' id='word_1_164' title='bbox 1958 1332 1999 1383; x_wconf 82' lang='grc' dir='ltr'><strong>ι,</strong></span> <span class='ocrx_word' id='word_1_165' title='bbox 2048 1316 2132 1388; x_wconf 85' lang='grc' dir='ltr'><strong>ιι),</strong></span> <span class='ocrx_word' id='word_1_166' title='bbox 2173 1331 2345 1389; x_wconf 89' lang='lat' dir='ltr'><strong>eoque</strong></span> <span class='ocrx_word' id='word_1_167' title='bbox 2391 1318 2617 1389; x_wconf 84' lang='lat' dir='ltr'><strong>expulso</strong></span> <span class='ocrx_word' id='word_1_168' title='bbox 2652 1333 2759 1374; x_wconf 91' lang='lat' dir='ltr'><strong>non</strong></span> <span class='ocrx_word' id='word_1_169' title='bbox 2810 1319 3008 1375; x_wconf 86' lang='lat' dir='ltr'><strong>desinit</strong></span> <span class='ocrx_word' id='word_1_170' title='bbox 3048 1335 3145 1375; x_wconf 86' lang='lat' dir='ltr'><strong>sua</strong></span> <span class='ocrx_word' id='word_1_171' title='bbox 3196 1334 3364 1374; x_wconf 85' lang='lat' dir='ltr'><strong>vene-</strong></span> 
     </span>
    </p>
   </div>
   <div class='ocr_carea' id='block_1_25' title="bbox 1765 1407 3363 1483">
    <p class='ocr_par' dir='ltr' id='par_1_25' title="bbox 1765 1407 3363 1483">
     <span class='ocr_line' id='line_1_25' title="bbox 1765 1407 3363 1483; baseline 0.001 -18"><span class='ocrx_word' id='word_1_172' title='bbox 1765 1424 1901 1465; x_wconf 86' lang='lat' dir='ltr'><strong>nosa</strong></span> <span class='ocrx_word' id='word_1_173' title='bbox 1957 1407 2142 1463; x_wconf 91' lang='lat' dir='ltr'><strong>multis</strong></span> <span class='ocrx_word' id='word_1_174' title='bbox 2190 1409 2365 1466; x_wconf 91' lang='lat' dir='ltr'><strong>modis</strong></span> <span class='ocrx_word' id='word_1_175' title='bbox 2407 1410 2680 1481; x_wconf 86' lang='lat' dir='ltr'><strong>protelare</strong></span> <span class='ocrx_word' id='word_1_176' title='bbox 2714 1411 2921 1483; x_wconf 86' lang='lat' dir='ltr'><strong>jacula,</strong></span> <span class='ocrx_word' id='word_1_177' title='bbox 2975 1421 3036 1468; x_wconf 88' lang='lat' dir='ltr'><strong>ut</strong></span> <span class='ocrx_word' id='word_1_178' title='bbox 3088 1428 3119 1467; x_wconf 88' lang='lat' dir='ltr'><strong>a</strong></span> <span class='ocrx_word' id='word_1_179' title='bbox 3154 1411 3240 1467; x_wconf 88' lang='lat' dir='ltr'><strong>via</strong></span> <span class='ocrx_word' id='word_1_180' title='bbox 3269 1428 3363 1467; x_wconf 80' lang='lat' dir='ltr'><strong>ve—</strong></span> 
     </span>
    </p>
   </div>
   <div class='ocr_carea' id='block_1_26' title="bbox 1769 1497 3371 1575">
    <p class='ocr_par' dir='ltr' id='par_1_26' title="bbox 1769 1497 3371 1575">
     <span class='ocr_line' id='line_1_26' title="bbox 1769 1497 3371 1575; baseline 0.001 -22"><span class='ocrx_word' id='word_1_181' title='bbox 1769 1497 1950 1553; x_wconf 90' lang='lat' dir='ltr'><strong>ritatis</strong></span> <span class='ocrx_word' id='word_1_182' title='bbox 1978 1498 2275 1553; x_wconf 89' lang='lat' dir='ltr'><strong>humanum</strong></span> <span class='ocrx_word' id='word_1_183' title='bbox 2314 1498 2638 1557; x_wconf 88' lang='lat' dir='ltr'><strong>abstrahens</strong></span> <span class='ocrx_word' id='word_1_184' title='bbox 2694 1518 2887 1575; x_wconf 86' lang='lat' dir='ltr'><strong>genus,</strong></span> <span class='ocrx_word' id='word_1_185' title='bbox 2936 1501 3201 1557; x_wconf 88' lang='lat' dir='ltr'><strong>idolorum</strong></span> <span class='ocrx_word' id='word_1_186' title='bbox 3253 1500 3371 1557; x_wconf 83' lang='lat' dir='ltr'><strong>cul-</strong></span> 
     </span>
    </p>
   </div>
   <div class='ocr_carea' id='block_1_27' title="bbox 1769 1592 3371 1659">
    <p class='ocr_par' dir='ltr' id='par_1_27' title="bbox 1769 1592 3371 1659">
     <span class='ocr_line' id='line_1_27' title="bbox 1769 1592 3371 1659; baseline 0.001 -11"><span class='ocrx_word' id='word_1_187' title='bbox 1769 1600 1907 1648; x_wconf 77' lang='lat' dir='ltr'><strong>tura:</strong></span> <span class='ocrx_word' id='word_1_188' title='bbox 1931 1634 1944 1657; x_wconf 90' lang='lat'><strong>,</strong></span> <span class='ocrx_word' id='word_1_189' title='bbox 1978 1592 2231 1647; x_wconf 79' lang='lat' dir='ltr'><strong>videlicet</strong></span> <span class='ocrx_word' id='word_1_190' title='bbox 2256 1602 2542 1659; x_wconf 86' lang='lat' dir='ltr'><strong>creaturae,</strong></span> <span class='ocrx_word' id='word_1_191' title='bbox 2569 1603 2623 1650; x_wconf 92' lang='lat' dir='ltr'><strong>et</strong></span> <span class='ocrx_word' id='word_1_192' title='bbox 2653 1611 2758 1651; x_wconf 93' lang='lat' dir='ltr'><strong>non</strong></span> <span class='ocrx_word' id='word_1_193' title='bbox 2811 1595 3058 1651; x_wconf 88' lang='lat' dir='ltr'><strong>Creatori</strong></span> <span class='ocrx_word' id='word_1_194' title='bbox 3095 1595 3371 1652; x_wconf 80' lang='lat' dir='ltr'><strong>deservire</strong></span> 
     </span>
    </p>
   </div>
   <div class='ocr_carea' id='block_1_28' title="bbox 1771 1685 3372 1761">
    <p class='ocr_par' dir='ltr' id='par_1_28' title="bbox 1771 1685 3372 1761">
     <span class='ocr_line' id='line_1_28' title="bbox 1771 1685 3372 1761; baseline -0.001 -20"><span class='ocrx_word' id='word_1_195' title='bbox 1771 1685 2017 1751; x_wconf 85' lang='lat' dir='ltr'><strong>suadeat,</strong></span> <span class='ocrx_word' id='word_1_196' title='bbox 2044 1693 2313 1755; x_wconf 86' lang='lat' dir='ltr'><strong>quatenus</strong></span> <span class='ocrx_word' id='word_1_197' title='bbox 2340 1701 2438 1756; x_wconf 90' lang='lat' dir='ltr'><strong>per</strong></span> <span class='ocrx_word' id='word_1_198' title='bbox 2468 1687 2570 1742; x_wconf 90' lang='lat' dir='ltr'><strong>hos</strong></span> <span class='ocrx_word' id='word_1_199' title='bbox 2597 1700 2692 1743; x_wconf 90' lang='lat' dir='ltr'><strong>eos</strong></span> <span class='ocrx_word' id='word_1_200' title='bbox 2722 1703 2860 1761; x_wconf 90' lang='lat' dir='ltr'><strong>quos</strong></span> <span class='ocrx_word' id='word_1_201' title='bbox 2882 1687 2995 1744; x_wconf 91' lang='lat' dir='ltr'><strong>suis</strong></span> <span class='ocrx_word' id='word_1_202' title='bbox 3024 1687 3257 1742; x_wconf 91' lang='lat' dir='ltr'><strong>voluerit</strong></span> <span class='ocrx_word' id='word_1_203' title='bbox 3300 1686 3372 1741; x_wconf 84' lang='lat' dir='ltr'><strong>ir-</strong></span> 
     </span>
    </p>
   </div>
   <div class='ocr_carea' id='block_1_29' title="bbox 1772 1776 3368 1843">
    <p class='ocr_par' dir='ltr' id='par_1_29' title="bbox 1772 1776 3368 1843">
     <span class='ocr_line' id='line_1_29' title="bbox 1772 1776 3368 1843; baseline -0.001 -10"><span class='ocrx_word' id='word_1_204' title='bbox 1772 1778 1939 1833; x_wconf 88' lang='lat' dir='ltr'><strong>retire</strong></span> <span class='ocrx_word' id='word_1_205' title='bbox 1988 1776 2220 1843; x_wconf 88' lang='lat' dir='ltr'><strong>insidiis,</strong></span> <span class='ocrx_word' id='word_1_206' title='bbox 2265 1793 2448 1833; x_wconf 86' lang='lat' dir='ltr'><strong>secum</strong></span> <span class='ocrx_word' id='word_1_207' title='bbox 2506 1787 2712 1833; x_wconf 71' lang='lat' dir='ltr'><strong>mterno</strong></span> <span class='ocrx_word' id='word_1_208' title='bbox 2765 1777 2963 1835; x_wconf 85' lang='lat' dir='ltr'><strong>efﬁciat</strong></span> <span class='ocrx_word' id='word_1_209' title='bbox 3008 1792 3368 1835; x_wconf 86' lang='lat' dir='ltr'><strong>concreman-</strong></span> 
     </span>
    </p>
   </div>
   <div class='ocr_carea' id='block_1_30' title="bbox 1772 1866 3372 1943">
    <p class='ocr_par' dir='ltr' id='par_1_30' title="bbox 1772 1866 3372 1943">
     <span class='ocr_line' id='line_1_30' title="bbox 1772 1866 3372 1943; baseline 0.001 -19"><span class='ocrx_word' id='word_1_210' title='bbox 1772 1868 1870 1924; x_wconf 89' lang='lat' dir='ltr'><strong>dos</strong></span> <span class='ocrx_word' id='word_1_211' title='bbox 1897 1867 2181 1938; x_wconf 88' lang='lat' dir='ltr'><strong>supplicio.</strong></span> <span class='ocrx_word' id='word_1_212' title='bbox 2226 1866 2334 1923; x_wconf 90' lang='lat' dir='ltr'><strong>Sed</strong></span> <span class='ocrx_word' id='word_1_213' title='bbox 2363 1868 2504 1924; x_wconf 89' lang='lat' dir='ltr'><strong>Deus</strong></span> <span class='ocrx_word' id='word_1_214' title='bbox 2521 1878 2729 1935; x_wconf 89' lang='lat' dir='ltr'><strong>noster,</strong></span> <span class='ocrx_word' id='word_1_215' title='bbox 2783 1869 3039 1925; x_wconf 86' lang='lat' dir='ltr'><strong>misertus</strong></span> <span class='ocrx_word' id='word_1_216' title='bbox 3086 1867 3372 1943; x_wconf 84' lang='lat' dir='ltr'><strong>plasmatis</strong></span> 
     </span>
    </p>
   </div>
   <div class='ocr_carea' id='block_1_31' title="bbox 1778 1960 3374 2034">
    <p class='ocr_par' dir='ltr' id='par_1_31' title="bbox 1778 1960 3374 2034">
     <span class='ocr_line' id='line_1_31' title="bbox 1778 1960 3374 2034; baseline -0.001 -17"><span class='ocrx_word' id='word_1_217' title='bbox 1778 1960 1889 2027; x_wconf 88' lang='lat' dir='ltr'><strong>sui,</strong></span> <span class='ocrx_word' id='word_1_218' title='bbox 1923 1960 2165 2031; x_wconf 83' lang='lat' dir='ltr'><strong>dirigens</strong></span> <span class='ocrx_word' id='word_1_219' title='bbox 2194 1970 2415 2017; x_wconf 89' lang='lat' dir='ltr'><strong>sanctos</strong></span> <span class='ocrx_word' id='word_1_220' title='bbox 2443 1977 2572 2018; x_wconf 87' lang='lat' dir='ltr'><strong>suos</strong></span> <span class='ocrx_word' id='word_1_221' title='bbox 2600 1962 2916 2033; x_wconf 87' lang='lat' dir='ltr'><strong>prophetas,</strong></span> <span class='ocrx_word' id='word_1_222' title='bbox 2967 1978 3062 2034; x_wconf 89' lang='lat' dir='ltr'><strong>per</strong></span> <span class='ocrx_word' id='word_1_223' title='bbox 3109 1977 3246 2031; x_wconf 90' lang='lat' dir='ltr'><strong>quos</strong></span> <span class='ocrx_word' id='word_1_224' title='bbox 3294 1960 3374 2016; x_wconf 85' lang='lat' dir='ltr'><strong>lu-</strong></span> 
     </span>
    </p>
   </div>
   <div class='ocr_carea' id='block_1_32' title="bbox 1772 2040 3372 2118">
    <p class='ocr_par' dir='ltr' id='par_1_32' title="bbox 1772 2040 3372 2118">
     <span class='ocr_line' id='line_1_32' title="bbox 1772 2040 3372 2118; baseline 0 -10"><span class='ocrx_word' id='word_1_225' title='bbox 1772 2067 1898 2108; x_wconf 89' lang='lat' dir='ltr'><strong>men</strong></span> <span class='ocrx_word' id='word_1_226' title='bbox 1932 2050 2127 2107; x_wconf 70' lang='lat' dir='ltr'><strong>l‘uturze</strong></span> <span class='ocrx_word' id='word_1_227' title='bbox 2152 2052 2297 2118; x_wconf 69' lang='lat' dir='ltr'><strong>vitae,</strong></span> <span class='ocrx_word' id='word_1_228' title='bbox 2332 2040 2625 2109; x_wconf 84' lang='lat' dir='ltr'><strong>adventum</strong></span> <span class='ocrx_word' id='word_1_229' title='bbox 2656 2054 2909 2110; x_wconf 84' lang='lat' dir='ltr'><strong>videlicet</strong></span> <span class='ocrx_word' id='word_1_230' title='bbox 2957 2053 3079 2108; x_wconf 84' lang='lat' dir='ltr'><strong>Filii</strong></span> <span class='ocrx_word' id='word_1_231' title='bbox 3124 2053 3207 2110; x_wconf 89' lang='lat' dir='ltr'><strong>sui</strong></span> <span class='ocrx_word' id='word_1_232' title='bbox 3261 2053 3372 2108; x_wconf 83' lang='lat' dir='ltr'><strong>Do-</strong></span> 
     </span>
    </p>
   </div>
   <div class='ocr_carea' id='block_1_33' title="bbox 114 2144 3375 2226">
    <p class='ocr_par' dir='ltr' id='par_1_33' title="bbox 114 2144 3375 2226">
     <span class='ocr_line' id='line_1_33' title="bbox 114 2144 3375 2226; baseline -0.001 -23"><span class='ocrx_word' id='word_1_233' title='bbox 114 2161 230 2205; x_wconf 84' lang='lat' dir='ltr'><strong>retro</strong></span> <span class='ocrx_word' id='word_1_234' title='bbox 249 2150 583 2220; x_wconf 76' lang='lat' dir='ltr'><strong>temporibus</strong></span> <span class='ocrx_word' id='word_1_235' title='bbox 612 2147 945 2206; x_wconf 86' lang='lat' dir='ltr'><strong>constitutis,</strong></span> <span class='ocrx_word' id='word_1_236' title='bbox 979 2146 1149 2215; x_wconf 81' lang='lat' dir='ltr'><strong>gratia</strong></span> <span class='ocrx_word' id='word_1_237' title='bbox 1172 2186 1186 2209; x_wconf 92' lang='lat'><strong>,</strong></span> <span class='ocrx_word' id='word_1_238' title='bbox 1214 2160 1316 2217; x_wconf 71' lang='lat' dir='ltr'><strong>pax</strong></span> <span class='ocrx_word' id='word_1_239' title='bbox 1342 2186 1357 2210; x_wconf 96' lang='lat'><strong>,</strong></span> <span class='ocrx_word' id='word_1_240' title='bbox 1392 2144 1667 2211; x_wconf 85' lang='lat' dir='ltr'><strong>charitas,</strong></span> <span class='ocrx_word' id='word_1_241' title='bbox 1699 2164 1746 2226; x_wconf 77' lang='grc' dir='ltr'><strong>Β</strong></span> <span class='ocrx_word' id='word_1_242' title='bbox 1771 2146 1905 2201; x_wconf 87' lang='lat' dir='ltr'><strong>mini</strong></span> <span class='ocrx_word' id='word_1_243' title='bbox 1940 2145 2033 2202; x_wconf 90' lang='lat' dir='ltr'><strong>Dei</strong></span> <span class='ocrx_word' id='word_1_244' title='bbox 2057 2153 2115 2200; x_wconf 86' lang='lat' dir='ltr'><strong>et</strong></span> <span class='ocrx_word' id='word_1_245' title='bbox 2152 2145 2438 2201; x_wconf 85' lang='lat' dir='ltr'><strong>salvatoris</strong></span> <span class='ocrx_word' id='word_1_246' title='bbox 2485 2147 2657 2204; x_wconf 88' lang='lat' dir='ltr'><strong>nostri</strong></span> <span class='ocrx_word' id='word_1_247' title='bbox 2709 2145 2835 2204; x_wconf 77' lang='lat' dir='ltr'><strong>Jesu</strong></span> <span class='ocrx_word' id='word_1_248' title='bbox 2890 2147 3116 2213; x_wconf 87' lang='lat' dir='ltr'><strong>Christi,</strong></span> <span class='ocrx_word' id='word_1_249' title='bbox 3160 2164 3375 2202; x_wconf 86' lang='lat' dir='ltr'><strong>annun-</strong></span> 
     </span>
    </p>
   </div>
   <div class='ocr_carea' id='block_1_34' title="bbox 114 2234 1668 2312">
    <p class='ocr_par' dir='ltr' id='par_1_34' title="bbox 114 2234 1668 2312">
     <span class='ocr_line' id='line_1_34' title="bbox 114 2234 1668 2312; baseline -0.002 -18"><span class='ocrx_word' id='word_1_250' title='bbox 114 2241 360 2312; x_wconf 78' lang='lat' dir='ltr'><strong>gaudium,</strong></span> <span class='ocrx_word' id='word_1_251' title='bbox 391 2240 787 2312; x_wconf 80' lang='lat' dir='ltr'><strong>longanimitas</strong></span> <span class='ocrx_word' id='word_1_252' title='bbox 807 2279 822 2304; x_wconf 95' lang='lat'><strong>,</strong></span> <span class='ocrx_word' id='word_1_253' title='bbox 848 2237 1258 2303; x_wconf 83' lang='lat' dir='ltr'><strong>misericordia,</strong></span> <span class='ocrx_word' id='word_1_254' title='bbox 1289 2252 1320 2291; x_wconf 85' lang='lat' dir='ltr'><strong>a</strong></span> <span class='ocrx_word' id='word_1_255' title='bbox 1364 2235 1475 2292; x_wconf 90' lang='lat' dir='ltr'><strong>Deo</strong></span> <span class='ocrx_word' id='word_1_256' title='bbox 1506 2234 1668 2291; x_wconf 85' lang='lat' dir='ltr'><strong>Patre</strong></span> 
     </span>
    </p>
   </div>
   <div class='ocr_carea' id='block_1_35' title="bbox 113 2326 1665 2404">
    <p class='ocr_par' dir='ltr' id='par_1_35' title="bbox 113 2326 1665 2404">
     <span class='ocr_line' id='line_1_35' title="bbox 113 2326 1665 2404; baseline -0.003 -17"><span class='ocrx_word' id='word_1_257' title='bbox 113 2335 441 2404; x_wconf 67' lang='lat' dir='ltr'><strong>omnipotente</strong></span> <span class='ocrx_word' id='word_1_258' title='bbox 481 2342 537 2389; x_wconf 90' lang='lat' dir='ltr'><strong>et</strong></span> <span class='ocrx_word' id='word_1_259' title='bbox 579 2331 706 2388; x_wconf 82' lang='lat' dir='ltr'><strong>Jesu</strong></span> <span class='ocrx_word' id='word_1_260' title='bbox 739 2331 959 2388; x_wconf 87' lang='lat' dir='ltr'><strong>Christo</strong></span> <span class='ocrx_word' id='word_1_261' title='bbox 984 2330 1125 2388; x_wconf 80' lang='lat' dir='ltr'><strong>Filio</strong></span> <span class='ocrx_word' id='word_1_262' title='bbox 1150 2329 1300 2401; x_wconf 84' lang='lat' dir='ltr'><strong>ejus,</strong></span> <span class='ocrx_word' id='word_1_263' title='bbox 1356 2338 1411 2385; x_wconf 87' lang='lat' dir='ltr'><strong>et</strong></span> <span class='ocrx_word' id='word_1_264' title='bbox 1458 2326 1665 2400; x_wconf 89' lang='lat' dir='ltr'><strong>Spirittt</strong></span> 
     </span>
    </p>
   </div>
   <div class='ocr_carea' id='block_1_36' title="bbox 114 2427 915 2487">
    <p class='ocr_par' dir='ltr' id='par_1_36' title="bbox 114 2427 915 2487">
     <span class='ocr_line' id='line_1_36' title="bbox 114 2427 915 2487; baseline -0.004 -3"><span class='ocrx_word' id='word_1_265' title='bbox 114 2439 270 2487; x_wconf 82' lang='lat' dir='ltr'><strong>sancto</strong></span> <span class='ocrx_word' id='word_1_266' title='bbox 296 2445 414 2486; x_wconf 91' lang='lat' dir='ltr'><strong>cum</strong></span> <span class='ocrx_word' id='word_1_267' title='bbox 444 2428 711 2484; x_wconf 87' lang='lat' dir='ltr'><strong>omnibus</strong></span> <span class='ocrx_word' id='word_1_268' title='bbox 742 2427 915 2482; x_wconf 84' lang='lat' dir='ltr'><strong>vobis.</strong></span> 
     </span>
    </p>
   </div>
   <div class='ocr_carea' id='block_1_37' title="bbox 166 2517 1666 2593">
    <p class='ocr_par' dir='ltr' id='par_1_37' title="bbox 166 2517 1666 2593">
     <span class='ocr_line' id='line_1_37' title="bbox 166 2517 1666 2593; baseline -0.003 -16"><span class='ocrx_word' id='word_1_269' title='bbox 166 2523 224 2577; x_wconf 71' lang='lat' dir='ltr'><strong>ila</strong></span> <span class='ocrx_word' id='word_1_270' title='bbox 249 2539 358 2593; x_wconf 71' lang='lat' dir='ltr'><strong>qum</strong></span> <span class='ocrx_word' id='word_1_271' title='bbox 394 2523 647 2579; x_wconf 81' lang='lat' dir='ltr'><strong>salvator</strong></span> <span class='ocrx_word' id='word_1_272' title='bbox 680 2531 736 2579; x_wconf 89' lang='lat' dir='ltr'><strong>et</strong></span> <span class='ocrx_word' id='word_1_273' title='bbox 778 2524 1091 2593; x_wconf 74' lang='lat' dir='ltr'><strong>redemptor</strong></span> <span class='ocrx_word' id='word_1_274' title='bbox 1126 2528 1347 2582; x_wconf 88' lang='lat' dir='ltr'><strong>noster,</strong></span> <span class='ocrx_word' id='word_1_275' title='bbox 1399 2517 1666 2573; x_wconf 84' lang='lat' dir='ltr'><strong>Dominus</strong></span> 
     </span>
    </p>
   </div>
   <div class='ocr_carea' id='block_1_38' title="bbox 112 2612 1668 2684">
    <p class='ocr_par' dir='ltr' id='par_1_38' title="bbox 112 2612 1668 2684">
     <span class='ocr_line' id='line_1_38' title="bbox 112 2612 1668 2684; baseline -0.001 -15"><span class='ocrx_word' id='word_1_276' title='bbox 112 2625 263 2672; x_wconf 72' lang='lat' dir='ltr'><strong>noster</strong></span> <span class='ocrx_word' id='word_1_277' title='bbox 283 2615 438 2673; x_wconf 78' lang='lat' dir='ltr'><strong>Jesus</strong></span> <span class='ocrx_word' id='word_1_278' title='bbox 475 2618 725 2673; x_wconf 88' lang='lat' dir='ltr'><strong>Christus</strong></span> <span class='ocrx_word' id='word_1_279' title='bbox 754 2616 1002 2671; x_wconf 87' lang='lat' dir='ltr'><strong>altissimi</strong></span> <span class='ocrx_word' id='word_1_280' title='bbox 1032 2615 1211 2671; x_wconf 86' lang='lat' dir='ltr'><strong>Patris</strong></span> <span class='ocrx_word' id='word_1_281' title='bbox 1231 2612 1402 2670; x_wconf 81' lang='lat' dir='ltr'><strong>Filius</strong></span> <span class='ocrx_word' id='word_1_282' title='bbox 1428 2626 1527 2684; x_wconf 87' lang='lat' dir='ltr'><strong>per</strong></span> <span class='ocrx_word' id='word_1_283' title='bbox 1541 2625 1668 2667; x_wconf 88' lang='lat' dir='ltr'><strong>suos</strong></span> 
     </span>
    </p>
   </div>
   <div class='ocr_carea' id='block_1_39' title="bbox 111 2706 1670 2781">
    <p class='ocr_par' dir='ltr' id='par_1_39' title="bbox 111 2706 1670 2781">
     <span class='ocr_line' id='line_1_39' title="bbox 111 2706 1670 2781; baseline -0.002 -18"><span class='ocrx_word' id='word_1_284' title='bbox 111 2720 288 2766; x_wconf 69' lang='lat' dir='ltr'><strong>sanctus</strong></span> <span class='ocrx_word' id='word_1_285' title='bbox 311 2710 596 2781; x_wconf 79' lang='lat' dir='ltr'><strong>apostolos</strong></span> <span class='ocrx_word' id='word_1_286' title='bbox 619 2709 842 2766; x_wconf 88' lang='lat' dir='ltr'><strong>Petrum</strong></span> <span class='ocrx_word' id='word_1_287' title='bbox 869 2718 924 2765; x_wconf 90' lang='lat' dir='ltr'><strong>et</strong></span> <span class='ocrx_word' id='word_1_288' title='bbox 966 2708 1193 2764; x_wconf 90' lang='lat' dir='ltr'><strong>Paulum</strong></span> <span class='ocrx_word' id='word_1_289' title='bbox 1215 2750 1229 2773; x_wconf 93' lang='lat'><strong>,</strong></span> <span class='ocrx_word' id='word_1_290' title='bbox 1271 2706 1670 2763; x_wconf 83' lang='lat' dir='ltr'><strong>interveniente</strong></span> 
     </span>
    </p>
   </div>
   <div class='ocr_carea' id='block_1_40' title="bbox 111 2800 1670 2876">
    <p class='ocr_par' dir='ltr' id='par_1_40' title="bbox 111 2800 1670 2876">
     <span class='ocr_line' id='line_1_40' title="bbox 111 2800 1670 2876; baseline -0.001 -19"><span class='ocrx_word' id='word_1_291' title='bbox 111 2800 238 2859; x_wconf 82' lang='lat' dir='ltr'><strong>Patre</strong></span> <span class='ocrx_word' id='word_1_292' title='bbox 261 2813 441 2861; x_wconf 85' lang='lat' dir='ltr'><strong>nostro</strong></span> <span class='ocrx_word' id='word_1_293' title='bbox 481 2804 781 2875; x_wconf 85' lang='lat' dir='ltr'><strong>Silvestro,</strong></span> <span class='ocrx_word' id='word_1_294' title='bbox 830 2820 1045 2860; x_wconf 90' lang='lat' dir='ltr'><strong>summo</strong></span> <span class='ocrx_word' id='word_1_295' title='bbox 1087 2802 1342 2876; x_wconf 91' lang='lat' dir='ltr'><strong>pontiﬁce</strong></span> <span class='ocrx_word' id='word_1_296' title='bbox 1366 2810 1423 2858; x_wconf 93' lang='lat' dir='ltr'><strong>ct</strong></span> <span class='ocrx_word' id='word_1_297' title='bbox 1452 2802 1670 2857; x_wconf 83' lang='lat' dir='ltr'><strong>univer-</strong></span> 
     </span>
    </p>
   </div>
   <div class='ocr_carea' id='block_1_41' title="bbox 112 2893 1670 2968">
    <p class='ocr_par' dir='ltr' id='par_1_41' title="bbox 112 2893 1670 2968">
     <span class='ocr_line' id='line_1_41' title="bbox 112 2893 1670 2968; baseline 0.002 -22"><span class='ocrx_word' id='word_1_298' title='bbox 112 2893 186 2947; x_wconf 85' lang='lat' dir='ltr'><strong>sali</strong></span> <span class='ocrx_word' id='word_1_299' title='bbox 212 2910 333 2967; x_wconf 86' lang='lat' dir='ltr'><strong>papa</strong></span> <span class='ocrx_word' id='word_1_300' title='bbox 369 2895 710 2952; x_wconf 87' lang='lat' dir='ltr'><strong>mirabiliter</strong></span> <span class='ocrx_word' id='word_1_301' title='bbox 745 2896 1000 2968; x_wconf 88' lang='lat' dir='ltr'><strong>dignatus</strong></span> <span class='ocrx_word' id='word_1_302' title='bbox 1045 2905 1128 2953; x_wconf 93' lang='lat' dir='ltr'><strong>est</strong></span> <span class='ocrx_word' id='word_1_303' title='bbox 1166 2895 1417 2968; x_wconf 90' lang='lat' dir='ltr'><strong>operari,</strong></span> <span class='ocrx_word' id='word_1_304' title='bbox 1466 2893 1670 2964; x_wconf 88' lang='lat' dir='ltr'><strong>liquida</strong></span> 
     </span>
    </p>
   </div>
   <div class='ocr_carea' id='block_1_42' title="bbox 111 2986 1672 3062">
    <p class='ocr_par' dir='ltr' id='par_1_42' title="bbox 111 2986 1672 3062">
     <span class='ocr_line' id='line_1_42' title="bbox 111 2986 1672 3062; baseline 0 -21"><span class='ocrx_word' id='word_1_305' title='bbox 111 2990 397 3055; x_wconf 81' lang='lat' dir='ltr'><strong>narratione,</strong></span> <span class='ocrx_word' id='word_1_306' title='bbox 428 3004 540 3062; x_wconf 74' lang='lat' dir='ltr'><strong>per</strong></span> <span class='ocrx_word' id='word_1_307' title='bbox 569 2988 961 3059; x_wconf 65' lang='lat' dir='ltr'><strong>hujus-nostrae</strong></span> <span class='ocrx_word' id='word_1_308' title='bbox 988 2989 1285 3062; x_wconf 88' lang='lat' dir='ltr'><strong>imperialis</strong></span> <span class='ocrx_word' id='word_1_309' title='bbox 1316 2986 1672 3046; x_wconf 89' lang='lat' dir='ltr'><strong>institutionis</strong></span> 
     </span>
    </p>
   </div>
   <div class='ocr_carea' id='block_1_43' title="bbox 111 3080 1668 3155">
    <p class='ocr_par' dir='ltr' id='par_1_43' title="bbox 111 3080 1668 3155">
     <span class='ocr_line' id='line_1_43' title="bbox 111 3080 1668 3155; baseline 0.004 -24"><span class='ocrx_word' id='word_1_310' title='bbox 111 3080 325 3151; x_wconf 77' lang='lat' dir='ltr'><strong>paginam</strong></span> <span class='ocrx_word' id='word_1_311' title='bbox 353 3123 369 3149; x_wconf 95' lang='lat'><strong>,</strong></span> <span class='ocrx_word' id='word_1_312' title='bbox 416 3083 492 3138; x_wconf 84' lang='lat' dir='ltr'><strong>ad</strong></span> <span class='ocrx_word' id='word_1_313' title='bbox 539 3083 906 3154; x_wconf 80' lang='lat' dir='ltr'><strong>cognitionem</strong></span> <span class='ocrx_word' id='word_1_314' title='bbox 949 3084 1192 3139; x_wconf 88' lang='lat' dir='ltr'><strong>omnium</strong></span> <span class='ocrx_word' id='word_1_315' title='bbox 1241 3083 1565 3155; x_wconf 90' lang='lat' dir='ltr'><strong>populorum</strong></span> <span class='ocrx_word' id='word_1_316' title='bbox 1612 3083 1668 3138; x_wconf 89' lang='lat' dir='ltr'><strong>in</strong></span> 
     </span>
    </p>
   </div>
   <div class='ocr_carea' id='block_1_44' title="bbox 115 3173 1670 3249">
    <p class='ocr_par' dir='ltr' id='par_1_44' title="bbox 115 3173 1670 3249">
     <span class='ocr_line' id='line_1_44' title="bbox 115 3173 1670 3249; baseline 0.005 -25"><span class='ocrx_word' id='word_1_317' title='bbox 115 3173 329 3231; x_wconf 83' lang='lat' dir='ltr'><strong>universo</strong></span> <span class='ocrx_word' id='word_1_318' title='bbox 370 3177 508 3232; x_wconf 88' lang='lat' dir='ltr'><strong>orbe</strong></span> <span class='ocrx_word' id='word_1_319' title='bbox 555 3185 825 3232; x_wconf 90' lang='lat' dir='ltr'><strong>terrarum</strong></span> <span class='ocrx_word' id='word_1_320' title='bbox 876 3176 1088 3232; x_wconf 88' lang='lat' dir='ltr'><strong>studuit</strong></span> <span class='ocrx_word' id='word_1_321' title='bbox 1139 3190 1441 3249; x_wconf 79' lang='lat' dir='ltr'><strong>propagare</strong></span> <span class='ocrx_word' id='word_1_322' title='bbox 1484 3184 1670 3231; x_wconf 85' lang='lat' dir='ltr'><strong>nostra</strong></span> 
     </span>
    </p>
   </div>
   <div class='ocr_carea' id='block_1_45' title="bbox 116 3270 1671 3339">
    <p class='ocr_par' dir='ltr' id='par_1_45' title="bbox 116 3270 1671 3339">
     <span class='ocr_line' id='line_1_45' title="bbox 116 3270 1671 3339; baseline 0.003 -20"><span class='ocrx_word' id='word_1_323' title='bbox 116 3272 517 3327; x_wconf 82' lang='lat' dir='ltr'><strong>ntausuetissima</strong></span> <span class='ocrx_word' id='word_1_324' title='bbox 550 3271 839 3327; x_wconf 78' lang='lat' dir='ltr'><strong>serenitas.</strong></span> <span class='ocrx_word' id='word_1_325' title='bbox 882 3270 1128 3326; x_wconf 90' lang='lat' dir='ltr'><strong>Primum</strong></span> <span class='ocrx_word' id='word_1_326' title='bbox 1168 3270 1386 3339; x_wconf 86' lang='lat' dir='ltr'><strong>quidem</strong></span> <span class='ocrx_word' id='word_1_327' title='bbox 1429 3276 1671 3324; x_wconf 90' lang='lat' dir='ltr'><strong>nostram</strong></span> 
     </span>
    </p>
   </div>
   <div class='ocr_carea' id='block_1_46' title="bbox 117 3358 1674 3436">
    <p class='ocr_par' dir='ltr' id='par_1_46' title="bbox 117 3358 1674 3436">
     <span class='ocr_line' id='line_1_46' title="bbox 117 3358 1674 3436; baseline 0.002 -22"><span class='ocrx_word' id='word_1_328' title='bbox 117 3358 265 3428; x_wconf 85' lang='lat' dir='ltr'><strong>ﬁdem,</strong></span> <span class='ocrx_word' id='word_1_329' title='bbox 292 3381 450 3434; x_wconf 89' lang='lat' dir='ltr'><strong>quam</strong></span> <span class='ocrx_word' id='word_1_330' title='bbox 488 3380 519 3419; x_wconf 88' lang='lat' dir='ltr'><strong>a</strong></span> <span class='ocrx_word' id='word_1_331' title='bbox 552 3364 779 3436; x_wconf 70' lang='lat' dir='ltr'><strong>prmiato</strong></span> <span class='ocrx_word' id='word_1_332' title='bbox 812 3362 1130 3420; x_wconf 89' lang='lat' dir='ltr'><strong>beatissimo</strong></span> <span class='ocrx_word' id='word_1_333' title='bbox 1155 3361 1323 3418; x_wconf 80' lang='lat' dir='ltr'><strong>Patre</strong></span> <span class='ocrx_word' id='word_1_334' title='bbox 1360 3369 1417 3417; x_wconf 86' lang='lat' dir='ltr'><strong>et</strong></span> <span class='ocrx_word' id='word_1_335' title='bbox 1455 3368 1674 3417; x_wconf 84' lang='lat' dir='ltr'><strong>oratore</strong></span> 
     </span>
    </p>
   </div>
   <div class='ocr_carea' id='block_1_47' title="bbox 116 3457 1669 3531">
    <p class='ocr_par' dir='ltr' id='par_1_47' title="bbox 116 3457 1669 3531">
     <span class='ocr_line' id='line_1_47' title="bbox 116 3457 1669 3531; baseline 0.004 -24"><span class='ocrx_word' id='word_1_336' title='bbox 116 3465 266 3512; x_wconf 83' lang='lat' dir='ltr'><strong>nostm</strong></span> <span class='ocrx_word' id='word_1_337' title='bbox 294 3458 561 3517; x_wconf 84' lang='lat' dir='ltr'><strong>Silvestro</strong></span> <span class='ocrx_word' id='word_1_338' title='bbox 608 3459 903 3515; x_wconf 83' lang='lat' dir='ltr'><strong>universali</strong></span> <span class='ocrx_word' id='word_1_339' title='bbox 951 3458 1207 3531; x_wconf 51' lang='lat' dir='ltr'><strong>pontiﬁci</strong></span> <span class='ocrx_word' id='word_1_340' title='bbox 1253 3457 1398 3514; x_wconf 92' lang='lat' dir='ltr'><strong>docti</strong></span> <span class='ocrx_word' id='word_1_341' title='bbox 1448 3472 1669 3523; x_wconf 91' lang='lat' dir='ltr'><strong>sumus,</strong></span> 
     </span>
    </p>
   </div>
   <div class='ocr_carea' id='block_1_48' title="bbox 75 3542 1745 3631">
    <p class='ocr_par' dir='ltr' id='par_1_48' title="bbox 75 3542 1745 3631">
     <span class='ocr_line' id='line_1_48' title="bbox 75 3542 1745 3631; baseline 0.005 -34"><span class='ocrx_word' id='word_1_342' title='bbox 75 3627 78 3631; x_wconf 9' lang='grc' dir='ltr'><strong>ῗ</strong></span> <span class='ocrx_word' id='word_1_343' title='bbox 118 3545 269 3604; x_wconf 81' lang='lat' dir='ltr'><strong>intima</strong></span> <span class='ocrx_word' id='word_1_344' title='bbox 311 3554 494 3608; x_wconf 81' lang='lat' dir='ltr'><strong>contis</strong></span> <span class='ocrx_word' id='word_1_345' title='bbox 537 3552 884 3608; x_wconf 75' lang='lat' dir='ltr'><strong>confessione</strong></span> <span class='ocrx_word' id='word_1_346' title='bbox 936 3553 1003 3608; x_wconf 86' lang='lat' dir='ltr'><strong>ad</strong></span> <span class='ocrx_word' id='word_1_347' title='bbox 1032 3550 1378 3608; x_wconf 89' lang='lat' dir='ltr'><strong>iustruendas</strong></span> <span class='ocrx_word' id='word_1_348' title='bbox 1427 3549 1671 3605; x_wconf 91' lang='lat' dir='ltr'><strong>omnium</strong></span> <span class='ocrx_word' id='word_1_349' title='bbox 1700 3542 1745 3605; x_wconf 91' lang='lat' dir='ltr'><strong>C</strong></span> 
     </span>
    </p>
   </div>
   <div class='ocr_carea' id='block_1_49' title="bbox 119 3634 1677 3718">
    <p class='ocr_par' dir='ltr' id='par_1_49' title="bbox 119 3634 1677 3718">
     <span class='ocr_line' id='line_1_49' title="bbox 119 3634 1677 3718; baseline 0.004 -23"><span class='ocrx_word' id='word_1_350' title='bbox 119 3650 314 3700; x_wconf 76' lang='lat' dir='ltr'><strong>vestrum</strong></span> <span class='ocrx_word' id='word_1_351' title='bbox 338 3657 554 3703; x_wconf 78' lang='lat' dir='ltr'><strong>mentes</strong></span> <span class='ocrx_word' id='word_1_352' title='bbox 576 3645 939 3718; x_wconf 82' lang='lat' dir='ltr'><strong>proferentes,</strong></span> <span class='ocrx_word' id='word_1_353' title='bbox 964 3655 1020 3703; x_wconf 91' lang='lat' dir='ltr'><strong>et</strong></span> <span class='ocrx_word' id='word_1_354' title='bbox 1049 3646 1120 3702; x_wconf 91' lang='lat' dir='ltr'><strong>ita</strong></span> <span class='ocrx_word' id='word_1_355' title='bbox 1146 3646 1362 3702; x_wconf 89' lang='lat' dir='ltr'><strong>demum</strong></span> <span class='ocrx_word' id='word_1_356' title='bbox 1399 3642 1493 3701; x_wconf 86' lang='lat' dir='ltr'><strong>Dei</strong></span> <span class='ocrx_word' id='word_1_357' title='bbox 1517 3634 1677 3702; x_wconf 82' lang='lat' dir='ltr'><strong>mise-</strong></span> 
     </span>
    </p>
   </div>
   <div class='ocr_carea' id='block_1_50' title="bbox 122 3729 1677 3808">
    <p class='ocr_par' dir='ltr' id='par_1_50' title="bbox 122 3729 1677 3808">
     <span class='ocr_line' id='line_1_50' title="bbox 122 3729 1677 3808; baseline 0.006 -26"><span class='ocrx_word' id='word_1_358' title='bbox 122 3729 363 3791; x_wconf 75' lang='lat' dir='ltr'><strong>ricordiam</strong></span> <span class='ocrx_word' id='word_1_359' title='bbox 411 3752 584 3808; x_wconf 87' lang='lat' dir='ltr'><strong>super</strong></span> <span class='ocrx_word' id='word_1_360' title='bbox 624 3753 720 3793; x_wconf 91' lang='lat' dir='ltr'><strong>vos</strong></span> <span class='ocrx_word' id='word_1_361' title='bbox 758 3736 1009 3794; x_wconf 74' lang='lat' dir='ltr'><strong>diliusam</strong></span> <span class='ocrx_word' id='word_1_362' title='bbox 1060 3739 1469 3794; x_wconf 85' lang='lat' dir='ltr'><strong>annuntiantcs.</strong></span> <span class='ocrx_word' id='word_1_363' title='bbox 1504 3736 1677 3793; x_wconf 85' lang='lat' dir='ltr'><strong>Nosse</strong></span> 
     </span>
    </p>
   </div>
   <div class='ocr_carea' id='block_1_51' title="bbox 118 3825 1674 3901">
    <p class='ocr_par' dir='ltr' id='par_1_51' title="bbox 118 3825 1674 3901">
     <span class='ocr_line' id='line_1_51' title="bbox 118 3825 1674 3901; baseline 0.005 -26"><span class='ocrx_word' id='word_1_364' title='bbox 118 3825 231 3880; x_wconf 82' lang='lat' dir='ltr'><strong>enim</strong></span> <span class='ocrx_word' id='word_1_365' title='bbox 263 3844 353 3885; x_wconf 82' lang='lat' dir='ltr'><strong>vos</strong></span> <span class='ocrx_word' id='word_1_366' title='bbox 385 3831 677 3896; x_wconf 86' lang='lat' dir='ltr'><strong>volumus,</strong></span> <span class='ocrx_word' id='word_1_367' title='bbox 724 3830 867 3886; x_wconf 88' lang='lat' dir='ltr'><strong>sicut</strong></span> <span class='ocrx_word' id='word_1_368' title='bbox 913 3845 1013 3901; x_wconf 91' lang='lat' dir='ltr'><strong>per</strong></span> <span class='ocrx_word' id='word_1_369' title='bbox 1049 3831 1379 3886; x_wconf 88' lang='lat' dir='ltr'><strong>anteriorem</strong></span> <span class='ocrx_word' id='word_1_370' title='bbox 1431 3837 1674 3885; x_wconf 88' lang='lat' dir='ltr'><strong>nostram</strong></span> 
     </span>
    </p>
   </div>
   <div class='ocr_carea' id='block_1_52' title="bbox 120 3921 1677 3995">
    <p class='ocr_par' dir='ltr' id='par_1_52' title="bbox 120 3921 1677 3995">
     <span class='ocr_line' id='line_1_52' title="bbox 120 3921 1677 3995; baseline 0.004 -25"><span class='ocrx_word' id='word_1_371' title='bbox 120 3930 290 3975; x_wconf 71' lang='lat' dir='ltr'><strong>sacram</strong></span> <span class='ocrx_word' id='word_1_372' title='bbox 318 3922 716 3995; x_wconf 74' lang='lat' dir='ltr'><strong>pragmaticum</strong></span> <span class='ocrx_word' id='word_1_373' title='bbox 744 3921 1045 3993; x_wconf 71' lang='lat' dir='ltr'><strong>iussionem</strong></span> <span class='ocrx_word' id='word_1_374' title='bbox 1084 3921 1542 3995; x_wconf 84' lang='lat' dir='ltr'><strong>signiﬁcavimus,</strong></span> <span class='ocrx_word' id='word_1_375' title='bbox 1574 3936 1677 3977; x_wconf 87' lang='lat' dir='ltr'><strong>nos</strong></span> 
     </span>
    </p>
   </div>
   <div class='ocr_carea' id='block_1_53' title="bbox 119 4012 1670 4077">
    <p class='ocr_par' dir='ltr' id='par_1_53' title="bbox 119 4012 1670 4077">
     <span class='ocr_line' id='line_1_53' title="bbox 119 4012 1670 4077; baseline 0.005 -17"><span class='ocrx_word' id='word_1_376' title='bbox 119 4022 141 4060; x_wconf 88' lang='lat' dir='ltr'><strong>a</strong></span> <span class='ocrx_word' id='word_1_377' title='bbox 160 4012 359 4068; x_wconf 90' lang='lat' dir='ltr'><strong>culturis</strong></span> <span class='ocrx_word' id='word_1_378' title='bbox 395 4015 668 4070; x_wconf 87' lang='lat' dir='ltr'><strong>idolorum</strong></span> <span class='ocrx_word' id='word_1_379' title='bbox 692 4056 706 4077; x_wconf 89' lang='lat'><strong>,</strong></span> <span class='ocrx_word' id='word_1_380' title='bbox 735 4013 1044 4070; x_wconf 87' lang='lat' dir='ltr'><strong>simulacris</strong></span> <span class='ocrx_word' id='word_1_381' title='bbox 1078 4015 1241 4069; x_wconf 90' lang='lat' dir='ltr'><strong>mutis</strong></span> <span class='ocrx_word' id='word_1_382' title='bbox 1269 4024 1326 4069; x_wconf 87' lang='lat' dir='ltr'><strong>et</strong></span> <span class='ocrx_word' id='word_1_383' title='bbox 1348 4013 1529 4070; x_wconf 91' lang='lat' dir='ltr'><strong>surdis</strong></span> <span class='ocrx_word' id='word_1_384' title='bbox 1559 4026 1670 4068; x_wconf 86' lang='lat' dir='ltr'><strong>ma-</strong></span> 
     </span>
    </p>
   </div>
   <div class='ocr_carea' id='block_1_54' title="bbox 119 4103 1673 4180">
    <p class='ocr_par' dir='ltr' id='par_1_54' title="bbox 119 4103 1673 4180">
     <span class='ocr_line' id='line_1_54' title="bbox 119 4103 1673 4180; baseline 0.006 -27"><span class='ocrx_word' id='word_1_385' title='bbox 119 4103 335 4172; x_wconf 81' lang='lat' dir='ltr'><strong>nuiactis,</strong></span> <span class='ocrx_word' id='word_1_386' title='bbox 355 4109 646 4166; x_wconf 87' lang='lat' dir='ltr'><strong>diabolieis</strong></span> <span class='ocrx_word' id='word_1_387' title='bbox 673 4109 1159 4179; x_wconf 89' lang='lat' dir='ltr'><strong>compositionibus</strong></span> <span class='ocrx_word' id='word_1_388' title='bbox 1195 4118 1356 4180; x_wconf 88' lang='lat' dir='ltr'><strong>atque</strong></span> <span class='ocrx_word' id='word_1_389' title='bbox 1383 4108 1451 4165; x_wconf 90' lang='lat' dir='ltr'><strong>ab</strong></span> <span class='ocrx_word' id='word_1_390' title='bbox 1492 4106 1673 4164; x_wconf 89' lang='lat' dir='ltr'><strong>omni-</strong></span> 
     </span>
    </p>
   </div>
   <div class='ocr_carea' id='block_1_55' title="bbox 120 4193 1673 4276">
    <p class='ocr_par' dir='ltr' id='par_1_55' title="bbox 120 4193 1673 4276">
     <span class='ocr_line' id='line_1_55' title="bbox 120 4193 1673 4276; baseline 0.01 -33"><span class='ocrx_word' id='word_1_391' title='bbox 120 4193 195 4250; x_wconf 86' lang='lat' dir='ltr'><strong>hus</strong></span> <span class='ocrx_word' id='word_1_392' title='bbox 216 4196 418 4256; x_wconf 74' lang='lat' dir='ltr'><strong>Satanae</strong></span> <span class='ocrx_word' id='word_1_393' title='bbox 444 4204 665 4272; x_wconf 88' lang='lat' dir='ltr'><strong>pompis</strong></span> <span class='ocrx_word' id='word_1_394' title='bbox 692 4201 1005 4266; x_wconf 87' lang='lat' dir='ltr'><strong>recessisse,</strong></span> <span class='ocrx_word' id='word_1_395' title='bbox 1038 4210 1089 4256; x_wconf 90' lang='lat' dir='ltr'><strong>et</strong></span> <span class='ocrx_word' id='word_1_396' title='bbox 1119 4202 1185 4257; x_wconf 90' lang='lat' dir='ltr'><strong>ad</strong></span> <span class='ocrx_word' id='word_1_397' title='bbox 1216 4203 1482 4276; x_wconf 88' lang='lat' dir='ltr'><strong>integram</strong></span> <span class='ocrx_word' id='word_1_398' title='bbox 1514 4200 1673 4271; x_wconf 80' lang='lat' dir='ltr'><strong>Chri-</strong></span> 
     </span>
    </p>
   </div>
   <div class='ocr_carea' id='block_1_56' title="bbox 120 4288 1673 4367">
    <p class='ocr_par' dir='ltr' id='par_1_56' title="bbox 120 4288 1673 4367">
     <span class='ocr_line' id='line_1_56' title="bbox 120 4288 1673 4367; baseline 0.011 -29"><span class='ocrx_word' id='word_1_399' title='bbox 120 4288 374 4348; x_wconf 81' lang='lat' dir='ltr'><strong>stianorum</strong></span> <span class='ocrx_word' id='word_1_400' title='bbox 406 4294 572 4349; x_wconf 83' lang='lat' dir='ltr'><strong>ﬁdem</strong></span> <span class='ocrx_word' id='word_1_401' title='bbox 603 4310 726 4366; x_wconf 75' lang='lat' dir='ltr'><strong>qum</strong></span> <span class='ocrx_word' id='word_1_402' title='bbox 767 4304 851 4351; x_wconf 90' lang='lat' dir='ltr'><strong>est</strong></span> <span class='ocrx_word' id='word_1_403' title='bbox 881 4309 1009 4349; x_wconf 89' lang='lat' dir='ltr'><strong>vera</strong></span> <span class='ocrx_word' id='word_1_404' title='bbox 1056 4294 1147 4349; x_wconf 77' lang='lat' dir='ltr'><strong>lux</strong></span> <span class='ocrx_word' id='word_1_405' title='bbox 1177 4304 1233 4351; x_wconf 89' lang='lat' dir='ltr'><strong>et</strong></span> <span class='ocrx_word' id='word_1_406' title='bbox 1268 4296 1379 4350; x_wconf 87' lang='lat' dir='ltr'><strong>vita</strong></span> <span class='ocrx_word' id='word_1_407' title='bbox 1410 4304 1673 4367; x_wconf 83' lang='lat' dir='ltr'><strong>perpetua</strong></span> 
     </span>
    </p>
   </div>
   <div class='ocr_carea' id='block_1_57' title="bbox 119 4385 1674 4458">
    <p class='ocr_par' dir='ltr' id='par_1_57' title="bbox 119 4385 1674 4458">
     <span class='ocr_line' id='line_1_57' title="bbox 119 4385 1674 4458; baseline 0.008 -25"><span class='ocrx_word' id='word_1_408' title='bbox 119 4385 414 4451; x_wconf 86' lang='lat' dir='ltr'><strong>pervenisse,</strong></span> <span class='ocrx_word' id='word_1_409' title='bbox 455 4386 746 4443; x_wconf 86' lang='lat' dir='ltr'><strong>credentes</strong></span> <span class='ocrx_word' id='word_1_410' title='bbox 770 4385 928 4458; x_wconf 82' lang='lat' dir='ltr'><strong>juxta</strong></span> <span class='ocrx_word' id='word_1_411' title='bbox 955 4388 1007 4442; x_wconf 91' lang='lat' dir='ltr'><strong>id</strong></span> <span class='ocrx_word' id='word_1_412' title='bbox 1035 4389 1178 4458; x_wconf 87' lang='lat' dir='ltr'><strong>quod</strong></span> <span class='ocrx_word' id='word_1_413' title='bbox 1219 4403 1318 4443; x_wconf 90' lang='lat' dir='ltr'><strong>nos</strong></span> <span class='ocrx_word' id='word_1_414' title='bbox 1342 4388 1484 4442; x_wconf 88' lang='lat' dir='ltr'><strong>idem</strong></span> <span class='ocrx_word' id='word_1_415' title='bbox 1518 4389 1674 4446; x_wconf 83' lang='lat' dir='ltr'><strong>almi-</strong></span> 
     </span>
    </p>
   </div>
   <div class='ocr_carea' id='block_1_58' title="bbox 123 4462 1674 4538">
    <p class='ocr_par' dir='ltr' id='par_1_58' title="bbox 123 4462 1674 4538">
     <span class='ocr_line' id='line_1_58' title="bbox 123 4462 1674 4538; baseline 0.011 -18"><span class='ocrx_word' id='word_1_416' title='bbox 123 4468 256 4538; x_wconf 87' lang='lat' dir='ltr'><strong>ﬁcus,</strong></span> <span class='ocrx_word' id='word_1_417' title='bbox 288 4462 533 4534; x_wconf 77' lang='lat' dir='ltr'><strong>summus</strong></span> <span class='ocrx_word' id='word_1_418' title='bbox 568 4477 731 4535; x_wconf 88' lang='lat' dir='ltr'><strong>Pater</strong></span> <span class='ocrx_word' id='word_1_419' title='bbox 763 4487 814 4534; x_wconf 75' lang='lat' dir='ltr'><strong>et</strong></span> <span class='ocrx_word' id='word_1_420' title='bbox 848 4479 1042 4535; x_wconf 89' lang='lat' dir='ltr'><strong>doctor</strong></span> <span class='ocrx_word' id='word_1_421' title='bbox 1069 4489 1257 4535; x_wconf 89' lang='lat' dir='ltr'><strong>noster</strong></span> <span class='ocrx_word' id='word_1_422' title='bbox 1298 4480 1562 4537; x_wconf 88' lang='lat' dir='ltr'><strong>Silvester</strong></span> <span class='ocrx_word' id='word_1_423' title='bbox 1592 4482 1674 4537; x_wconf 85' lang='lat' dir='ltr'><strong>in-</strong></span> 
     </span>
    </p>
   </div>
   <div class='ocr_carea' id='block_1_59' title="bbox 120 4565 1675 4641">
    <p class='ocr_par' dir='ltr' id='par_1_59' title="bbox 120 4565 1675 4641">
     <span class='ocr_line' id='line_1_59' title="bbox 120 4565 1675 4641; baseline 0.008 -28"><span class='ocrx_word' id='word_1_424' title='bbox 120 4565 281 4619; x_wconf 73' lang='lat' dir='ltr'><strong>struxit</strong></span> <span class='ocrx_word' id='word_1_425' title='bbox 308 4568 571 4638; x_wconf 79' lang='lat' dir='ltr'><strong>pontifex,</strong></span> <span class='ocrx_word' id='word_1_426' title='bbox 603 4572 655 4625; x_wconf 84' lang='lat' dir='ltr'><strong>in</strong></span> <span class='ocrx_word' id='word_1_427' title='bbox 681 4570 846 4625; x_wconf 88' lang='lat' dir='ltr'><strong>Deum</strong></span> <span class='ocrx_word' id='word_1_428' title='bbox 874 4567 1085 4626; x_wconf 83' lang='lat' dir='ltr'><strong>Patrem</strong></span> <span class='ocrx_word' id='word_1_429' title='bbox 1110 4572 1536 4641; x_wconf 79' lang='lat' dir='ltr'><strong>omnipotentem,</strong></span> <span class='ocrx_word' id='word_1_430' title='bbox 1560 4571 1675 4639; x_wconf 83' lang='lat' dir='ltr'><strong>fac-</strong></span> 
     </span>
    </p>
   </div>
   <div class='ocr_carea' id='block_1_60' title="bbox 121 4660 1671 4727">
    <p class='ocr_par' dir='ltr' id='par_1_60' title="bbox 121 4660 1671 4727">
     <span class='ocr_line' id='line_1_60' title="bbox 121 4660 1671 4727; baseline 0.01 -25"><span class='ocrx_word' id='word_1_431' title='bbox 121 4660 254 4711; x_wconf 85' lang='lat' dir='ltr'><strong>torem</strong></span> <span class='ocrx_word' id='word_1_432' title='bbox 285 4661 393 4715; x_wconf 72' lang='lat' dir='ltr'><strong>caeli</strong></span> <span class='ocrx_word' id='word_1_433' title='bbox 417 4673 466 4718; x_wconf 77' lang='lat' dir='ltr'><strong>et</strong></span> <span class='ocrx_word' id='word_1_434' title='bbox 504 4674 689 4727; x_wconf 73' lang='lat' dir='ltr'><strong>terrm,</strong></span> <span class='ocrx_word' id='word_1_435' title='bbox 737 4662 1020 4718; x_wconf 77' lang='lat' dir='ltr'><strong>visibilium</strong></span> <span class='ocrx_word' id='word_1_436' title='bbox 1072 4664 1306 4717; x_wconf 84' lang='lat' dir='ltr'><strong>omnium</strong></span> <span class='ocrx_word' id='word_1_437' title='bbox 1355 4671 1402 4716; x_wconf 85' lang='lat' dir='ltr'><strong>et</strong></span> <span class='ocrx_word' id='word_1_438' title='bbox 1435 4662 1671 4717; x_wconf 80' lang='lat' dir='ltr'><strong>inuisibi-</strong></span> 
     </span>
    </p>
   </div>
   <div class='ocr_carea' id='block_1_61' title="bbox 122 4742 1671 4825">
    <p class='ocr_par' dir='ltr' id='par_1_61' title="bbox 122 4742 1671 4825">
     <span class='ocr_line' id='line_1_61' title="bbox 122 4742 1671 4825; baseline 0.006 -26"><span class='ocrx_word' id='word_1_439' title='bbox 122 4742 243 4800; x_wconf 66' lang='lat' dir='ltr'><strong>Nttttt.</strong></span> <span class='ocrx_word' id='word_1_440' title='bbox 276 4749 341 4803; x_wconf 80' lang='lat' dir='ltr'><strong>Et</strong></span> <span class='ocrx_word' id='word_1_441' title='bbox 378 4753 435 4807; x_wconf 87' lang='lat' dir='ltr'><strong>in</strong></span> <span class='ocrx_word' id='word_1_442' title='bbox 465 4752 649 4807; x_wconf 84' lang='lat' dir='ltr'><strong>Jesum</strong></span> <span class='ocrx_word' id='word_1_443' title='bbox 675 4752 945 4808; x_wconf 78' lang='lat' dir='ltr'><strong>Christum</strong></span> <span class='ocrx_word' id='word_1_444' title='bbox 976 4751 1172 4807; x_wconf 80' lang='lat' dir='ltr'><strong>Filium</strong></span> <span class='ocrx_word' id='word_1_445' title='bbox 1198 4753 1315 4824; x_wconf 89' lang='lat' dir='ltr'><strong>ejus</strong></span> <span class='ocrx_word' id='word_1_446' title='bbox 1343 4754 1671 4825; x_wconf 79' lang='lat' dir='ltr'><strong>unigenitum</strong></span> 
     </span>
    </p>
   </div>
   <div class='ocr_carea' id='block_1_62' title="bbox 125 4832 1670 4917">
    <p class='ocr_par' dir='ltr' id='par_1_62' title="bbox 125 4832 1670 4917">
     <span class='ocr_line' id='line_1_62' title="bbox 125 4832 1670 4917; baseline 0.008 -31"><span class='ocrx_word' id='word_1_447' title='bbox 125 4832 364 4896; x_wconf 75' lang='lat' dir='ltr'><strong>Dominum</strong></span> <span class='ocrx_word' id='word_1_448' title='bbox 404 4855 646 4900; x_wconf 78' lang='lat' dir='ltr'><strong>nostrum</strong></span> <span class='ocrx_word' id='word_1_449' title='bbox 666 4887 679 4912; x_wconf 98' lang='lat'><strong>,</strong></span> <span class='ocrx_word' id='word_1_450' title='bbox 712 4862 804 4915; x_wconf 85' lang='lat' dir='ltr'><strong>per</strong></span> <span class='ocrx_word' id='word_1_451' title='bbox 832 4861 985 4917; x_wconf 82' lang='lat' dir='ltr'><strong>quem</strong></span> <span class='ocrx_word' id='word_1_452' title='bbox 1009 4853 1185 4899; x_wconf 84' lang='lat' dir='ltr'><strong>creata</strong></span> <span class='ocrx_word' id='word_1_453' title='bbox 1217 4836 1336 4899; x_wconf 78' lang='lat' dir='ltr'><strong>sunt</strong></span> <span class='ocrx_word' id='word_1_454' title='bbox 1369 4846 1564 4898; x_wconf 88' lang='lat' dir='ltr'><strong>omnia.</strong></span> <span class='ocrx_word' id='word_1_455' title='bbox 1602 4843 1670 4898; x_wconf 87' lang='lat' dir='ltr'><strong>Et</strong></span> 
     </span>
    </p>
   </div>
   <div class='ocr_carea' id='block_1_63' title="bbox 122 4918 1753 5008">
    <p class='ocr_par' dir='ltr' id='par_1_63' title="bbox 122 4918 1753 5008">
     <span class='ocr_line' id='line_1_63' title="bbox 122 4918 1753 5008; baseline 0.004 -21"><span class='ocrx_word' id='word_1_456' title='bbox 122 4928 163 4983; x_wconf 73' lang='grc' dir='ltr'><strong>ξπ</strong></span> <span class='ocrx_word' id='word_1_457' title='bbox 189 4930 429 5003; x_wconf 81' lang='lat' dir='ltr'><strong>Spiritum</strong></span> <span class='ocrx_word' id='word_1_458' title='bbox 460 4952 695 4994; x_wconf 78' lang='lat' dir='ltr'><strong>sanctum</strong></span> <span class='ocrx_word' id='word_1_459' title='bbox 731 4939 1014 4995; x_wconf 87' lang='lat' dir='ltr'><strong>Dominum</strong></span> <span class='ocrx_word' id='word_1_460' title='bbox 1035 4981 1047 5002; x_wconf 95' lang='lat'><strong>,</strong></span> <span class='ocrx_word' id='word_1_461' title='bbox 1079 4950 1125 4993; x_wconf 90' lang='lat' dir='ltr'><strong>et</strong></span> <span class='ocrx_word' id='word_1_462' title='bbox 1148 4940 1522 5008; x_wconf 76' lang='lat' dir='ltr'><strong>uiuiﬁcatorem</strong></span> <span class='ocrx_word' id='word_1_463' title='bbox 1551 4939 1673 4993; x_wconf 85' lang='lat' dir='ltr'><strong>uni-</strong></span> <span class='ocrx_word' id='word_1_464' title='bbox 1700 4918 1753 4978; x_wconf 82' lang='lat' dir='ltr'><strong>D</strong></span> 
     </span>
    </p>
   </div>
   <div class='ocr_carea' id='block_1_64' title="bbox 122 5030 1673 5102">
    <p class='ocr_par' dir='ltr' id='par_1_64' title="bbox 122 5030 1673 5102">
     <span class='ocr_line' id='line_1_64' title="bbox 122 5030 1673 5102; baseline 0.01 -31"><span class='ocrx_word' id='word_1_465' title='bbox 122 5036 253 5081; x_wconf 62' lang='lat' dir='ltr'><strong>reme</strong></span> <span class='ocrx_word' id='word_1_466' title='bbox 271 5042 522 5087; x_wconf 66' lang='lat' dir='ltr'><strong>creature</strong></span> <span class='ocrx_word' id='word_1_467' title='bbox 541 5075 554 5098; x_wconf 95' lang='lat'><strong>,</strong></span> <span class='ocrx_word' id='word_1_468' title='bbox 580 5035 675 5087; x_wconf 79' lang='lat' dir='ltr'><strong>Iros</strong></span> <span class='ocrx_word' id='word_1_469' title='bbox 712 5032 927 5086; x_wconf 83' lang='lat' dir='ltr'><strong>Patrem</strong></span> <span class='ocrx_word' id='word_1_470' title='bbox 967 5041 1015 5085; x_wconf 87' lang='lat' dir='ltr'><strong>et</strong></span> <span class='ocrx_word' id='word_1_471' title='bbox 1060 5030 1261 5085; x_wconf 83' lang='lat' dir='ltr'><strong>Filium</strong></span> <span class='ocrx_word' id='word_1_472' title='bbox 1290 5074 1303 5096; x_wconf 95' lang='lat'><strong>,</strong></span> <span class='ocrx_word' id='word_1_473' title='bbox 1337 5041 1387 5086; x_wconf 82' lang='lat' dir='ltr'><strong>et</strong></span> <span class='ocrx_word' id='word_1_474' title='bbox 1415 5031 1673 5102; x_wconf 79' lang='lat' dir='ltr'><strong>Spiritum</strong></span> 
     </span>
    </p>
   </div>
   <div class='ocr_carea' id='block_1_65' title="bbox 123 5122 1674 5195">
    <p class='ocr_par' dir='ltr' id='par_1_65' title="bbox 123 5122 1674 5195">
     <span class='ocr_line' id='line_1_65' title="bbox 123 5122 1674 5195; baseline 0.006 -26"><span class='ocrx_word' id='word_1_475' title='bbox 123 5129 326 5176; x_wconf 70' lang='lat' dir='ltr'><strong>sanctum</strong></span> <span class='ocrx_word' id='word_1_476' title='bbox 365 5126 696 5195; x_wconf 82' lang='lat' dir='ltr'><strong>conﬁtemur,</strong></span> <span class='ocrx_word' id='word_1_477' title='bbox 726 5126 800 5179; x_wconf 88' lang='lat' dir='ltr'><strong>ita</strong></span> <span class='ocrx_word' id='word_1_478' title='bbox 837 5137 890 5177; x_wconf 86' lang='lat' dir='ltr'><strong>ut</strong></span> <span class='ocrx_word' id='word_1_479' title='bbox 922 5125 975 5179; x_wconf 83' lang='lat' dir='ltr'><strong>in</strong></span> <span class='ocrx_word' id='word_1_480' title='bbox 1018 5122 1277 5178; x_wconf 81' lang='lat' dir='ltr'><strong>Trinitate</strong></span> <span class='ocrx_word' id='word_1_481' title='bbox 1309 5124 1539 5194; x_wconf 76' lang='lat' dir='ltr'><strong>perfecta</strong></span> <span class='ocrx_word' id='word_1_482' title='bbox 1565 5165 1579 5189; x_wconf 95' lang='lat'><strong>,</strong></span> <span class='ocrx_word' id='word_1_483' title='bbox 1627 5132 1674 5178; x_wconf 85' lang='lat' dir='ltr'><strong>et</strong></span> 
     </span>
    </p>
   </div>
   <div class='ocr_carea' id='block_1_66' title="bbox 123 5207 1678 5285">
    <p class='ocr_par' dir='ltr' id='par_1_66' title="bbox 123 5207 1678 5285">
     <span class='ocr_line' id='line_1_66' title="bbox 123 5207 1678 5285; baseline 0.005 -24"><span class='ocrx_word' id='word_1_484' title='bbox 123 5207 356 5270; x_wconf 70' lang='lat' dir='ltr'><strong>plenitudo</strong></span> <span class='ocrx_word' id='word_1_485' title='bbox 394 5218 459 5271; x_wconf 80' lang='lat' dir='ltr'><strong>sit</strong></span> <span class='ocrx_word' id='word_1_486' title='bbox 492 5217 781 5270; x_wconf 80' lang='lat' dir='ltr'><strong>divinitatis</strong></span> <span class='ocrx_word' id='word_1_487' title='bbox 809 5257 823 5279; x_wconf 95' lang='lat'><strong>,</strong></span> <span class='ocrx_word' id='word_1_488' title='bbox 875 5226 921 5269; x_wconf 84' lang='lat' dir='ltr'><strong>et</strong></span> <span class='ocrx_word' id='word_1_489' title='bbox 965 5215 1142 5269; x_wconf 81' lang='lat' dir='ltr'><strong>unitas</strong></span> <span class='ocrx_word' id='word_1_490' title='bbox 1179 5216 1476 5285; x_wconf 81' lang='lat' dir='ltr'><strong>potestatis,</strong></span> <span class='ocrx_word' id='word_1_491' title='bbox 1510 5213 1678 5269; x_wconf 83' lang='lat' dir='ltr'><strong>Pater</strong></span> 
     </span>
    </p>
   </div>
   <div class='ocr_carea' id='block_1_67' title="bbox 125 5301 1677 5379">
    <p class='ocr_par' dir='ltr' id='par_1_67' title="bbox 125 5301 1677 5379">
     <span class='ocr_line' id='line_1_67' title="bbox 125 5301 1677 5379; baseline 0 -18"><span class='ocrx_word' id='word_1_492' title='bbox 125 5301 258 5373; x_wconf 69' lang='lat' dir='ltr'><strong>Deus,</strong></span> <span class='ocrx_word' id='word_1_493' title='bbox 288 5308 457 5365; x_wconf 78' lang='lat' dir='ltr'><strong>Filius</strong></span> <span class='ocrx_word' id='word_1_494' title='bbox 489 5311 648 5376; x_wconf 82' lang='lat' dir='ltr'><strong>Deus,</strong></span> <span class='ocrx_word' id='word_1_495' title='bbox 682 5321 728 5364; x_wconf 91' lang='lat' dir='ltr'><strong>et</strong></span> <span class='ocrx_word' id='word_1_496' title='bbox 763 5309 994 5379; x_wconf 82' lang='lat' dir='ltr'><strong>Spiritus</strong></span> <span class='ocrx_word' id='word_1_497' title='bbox 1022 5316 1237 5363; x_wconf 81' lang='lat' dir='ltr'><strong>sanctus</strong></span> <span class='ocrx_word' id='word_1_498' title='bbox 1265 5307 1406 5362; x_wconf 86' lang='lat' dir='ltr'><strong>Deus</strong></span> <span class='ocrx_word' id='word_1_499' title='bbox 1427 5349 1443 5374; x_wconf 91' lang='lat'><strong>,</strong></span> <span class='ocrx_word' id='word_1_500' title='bbox 1480 5317 1529 5362; x_wconf 88' lang='lat' dir='ltr'><strong>et</strong></span> <span class='ocrx_word' id='word_1_501' title='bbox 1573 5317 1677 5361; x_wconf 88' lang='lat' dir='ltr'><strong>tres</strong></span> 
     </span>
    </p>
   </div>
   <div class='ocr_carea' id='block_1_68' title="bbox 125 5402 1677 5474">
    <p class='ocr_par' dir='ltr' id='par_1_68' title="bbox 125 5402 1677 5474">
     <span class='ocr_line' id='line_1_68' title="bbox 125 5402 1677 5474; baseline 0.005 -24"><span class='ocrx_word' id='word_1_502' title='bbox 125 5413 259 5456; x_wconf 73' lang='lat' dir='ltr'><strong>unum</strong></span> <span class='ocrx_word' id='word_1_503' title='bbox 280 5417 394 5459; x_wconf 81' lang='lat' dir='ltr'><strong>sunt</strong></span> <span class='ocrx_word' id='word_1_504' title='bbox 419 5407 472 5462; x_wconf 85' lang='lat' dir='ltr'><strong>in</strong></span> <span class='ocrx_word' id='word_1_505' title='bbox 504 5405 635 5461; x_wconf 76' lang='lat' dir='ltr'><strong>Iesu</strong></span> <span class='ocrx_word' id='word_1_506' title='bbox 662 5403 891 5461; x_wconf 80' lang='lat' dir='ltr'><strong>Christo.</strong></span> <span class='ocrx_word' id='word_1_507' title='bbox 945 5403 1083 5460; x_wconf 88' lang='lat' dir='ltr'><strong>Tres</strong></span> <span class='ocrx_word' id='word_1_508' title='bbox 1110 5403 1293 5474; x_wconf 86' lang='lat' dir='ltr'><strong>itaque</strong></span> <span class='ocrx_word' id='word_1_509' title='bbox 1324 5402 1512 5457; x_wconf 68' lang='lat' dir='ltr'><strong>forma:</strong></span> <span class='ocrx_word' id='word_1_510' title='bbox 1538 5442 1550 5467; x_wconf 72' lang='lat'><strong>,</strong></span> <span class='ocrx_word' id='word_1_511' title='bbox 1581 5403 1677 5457; x_wconf 84' lang='lat' dir='ltr'><strong>sed</strong></span> 
     </span>
    </p>
   </div>
   <div class='ocr_carea' id='block_1_69' title="bbox 127 5496 1676 5569">
    <p class='ocr_par' dir='ltr' id='par_1_69' title="bbox 127 5496 1676 5569">
     <span class='ocr_line' id='line_1_69' title="bbox 127 5496 1676 5569; baseline 0.005 -26"><span class='ocrx_word' id='word_1_512' title='bbox 127 5506 212 5548; x_wconf 88' lang='lat' dir='ltr'><strong>una</strong></span> <span class='ocrx_word' id='word_1_513' title='bbox 262 5509 516 5568; x_wconf 87' lang='lat' dir='ltr'><strong>potestas.</strong></span> <span class='ocrx_word' id='word_1_514' title='bbox 577 5498 709 5554; x_wconf 83' lang='lat' dir='ltr'><strong>Nam</strong></span> <span class='ocrx_word' id='word_1_515' title='bbox 768 5501 985 5569; x_wconf 80' lang='lat' dir='ltr'><strong>sapiens</strong></span> <span class='ocrx_word' id='word_1_516' title='bbox 1049 5505 1195 5553; x_wconf 88' lang='lat' dir='ltr'><strong>retro</strong></span> <span class='ocrx_word' id='word_1_517' title='bbox 1251 5512 1469 5567; x_wconf 87' lang='lat' dir='ltr'><strong>semper</strong></span> <span class='ocrx_word' id='word_1_518' title='bbox 1534 5496 1676 5551; x_wconf 89' lang='lat' dir='ltr'><strong>Deus</strong></span> 
     </span>
    </p>
   </div>
   <div class='ocr_carea' id='block_1_70' title="bbox 127 5584 1676 5662">
    <p class='ocr_par' dir='ltr' id='par_1_70' title="bbox 127 5584 1676 5662">
     <span class='ocr_line' id='line_1_70' title="bbox 127 5584 1676 5662; baseline 0.003 -26"><span class='ocrx_word' id='word_1_519' title='bbox 127 5584 267 5641; x_wconf 79' lang='lat' dir='ltr'><strong>edidit</strong></span> <span class='ocrx_word' id='word_1_520' title='bbox 322 5602 388 5643; x_wconf 75' lang='lat' dir='ltr'><strong>ex</strong></span> <span class='ocrx_word' id='word_1_521' title='bbox 436 5606 528 5655; x_wconf 87' lang='lat' dir='ltr'><strong>sc,</strong></span> <span class='ocrx_word' id='word_1_522' title='bbox 585 5588 682 5662; x_wconf 78' lang='lat' dir='ltr'><strong>per</strong></span> <span class='ocrx_word' id='word_1_523' title='bbox 740 5588 882 5660; x_wconf 86' lang='lat' dir='ltr'><strong>quod</strong></span> <span class='ocrx_word' id='word_1_524' title='bbox 939 5603 1155 5660; x_wconf 89' lang='lat' dir='ltr'><strong>semper</strong></span> <span class='ocrx_word' id='word_1_525' title='bbox 1206 5596 1366 5643; x_wconf 85' lang='lat' dir='ltr'><strong>erant</strong></span> <span class='ocrx_word' id='word_1_526' title='bbox 1410 5587 1676 5660; x_wconf 83' lang='lat' dir='ltr'><strong>gignenda</strong></span> 
     </span>
    </p>
   </div>
   <div class='ocr_carea' id='block_1_71' title="bbox 128 5678 1679 5753">
    <p class='ocr_par' dir='ltr' id='par_1_71' title="bbox 128 5678 1679 5753">
     <span class='ocr_line' id='line_1_71' title="bbox 128 5678 1679 5753; baseline 0.005 -27"><span class='ocrx_word' id='word_1_527' title='bbox 128 5678 315 5744; x_wconf 62' lang='lat' dir='ltr'><strong>sucula,</strong></span> <span class='ocrx_word' id='word_1_528' title='bbox 371 5681 621 5737; x_wconf 80' lang='lat' dir='ltr'><strong>Verbum.</strong></span> <span class='ocrx_word' id='word_1_529' title='bbox 693 5682 790 5748; x_wconf 89' lang='lat' dir='ltr'><strong>Et,</strong></span> <span class='ocrx_word' id='word_1_530' title='bbox 845 5682 1062 5753; x_wconf 87' lang='lat' dir='ltr'><strong>quando</strong></span> <span class='ocrx_word' id='word_1_531' title='bbox 1135 5681 1326 5737; x_wconf 89' lang='lat' dir='ltr'><strong>eodem</strong></span> <span class='ocrx_word' id='word_1_532' title='bbox 1401 5679 1517 5735; x_wconf 91' lang='lat' dir='ltr'><strong>solo</strong></span> <span class='ocrx_word' id='word_1_533' title='bbox 1568 5694 1679 5734; x_wconf 77' lang='lat' dir='ltr'><strong>sum</strong></span> 
     </span>
    </p>
   </div>
   <div class='ocr_carea' id='block_1_72' title="bbox 132 5770 1680 5837">
    <p class='ocr_par' dir='ltr' id='par_1_72' title="bbox 132 5770 1680 5837">
     <span class='ocr_line' id='line_1_72' title="bbox 132 5770 1680 5837; baseline 0.001 -12"><span class='ocrx_word' id='word_1_534' title='bbox 132 5770 380 5837; x_wconf 72' lang='lat' dir='ltr'><strong>Sapientia:</strong></span> <span class='ocrx_word' id='word_1_535' title='bbox 437 5777 608 5832; x_wconf 86' lang='lat' dir='ltr'><strong>Verbo</strong></span> <span class='ocrx_word' id='word_1_536' title='bbox 669 5777 982 5832; x_wconf 84' lang='lat' dir='ltr'><strong>universam</strong></span> <span class='ocrx_word' id='word_1_537' title='bbox 1052 5792 1118 5831; x_wconf 83' lang='lat' dir='ltr'><strong>ex</strong></span> <span class='ocrx_word' id='word_1_538' title='bbox 1188 5773 1359 5830; x_wconf 88' lang='lat' dir='ltr'><strong>nihilo</strong></span> <span class='ocrx_word' id='word_1_539' title='bbox 1423 5771 1680 5829; x_wconf 77' lang='lat' dir='ltr'><strong>formavit</strong></span> 
     </span>
    </p>
   </div>
   <div class='ocr_carea' id='block_1_73' title="bbox 130 5871 1678 5934">
    <p class='ocr_par' dir='ltr' id='par_1_73' title="bbox 130 5871 1678 5934">
     <span class='ocr_line' id='line_1_73' title="bbox 130 5871 1678 5934; baseline 0.006 -22"><span class='ocrx_word' id='word_1_540' title='bbox 130 5871 438 5934; x_wconf 76' lang='lat' dir='ltr'><strong>creaturam,</strong></span> <span class='ocrx_word' id='word_1_541' title='bbox 504 5885 623 5925; x_wconf 92' lang='lat' dir='ltr'><strong>cum</strong></span> <span class='ocrx_word' id='word_1_542' title='bbox 697 5885 763 5925; x_wconf 91' lang='lat' dir='ltr'><strong>eo</strong></span> <span class='ocrx_word' id='word_1_543' title='bbox 839 5878 960 5925; x_wconf 89' lang='lat' dir='ltr'><strong>erat</strong></span> <span class='ocrx_word' id='word_1_544' title='bbox 1034 5877 1230 5924; x_wconf 87' lang='lat' dir='ltr'><strong>cuncta</strong></span> <span class='ocrx_word' id='word_1_545' title='bbox 1300 5881 1400 5923; x_wconf 89' lang='lat' dir='ltr'><strong>suo</strong></span> <span class='ocrx_word' id='word_1_546' title='bbox 1477 5881 1678 5921; x_wconf 86' lang='lat' dir='ltr'><strong>arcano</strong></span> 
     </span>
    </p>
   </div>
   <div class='ocr_carea' id='block_1_74' title="bbox 132 5957 1675 6045">
    <p class='ocr_par' dir='ltr' id='par_1_74' title="bbox 132 5957 1675 6045">
     <span class='ocr_line' id='line_1_74' title="bbox 132 5957 1675 6045; baseline 0 -29"><span class='ocrx_word' id='word_1_547' title='bbox 132 5964 428 6037; x_wconf 78' lang='lat' dir='ltr'><strong>c0mponens</strong></span> <span class='ocrx_word' id='word_1_548' title='bbox 486 5962 778 6043; x_wconf 84' lang='lat' dir='ltr'><strong>mysterio,</strong></span> <span class='ocrx_word' id='word_1_549' title='bbox 851 5960 1020 6043; x_wconf 83' lang='lat' dir='ltr'><strong>igitur</strong></span> <span class='ocrx_word' id='word_1_550' title='bbox 1088 5958 1346 6045; x_wconf 81' lang='lat' dir='ltr'><strong>perfectis</strong></span> <span class='ocrx_word' id='word_1_551' title='bbox 1409 5957 1675 6021; x_wconf 67' lang='lat' dir='ltr'><strong>enatorum</strong></span> 
     </span>
    </p>
   </div>
   <div class='ocr_carea' id='block_1_75' title="bbox 1771 2238 3374 2311">
    <p class='ocr_par' dir='ltr' id='par_1_75' title="bbox 1771 2238 3374 2311">
     <span class='ocr_line' id='line_1_75' title="bbox 1771 2238 3374 2311; baseline -0.003 -16"><span class='ocrx_word' id='word_1_552' title='bbox 1771 2241 1912 2295; x_wconf 88' lang='lat' dir='ltr'><strong>tians</strong></span> <span class='ocrx_word' id='word_1_553' title='bbox 1948 2240 2096 2294; x_wconf 87' lang='lat' dir='ltr'><strong>misit</strong></span> <span class='ocrx_word' id='word_1_554' title='bbox 2126 2241 2374 2296; x_wconf 89' lang='lat' dir='ltr'><strong>eumdem</strong></span> <span class='ocrx_word' id='word_1_555' title='bbox 2416 2239 2754 2311; x_wconf 79' lang='lat' dir='ltr'><strong>unigenitum</strong></span> <span class='ocrx_word' id='word_1_556' title='bbox 2781 2238 2978 2296; x_wconf 86' lang='lat' dir='ltr'><strong>Filium</strong></span> <span class='ocrx_word' id='word_1_557' title='bbox 3023 2255 3179 2297; x_wconf 90' lang='lat' dir='ltr'><strong>suum</strong></span> <span class='ocrx_word' id='word_1_558' title='bbox 3207 2248 3261 2293; x_wconf 89' lang='lat' dir='ltr'><strong>et</strong></span> <span class='ocrx_word' id='word_1_559' title='bbox 3287 2253 3374 2292; x_wconf 87' lang='lat' dir='ltr'><strong>sa-</strong></span> 
     </span>
    </p>
   </div>
   <div class='ocr_carea' id='block_1_76' title="bbox 1767 2329 3374 2411">
    <p class='ocr_par' dir='ltr' id='par_1_76' title="bbox 1767 2329 3374 2411">
     <span class='ocr_line' id='line_1_76' title="bbox 1767 2329 3374 2411; baseline -0.002 -23"><span class='ocrx_word' id='word_1_560' title='bbox 1767 2332 1988 2411; x_wconf 58' lang='lat' dir='ltr'><strong>pientiae</strong></span> <span class='ocrx_word' id='word_1_561' title='bbox 2011 2329 2268 2387; x_wconf 77' lang='lat' dir='ltr'><strong>Verbum.</strong></span> <span class='ocrx_word' id='word_1_562' title='bbox 2310 2330 2433 2401; x_wconf 88' lang='lat' dir='ltr'><strong>Qui,</strong></span> <span class='ocrx_word' id='word_1_563' title='bbox 2468 2333 2802 2389; x_wconf 89' lang='lat' dir='ltr'><strong>descendens</strong></span> <span class='ocrx_word' id='word_1_564' title='bbox 2832 2333 2899 2389; x_wconf 91' lang='lat' dir='ltr'><strong>de</strong></span> <span class='ocrx_word' id='word_1_565' title='bbox 2945 2332 3100 2391; x_wconf 79' lang='lat' dir='ltr'><strong>etelis</strong></span> <span class='ocrx_word' id='word_1_566' title='bbox 3150 2339 3374 2404; x_wconf 88' lang='lat' dir='ltr'><strong>propter</strong></span> 
     </span>
    </p>
   </div>
   <div class='ocr_carea' id='block_1_77' title="bbox 1769 2425 3365 2501">
    <p class='ocr_par' dir='ltr' id='par_1_77' title="bbox 1769 2425 3365 2501">
     <span class='ocr_line' id='line_1_77' title="bbox 1769 2425 3365 2501; baseline -0.003 -17"><span class='ocrx_word' id='word_1_567' title='bbox 1769 2440 2011 2484; x_wconf 88' lang='lat' dir='ltr'><strong>nostram</strong></span> <span class='ocrx_word' id='word_1_568' title='bbox 2044 2426 2273 2483; x_wconf 90' lang='lat' dir='ltr'><strong>salutem</strong></span> <span class='ocrx_word' id='word_1_569' title='bbox 2303 2468 2317 2495; x_wconf 92' lang='lat'><strong>,</strong></span> <span class='ocrx_word' id='word_1_570' title='bbox 2368 2435 2529 2483; x_wconf 90' lang='lat' dir='ltr'><strong>natus</strong></span> <span class='ocrx_word' id='word_1_571' title='bbox 2557 2428 2623 2484; x_wconf 87' lang='lat' dir='ltr'><strong>de</strong></span> <span class='ocrx_word' id='word_1_572' title='bbox 2660 2427 2868 2501; x_wconf 87' lang='lat' dir='ltr'><strong>Spiritu</strong></span> <span class='ocrx_word' id='word_1_573' title='bbox 2895 2436 3085 2484; x_wconf 89' lang='lat' dir='ltr'><strong>sancto</strong></span> <span class='ocrx_word' id='word_1_574' title='bbox 3107 2443 3173 2483; x_wconf 78' lang='lat' dir='ltr'><strong>ex</strong></span> <span class='ocrx_word' id='word_1_575' title='bbox 3196 2425 3365 2480; x_wconf 84' lang='lat' dir='ltr'><strong>Maria</strong></span> 
     </span>
    </p>
   </div>
   <div class='ocr_carea' id='block_1_78' title="bbox 1768 2516 3373 2592">
    <p class='ocr_par' dir='ltr' id='par_1_78' title="bbox 1768 2516 3373 2592">
     <span class='ocr_line' id='line_1_78' title="bbox 1768 2516 3373 2592; baseline -0.002 -18"><span class='ocrx_word' id='word_1_576' title='bbox 1768 2520 1998 2592; x_wconf 89' lang='lat' dir='ltr'><strong>virgine,</strong></span> <span class='ocrx_word' id='word_1_577' title='bbox 2038 2516 2265 2574; x_wconf 85' lang='lat' dir='ltr'><strong>Verbum</strong></span> <span class='ocrx_word' id='word_1_578' title='bbox 2288 2535 2412 2574; x_wconf 88' lang='lat' dir='ltr'><strong>caro</strong></span> <span class='ocrx_word' id='word_1_579' title='bbox 2439 2520 2639 2591; x_wconf 80' lang='lat' dir='ltr'><strong>factum</strong></span> <span class='ocrx_word' id='word_1_580' title='bbox 2687 2529 2786 2585; x_wconf 82' lang='lat' dir='ltr'><strong>est,</strong></span> <span class='ocrx_word' id='word_1_581' title='bbox 2837 2528 2886 2575; x_wconf 84' lang='lat' dir='ltr'><strong>et</strong></span> <span class='ocrx_word' id='word_1_582' title='bbox 2912 2518 3165 2577; x_wconf 64' lang='lat' dir='ltr'><strong>habitavit</strong></span> <span class='ocrx_word' id='word_1_583' title='bbox 3194 2517 3247 2571; x_wconf 89' lang='lat' dir='ltr'><strong>in</strong></span> <span class='ocrx_word' id='word_1_584' title='bbox 3280 2532 3373 2571; x_wconf 85' lang='lat' dir='ltr'><strong>no-</strong></span> 
     </span>
    </p>
   </div>
   <div class='ocr_carea' id='block_1_79' title="bbox 1771 2608 3371 2686">
    <p class='ocr_par' dir='ltr' id='par_1_79' title="bbox 1771 2608 3371 2686">
     <span class='ocr_line' id='line_1_79' title="bbox 1771 2608 3371 2686; baseline -0.003 -19"><span class='ocrx_word' id='word_1_585' title='bbox 1771 2613 1847 2668; x_wconf 82' lang='lat' dir='ltr'><strong>bis</strong></span> <span class='ocrx_word' id='word_1_586' title='bbox 1885 2612 2068 2682; x_wconf 81' lang='lat' dir='ltr'><strong>(Joan.</strong></span> <span class='ocrx_word' id='word_1_587' title='bbox 2101 2629 2142 2680; x_wconf 87' lang='grc' dir='ltr'><strong>ι,</strong></span> <span class='ocrx_word' id='word_1_588' title='bbox 2170 2611 2288 2684; x_wconf 80' lang='lat' dir='ltr'><strong>M),</strong></span> <span class='ocrx_word' id='word_1_589' title='bbox 2306 2627 2408 2667; x_wconf 91' lang='lat' dir='ltr'><strong>non</strong></span> <span class='ocrx_word' id='word_1_590' title='bbox 2440 2613 2623 2669; x_wconf 92' lang='lat' dir='ltr'><strong>amisit</strong></span> <span class='ocrx_word' id='word_1_591' title='bbox 2649 2613 2794 2686; x_wconf 89' lang='lat' dir='ltr'><strong>quod</strong></span> <span class='ocrx_word' id='word_1_592' title='bbox 2821 2610 3022 2681; x_wconf 80' lang='lat' dir='ltr'><strong>fuerat,</strong></span> <span class='ocrx_word' id='word_1_593' title='bbox 3052 2611 3147 2667; x_wconf 87' lang='lat' dir='ltr'><strong>sed</strong></span> <span class='ocrx_word' id='word_1_594' title='bbox 3201 2608 3371 2679; x_wconf 55' lang='lat' dir='ltr'><strong>carpit</strong></span> 
     </span>
    </p>
   </div>
   <div class='ocr_carea' id='block_1_80' title="bbox 1770 2703 3373 2778">
    <p class='ocr_par' dir='ltr' id='par_1_80' title="bbox 1770 2703 3373 2778">
     <span class='ocr_line' id='line_1_80' title="bbox 1770 2703 3373 2778; baseline -0.002 -15"><span class='ocrx_word' id='word_1_595' title='bbox 1770 2722 1893 2763; x_wconf 90' lang='lat' dir='ltr'><strong>esse</strong></span> <span class='ocrx_word' id='word_1_596' title='bbox 1920 2706 2065 2778; x_wconf 91' lang='lat' dir='ltr'><strong>quod</strong></span> <span class='ocrx_word' id='word_1_597' title='bbox 2103 2722 2208 2762; x_wconf 92' lang='lat' dir='ltr'><strong>non</strong></span> <span class='ocrx_word' id='word_1_598' title='bbox 2233 2714 2372 2762; x_wconf 87' lang='lat' dir='ltr'><strong>erat.</strong></span> <span class='ocrx_word' id='word_1_599' title='bbox 2441 2707 2611 2762; x_wconf 89' lang='lat' dir='ltr'><strong>Deum</strong></span> <span class='ocrx_word' id='word_1_600' title='bbox 2658 2706 2958 2776; x_wconf 84' lang='lat' dir='ltr'><strong>perfectum</strong></span> <span class='ocrx_word' id='word_1_601' title='bbox 2990 2714 3044 2762; x_wconf 88' lang='lat' dir='ltr'><strong>et</strong></span> <span class='ocrx_word' id='word_1_602' title='bbox 3098 2703 3373 2761; x_wconf 85' lang='lat' dir='ltr'><strong>hominem</strong></span> 
     </span>
    </p>
   </div>
   <div class='ocr_carea' id='block_1_81' title="bbox 1770 2798 3373 2873">
    <p class='ocr_par' dir='ltr' id='par_1_81' title="bbox 1770 2798 3373 2873">
     <span class='ocr_line' id='line_1_81' title="bbox 1770 2798 3373 2873; baseline -0.002 -16"><span class='ocrx_word' id='word_1_603' title='bbox 1770 2799 2071 2873; x_wconf 80' lang='lat' dir='ltr'><strong>perfectum</strong></span> <span class='ocrx_word' id='word_1_604' title='bbox 2097 2808 2156 2855; x_wconf 87' lang='lat' dir='ltr'><strong>ut</strong></span> <span class='ocrx_word' id='word_1_605' title='bbox 2183 2801 2346 2867; x_wconf 89' lang='lat' dir='ltr'><strong>Deus,</strong></span> <span class='ocrx_word' id='word_1_606' title='bbox 2376 2800 2645 2856; x_wconf 88' lang='lat' dir='ltr'><strong>mirabilia</strong></span> <span class='ocrx_word' id='word_1_607' title='bbox 2679 2801 2990 2873; x_wconf 74' lang='lat' dir='ltr'><strong>perﬁciens,</strong></span> <span class='ocrx_word' id='word_1_608' title='bbox 3050 2808 3105 2855; x_wconf 90' lang='lat' dir='ltr'><strong>et</strong></span> <span class='ocrx_word' id='word_1_609' title='bbox 3134 2808 3191 2854; x_wconf 92' lang='lat' dir='ltr'><strong>ut</strong></span> <span class='ocrx_word' id='word_1_610' title='bbox 3211 2798 3373 2854; x_wconf 85' lang='lat' dir='ltr'><strong>homo</strong></span> 
     </span>
    </p>
   </div>
   <div class='ocr_carea' id='block_1_82' title="bbox 1771 2888 3373 2964">
    <p class='ocr_par' dir='ltr' id='par_1_82' title="bbox 1771 2888 3373 2964">
     <span class='ocr_line' id='line_1_82' title="bbox 1771 2888 3373 2964; baseline -0.004 -13"><span class='ocrx_word' id='word_1_611' title='bbox 1771 2895 2038 2951; x_wconf 88' lang='lat' dir='ltr'><strong>humanas</strong></span> <span class='ocrx_word' id='word_1_612' title='bbox 2073 2893 2358 2964; x_wconf 89' lang='lat' dir='ltr'><strong>passiones</strong></span> <span class='ocrx_word' id='word_1_613' title='bbox 2387 2893 2680 2957; x_wconf 87' lang='lat' dir='ltr'><strong>sustinens,</strong></span> <span class='ocrx_word' id='word_1_614' title='bbox 2707 2893 2777 2948; x_wconf 90' lang='lat' dir='ltr'><strong>ita</strong></span> <span class='ocrx_word' id='word_1_615' title='bbox 2818 2892 3058 2948; x_wconf 81' lang='lat' dir='ltr'><strong>Verbum</strong></span> <span class='ocrx_word' id='word_1_616' title='bbox 3098 2888 3373 2947; x_wconf 85' lang='lat' dir='ltr'><strong>hominem</strong></span> 
     </span>
    </p>
   </div>
   <div class='ocr_carea' id='block_1_83' title="bbox 1772 2981 3373 3059">
    <p class='ocr_par' dir='ltr' id='par_1_83' title="bbox 1772 2981 3373 3059">
     <span class='ocr_line' id='line_1_83' title="bbox 1772 2981 3373 3059; baseline -0.004 -15"><span class='ocrx_word' id='word_1_617' title='bbox 1772 2998 1829 3044; x_wconf 85' lang='lat' dir='ltr'><strong>et.</strong></span> <span class='ocrx_word' id='word_1_618' title='bbox 1850 2985 2085 3043; x_wconf 88' lang='lat' dir='ltr'><strong>Verbum</strong></span> <span class='ocrx_word' id='word_1_619' title='bbox 2116 2986 2307 3053; x_wconf 87' lang='lat' dir='ltr'><strong>Deum,</strong></span> <span class='ocrx_word' id='word_1_620' title='bbox 2340 2986 2674 3059; x_wconf 50' lang='lat' dir='ltr'><strong>praedicante</strong></span> <span class='ocrx_word' id='word_1_621' title='bbox 2703 2985 2866 3042; x_wconf 86' lang='lat' dir='ltr'><strong>Patre</strong></span> <span class='ocrx_word' id='word_1_622' title='bbox 2892 2993 3080 3041; x_wconf 91' lang='lat' dir='ltr'><strong>nostro</strong></span> <span class='ocrx_word' id='word_1_623' title='bbox 3106 2981 3373 3039; x_wconf 81' lang='lat' dir='ltr'><strong>Silvestre</strong></span> 
     </span>
    </p>
   </div>
   <div class='ocr_carea' id='block_1_84' title="bbox 1773 3074 3373 3149">
    <p class='ocr_par' dir='ltr' id='par_1_84' title="bbox 1773 3074 3373 3149">
     <span class='ocr_line' id='line_1_84' title="bbox 1773 3074 3373 3149; baseline -0.003 -16"><span class='ocrx_word' id='word_1_624' title='bbox 1773 3092 1986 3133; x_wconf 75' lang='lat' dir='ltr'><strong>summo</strong></span> <span class='ocrx_word' id='word_1_625' title='bbox 2007 3076 2288 3147; x_wconf 90' lang='lat' dir='ltr'><strong>pontiﬁce,</strong></span> <span class='ocrx_word' id='word_1_626' title='bbox 2317 3077 2692 3149; x_wconf 86' lang='lat' dir='ltr'><strong>intelligimus,</strong></span> <span class='ocrx_word' id='word_1_627' title='bbox 2717 3085 2779 3132; x_wconf 91' lang='lat' dir='ltr'><strong>ut</strong></span> <span class='ocrx_word' id='word_1_628' title='bbox 2804 3092 2992 3132; x_wconf 86' lang='lat' dir='ltr'><strong>verum</strong></span> <span class='ocrx_word' id='word_1_629' title='bbox 3018 3074 3211 3141; x_wconf 91' lang='lat' dir='ltr'><strong>Deum,</strong></span> <span class='ocrx_word' id='word_1_630' title='bbox 3278 3088 3373 3129; x_wconf 85' lang='lat' dir='ltr'><strong>ve—</strong></span> 
     </span>
    </p>
   </div>
   <div class='ocr_carea' id='block_1_85' title="bbox 1772 3166 3364 3239">
    <p class='ocr_par' dir='ltr' id='par_1_85' title="bbox 1772 3166 3364 3239">
     <span class='ocr_line' id='line_1_85' title="bbox 1772 3166 3364 3239; baseline -0.003 -14"><span class='ocrx_word' id='word_1_631' title='bbox 1772 3186 1895 3225; x_wconf 89' lang='lat' dir='ltr'><strong>rum</strong></span> <span class='ocrx_word' id='word_1_632' title='bbox 1916 3170 2193 3225; x_wconf 85' lang='lat' dir='ltr'><strong>hominem</strong></span> <span class='ocrx_word' id='word_1_633' title='bbox 2214 3168 2382 3225; x_wconf 83' lang='lat' dir='ltr'><strong>fuisse</strong></span> <span class='ocrx_word' id='word_1_634' title='bbox 2408 3168 2555 3225; x_wconf 90' lang='lat' dir='ltr'><strong>nullo</strong></span> <span class='ocrx_word' id='word_1_635' title='bbox 2576 3169 2736 3225; x_wconf 90' lang='lat' dir='ltr'><strong>modo</strong></span> <span class='ocrx_word' id='word_1_636' title='bbox 2757 3168 3117 3239; x_wconf 78' lang='lat' dir='ltr'><strong>ambiganius.</strong></span> <span class='ocrx_word' id='word_1_637' title='bbox 3137 3166 3364 3223; x_wconf 82' lang='lat' dir='ltr'><strong>Electis-</strong></span> 
     </span>
    </p>
   </div>
   <div class='ocr_carea' id='block_1_86' title="bbox 1776 3259 3374 3333">
    <p class='ocr_par' dir='ltr' id='par_1_86' title="bbox 1776 3259 3374 3333">
     <span class='ocr_line' id='line_1_86' title="bbox 1776 3259 3374 3333; baseline -0.004 -16"><span class='ocrx_word' id='word_1_638' title='bbox 1776 3278 1881 3333; x_wconf 91' lang='lat' dir='ltr'><strong>que</strong></span> <span class='ocrx_word' id='word_1_639' title='bbox 1909 3262 2195 3319; x_wconf 88' lang='lat' dir='ltr'><strong>duodecim</strong></span> <span class='ocrx_word' id='word_1_640' title='bbox 2221 3262 2510 3332; x_wconf 87' lang='lat' dir='ltr'><strong>apostolis,</strong></span> <span class='ocrx_word' id='word_1_641' title='bbox 2537 3260 2815 3318; x_wconf 89' lang='lat' dir='ltr'><strong>miraculis</strong></span> <span class='ocrx_word' id='word_1_642' title='bbox 2838 3276 3025 3319; x_wconf 80' lang='lat' dir='ltr'><strong>coram</strong></span> <span class='ocrx_word' id='word_1_643' title='bbox 3040 3259 3120 3316; x_wconf 88' lang='lat' dir='ltr'><strong>eis</strong></span> <span class='ocrx_word' id='word_1_644' title='bbox 3139 3267 3195 3314; x_wconf 86' lang='lat' dir='ltr'><strong>et</strong></span> <span class='ocrx_word' id='word_1_645' title='bbox 3214 3259 3374 3313; x_wconf 89' lang='lat' dir='ltr'><strong>innu-</strong></span> 
     </span>
    </p>
   </div>
   <div class='ocr_carea' id='block_1_87' title="bbox 1776 3352 3374 3430">
    <p class='ocr_par' dir='ltr' id='par_1_87' title="bbox 1776 3352 3374 3430">
     <span class='ocr_line' id='line_1_87' title="bbox 1776 3352 3374 3430; baseline -0.005 -17"><span class='ocrx_word' id='word_1_646' title='bbox 1776 3356 2055 3413; x_wconf 87' lang='lat' dir='ltr'><strong>merabilis</strong></span> <span class='ocrx_word' id='word_1_647' title='bbox 2083 3358 2264 3430; x_wconf 89' lang='lat' dir='ltr'><strong>populi</strong></span> <span class='ocrx_word' id='word_1_648' title='bbox 2298 3357 2644 3413; x_wconf 83' lang='lat' dir='ltr'><strong>multitudine</strong></span> <span class='ocrx_word' id='word_1_649' title='bbox 2681 3354 3010 3414; x_wconf 85' lang='lat' dir='ltr'><strong>coruscavit.</strong></span> <span class='ocrx_word' id='word_1_650' title='bbox 3038 3352 3374 3410; x_wconf 85' lang='lat' dir='ltr'><strong>Conﬁtemur</strong></span> 
     </span>
    </p>
   </div>
   <div class='ocr_carea' id='block_1_88' title="bbox 1776 3442 3377 3515">
    <p class='ocr_par' dir='ltr' id='par_1_88' title="bbox 1776 3442 3377 3515">
     <span class='ocr_line' id='line_1_88' title="bbox 1776 3442 3377 3515; baseline -0.004 -11"><span class='ocrx_word' id='word_1_651' title='bbox 1776 3449 2027 3505; x_wconf 88' lang='lat' dir='ltr'><strong>eumdem</strong></span> <span class='ocrx_word' id='word_1_652' title='bbox 2056 3448 2344 3503; x_wconf 89' lang='lat' dir='ltr'><strong>Dominum</strong></span> <span class='ocrx_word' id='word_1_653' title='bbox 2372 3447 2557 3504; x_wconf 82' lang='lat' dir='ltr'><strong>Jcsum</strong></span> <span class='ocrx_word' id='word_1_654' title='bbox 2597 3446 2877 3504; x_wconf 83' lang='lat' dir='ltr'><strong>Christum</strong></span> <span class='ocrx_word' id='word_1_655' title='bbox 2933 3443 3258 3515; x_wconf 82' lang='lat' dir='ltr'><strong>adimplesse</strong></span> <span class='ocrx_word' id='word_1_656' title='bbox 3300 3442 3377 3498; x_wconf 87' lang='lat' dir='ltr'><strong>le-</strong></span> 
     </span>
    </p>
   </div>
   <div class='ocr_carea' id='block_1_89' title="bbox 1778 3536 3371 3615">
    <p class='ocr_par' dir='ltr' id='par_1_89' title="bbox 1778 3536 3371 3615">
     <span class='ocr_line' id='line_1_89' title="bbox 1778 3536 3371 3615; baseline -0.004 -18"><span class='ocrx_word' id='word_1_657' title='bbox 1778 3557 1897 3615; x_wconf 84' lang='lat' dir='ltr'><strong>gem</strong></span> <span class='ocrx_word' id='word_1_658' title='bbox 1926 3549 1979 3595; x_wconf 91' lang='lat' dir='ltr'><strong>ct</strong></span> <span class='ocrx_word' id='word_1_659' title='bbox 2026 3542 2344 3612; x_wconf 87' lang='lat' dir='ltr'><strong>prophetas,</strong></span> <span class='ocrx_word' id='word_1_660' title='bbox 2401 3555 2641 3612; x_wconf 85' lang='lat' dir='ltr'><strong>passum,</strong></span> <span class='ocrx_word' id='word_1_661' title='bbox 2696 3536 3017 3599; x_wconf 80' lang='lat' dir='ltr'><strong>cruciﬁxum</strong></span> <span class='ocrx_word' id='word_1_662' title='bbox 3072 3536 3371 3594; x_wconf 89' lang='lat' dir='ltr'><strong>secundum</strong></span> 
     </span>
    </p>
   </div>
   <div class='ocr_carea' id='block_1_90' title="bbox 1780 3628 3379 3705">
    <p class='ocr_par' dir='ltr' id='par_1_90' title="bbox 1780 3628 3379 3705">
     <span class='ocr_line' id='line_1_90' title="bbox 1780 3628 3379 3705; baseline -0.004 -17"><span class='ocrx_word' id='word_1_663' title='bbox 1780 3632 2113 3705; x_wconf 89' lang='lat' dir='ltr'><strong>Scripturas,</strong></span> <span class='ocrx_word' id='word_1_664' title='bbox 2173 3632 2332 3687; x_wconf 87' lang='lat' dir='ltr'><strong>tertia</strong></span> <span class='ocrx_word' id='word_1_665' title='bbox 2385 3631 2471 3687; x_wconf 89' lang='lat' dir='ltr'><strong>die</strong></span> <span class='ocrx_word' id='word_1_666' title='bbox 2502 3645 2531 3684; x_wconf 89' lang='lat' dir='ltr'><strong>a</strong></span> <span class='ocrx_word' id='word_1_667' title='bbox 2564 3629 2795 3686; x_wconf 87' lang='lat' dir='ltr'><strong>mortuis</strong></span> <span class='ocrx_word' id='word_1_668' title='bbox 2857 3628 3242 3691; x_wconf 83' lang='lat' dir='ltr'><strong>resurrexisse,</strong></span> <span class='ocrx_word' id='word_1_669' title='bbox 3291 3643 3379 3682; x_wconf 86' lang='lat' dir='ltr'><strong>as-</strong></span> 
     </span>
    </p>
   </div>
   <div class='ocr_carea' id='block_1_91' title="bbox 1779 3718 3375 3794">
    <p class='ocr_par' dir='ltr' id='par_1_91' title="bbox 1779 3718 3375 3794">
     <span class='ocr_line' id='line_1_91' title="bbox 1779 3718 3375 3794; baseline -0.004 -16"><span class='ocrx_word' id='word_1_670' title='bbox 1779 3732 2054 3794; x_wconf 84' lang='lat' dir='ltr'><strong>sumptum</strong></span> <span class='ocrx_word' id='word_1_671' title='bbox 2085 3723 2138 3777; x_wconf 93' lang='lat' dir='ltr'><strong>in</strong></span> <span class='ocrx_word' id='word_1_672' title='bbox 2176 3721 2344 3777; x_wconf 78' lang='lat' dir='ltr'><strong>ctelos</strong></span> <span class='ocrx_word' id='word_1_673' title='bbox 2381 3763 2396 3788; x_wconf 95' lang='lat'><strong>,</strong></span> <span class='ocrx_word' id='word_1_674' title='bbox 2443 3729 2608 3792; x_wconf 87' lang='lat' dir='ltr'><strong>atque</strong></span> <span class='ocrx_word' id='word_1_675' title='bbox 2662 3720 2941 3777; x_wconf 87' lang='lat' dir='ltr'><strong>sedentem</strong></span> <span class='ocrx_word' id='word_1_676' title='bbox 2986 3718 3055 3775; x_wconf 87' lang='lat' dir='ltr'><strong>ad</strong></span> <span class='ocrx_word' id='word_1_677' title='bbox 3098 3720 3375 3775; x_wconf 81' lang='lat' dir='ltr'><strong>dexteram</strong></span> 
     </span>
    </p>
   </div>
   <div class='ocr_carea' id='block_1_92' title="bbox 1778 3813 3374 3885">
    <p class='ocr_par' dir='ltr' id='par_1_92' title="bbox 1778 3813 3374 3885">
     <span class='ocr_line' id='line_1_92' title="bbox 1778 3813 3374 3885; baseline -0.006 -12"><span class='ocrx_word' id='word_1_678' title='bbox 1778 3815 1978 3873; x_wconf 86' lang='lat' dir='ltr'><strong>Patris.</strong></span> <span class='ocrx_word' id='word_1_679' title='bbox 2019 3816 2146 3871; x_wconf 87' lang='lat' dir='ltr'><strong>inde</strong></span> <span class='ocrx_word' id='word_1_680' title='bbox 2167 3824 2458 3871; x_wconf 88' lang='lat' dir='ltr'><strong>venturum</strong></span> <span class='ocrx_word' id='word_1_681' title='bbox 2505 3813 2754 3885; x_wconf 87' lang='lat' dir='ltr'><strong>judicare</strong></span> <span class='ocrx_word' id='word_1_682' title='bbox 2802 3813 2960 3869; x_wconf 83' lang='lat' dir='ltr'><strong>vivos</strong></span> <span class='ocrx_word' id='word_1_683' title='bbox 3010 3820 3066 3868; x_wconf 91' lang='lat' dir='ltr'><strong>et</strong></span> <span class='ocrx_word' id='word_1_684' title='bbox 3107 3820 3374 3878; x_wconf 89' lang='lat' dir='ltr'><strong>mortuos,</strong></span> 
     </span>
    </p>
   </div>
   <div class='ocr_carea' id='block_1_93' title="bbox 1780 3900 3375 3977">
    <p class='ocr_par' dir='ltr' id='par_1_93' title="bbox 1780 3900 3375 3977">
     <span class='ocr_line' id='line_1_93' title="bbox 1780 3900 3375 3977; baseline -0.007 -14"><span class='ocrx_word' id='word_1_685' title='bbox 1780 3905 1933 3976; x_wconf 75' lang='lat' dir='ltr'><strong>cuius</strong></span> <span class='ocrx_word' id='word_1_686' title='bbox 1972 3906 2186 3977; x_wconf 90' lang='lat' dir='ltr'><strong>imperii</strong></span> <span class='ocrx_word' id='word_1_687' title='bbox 2217 3919 2322 3960; x_wconf 91' lang='lat' dir='ltr'><strong>non</strong></span> <span class='ocrx_word' id='word_1_688' title='bbox 2354 3905 2458 3959; x_wconf 87' lang='lat' dir='ltr'><strong>erit</strong></span> <span class='ocrx_word' id='word_1_689' title='bbox 2493 3903 2635 3960; x_wconf 89' lang='lat' dir='ltr'><strong>ﬁnis.</strong></span> <span class='ocrx_word' id='word_1_690' title='bbox 2677 3903 2804 3959; x_wconf 65' lang='lat' dir='ltr'><strong>Haec</strong></span> <span class='ocrx_word' id='word_1_691' title='bbox 2825 3909 2910 3957; x_wconf 89' lang='lat' dir='ltr'><strong>est</strong></span> <span class='ocrx_word' id='word_1_692' title='bbox 2938 3901 3083 3957; x_wconf 90' lang='lat' dir='ltr'><strong>enim</strong></span> <span class='ocrx_word' id='word_1_693' title='bbox 3116 3900 3248 3954; x_wconf 75' lang='lat' dir='ltr'><strong>litlcs</strong></span> <span class='ocrx_word' id='word_1_694' title='bbox 3276 3913 3375 3953; x_wconf 90' lang='lat' dir='ltr'><strong>no-</strong></span> 
     </span>
    </p>
   </div>
   <div class='ocr_carea' id='block_1_94' title="bbox 1783 3991 3378 4066">
    <p class='ocr_par' dir='ltr' id='par_1_94' title="bbox 1783 3991 3378 4066">
     <span class='ocr_line' id='line_1_94' title="bbox 1783 3991 3378 4066; baseline -0.008 -6"><span class='ocrx_word' id='word_1_695' title='bbox 1783 4008 1914 4066; x_wconf 69' lang='lat' dir='ltr'><strong>stra,</strong></span> <span class='ocrx_word' id='word_1_696' title='bbox 1935 3998 2227 4066; x_wconf 86' lang='lat' dir='ltr'><strong>catholica,</strong></span> <span class='ocrx_word' id='word_1_697' title='bbox 2251 3998 2577 4064; x_wconf 83' lang='lat' dir='ltr'><strong>orthodoxa,</strong></span> <span class='ocrx_word' id='word_1_698' title='bbox 2593 4010 2624 4051; x_wconf 90' lang='lat' dir='ltr'><strong>a</strong></span> <span class='ocrx_word' id='word_1_699' title='bbox 2640 3995 2958 4052; x_wconf 88' lang='lat' dir='ltr'><strong>beatissimo</strong></span> <span class='ocrx_word' id='word_1_700' title='bbox 3005 3991 3169 4049; x_wconf 88' lang='lat' dir='ltr'><strong>Patre</strong></span> <span class='ocrx_word' id='word_1_701' title='bbox 3189 4000 3378 4048; x_wconf 89' lang='lat' dir='ltr'><strong>nostro</strong></span> 
     </span>
    </p>
   </div>
   <div class='ocr_carea' id='block_1_95' title="bbox 1780 4088 3010 4164">
    <p class='ocr_par' dir='ltr' id='par_1_95' title="bbox 1780 4088 3010 4164">
     <span class='ocr_line' id='line_1_95' title="bbox 1780 4088 3010 4164; baseline -0.007 -14"><span class='ocrx_word' id='word_1_702' title='bbox 1780 4090 2047 4150; x_wconf 68' lang='lat' dir='ltr'><strong>Silvestre</strong></span> <span class='ocrx_word' id='word_1_703' title='bbox 2064 4107 2279 4149; x_wconf 83' lang='lat' dir='ltr'><strong>summo</strong></span> <span class='ocrx_word' id='word_1_704' title='bbox 2303 4091 2557 4164; x_wconf 89' lang='lat' dir='ltr'><strong>pontiﬁce</strong></span> <span class='ocrx_word' id='word_1_705' title='bbox 2586 4089 2746 4146; x_wconf 88' lang='lat' dir='ltr'><strong>nobis</strong></span> <span class='ocrx_word' id='word_1_706' title='bbox 2777 4088 3010 4161; x_wconf 90' lang='lat' dir='ltr'><strong>prolata.</strong></span> 
     </span>
    </p>
   </div>
   <div class='ocr_carea' id='block_1_96' title="bbox 1782 4199 3368 4277">
    <p class='ocr_par' dir='ltr' id='par_1_96' title="bbox 1782 4199 3368 4277">
     <span class='ocr_line' id='line_1_96' title="bbox 1782 4199 3368 4277; baseline -0.003 -11"><span class='ocrx_word' id='word_1_707' title='bbox 1782 4210 1796 4237; x_wconf 83' lang='grc'><strong>-’</strong></span> <span class='ocrx_word' id='word_1_708' title='bbox 1850 4206 2160 4265; x_wconf 76' lang='lat' dir='ltr'><strong>Exhortans</strong></span> <span class='ocrx_word' id='word_1_709' title='bbox 2196 4206 2399 4261; x_wconf 89' lang='lat' dir='ltr'><strong>idcirco</strong></span> <span class='ocrx_word' id='word_1_710' title='bbox 2447 4219 2665 4261; x_wconf 92' lang='lat' dir='ltr'><strong>omnem</strong></span> <span class='ocrx_word' id='word_1_711' title='bbox 2695 4203 2974 4277; x_wconf 88' lang='lat' dir='ltr'><strong>populum,</strong></span> <span class='ocrx_word' id='word_1_712' title='bbox 3014 4210 3070 4261; x_wconf 89' lang='lat' dir='ltr'><strong>et</strong></span> <span class='ocrx_word' id='word_1_713' title='bbox 3123 4199 3368 4261; x_wconf 81' lang='lat' dir='ltr'><strong>diversas</strong></span> 
     </span>
    </p>
   </div>
   <div class='ocr_carea' id='block_1_97' title="bbox 1781 4292 3375 4379">
    <p class='ocr_par' dir='ltr' id='par_1_97' title="bbox 1781 4292 3375 4379">
     <span class='ocr_line' id='line_1_97' title="bbox 1781 4292 3375 4379; baseline -0.009 -20"><span class='ocrx_word' id='word_1_714' title='bbox 1781 4301 2021 4379; x_wconf 84' lang='lat' dir='ltr'><strong>gentium</strong></span> <span class='ocrx_word' id='word_1_715' title='bbox 2048 4299 2300 4353; x_wconf 87' lang='lat' dir='ltr'><strong>nationes</strong></span> <span class='ocrx_word' id='word_1_716' title='bbox 2326 4296 2469 4351; x_wconf 88' lang='lat' dir='ltr'><strong>hanc</strong></span> <span class='ocrx_word' id='word_1_717' title='bbox 2519 4295 2677 4350; x_wconf 89' lang='lat' dir='ltr'><strong>ﬁdem</strong></span> <span class='ocrx_word' id='word_1_718' title='bbox 2710 4304 2916 4363; x_wconf 84' lang='lat' dir='ltr'><strong>tenere,</strong></span> <span class='ocrx_word' id='word_1_719' title='bbox 2950 4292 3127 4350; x_wconf 88' lang='lat' dir='ltr'><strong>colcrc</strong></span> <span class='ocrx_word' id='word_1_720' title='bbox 3155 4301 3209 4348; x_wconf 90' lang='lat' dir='ltr'><strong>et</strong></span> <span class='ocrx_word' id='word_1_721' title='bbox 3239 4307 3375 4364; x_wconf 70' lang='lat' dir='ltr'><strong>pne-</strong></span> 
     </span>
    </p>
   </div>
   <div class='ocr_carea' id='block_1_98' title="bbox 1779 4382 3381 4457">
    <p class='ocr_par' dir='ltr' id='par_1_98' title="bbox 1779 4382 3381 4457">
     <span class='ocr_line' id='line_1_98' title="bbox 1779 4382 3381 4457; baseline -0.007 -7"><span class='ocrx_word' id='word_1_722' title='bbox 1779 4394 2005 4457; x_wconf 88' lang='lat' dir='ltr'><strong>dicare,</strong></span> <span class='ocrx_word' id='word_1_723' title='bbox 2066 4390 2199 4444; x_wconf 87' lang='lat' dir='ltr'><strong>etin</strong></span> <span class='ocrx_word' id='word_1_724' title='bbox 2248 4394 2453 4444; x_wconf 59' lang='lat' dir='ltr'><strong>sancta;</strong></span> <span class='ocrx_word' id='word_1_725' title='bbox 2488 4385 2773 4441; x_wconf 81' lang='lat' dir='ltr'><strong>Trinitatis</strong></span> <span class='ocrx_word' id='word_1_726' title='bbox 2831 4383 3052 4441; x_wconf 90' lang='lat' dir='ltr'><strong>nomine</strong></span> <span class='ocrx_word' id='word_1_727' title='bbox 3100 4382 3381 4454; x_wconf 78' lang='lat' dir='ltr'><strong>aptissimo</strong></span> 
     </span>
    </p>
   </div>
   <div class='ocr_carea' id='block_1_99' title="bbox 1779 4474 3378 4558">
    <p class='ocr_par' dir='ltr' id='par_1_99' title="bbox 1779 4474 3378 4558">
     <span class='ocr_line' id='line_1_99' title="bbox 1779 4474 3378 4558; baseline -0.006 -18"><span class='ocrx_word' id='word_1_728' title='bbox 1779 4485 2011 4558; x_wconf 80' lang='lat' dir='ltr'><strong>gratiam</strong></span> <span class='ocrx_word' id='word_1_729' title='bbox 2038 4480 2317 4552; x_wconf 86' lang='lat' dir='ltr'><strong>consequi,</strong></span> <span class='ocrx_word' id='word_1_730' title='bbox 2342 4488 2397 4536; x_wconf 91' lang='lat' dir='ltr'><strong>et</strong></span> <span class='ocrx_word' id='word_1_731' title='bbox 2425 4480 2712 4536; x_wconf 90' lang='lat' dir='ltr'><strong>Dominum</strong></span> <span class='ocrx_word' id='word_1_732' title='bbox 2749 4489 2996 4534; x_wconf 89' lang='lat' dir='ltr'><strong>nostrum</strong></span> <span class='ocrx_word' id='word_1_733' title='bbox 3021 4475 3203 4532; x_wconf 83' lang='lat' dir='ltr'><strong>Jesum</strong></span> <span class='ocrx_word' id='word_1_734' title='bbox 3220 4474 3378 4532; x_wconf 87' lang='lat' dir='ltr'><strong>Chri-</strong></span> 
     </span>
    </p>
   </div>
   <div class='ocr_carea' id='block_1_100' title="bbox 1779 4568 3376 4643">
    <p class='ocr_par' dir='ltr' id='par_1_100' title="bbox 1779 4568 3376 4643">
     <span class='ocr_line' id='line_1_100' title="bbox 1779 4568 3376 4643; baseline -0.008 -11"><span class='ocrx_word' id='word_1_735' title='bbox 1779 4586 1921 4632; x_wconf 90' lang='lat' dir='ltr'><strong>stum</strong></span> <span class='ocrx_word' id='word_1_736' title='bbox 1955 4574 2307 4639; x_wconf 81' lang='lat' dir='ltr'><strong>salvatorem,</strong></span> <span class='ocrx_word' id='word_1_737' title='bbox 2333 4573 2425 4643; x_wconf 90' lang='lat' dir='ltr'><strong>qui</strong></span> <span class='ocrx_word' id='word_1_738' title='bbox 2461 4586 2584 4628; x_wconf 92' lang='lat' dir='ltr'><strong>eum</strong></span> <span class='ocrx_word' id='word_1_739' title='bbox 2616 4570 2782 4627; x_wconf 88' lang='lat' dir='ltr'><strong>Patre</strong></span> <span class='ocrx_word' id='word_1_740' title='bbox 2837 4583 2892 4626; x_wconf 88' lang='lat' dir='ltr'><strong>ct</strong></span> <span class='ocrx_word' id='word_1_741' title='bbox 2926 4568 3130 4641; x_wconf 90' lang='lat' dir='ltr'><strong>Spiritu</strong></span> <span class='ocrx_word' id='word_1_742' title='bbox 3184 4574 3376 4625; x_wconf 86' lang='lat' dir='ltr'><strong>sancto</strong></span> 
     </span>
    </p>
   </div>
   <div class='ocr_carea' id='block_1_101' title="bbox 1776 4660 3377 4739">
    <p class='ocr_par' dir='ltr' id='par_1_101' title="bbox 1776 4660 3377 4739">
     <span class='ocr_line' id='line_1_101' title="bbox 1776 4660 3377 4739; baseline -0.005 -18"><span class='ocrx_word' id='word_1_743' title='bbox 1776 4682 1874 4739; x_wconf 87' lang='lat' dir='ltr'><strong>per</strong></span> <span class='ocrx_word' id='word_1_744' title='bbox 1899 4665 2110 4721; x_wconf 88' lang='lat' dir='ltr'><strong>inﬁnita</strong></span> <span class='ocrx_word' id='word_1_745' title='bbox 2134 4666 2333 4722; x_wconf 58' lang='lat' dir='ltr'><strong>saecula</strong></span> <span class='ocrx_word' id='word_1_746' title='bbox 2377 4664 2512 4720; x_wconf 86' lang='lat' dir='ltr'><strong>vivit</strong></span> <span class='ocrx_word' id='word_1_747' title='bbox 2550 4671 2605 4720; x_wconf 88' lang='lat' dir='ltr'><strong>et</strong></span> <span class='ocrx_word' id='word_1_748' title='bbox 2648 4672 2862 4738; x_wconf 84' lang='lat' dir='ltr'><strong>regnat.</strong></span> <span class='ocrx_word' id='word_1_749' title='bbox 2893 4662 3064 4732; x_wconf 87' lang='lat' dir='ltr'><strong>Quem</strong></span> <span class='ocrx_word' id='word_1_750' title='bbox 3093 4660 3377 4725; x_wconf 79' lang='lat' dir='ltr'><strong>Silvester,</strong></span> 
     </span>
    </p>
   </div>
   <div class='ocr_carea' id='block_1_102' title="bbox 1777 4751 3373 4824">
    <p class='ocr_par' dir='ltr' id='par_1_102' title="bbox 1777 4751 3373 4824">
     <span class='ocr_line' id='line_1_102' title="bbox 1777 4751 3373 4824; baseline -0.007 -11"><span class='ocrx_word' id='word_1_751' title='bbox 1777 4757 2127 4813; x_wconf 86' lang='lat' dir='ltr'><strong>beatissimus</strong></span> <span class='ocrx_word' id='word_1_752' title='bbox 2150 4756 2316 4811; x_wconf 88' lang='lat' dir='ltr'><strong>Pater</strong></span> <span class='ocrx_word' id='word_1_753' title='bbox 2348 4764 2538 4812; x_wconf 89' lang='lat' dir='ltr'><strong>noster</strong></span> <span class='ocrx_word' id='word_1_754' title='bbox 2560 4754 2905 4821; x_wconf 81' lang='lat' dir='ltr'><strong>universalis,</strong></span> <span class='ocrx_word' id='word_1_755' title='bbox 2938 4751 3196 4824; x_wconf 72' lang='lat' dir='ltr'><strong>prmtlicat</strong></span> <span class='ocrx_word' id='word_1_756' title='bbox 3232 4764 3373 4821; x_wconf 87' lang='lat' dir='ltr'><strong>pon-</strong></span> 
     </span>
    </p>
   </div>
   <div class='ocr_carea' id='block_1_103' title="bbox 1782 4842 3372 4917">
    <p class='ocr_par' dir='ltr' id='par_1_103' title="bbox 1782 4842 3372 4917">
     <span class='ocr_line' id='line_1_103' title="bbox 1782 4842 3372 4917; baseline -0.003 -17"><span class='ocrx_word' id='word_1_757' title='bbox 1782 4847 1913 4902; x_wconf 78' lang='lat' dir='ltr'><strong>tifex</strong></span> <span class='ocrx_word' id='word_1_758' title='bbox 1934 4847 2098 4903; x_wconf 90' lang='lat' dir='ltr'><strong>corde</strong></span> <span class='ocrx_word' id='word_1_759' title='bbox 2136 4847 2331 4904; x_wconf 87' lang='lat' dir='ltr'><strong>devoto</strong></span> <span class='ocrx_word' id='word_1_760' title='bbox 2361 4849 2612 4904; x_wconf 87' lang='lat' dir='ltr'><strong>adorare.</strong></span> <span class='ocrx_word' id='word_1_761' title='bbox 2646 4846 2765 4917; x_wconf 86' lang='lat' dir='ltr'><strong>ipse</strong></span> <span class='ocrx_word' id='word_1_762' title='bbox 2790 4845 2935 4901; x_wconf 90' lang='lat' dir='ltr'><strong>enim</strong></span> <span class='ocrx_word' id='word_1_763' title='bbox 2963 4842 3223 4898; x_wconf 89' lang='lat' dir='ltr'><strong>Dominus</strong></span> <span class='ocrx_word' id='word_1_764' title='bbox 3269 4855 3372 4896; x_wconf 89' lang='lat' dir='ltr'><strong>no-</strong></span> 
     </span>
    </p>
   </div>
   <div class='ocr_carea' id='block_1_104' title="bbox 1779 4935 3377 5010">
    <p class='ocr_par' dir='ltr' id='par_1_104' title="bbox 1779 4935 3377 5010">
     <span class='ocr_line' id='line_1_104' title="bbox 1779 4935 3377 5010; baseline -0.004 -15"><span class='ocrx_word' id='word_1_765' title='bbox 1779 4949 1891 4996; x_wconf 91' lang='lat' dir='ltr'><strong>ster</strong></span> <span class='ocrx_word' id='word_1_766' title='bbox 1935 4939 2192 4995; x_wconf 89' lang='lat' dir='ltr'><strong>misertus</strong></span> <span class='ocrx_word' id='word_1_767' title='bbox 2246 4939 2379 4996; x_wconf 88' lang='lat' dir='ltr'><strong>mihi</strong></span> <span class='ocrx_word' id='word_1_768' title='bbox 2419 4938 2726 5010; x_wconf 90' lang='lat' dir='ltr'><strong>peccatori,</strong></span> <span class='ocrx_word' id='word_1_769' title='bbox 2778 4935 2925 4990; x_wconf 86' lang='lat' dir='ltr'><strong>misit</strong></span> <span class='ocrx_word' id='word_1_770' title='bbox 2968 4940 3187 4988; x_wconf 86' lang='lat' dir='ltr'><strong>sanctos</strong></span> <span class='ocrx_word' id='word_1_771' title='bbox 3248 4946 3377 4989; x_wconf 87' lang='lat' dir='ltr'><strong>suos</strong></span> 
     </span>
    </p>
   </div>
   <div class='ocr_carea' id='block_1_105' title="bbox 1780 5024 3374 5102">
    <p class='ocr_par' dir='ltr' id='par_1_105' title="bbox 1780 5024 3374 5102">
     <span class='ocr_line' id='line_1_105' title="bbox 1780 5024 3374 5102; baseline -0.003 -18"><span class='ocrx_word' id='word_1_772' title='bbox 1780 5031 2055 5102; x_wconf 87' lang='lat' dir='ltr'><strong>apostolos</strong></span> <span class='ocrx_word' id='word_1_773' title='bbox 2083 5030 2152 5086; x_wconf 91' lang='lat' dir='ltr'><strong>ad</strong></span> <span class='ocrx_word' id='word_1_774' title='bbox 2179 5031 2507 5086; x_wconf 87' lang='lat' dir='ltr'><strong>visitandum</strong></span> <span class='ocrx_word' id='word_1_775' title='bbox 2533 5045 2652 5095; x_wconf 91' lang='lat' dir='ltr'><strong>nos,</strong></span> <span class='ocrx_word' id='word_1_776' title='bbox 2677 5040 2733 5083; x_wconf 89' lang='lat' dir='ltr'><strong>et</strong></span> <span class='ocrx_word' id='word_1_777' title='bbox 2763 5027 2941 5081; x_wconf 89' lang='lat' dir='ltr'><strong>lumen</strong></span> <span class='ocrx_word' id='word_1_778' title='bbox 2966 5025 3045 5080; x_wconf 85' lang='lat' dir='ltr'><strong>sui</strong></span> <span class='ocrx_word' id='word_1_779' title='bbox 3071 5024 3374 5095; x_wconf 78' lang='lat' dir='ltr'><strong>Splendoris</strong></span> 
     </span>
    </p>
   </div>
   <div class='ocr_carea' id='block_1_106' title="bbox 1780 5120 3375 5189">
    <p class='ocr_par' dir='ltr' id='par_1_106' title="bbox 1780 5120 3375 5189">
     <span class='ocr_line' id='line_1_106' title="bbox 1780 5120 3375 5189; baseline -0.003 -11"><span class='ocrx_word' id='word_1_780' title='bbox 1780 5123 1990 5179; x_wconf 80' lang='lat' dir='ltr'><strong>infulsit</strong></span> <span class='ocrx_word' id='word_1_781' title='bbox 2026 5125 2199 5189; x_wconf 90' lang='lat' dir='ltr'><strong>nobis,</strong></span> <span class='ocrx_word' id='word_1_782' title='bbox 2238 5133 2293 5180; x_wconf 90' lang='lat' dir='ltr'><strong>et</strong></span> <span class='ocrx_word' id='word_1_783' title='bbox 2336 5124 2675 5180; x_wconf 89' lang='lat' dir='ltr'><strong>abstractum</strong></span> <span class='ocrx_word' id='word_1_784' title='bbox 2713 5137 2742 5176; x_wconf 89' lang='lat' dir='ltr'><strong>a</strong></span> <span class='ocrx_word' id='word_1_785' title='bbox 2784 5120 3025 5177; x_wconf 88' lang='lat' dir='ltr'><strong>tenebris</strong></span> <span class='ocrx_word' id='word_1_786' title='bbox 3071 5121 3138 5174; x_wconf 85' lang='lat' dir='ltr'><strong>ad</strong></span> <span class='ocrx_word' id='word_1_787' title='bbox 3186 5134 3375 5174; x_wconf 88' lang='lat' dir='ltr'><strong>veram</strong></span> 
     </span>
    </p>
   </div>
   <div class='ocr_carea' id='block_1_107' title="bbox 1781 5209 3371 5289">
    <p class='ocr_par' dir='ltr' id='par_1_107' title="bbox 1781 5209 3371 5289">
     <span class='ocr_line' id='line_1_107' title="bbox 1781 5209 3371 5289; baseline -0.005 -18"><span class='ocrx_word' id='word_1_788' title='bbox 1781 5218 1954 5274; x_wconf 91' lang='lat' dir='ltr'><strong>lucem</strong></span> <span class='ocrx_word' id='word_1_789' title='bbox 1986 5226 2042 5273; x_wconf 89' lang='lat' dir='ltr'><strong>et</strong></span> <span class='ocrx_word' id='word_1_790' title='bbox 2078 5217 2407 5289; x_wconf 83' lang='lat' dir='ltr'><strong>agnitionem</strong></span> <span class='ocrx_word' id='word_1_791' title='bbox 2444 5230 2529 5270; x_wconf 90' lang='lat' dir='ltr'><strong>me</strong></span> <span class='ocrx_word' id='word_1_792' title='bbox 2568 5215 2784 5269; x_wconf 82' lang='lat' dir='ltr'><strong>venisse</strong></span> <span class='ocrx_word' id='word_1_793' title='bbox 2825 5210 3191 5287; x_wconf 82' lang='lat' dir='ltr'><strong>gratulamini.</strong></span> <span class='ocrx_word' id='word_1_794' title='bbox 3217 5209 3371 5276; x_wconf 85' lang='lat' dir='ltr'><strong>Nam,</strong></span> 
     </span>
    </p>
   </div>
   <div class='ocr_carea' id='block_1_108' title="bbox 1781 5301 3377 5379">
    <p class='ocr_par' dir='ltr' id='par_1_108' title="bbox 1781 5301 3377 5379">
     <span class='ocr_line' id='line_1_108' title="bbox 1781 5301 3377 5379; baseline -0.005 -17"><span class='ocrx_word' id='word_1_795' title='bbox 1781 5308 1906 5363; x_wconf 86' lang='lat' dir='ltr'><strong>dum</strong></span> <span class='ocrx_word' id='word_1_796' title='bbox 1930 5309 2107 5364; x_wconf 90' lang='lat' dir='ltr'><strong>valida</strong></span> <span class='ocrx_word' id='word_1_797' title='bbox 2130 5308 2399 5379; x_wconf 86' lang='lat' dir='ltr'><strong>squaloris</strong></span> <span class='ocrx_word' id='word_1_798' title='bbox 2434 5308 2579 5377; x_wconf 85' lang='lat' dir='ltr'><strong>lepra</strong></span> <span class='ocrx_word' id='word_1_799' title='bbox 2627 5315 2794 5361; x_wconf 86' lang='lat' dir='ltr'><strong>totam</strong></span> <span class='ocrx_word' id='word_1_800' title='bbox 2837 5306 2937 5361; x_wconf 85' lang='lat' dir='ltr'><strong>mei</strong></span> <span class='ocrx_word' id='word_1_801' title='bbox 2990 5303 3236 5375; x_wconf 86' lang='lat' dir='ltr'><strong>corporis</strong></span> <span class='ocrx_word' id='word_1_802' title='bbox 3295 5301 3377 5355; x_wconf 88' lang='lat' dir='ltr'><strong>in-</strong></span> 
     </span>
    </p>
   </div>
   <div class='ocr_carea' id='block_1_109' title="bbox 1781 5396 3373 5463">
    <p class='ocr_par' dir='ltr' id='par_1_109' title="bbox 1781 5396 3373 5463">
     <span class='ocr_line' id='line_1_109' title="bbox 1781 5396 3373 5463; baseline -0.006 -9"><span class='ocrx_word' id='word_1_803' title='bbox 1781 5401 2012 5456; x_wconf 85' lang='lat' dir='ltr'><strong>vasisset</strong></span> <span class='ocrx_word' id='word_1_804' title='bbox 2046 5416 2291 5463; x_wconf 89' lang='lat' dir='ltr'><strong>carnem,</strong></span> <span class='ocrx_word' id='word_1_805' title='bbox 2336 5407 2391 5453; x_wconf 89' lang='lat' dir='ltr'><strong>et</strong></span> <span class='ocrx_word' id='word_1_806' title='bbox 2436 5397 2729 5454; x_wconf 87' lang='lat' dir='ltr'><strong>multorum</strong></span> <span class='ocrx_word' id='word_1_807' title='bbox 2790 5396 3124 5453; x_wconf 84' lang='lat' dir='ltr'><strong>medicorum</strong></span> <span class='ocrx_word' id='word_1_808' title='bbox 3176 5406 3373 5447; x_wconf 78' lang='lat' dir='ltr'><strong>conve-</strong></span> 
     </span>
    </p>
   </div>
   <div class='ocr_carea' id='block_1_110' title="bbox 1780 5488 3374 5559">
    <p class='ocr_par' dir='ltr' id='par_1_110' title="bbox 1780 5488 3374 5559">
     <span class='ocr_line' id='line_1_110' title="bbox 1780 5488 3374 5559; baseline -0.008 -8"><span class='ocrx_word' id='word_1_809' title='bbox 1780 5495 2046 5551; x_wconf 87' lang='lat' dir='ltr'><strong>nientium</strong></span> <span class='ocrx_word' id='word_1_810' title='bbox 2076 5509 2203 5549; x_wconf 85' lang='lat' dir='ltr'><strong>cura</strong></span> <span class='ocrx_word' id='word_1_811' title='bbox 2242 5493 2615 5556; x_wconf 85' lang='lat' dir='ltr'><strong>adhiberetur,</strong></span> <span class='ocrx_word' id='word_1_812' title='bbox 2644 5504 2744 5545; x_wconf 87' lang='lat' dir='ltr'><strong>nec</strong></span> <span class='ocrx_word' id='word_1_813' title='bbox 2779 5488 2941 5544; x_wconf 88' lang='lat' dir='ltr'><strong>ullius</strong></span> <span class='ocrx_word' id='word_1_814' title='bbox 2967 5488 3185 5559; x_wconf 84' lang='lat' dir='ltr'><strong>quidem</strong></span> <span class='ocrx_word' id='word_1_815' title='bbox 3242 5497 3374 5539; x_wconf 82' lang='lat' dir='ltr'><strong>cura</strong></span> 
     </span>
    </p>
   </div>
   <div class='ocr_carea' id='block_1_111' title="bbox 1780 5572 3379 5658">
    <p class='ocr_par' dir='ltr' id='par_1_111' title="bbox 1780 5572 3379 5658">
     <span class='ocr_line' id='line_1_111' title="bbox 1780 5572 3379 5658; baseline -0.013 -16"><span class='ocrx_word' id='word_1_816' title='bbox 1780 5586 2275 5658; x_wconf 86' lang='lat' dir='ltr'><strong>promcruissemus</strong></span> <span class='ocrx_word' id='word_1_817' title='bbox 2297 5583 2548 5650; x_wconf 89' lang='lat' dir='ltr'><strong>salutem,</strong></span> <span class='ocrx_word' id='word_1_818' title='bbox 2575 5581 2642 5638; x_wconf 88' lang='lat' dir='ltr'><strong>ad</strong></span> <span class='ocrx_word' id='word_1_819' title='bbox 2676 5584 2779 5638; x_wconf 89' lang='lat' dir='ltr'><strong>hoc</strong></span> <span class='ocrx_word' id='word_1_820' title='bbox 2824 5586 3086 5634; x_wconf 74' lang='lat' dir='ltr'><strong>venerunt</strong></span> <span class='ocrx_word' id='word_1_821' title='bbox 3122 5572 3379 5628; x_wconf 74' lang='lat' dir='ltr'><strong>saccrdo~</strong></span> 
     </span>
    </p>
   </div>
   <div class='ocr_carea' id='block_1_112' title="bbox 1784 5663 3372 5749">
    <p class='ocr_par' dir='ltr' id='par_1_112' title="bbox 1784 5663 3372 5749">
     <span class='ocr_line' id='line_1_112' title="bbox 1784 5663 3372 5749; baseline -0.012 -16"><span class='ocrx_word' id='word_1_822' title='bbox 1784 5689 1865 5733; x_wconf 90' lang='lat' dir='ltr'><strong>tes</strong></span> <span class='ocrx_word' id='word_1_823' title='bbox 1887 5676 2141 5749; x_wconf 80' lang='lat' dir='ltr'><strong>Capitolii</strong></span> <span class='ocrx_word' id='word_1_824' title='bbox 2164 5676 2430 5739; x_wconf 87' lang='lat' dir='ltr'><strong>dicentes,</strong></span> <span class='ocrx_word' id='word_1_825' title='bbox 2477 5674 2611 5730; x_wconf 84' lang='lat' dir='ltr'><strong>mihi</strong></span> <span class='ocrx_word' id='word_1_826' title='bbox 2669 5672 2866 5728; x_wconf 84' lang='lat' dir='ltr'><strong>debere</strong></span> <span class='ocrx_word' id='word_1_827' title='bbox 2916 5668 3032 5722; x_wconf 84' lang='lat' dir='ltr'><strong>ﬁeri</strong></span> <span class='ocrx_word' id='word_1_828' title='bbox 3077 5664 3275 5720; x_wconf 71' lang='lat' dir='ltr'><strong>tantum</strong></span> <span class='ocrx_word' id='word_1_829' title='bbox 3321 5663 3372 5714; x_wconf 76' lang='lat' dir='ltr'><strong>in</strong></span> 
     </span>
    </p>
   </div>
   <div class='ocr_carea' id='block_1_113' title="bbox 1782 5754 3371 5843">
    <p class='ocr_par' dir='ltr' id='par_1_113' title="bbox 1782 5754 3371 5843">
     <span class='ocr_line' id='line_1_113' title="bbox 1782 5754 3371 5843; baseline -0.014 -17"><span class='ocrx_word' id='word_1_830' title='bbox 1782 5769 2047 5843; x_wconf 89' lang='lat' dir='ltr'><strong>Capitolio</strong></span> <span class='ocrx_word' id='word_1_831' title='bbox 2085 5776 2141 5824; x_wconf 86' lang='lat' dir='ltr'><strong>ct</strong></span> <span class='ocrx_word' id='word_1_832' title='bbox 2170 5767 2429 5837; x_wconf 85' lang='lat' dir='ltr'><strong>compleri</strong></span> <span class='ocrx_word' id='word_1_833' title='bbox 2468 5765 2611 5821; x_wconf 88' lang='lat' dir='ltr'><strong>hunc</strong></span> <span class='ocrx_word' id='word_1_834' title='bbox 2668 5761 3035 5819; x_wconf 83' lang='lat' dir='ltr'><strong>innocentium</strong></span> <span class='ocrx_word' id='word_1_835' title='bbox 3087 5754 3371 5823; x_wconf 60' lang='lat' dir='ltr'><strong>sanguine,</strong></span> 
     </span>
    </p>
   </div>
   <div class='ocr_carea' id='block_1_114' title="bbox 1780 5851 3372 5929">
    <p class='ocr_par' dir='ltr' id='par_1_114' title="bbox 1780 5851 3372 5929">
     <span class='ocr_line' id='line_1_114' title="bbox 1780 5851 3372 5929; baseline -0.014 -8"><span class='ocrx_word' id='word_1_836' title='bbox 1780 5874 1836 5922; x_wconf 89' lang='lat' dir='ltr'><strong>et</strong></span> <span class='ocrx_word' id='word_1_837' title='bbox 1871 5867 1925 5919; x_wconf 92' lang='lat' dir='ltr'><strong>in</strong></span> <span class='ocrx_word' id='word_1_838' title='bbox 1946 5877 2011 5919; x_wconf 89' lang='lat' dir='ltr'><strong>eo</strong></span> <span class='ocrx_word' id='word_1_839' title='bbox 2039 5862 2250 5917; x_wconf 89' lang='lat' dir='ltr'><strong>calente</strong></span> <span class='ocrx_word' id='word_1_840' title='bbox 2269 5859 2388 5917; x_wconf 92' lang='lat' dir='ltr'><strong>loco</strong></span> <span class='ocrx_word' id='word_1_841' title='bbox 2414 5874 2499 5915; x_wconf 91' lang='lat' dir='ltr'><strong>me</strong></span> <span class='ocrx_word' id='word_1_842' title='bbox 2520 5873 2681 5929; x_wconf 87' lang='lat' dir='ltr'><strong>posse</strong></span> <span class='ocrx_word' id='word_1_843' title='bbox 2724 5852 2991 5911; x_wconf 82' lang='lat' dir='ltr'><strong>mundari.</strong></span> <span class='ocrx_word' id='word_1_844' title='bbox 3061 5851 3125 5904; x_wconf 71' lang='lat' dir='ltr'><strong>Et</strong></span> <span class='ocrx_word' id='word_1_845' title='bbox 3177 5864 3372 5903; x_wconf 72' lang='lat' dir='ltr'><strong>secuit-</strong></span> 
     </span>
    </p>
   </div>
   <div class='ocr_carea' id='block_1_115' title="bbox 1781 5941 3376 6034">
    <p class='ocr_par' dir='ltr' id='par_1_115' title="bbox 1781 5941 3376 6034">
     <span class='ocr_line' id='line_1_115' title="bbox 1781 5941 3376 6034; baseline -0.016 -19"><span class='ocrx_word' id='word_1_846' title='bbox 1781 5955 1909 6019; x_wconf 87' lang='lat' dir='ltr'><strong>tlum</strong></span> <span class='ocrx_word' id='word_1_847' title='bbox 1933 5967 2122 6013; x_wconf 90' lang='lat' dir='ltr'><strong>eorum</strong></span> <span class='ocrx_word' id='word_1_848' title='bbox 2143 5950 2313 6023; x_wconf 81' lang='lat' dir='ltr'><strong>dicta,</strong></span> <span class='ocrx_word' id='word_1_849' title='bbox 2344 5948 2650 6027; x_wconf 78' lang='lat' dir='ltr'><strong>aggregatis</strong></span> <span class='ocrx_word' id='word_1_850' title='bbox 2689 5944 2940 6034; x_wconf 87' lang='lat' dir='ltr'><strong>plurimis</strong></span> <span class='ocrx_word' id='word_1_851' title='bbox 2993 5941 3376 6021; x_wconf 73' lang='lat' dir='ltr'><strong>lnnoccutitus</strong></span> 
     </span>
    </p>
   </div>
  </div>
