  <div class='ocr_page' id='page_1' title='image "/cluster/home/n/w/nwhite01/storage/ocr_20150623/130/hvd.32044015471717/153.png"; bbox 0 0 3908 5434; ppageno 0'>
   <div class='ocr_carea' id='block_1_1' title="bbox 554 384 661 445">
    <p class='ocr_par' dir='ltr' id='par_1_1' title="bbox 554 384 661 445">
     <span class='ocr_line' id='line_1_1' title="bbox 554 384 661 445; baseline -0.037 0"><span class='ocrx_word' id='word_1_1' title='bbox 554 384 661 445; x_wconf 72' lang='lat' dir='ltr'><strong>2H</strong></span> 
     </span>
    </p>
   </div>
   <div class='ocr_carea' id='block_1_2' title="bbox 1342 385 2216 449">
    <p class='ocr_par' dir='ltr' id='par_1_2' title="bbox 1342 385 2216 449">
     <span class='ocr_line' id='line_1_2' title="bbox 1342 385 2216 449; baseline 0.007 -7"><span class='ocrx_word' id='word_1_2' title='bbox 1342 385 1633 445; x_wconf 84' lang='lat' dir='ltr'><strong>APPEND.</strong></span> <span class='ocrx_word' id='word_1_3' title='bbox 1668 387 1765 446; x_wconf 82' lang='lat' dir='ltr'><strong>AD</strong></span> <span class='ocrx_word' id='word_1_4' title='bbox 1801 388 1977 449; x_wconf 61' lang='lat' dir='ltr'><strong>SIEC.</strong></span> <span class='ocrx_word' id='word_1_5' title='bbox 2017 387 2113 447; x_wconf 83' lang='lat' dir='ltr'><strong>IX.</strong></span> <span class='ocrx_word' id='word_1_6' title='bbox 2143 416 2216 433; x_wconf 88' lang='lat'><strong>--</strong></span> 
     </span>
    </p>
   </div>
   <div class='ocr_carea' id='block_1_3' title="bbox 2249 368 3809 459">
    <p class='ocr_par' dir='ltr' id='par_1_3' title="bbox 2249 368 3809 459">
     <span class='ocr_line' id='line_1_3' title="bbox 2249 368 3809 459; baseline 0.008 -13"><span class='ocrx_word' id='word_1_7' title='bbox 2249 387 2503 449; x_wconf 80' lang='lat' dir='ltr'><strong>lSlDORl</strong></span> <span class='ocrx_word' id='word_1_8' title='bbox 2539 368 2983 451; x_wconf 67' lang='lat' dir='ltr'><strong>nenda&#39;roms</strong></span> <span class='ocrx_word' id='word_1_9' title='bbox 3723 402 3809 459; x_wconf 75' lang='lat' dir='ltr'><strong>2n</strong></span> 
     </span>
    </p>
   </div>
   <div class='ocr_carea' id='block_1_4' title="bbox 549 502 3811 579">
    <p class='ocr_par' dir='ltr' id='par_1_4' title="bbox 549 502 3811 579">
     <span class='ocr_line' id='line_1_4' title="bbox 549 502 3811 579; baseline 0.004 -18"><span class='ocrx_word' id='word_1_10' title='bbox 549 504 871 573; x_wconf 86' lang='lat' dir='ltr'><strong>infantibus,</strong></span> <span class='ocrx_word' id='word_1_11' title='bbox 900 504 1029 562; x_wconf 90' lang='lat' dir='ltr'><strong>dum</strong></span> <span class='ocrx_word' id='word_1_12' title='bbox 1052 502 1255 562; x_wconf 91' lang='lat' dir='ltr'><strong>vellent</strong></span> <span class='ocrx_word' id='word_1_13' title='bbox 1293 505 1542 576; x_wconf 80' lang='lat' dir='ltr'><strong>sacrilegi</strong></span> <span class='ocrx_word' id='word_1_14' title='bbox 1579 521 1916 578; x_wconf 71' lang='lat' dir='ltr'><strong>paganorum</strong></span> <span class='ocrx_word' id='word_1_15' title='bbox 1961 507 2219 570; x_wconf 79' lang='lat' dir='ltr'><strong>sacer-A</strong></span> <span class='ocrx_word' id='word_1_16' title='bbox 2244 504 2641 579; x_wconf 87' lang='lat' dir='ltr'><strong>Benedictoque</strong></span> <span class='ocrx_word' id='word_1_17' title='bbox 2685 508 2855 574; x_wconf 77' lang='lat' dir='ltr'><strong>fonte,</strong></span> <span class='ocrx_word' id='word_1_18' title='bbox 2895 510 3003 568; x_wconf 90' lang='lat' dir='ltr'><strong>illic</strong></span> <span class='ocrx_word' id='word_1_19' title='bbox 3048 525 3136 567; x_wconf 88' lang='lat' dir='ltr'><strong>me</strong></span> <span class='ocrx_word' id='word_1_20' title='bbox 3183 512 3323 569; x_wconf 92' lang='lat' dir='ltr'><strong>trina</strong></span> <span class='ocrx_word' id='word_1_21' title='bbox 3367 515 3646 572; x_wconf 88' lang='lat' dir='ltr'><strong>mersione</strong></span> <span class='ocrx_word' id='word_1_22' title='bbox 3691 520 3811 574; x_wconf 79' lang='lat' dir='ltr'><strong>unda</strong></span> 
     </span>
    </p>
   </div>
   <div class='ocr_carea' id='block_1_5' title="bbox 549 597 2183 678">
    <p class='ocr_par' dir='ltr' id='par_1_5' title="bbox 549 597 2183 678">
     <span class='ocr_line' id='line_1_5' title="bbox 549 597 2183 678; baseline 0.001 -24"><span class='ocrx_word' id='word_1_23' title='bbox 549 597 704 655; x_wconf 89' lang='lat' dir='ltr'><strong>dotes</strong></span> <span class='ocrx_word' id='word_1_24' title='bbox 723 612 820 655; x_wconf 89' lang='lat' dir='ltr'><strong>eos</strong></span> <span class='ocrx_word' id='word_1_25' title='bbox 840 598 1088 665; x_wconf 88' lang='lat' dir='ltr'><strong>mactari,</strong></span> <span class='ocrx_word' id='word_1_26' title='bbox 1116 605 1173 653; x_wconf 93' lang='lat' dir='ltr'><strong>et</strong></span> <span class='ocrx_word' id='word_1_27' title='bbox 1195 612 1264 654; x_wconf 81' lang='lat' dir='ltr'><strong>ex</strong></span> <span class='ocrx_word' id='word_1_28' title='bbox 1289 612 1478 653; x_wconf 90' lang='lat' dir='ltr'><strong>eorum</strong></span> <span class='ocrx_word' id='word_1_29' title='bbox 1499 598 1764 678; x_wconf 80' lang='lat' dir='ltr'><strong>sanguine</strong></span> <span class='ocrx_word' id='word_1_30' title='bbox 1797 598 2005 655; x_wconf 85' lang='lat' dir='ltr'><strong>fontem</strong></span> <span class='ocrx_word' id='word_1_31' title='bbox 2054 614 2143 655; x_wconf 90' lang='lat' dir='ltr'><strong>re-</strong></span> <span class='ocrx_word' id='word_1_32' title='bbox 2180 620 2183 623; x_wconf 54' lang='grc' dir='ltr'><em>ν</em></span> 
     </span>
    </p>
   </div>
   <div class='ocr_carea' id='block_1_6' title="bbox 548 690 2141 764">
    <p class='ocr_par' dir='ltr' id='par_1_6' title="bbox 548 690 2141 764">
     <span class='ocr_line' id='line_1_6' title="bbox 548 690 2141 764; baseline 0.001 -18"><span class='ocrx_word' id='word_1_33' title='bbox 548 690 710 764; x_wconf 89' lang='lat' dir='ltr'><strong>pleri,</strong></span> <span class='ocrx_word' id='word_1_34' title='bbox 751 704 984 748; x_wconf 84' lang='lat' dir='ltr'><strong>cernens</strong></span> <span class='ocrx_word' id='word_1_35' title='bbox 1018 690 1286 747; x_wconf 74' lang='lat' dir='ltr'><strong>serenitas</strong></span> <span class='ocrx_word' id='word_1_36' title='bbox 1347 699 1537 747; x_wconf 87' lang='lat' dir='ltr'><strong>nostra</strong></span> <span class='ocrx_word' id='word_1_37' title='bbox 1593 691 1867 763; x_wconf 87' lang='lat' dir='ltr'><strong>lacrymas</strong></span> <span class='ocrx_word' id='word_1_38' title='bbox 1905 698 2141 748; x_wconf 90' lang='lat' dir='ltr'><strong>matrum</strong></span> 
     </span>
    </p>
   </div>
   <div class='ocr_carea' id='block_1_7' title="bbox 549 779 2141 853">
    <p class='ocr_par' dir='ltr' id='par_1_7' title="bbox 549 779 2141 853">
     <span class='ocr_line' id='line_1_7' title="bbox 549 779 2141 853; baseline 0.001 -16"><span class='ocrx_word' id='word_1_39' title='bbox 549 795 770 847; x_wconf 87' lang='lat' dir='ltr'><strong>eorum,</strong></span> <span class='ocrx_word' id='word_1_40' title='bbox 815 781 958 837; x_wconf 87' lang='lat' dir='ltr'><strong>illico</strong></span> <span class='ocrx_word' id='word_1_41' title='bbox 1003 780 1260 837; x_wconf 81' lang='lat' dir='ltr'><strong>exhorrui</strong></span> <span class='ocrx_word' id='word_1_42' title='bbox 1300 779 1513 837; x_wconf 84' lang='lat' dir='ltr'><strong>facinus</strong></span> <span class='ocrx_word' id='word_1_43' title='bbox 1538 822 1553 847; x_wconf 88' lang='lat'><strong>,</strong></span> <span class='ocrx_word' id='word_1_44' title='bbox 1597 781 1997 853; x_wconf 74' lang='lat' dir='ltr'><strong>miseratusque</strong></span> <span class='ocrx_word' id='word_1_45' title='bbox 2026 796 2141 849; x_wconf 89' lang='lat' dir='ltr'><strong>eas,</strong></span> 
     </span>
    </p>
   </div>
   <div class='ocr_carea' id='block_1_8' title="bbox 550 873 2142 947">
    <p class='ocr_par' dir='ltr' id='par_1_8' title="bbox 550 873 2142 947">
     <span class='ocr_line' id='line_1_8' title="bbox 550 873 2142 947; baseline 0 -17"><span class='ocrx_word' id='word_1_46' title='bbox 550 873 802 947; x_wconf 90' lang='lat' dir='ltr'><strong>proprios</strong></span> <span class='ocrx_word' id='word_1_47' title='bbox 824 873 932 929; x_wconf 86' lang='lat' dir='ltr'><strong>illis</strong></span> <span class='ocrx_word' id='word_1_48' title='bbox 958 873 1175 930; x_wconf 89' lang='lat' dir='ltr'><strong>restitui</strong></span> <span class='ocrx_word' id='word_1_49' title='bbox 1202 873 1561 944; x_wconf 82' lang='lat' dir='ltr'><strong>praecepimus</strong></span> <span class='ocrx_word' id='word_1_50' title='bbox 1594 873 1734 929; x_wconf 92' lang='lat' dir='ltr'><strong>ﬁlios</strong></span> <span class='ocrx_word' id='word_1_51' title='bbox 1788 889 1935 940; x_wconf 90' lang='lat' dir='ltr'><strong>suos,</strong></span> <span class='ocrx_word' id='word_1_52' title='bbox 1977 873 2142 930; x_wconf 88' lang='lat' dir='ltr'><strong>datis-</strong></span> 
     </span>
    </p>
   </div>
   <div class='ocr_carea' id='block_1_9' title="bbox 550 963 2147 1037">
    <p class='ocr_par' dir='ltr' id='par_1_9' title="bbox 550 963 2147 1037">
     <span class='ocr_line' id='line_1_9' title="bbox 550 963 2147 1037; baseline 0.001 -18"><span class='ocrx_word' id='word_1_53' title='bbox 550 980 656 1037; x_wconf 87' lang='lat' dir='ltr'><strong>que</strong></span> <span class='ocrx_word' id='word_1_54' title='bbox 677 964 941 1021; x_wconf 82' lang='lat' dir='ltr'><strong>vehiculis</strong></span> <span class='ocrx_word' id='word_1_55' title='bbox 975 973 1033 1021; x_wconf 94' lang='lat' dir='ltr'><strong>et</strong></span> <span class='ocrx_word' id='word_1_56' title='bbox 1061 964 1219 1021; x_wconf 91' lang='lat' dir='ltr'><strong>donis</strong></span> <span class='ocrx_word' id='word_1_57' title='bbox 1241 965 1517 1021; x_wconf 87' lang='lat' dir='ltr'><strong>concessis</strong></span> <span class='ocrx_word' id='word_1_58' title='bbox 1543 963 1861 1036; x_wconf 87' lang='lat' dir='ltr'><strong>gaudentes,</strong></span> <span class='ocrx_word' id='word_1_59' title='bbox 1893 965 1963 1022; x_wconf 91' lang='lat' dir='ltr'><strong>ad</strong></span> <span class='ocrx_word' id='word_1_60' title='bbox 2020 980 2147 1037; x_wconf 89' lang='lat' dir='ltr'><strong>pro-</strong></span> 
     </span>
    </p>
   </div>
   <div class='ocr_carea' id='block_1_10' title="bbox 545 1056 1065 1131">
    <p class='ocr_par' dir='ltr' id='par_1_10' title="bbox 545 1056 1065 1131">
     <span class='ocr_line' id='line_1_10' title="bbox 545 1056 1065 1131; baseline 0 -18"><span class='ocrx_word' id='word_1_61' title='bbox 545 1058 661 1131; x_wconf 73' lang='lat' dir='ltr'><strong>pria</strong></span> <span class='ocrx_word' id='word_1_62' title='bbox 684 1056 1065 1114; x_wconf 77' lang='lat' dir='ltr'><strong>relaxavimus.</strong></span> 
     </span>
    </p>
   </div>
   <div class='ocr_carea' id='block_1_11' title="bbox 618 1148 2146 1221">
    <p class='ocr_par' dir='ltr' id='par_1_11' title="bbox 618 1148 2146 1221">
     <span class='ocr_line' id='line_1_11' title="bbox 618 1148 2146 1221; baseline -0.001 -16"><span class='ocrx_word' id='word_1_63' title='bbox 618 1149 821 1205; x_wconf 89' lang='lat' dir='ltr'><strong>Eadem</strong></span> <span class='ocrx_word' id='word_1_64' title='bbox 843 1149 1010 1221; x_wconf 89' lang='lat' dir='ltr'><strong>igitur</strong></span> <span class='ocrx_word' id='word_1_65' title='bbox 1060 1156 1337 1205; x_wconf 89' lang='lat' dir='ltr'><strong>transacta</strong></span> <span class='ocrx_word' id='word_1_66' title='bbox 1388 1148 1495 1214; x_wconf 90' lang='lat' dir='ltr'><strong>die,</strong></span> <span class='ocrx_word' id='word_1_67' title='bbox 1537 1162 1635 1220; x_wconf 90' lang='lat' dir='ltr'><strong>per</strong></span> <span class='ocrx_word' id='word_1_68' title='bbox 1680 1156 1946 1205; x_wconf 88' lang='lat' dir='ltr'><strong>nocturna</strong></span> <span class='ocrx_word' id='word_1_69' title='bbox 1988 1148 2146 1205; x_wconf 88' lang='lat' dir='ltr'><strong>nobis</strong></span> 
     </span>
    </p>
   </div>
   <div class='ocr_carea' id='block_1_12' title="bbox 547 1240 2146 1312">
    <p class='ocr_par' dir='ltr' id='par_1_12' title="bbox 547 1240 2146 1312">
     <span class='ocr_line' id='line_1_12' title="bbox 547 1240 2146 1312; baseline 0 -17"><span class='ocrx_word' id='word_1_70' title='bbox 547 1240 689 1297; x_wconf 75' lang='lat' dir='ltr'><strong>facta</strong></span> <span class='ocrx_word' id='word_1_71' title='bbox 714 1241 953 1309; x_wconf 90' lang='lat' dir='ltr'><strong>silentia,</strong></span> <span class='ocrx_word' id='word_1_72' title='bbox 982 1241 1109 1297; x_wconf 92' lang='lat' dir='ltr'><strong>dum</strong></span> <span class='ocrx_word' id='word_1_73' title='bbox 1137 1241 1314 1297; x_wconf 87' lang='lat' dir='ltr'><strong>somni</strong></span> <span class='ocrx_word' id='word_1_74' title='bbox 1340 1251 1552 1312; x_wconf 80' lang='lat' dir='ltr'><strong>tempus</strong></span> <span class='ocrx_word' id='word_1_75' title='bbox 1569 1241 1895 1304; x_wconf 87' lang='lat' dir='ltr'><strong>advenisset,</strong></span> <span class='ocrx_word' id='word_1_76' title='bbox 1947 1240 2146 1297; x_wconf 85' lang='lat' dir='ltr'><strong>adsunt</strong></span> 
     </span>
    </p>
   </div>
   <div class='ocr_carea' id='block_1_13' title="bbox 549 1331 2141 1405">
    <p class='ocr_par' dir='ltr' id='par_1_13' title="bbox 549 1331 2141 1405">
     <span class='ocr_line' id='line_1_13' title="bbox 549 1331 2141 1405; baseline -0.001 -17"><span class='ocrx_word' id='word_1_77' title='bbox 549 1332 779 1405; x_wconf 86' lang='lat' dir='ltr'><strong>apostoli</strong></span> <span class='ocrx_word' id='word_1_78' title='bbox 808 1342 1028 1389; x_wconf 89' lang='lat' dir='ltr'><strong>sanctus</strong></span> <span class='ocrx_word' id='word_1_79' title='bbox 1058 1332 1253 1389; x_wconf 89' lang='lat' dir='ltr'><strong>Petrus</strong></span> <span class='ocrx_word' id='word_1_80' title='bbox 1305 1341 1360 1389; x_wconf 90' lang='lat' dir='ltr'><strong>et</strong></span> <span class='ocrx_word' id='word_1_81' title='bbox 1397 1332 1616 1400; x_wconf 89' lang='lat' dir='ltr'><strong>Paulus,</strong></span> <span class='ocrx_word' id='word_1_82' title='bbox 1671 1331 1913 1389; x_wconf 88' lang='lat' dir='ltr'><strong>dicentes</strong></span> <span class='ocrx_word' id='word_1_83' title='bbox 1966 1332 2141 1388; x_wconf 91' lang='lat' dir='ltr'><strong>mihi:</strong></span> 
     </span>
    </p>
   </div>
   <div class='ocr_carea' id='block_1_14' title="bbox 554 1425 2142 1498">
    <p class='ocr_par' dir='ltr' id='par_1_14' title="bbox 554 1425 2142 1498">
     <span class='ocr_line' id='line_1_14' title="bbox 554 1425 2142 1498; baseline 0.002 -20"><span class='ocrx_word' id='word_1_84' title='bbox 554 1443 574 1478; x_wconf 69' lang='grc' dir='ltr'>ς</span> <span class='ocrx_word' id='word_1_85' title='bbox 602 1425 867 1493; x_wconf 87' lang='lat' dir='ltr'><strong>Quoniam</strong></span> <span class='ocrx_word' id='word_1_86' title='bbox 891 1425 1108 1498; x_wconf 85' lang='lat' dir='ltr'><strong>ﬂagitiis</strong></span> <span class='ocrx_word' id='word_1_87' title='bbox 1124 1426 1353 1497; x_wconf 88' lang='lat' dir='ltr'><strong>posuisti</strong></span> <span class='ocrx_word' id='word_1_88' title='bbox 1385 1426 1697 1493; x_wconf 87' lang='lat' dir='ltr'><strong>terminum,</strong></span> <span class='ocrx_word' id='word_1_89' title='bbox 1746 1434 1801 1481; x_wconf 91' lang='lat' dir='ltr'><strong>et</strong></span> <span class='ocrx_word' id='word_1_90' title='bbox 1824 1426 2142 1482; x_wconf 80' lang='lat' dir='ltr'><strong>eﬁ‘usionem</strong></span> 
     </span>
    </p>
   </div>
   <div class='ocr_carea' id='block_1_15' title="bbox 548 1518 2149 1589">
    <p class='ocr_par' dir='ltr' id='par_1_15' title="bbox 548 1518 2149 1589">
     <span class='ocr_line' id='line_1_15' title="bbox 548 1518 2149 1589; baseline 0.002 -17"><span class='ocrx_word' id='word_1_91' title='bbox 548 1518 828 1589; x_wconf 80' lang='lat' dir='ltr'><strong>sanguinis</strong></span> <span class='ocrx_word' id='word_1_92' title='bbox 849 1518 1149 1575; x_wconf 87' lang='lat' dir='ltr'><strong>innocentis</strong></span> <span class='ocrx_word' id='word_1_93' title='bbox 1174 1519 1453 1586; x_wconf 87' lang='lat' dir='ltr'><strong>horruisti,</strong></span> <span class='ocrx_word' id='word_1_94' title='bbox 1498 1519 1651 1576; x_wconf 87' lang='lat' dir='ltr'><strong>missi</strong></span> <span class='ocrx_word' id='word_1_95' title='bbox 1712 1535 1898 1575; x_wconf 90' lang='lat' dir='ltr'><strong>sumus</strong></span> <span class='ocrx_word' id='word_1_96' title='bbox 1925 1534 1957 1575; x_wconf 89' lang='lat' dir='ltr'><strong>a</strong></span> <span class='ocrx_word' id='word_1_97' title='bbox 1990 1518 2149 1576; x_wconf 89' lang='lat' dir='ltr'><strong>Chri-</strong></span> 
     </span>
    </p>
   </div>
   <div class='ocr_carea' id='block_1_16' title="bbox 549 1611 2148 1684">
    <p class='ocr_par' dir='ltr' id='par_1_16' title="bbox 549 1611 2148 1684">
     <span class='ocr_line' id='line_1_16' title="bbox 549 1611 2148 1684; baseline 0 -17"><span class='ocrx_word' id='word_1_98' title='bbox 549 1620 635 1667; x_wconf 87' lang='lat' dir='ltr'><strong>sto</strong></span> <span class='ocrx_word' id='word_1_99' title='bbox 660 1611 890 1668; x_wconf 92' lang='lat' dir='ltr'><strong>Domino</strong></span> <span class='ocrx_word' id='word_1_100' title='bbox 912 1613 1023 1669; x_wconf 92' lang='lat' dir='ltr'><strong>Deo</strong></span> <span class='ocrx_word' id='word_1_101' title='bbox 1059 1622 1244 1669; x_wconf 91' lang='lat' dir='ltr'><strong>nostro</strong></span> <span class='ocrx_word' id='word_1_102' title='bbox 1292 1614 1423 1670; x_wconf 89' lang='lat' dir='ltr'><strong>dare</strong></span> <span class='ocrx_word' id='word_1_103' title='bbox 1473 1612 1569 1669; x_wconf 90' lang='lat' dir='ltr'><strong>tibi</strong></span> <span class='ocrx_word' id='word_1_104' title='bbox 1621 1614 1867 1669; x_wconf 88' lang='lat' dir='ltr'><strong>sanitatis</strong></span> <span class='ocrx_word' id='word_1_105' title='bbox 1924 1628 2148 1684; x_wconf 87' lang='lat' dir='ltr'><strong>recupe-</strong></span> 
     </span>
    </p>
   </div>
   <div class='ocr_carea' id='block_1_17' title="bbox 550 1704 2149 1779">
    <p class='ocr_par' dir='ltr' id='par_1_17' title="bbox 550 1704 2149 1779">
     <span class='ocr_line' id='line_1_17' title="bbox 550 1704 2149 1779; baseline 0.001 -18"><span class='ocrx_word' id='word_1_106' title='bbox 550 1704 733 1761; x_wconf 86' lang='lat' dir='ltr'><strong>randae</strong></span> <span class='ocrx_word' id='word_1_107' title='bbox 755 1705 1061 1761; x_wconf 88' lang='lat' dir='ltr'><strong>consilium.</strong></span> <span class='ocrx_word' id='word_1_108' title='bbox 1095 1706 1235 1762; x_wconf 82' lang='lat' dir='ltr'><strong>Audi</strong></span> <span class='ocrx_word' id='word_1_109' title='bbox 1274 1722 1406 1779; x_wconf 88' lang='lat' dir='ltr'><strong>ergo</strong></span> <span class='ocrx_word' id='word_1_110' title='bbox 1451 1707 1655 1762; x_wconf 89' lang='lat' dir='ltr'><strong>monita</strong></span> <span class='ocrx_word' id='word_1_111' title='bbox 1704 1715 1908 1772; x_wconf 88' lang='lat' dir='ltr'><strong>nostra,</strong></span> <span class='ocrx_word' id='word_1_112' title='bbox 1960 1716 2017 1761; x_wconf 92' lang='lat' dir='ltr'><strong>et</strong></span> <span class='ocrx_word' id='word_1_113' title='bbox 2061 1705 2149 1763; x_wconf 82' lang='lat' dir='ltr'><strong>fac</strong></span> 
     </span>
    </p>
   </div>
   <div class='ocr_carea' id='block_1_18' title="bbox 549 1798 2143 1871">
    <p class='ocr_par' dir='ltr' id='par_1_18' title="bbox 549 1798 2143 1871">
     <span class='ocr_line' id='line_1_18' title="bbox 549 1798 2143 1871; baseline 0.001 -19"><span class='ocrx_word' id='word_1_114' title='bbox 549 1798 910 1870; x_wconf 85' lang='lat' dir='ltr'><strong>quodcunque</strong></span> <span class='ocrx_word' id='word_1_115' title='bbox 932 1798 1234 1856; x_wconf 89' lang='lat' dir='ltr'><strong>indicamus</strong></span> <span class='ocrx_word' id='word_1_116' title='bbox 1267 1799 1381 1855; x_wconf 90' lang='lat' dir='ltr'><strong>tibi.</strong></span> <span class='ocrx_word' id='word_1_117' title='bbox 1406 1798 1689 1866; x_wconf 87' lang='lat' dir='ltr'><strong>Silvester,</strong></span> <span class='ocrx_word' id='word_1_118' title='bbox 1717 1799 2002 1871; x_wconf 91' lang='lat' dir='ltr'><strong>episcopus</strong></span> <span class='ocrx_word' id='word_1_119' title='bbox 2039 1800 2143 1855; x_wconf 86' lang='lat' dir='ltr'><strong>hu-</strong></span> 
     </span>
    </p>
   </div>
   <div class='ocr_carea' id='block_1_19' title="bbox 2247 598 3813 679">
    <p class='ocr_par' dir='ltr' id='par_1_19' title="bbox 2247 598 3813 679">
     <span class='ocr_line' id='line_1_19' title="bbox 2247 598 3813 679; baseline 0.008 -26"><span class='ocrx_word' id='word_1_120' title='bbox 2247 598 2442 654; x_wconf 90' lang='lat' dir='ltr'><strong>salutis</strong></span> <span class='ocrx_word' id='word_1_121' title='bbox 2485 599 2815 671; x_wconf 85' lang='lat' dir='ltr'><strong>puriﬁcavit.</strong></span> <span class='ocrx_word' id='word_1_122' title='bbox 2854 601 3148 675; x_wconf 85' lang='lat' dir='ltr'><strong>Positoque</strong></span> <span class='ocrx_word' id='word_1_123' title='bbox 3177 618 3267 660; x_wconf 91' lang='lat' dir='ltr'><strong>me</strong></span> <span class='ocrx_word' id='word_1_124' title='bbox 3318 606 3375 662; x_wconf 89' lang='lat' dir='ltr'><strong>in</strong></span> <span class='ocrx_word' id='word_1_125' title='bbox 3414 605 3581 663; x_wconf 82' lang='lat' dir='ltr'><strong>fontis</strong></span> <span class='ocrx_word' id='word_1_126' title='bbox 3627 611 3813 679; x_wconf 84' lang='lat' dir='ltr'><strong>gremio</strong></span> 
     </span>
    </p>
   </div>
   <div class='ocr_carea' id='block_1_20' title="bbox 2246 689 3814 769">
    <p class='ocr_par' dir='ltr' id='par_1_20' title="bbox 2246 689 3814 769">
     <span class='ocr_line' id='line_1_20' title="bbox 2246 689 3814 769; baseline 0.008 -26"><span class='ocrx_word' id='word_1_127' title='bbox 2246 703 2467 744; x_wconf 87' lang='lat' dir='ltr'><strong>manum</strong></span> <span class='ocrx_word' id='word_1_128' title='bbox 2518 689 2586 746; x_wconf 91' lang='lat' dir='ltr'><strong>de</strong></span> <span class='ocrx_word' id='word_1_129' title='bbox 2628 691 2767 748; x_wconf 87' lang='lat' dir='ltr'><strong>coelo</strong></span> <span class='ocrx_word' id='word_1_130' title='bbox 2816 708 2902 748; x_wconf 90' lang='lat' dir='ltr'><strong>me</strong></span> <span class='ocrx_word' id='word_1_131' title='bbox 2940 695 3339 768; x_wconf 82' lang='lat' dir='ltr'><strong>contingentem</strong></span> <span class='ocrx_word' id='word_1_132' title='bbox 3387 698 3629 769; x_wconf 85' lang='lat' dir='ltr'><strong>propriis</strong></span> <span class='ocrx_word' id='word_1_133' title='bbox 3666 698 3814 755; x_wconf 84' lang='lat' dir='ltr'><strong>oculis</strong></span> 
     </span>
    </p>
   </div>
   <div class='ocr_carea' id='block_1_21' title="bbox 2245 779 3813 862">
    <p class='ocr_par' dir='ltr' id='par_1_21' title="bbox 2245 779 3813 862">
     <span class='ocr_line' id='line_1_21' title="bbox 2245 779 3813 862; baseline 0.008 -29"><span class='ocrx_word' id='word_1_134' title='bbox 2245 779 2375 835; x_wconf 86' lang='lat' dir='ltr'><strong>vidi.</strong></span> <span class='ocrx_word' id='word_1_135' title='bbox 2440 781 2518 837; x_wconf 92' lang='lat' dir='ltr'><strong>De</strong></span> <span class='ocrx_word' id='word_1_136' title='bbox 2561 798 2667 853; x_wconf 86' lang='lat' dir='ltr'><strong>qua</strong></span> <span class='ocrx_word' id='word_1_137' title='bbox 2714 786 2947 841; x_wconf 88' lang='lat' dir='ltr'><strong>mundus</strong></span> <span class='ocrx_word' id='word_1_138' title='bbox 2976 802 3276 860; x_wconf 76' lang='lat' dir='ltr'><strong>exsurgens</strong></span> <span class='ocrx_word' id='word_1_139' title='bbox 3298 789 3367 846; x_wconf 91' lang='lat' dir='ltr'><strong>ab</strong></span> <span class='ocrx_word' id='word_1_140' title='bbox 3388 790 3539 845; x_wconf 91' lang='lat' dir='ltr'><strong>omni</strong></span> <span class='ocrx_word' id='word_1_141' title='bbox 3563 804 3655 845; x_wconf 88' lang='lat' dir='ltr'><strong>me</strong></span> <span class='ocrx_word' id='word_1_142' title='bbox 3678 791 3813 862; x_wconf 69' lang='lat' dir='ltr'><strong>lepra</strong></span> 
     </span>
    </p>
   </div>
   <div class='ocr_carea' id='block_1_22' title="bbox 2246 869 3815 952">
    <p class='ocr_par' dir='ltr' id='par_1_22' title="bbox 2246 869 3815 952">
     <span class='ocr_line' id='line_1_22' title="bbox 2246 869 3815 952; baseline 0.008 -26"><span class='ocrx_word' id='word_1_143' title='bbox 2246 869 2498 940; x_wconf 83' lang='lat' dir='ltr'><strong>squalore</strong></span> <span class='ocrx_word' id='word_1_144' title='bbox 2556 875 2874 931; x_wconf 89' lang='lat' dir='ltr'><strong>mundatum</strong></span> <span class='ocrx_word' id='word_1_145' title='bbox 2922 878 3217 949; x_wconf 76' lang='lat' dir='ltr'><strong>agnoscite,</strong></span> <span class='ocrx_word' id='word_1_146' title='bbox 3293 879 3582 952; x_wconf 78' lang='lat' dir='ltr'><strong>levatoque</strong></span> <span class='ocrx_word' id='word_1_147' title='bbox 3637 897 3723 937; x_wconf 87' lang='lat' dir='ltr'><strong>me</strong></span> <span class='ocrx_word' id='word_1_148' title='bbox 3763 882 3815 938; x_wconf 87' lang='lat' dir='ltr'><strong>de</strong></span> 
     </span>
    </p>
   </div>
   <div class='ocr_carea' id='block_1_23' title="bbox 2245 964 3816 1044">
    <p class='ocr_par' dir='ltr' id='par_1_23' title="bbox 2245 964 3816 1044">
     <span class='ocr_line' id='line_1_23' title="bbox 2245 964 3816 1044; baseline 0.008 -25"><span class='ocrx_word' id='word_1_149' title='bbox 2245 965 2538 1021; x_wconf 81' lang='lat' dir='ltr'><strong>venerabili</strong></span> <span class='ocrx_word' id='word_1_150' title='bbox 2568 964 2717 1024; x_wconf 78' lang='lat' dir='ltr'><strong>fonte</strong></span> <span class='ocrx_word' id='word_1_151' title='bbox 2741 969 2960 1027; x_wconf 91' lang='lat' dir='ltr'><strong>indutus</strong></span> <span class='ocrx_word' id='word_1_152' title='bbox 3001 973 3245 1030; x_wconf 85' lang='lat' dir='ltr'><strong>vestibus</strong></span> <span class='ocrx_word' id='word_1_153' title='bbox 3293 973 3538 1029; x_wconf 82' lang='lat' dir='ltr'><strong>candidis</strong></span> <span class='ocrx_word' id='word_1_154' title='bbox 3591 972 3816 1044; x_wconf 71' lang='lat' dir='ltr'><strong>septifor-</strong></span> 
     </span>
    </p>
   </div>
   <div class='ocr_carea' id='block_1_24' title="bbox 2244 1059 3816 1137">
    <p class='ocr_par' dir='ltr' id='par_1_24' title="bbox 2244 1059 3816 1137">
     <span class='ocr_line' id='line_1_24' title="bbox 2244 1059 3816 1137; baseline 0.004 -21"><span class='ocrx_word' id='word_1_155' title='bbox 2244 1059 2352 1117; x_wconf 88' lang='lat' dir='ltr'><strong>mis</strong></span> <span class='ocrx_word' id='word_1_156' title='bbox 2378 1062 2567 1132; x_wconf 83' lang='lat' dir='ltr'><strong>gratiae</strong></span> <span class='ocrx_word' id='word_1_157' title='bbox 2586 1063 2761 1119; x_wconf 89' lang='lat' dir='ltr'><strong>sancti</strong></span> <span class='ocrx_word' id='word_1_158' title='bbox 2790 1062 3027 1134; x_wconf 89' lang='lat' dir='ltr'><strong>Spiritus</strong></span> <span class='ocrx_word' id='word_1_159' title='bbox 3073 1066 3537 1137; x_wconf 88' lang='lat' dir='ltr'><strong>consignationem</strong></span> <span class='ocrx_word' id='word_1_160' title='bbox 3595 1068 3816 1124; x_wconf 80' lang='lat' dir='ltr'><strong>adhibuit</strong></span> 
     </span>
    </p>
   </div>
   <div class='ocr_carea' id='block_1_25' title="bbox 2244 1150 3818 1223">
    <p class='ocr_par' dir='ltr' id='par_1_25' title="bbox 2244 1150 3818 1223">
     <span class='ocr_line' id='line_1_25' title="bbox 2244 1150 3818 1223; baseline 0.006 -16"><span class='ocrx_word' id='word_1_161' title='bbox 2244 1150 2390 1208; x_wconf 86' lang='lat' dir='ltr'><strong>beati</strong></span> <span class='ocrx_word' id='word_1_162' title='bbox 2418 1152 2729 1210; x_wconf 84' lang='lat' dir='ltr'><strong>chrismatis</strong></span> <span class='ocrx_word' id='word_1_163' title='bbox 2757 1155 3032 1223; x_wconf 89' lang='lat' dir='ltr'><strong>unctione,</strong></span> <span class='ocrx_word' id='word_1_164' title='bbox 3078 1166 3133 1212; x_wconf 90' lang='lat' dir='ltr'><strong>et</strong></span> <span class='ocrx_word' id='word_1_165' title='bbox 3158 1157 3413 1213; x_wconf 78' lang='lat' dir='ltr'><strong>vexillum</strong></span> <span class='ocrx_word' id='word_1_166' title='bbox 3460 1170 3669 1215; x_wconf 64' lang='lat' dir='ltr'><strong>sanctae</strong></span> <span class='ocrx_word' id='word_1_167' title='bbox 3717 1175 3818 1215; x_wconf 74' lang='lat' dir='ltr'><strong>cra-</strong></span> 
     </span>
    </p>
   </div>
   <div class='ocr_carea' id='block_1_26' title="bbox 2246 1245 3819 1323">
    <p class='ocr_par' dir='ltr' id='par_1_26' title="bbox 2246 1245 3819 1323">
     <span class='ocr_line' id='line_1_26' title="bbox 2246 1245 3819 1323; baseline 0.004 -21"><span class='ocrx_word' id='word_1_168' title='bbox 2246 1245 2327 1302; x_wconf 92' lang='lat' dir='ltr'><strong>cis</strong></span> <span class='ocrx_word' id='word_1_169' title='bbox 2350 1245 2406 1300; x_wconf 89' lang='lat' dir='ltr'><strong>iu</strong></span> <span class='ocrx_word' id='word_1_170' title='bbox 2445 1260 2565 1302; x_wconf 88' lang='lat' dir='ltr'><strong>mea</strong></span> <span class='ocrx_word' id='word_1_171' title='bbox 2586 1245 2765 1304; x_wconf 84' lang='lat' dir='ltr'><strong>fronte</strong></span> <span class='ocrx_word' id='word_1_172' title='bbox 2807 1248 2985 1305; x_wconf 84' lang='lat' dir='ltr'><strong>linivit</strong></span> <span class='ocrx_word' id='word_1_173' title='bbox 3023 1251 3249 1307; x_wconf 84' lang='lat' dir='ltr'><strong>dicens:</strong></span> <span class='ocrx_word' id='word_1_174' title='bbox 3284 1250 3474 1323; x_wconf 82' lang='lat' dir='ltr'><strong>Signat</strong></span> <span class='ocrx_word' id='word_1_175' title='bbox 3511 1264 3565 1308; x_wconf 83' lang='lat' dir='ltr'><strong>te</strong></span> <span class='ocrx_word' id='word_1_176' title='bbox 3614 1253 3819 1308; x_wconf 65' lang='lat' dir='ltr'><strong>Demissi-</strong></span> 
     </span>
    </p>
   </div>
   <div class='ocr_carea' id='block_1_27' title="bbox 2246 1331 3819 1409">
    <p class='ocr_par' dir='ltr' id='par_1_27' title="bbox 2246 1331 3819 1409">
     <span class='ocr_line' id='line_1_27' title="bbox 2246 1331 3819 1409; baseline 0.004 -23"><span class='ocrx_word' id='word_1_177' title='bbox 2246 1331 2371 1402; x_wconf 84' lang='lat' dir='ltr'><strong>gillo</strong></span> <span class='ocrx_word' id='word_1_178' title='bbox 2392 1331 2518 1402; x_wconf 80' lang='lat' dir='ltr'><strong>ﬁdei</strong></span> <span class='ocrx_word' id='word_1_179' title='bbox 2541 1350 2652 1389; x_wconf 73' lang='lat' dir='ltr'><strong>sua:</strong></span> <span class='ocrx_word' id='word_1_180' title='bbox 2676 1351 2695 1400; x_wconf 89' lang='lat'><strong><em>;</em></strong></span> <span class='ocrx_word' id='word_1_181' title='bbox 2735 1332 2802 1389; x_wconf 83' lang='lat' dir='ltr'><strong>In</strong></span> <span class='ocrx_word' id='word_1_182' title='bbox 2825 1335 3033 1391; x_wconf 88' lang='lat' dir='ltr'><strong>nomine</strong></span> <span class='ocrx_word' id='word_1_183' title='bbox 3065 1335 3266 1403; x_wconf 77' lang='lat' dir='ltr'><strong>Patris,</strong></span> <span class='ocrx_word' id='word_1_184' title='bbox 3289 1348 3337 1392; x_wconf 88' lang='lat' dir='ltr'><strong>et</strong></span> <span class='ocrx_word' id='word_1_185' title='bbox 3360 1336 3510 1405; x_wconf 78' lang='lat' dir='ltr'><strong>Filii,</strong></span> <span class='ocrx_word' id='word_1_186' title='bbox 3535 1348 3590 1393; x_wconf 91' lang='lat' dir='ltr'><strong>et</strong></span> <span class='ocrx_word' id='word_1_187' title='bbox 3614 1337 3819 1409; x_wconf 77' lang='lat' dir='ltr'><strong>Spiritus</strong></span> 
     </span>
    </p>
   </div>
   <div class='ocr_carea' id='block_1_28' title="bbox 2246 1424 3819 1502">
    <p class='ocr_par' dir='ltr' id='par_1_28' title="bbox 2246 1424 3819 1502">
     <span class='ocr_line' id='line_1_28' title="bbox 2246 1424 3819 1502; baseline 0.005 -25"><span class='ocrx_word' id='word_1_188' title='bbox 2246 1424 2418 1477; x_wconf 78' lang='lat' dir='ltr'><strong>sancti</strong></span> <span class='ocrx_word' id='word_1_189' title='bbox 2444 1465 2459 1489; x_wconf 93' lang='lat'><strong>,</strong></span> <span class='ocrx_word' id='word_1_190' title='bbox 2533 1426 2590 1479; x_wconf 88' lang='lat' dir='ltr'><strong>in</strong></span> <span class='ocrx_word' id='word_1_191' title='bbox 2629 1425 3021 1496; x_wconf 77' lang='lat' dir='ltr'><strong>consignatione</strong></span> <span class='ocrx_word' id='word_1_192' title='bbox 3067 1428 3211 1497; x_wconf 78' lang='lat' dir='ltr'><strong>fidei.</strong></span> <span class='ocrx_word' id='word_1_193' title='bbox 3270 1427 3626 1502; x_wconf 88' lang='lat' dir='ltr'><strong>Cunctusque</strong></span> <span class='ocrx_word' id='word_1_194' title='bbox 3670 1429 3819 1485; x_wconf 80' lang='lat' dir='ltr'><strong>clerus</strong></span> 
     </span>
    </p>
   </div>
   <div class='ocr_carea' id='block_1_29' title="bbox 2247 1518 3817 1592">
    <p class='ocr_par' dir='ltr' id='par_1_29' title="bbox 2247 1518 3817 1592">
     <span class='ocr_line' id='line_1_29' title="bbox 2247 1518 3817 1592; baseline 0.003 -21"><span class='ocrx_word' id='word_1_195' title='bbox 2247 1518 2546 1589; x_wconf 91' lang='lat' dir='ltr'><strong>respondit,</strong></span> <span class='ocrx_word' id='word_1_196' title='bbox 2577 1518 2761 1573; x_wconf 81' lang='lat' dir='ltr'><strong>Amen.</strong></span> <span class='ocrx_word' id='word_1_197' title='bbox 2819 1520 2885 1574; x_wconf 87' lang='lat' dir='ltr'><strong>Et</strong></span> <span class='ocrx_word' id='word_1_198' title='bbox 2906 1520 3348 1592; x_wconf 70' lang='lat' dir='ltr'><strong>adjecitpraesul:</strong></span> <span class='ocrx_word' id='word_1_199' title='bbox 3384 1522 3502 1578; x_wconf 74' lang='lat' dir='ltr'><strong>Pax</strong></span> <span class='ocrx_word' id='word_1_200' title='bbox 3522 1524 3645 1579; x_wconf 83' lang='lat' dir='ltr'><strong>tibi.</strong></span> <span class='ocrx_word' id='word_1_201' title='bbox 3670 1522 3817 1577; x_wconf 77' lang='lat' dir='ltr'><strong>Prima</strong></span> 
     </span>
    </p>
   </div>
   <div class='ocr_carea' id='block_1_30' title="bbox 2248 1611 3817 1689">
    <p class='ocr_par' dir='ltr' id='par_1_30' title="bbox 2248 1611 3817 1689">
     <span class='ocr_line' id='line_1_30' title="bbox 2248 1611 3817 1689; baseline 0.005 -24"><span class='ocrx_word' id='word_1_202' title='bbox 2248 1611 2432 1683; x_wconf 89' lang='lat' dir='ltr'><strong>itaque</strong></span> <span class='ocrx_word' id='word_1_203' title='bbox 2452 1612 2539 1668; x_wconf 87' lang='lat' dir='ltr'><strong>die</strong></span> <span class='ocrx_word' id='word_1_204' title='bbox 2558 1621 2684 1684; x_wconf 91' lang='lat' dir='ltr'><strong>post</strong></span> <span class='ocrx_word' id='word_1_205' title='bbox 2701 1622 3017 1684; x_wconf 89' lang='lat' dir='ltr'><strong>perceptum</strong></span> <span class='ocrx_word' id='word_1_206' title='bbox 3059 1617 3202 1672; x_wconf 90' lang='lat' dir='ltr'><strong>sacri</strong></span> <span class='ocrx_word' id='word_1_207' title='bbox 3250 1617 3600 1689; x_wconf 85' lang='lat' dir='ltr'><strong>baptismatis</strong></span> <span class='ocrx_word' id='word_1_208' title='bbox 3643 1627 3817 1688; x_wconf 75' lang='lat' dir='ltr'><strong>myste-</strong></span> 
     </span>
    </p>
   </div>
   <div class='ocr_carea' id='block_1_31' title="bbox 2248 1701 3818 1779">
    <p class='ocr_par' dir='ltr' id='par_1_31' title="bbox 2248 1701 3818 1779">
     <span class='ocr_line' id='line_1_31' title="bbox 2248 1701 3818 1779; baseline 0.003 -22"><span class='ocrx_word' id='word_1_209' title='bbox 2248 1701 2389 1757; x_wconf 86' lang='lat' dir='ltr'><strong>rium</strong></span> <span class='ocrx_word' id='word_1_210' title='bbox 2419 1711 2474 1758; x_wconf 91' lang='lat' dir='ltr'><strong>et</strong></span> <span class='ocrx_word' id='word_1_211' title='bbox 2498 1712 2623 1773; x_wconf 92' lang='lat' dir='ltr'><strong>post</strong></span> <span class='ocrx_word' id='word_1_212' title='bbox 2659 1706 2993 1761; x_wconf 87' lang='lat' dir='ltr'><strong>curationem</strong></span> <span class='ocrx_word' id='word_1_213' title='bbox 3022 1707 3265 1778; x_wconf 91' lang='lat' dir='ltr'><strong>corporis</strong></span> <span class='ocrx_word' id='word_1_214' title='bbox 3294 1709 3398 1763; x_wconf 91' lang='lat' dir='ltr'><strong>mei</strong></span> <span class='ocrx_word' id='word_1_215' title='bbox 3429 1724 3461 1763; x_wconf 92' lang='lat' dir='ltr'><strong>a</strong></span> <span class='ocrx_word' id='word_1_216' title='bbox 3485 1708 3660 1779; x_wconf 78' lang='lat' dir='ltr'><strong>leprae</strong></span> <span class='ocrx_word' id='word_1_217' title='bbox 3687 1722 3818 1778; x_wconf 80' lang='lat' dir='ltr'><strong>squa-</strong></span> 
     </span>
    </p>
   </div>
   <div class='ocr_carea' id='block_1_32' title="bbox 2250 1791 3817 1865">
    <p class='ocr_par' dir='ltr' id='par_1_32' title="bbox 2250 1791 3817 1865">
     <span class='ocr_line' id='line_1_32' title="bbox 2250 1791 3817 1865; baseline 0.004 -19"><span class='ocrx_word' id='word_1_218' title='bbox 2250 1791 2365 1848; x_wconf 92' lang='lat' dir='ltr'><strong>lore</strong></span> <span class='ocrx_word' id='word_1_219' title='bbox 2396 1794 2589 1865; x_wconf 88' lang='lat' dir='ltr'><strong>agnovi</strong></span> <span class='ocrx_word' id='word_1_220' title='bbox 2621 1810 2726 1850; x_wconf 92' lang='lat' dir='ltr'><strong>non</strong></span> <span class='ocrx_word' id='word_1_221' title='bbox 2753 1809 2873 1852; x_wconf 91' lang='lat' dir='ltr'><strong>esse</strong></span> <span class='ocrx_word' id='word_1_222' title='bbox 2897 1797 3060 1853; x_wconf 90' lang='lat' dir='ltr'><strong>alium</strong></span> <span class='ocrx_word' id='word_1_223' title='bbox 3096 1798 3264 1854; x_wconf 87' lang='lat' dir='ltr'><strong>Deum</strong></span> <span class='ocrx_word' id='word_1_224' title='bbox 3285 1799 3387 1855; x_wconf 90' lang='lat' dir='ltr'><strong>nisi</strong></span> <span class='ocrx_word' id='word_1_225' title='bbox 3413 1799 3642 1856; x_wconf 85' lang='lat' dir='ltr'><strong>Patrem</strong></span> <span class='ocrx_word' id='word_1_226' title='bbox 3667 1809 3722 1854; x_wconf 87' lang='lat' dir='ltr'><strong>et</strong></span> <span class='ocrx_word' id='word_1_227' title='bbox 3744 1798 3817 1853; x_wconf 82' lang='lat' dir='ltr'><strong>Fi-</strong></span> 
     </span>
    </p>
   </div>
   <div class='ocr_carea' id='block_1_33' title="bbox 543 1877 3819 1966">
    <p class='ocr_par' dir='ltr' id='par_1_33' title="bbox 543 1877 3819 1966">
     <span class='ocr_line' id='line_1_33' title="bbox 543 1877 3819 1966; baseline 0.005 -18"><span class='ocrx_word' id='word_1_228' title='bbox 543 1891 631 1965; x_wconf 87' lang='lat' dir='ltr'><strong>jus</strong></span> <span class='ocrx_word' id='word_1_229' title='bbox 661 1893 917 1961; x_wconf 89' lang='lat' dir='ltr'><strong>civitatis,</strong></span> <span class='ocrx_word' id='word_1_230' title='bbox 951 1894 1018 1950; x_wconf 93' lang='lat' dir='ltr'><strong>ad</strong></span> <span class='ocrx_word' id='word_1_231' title='bbox 1043 1904 1284 1951; x_wconf 91' lang='lat' dir='ltr'><strong>montem</strong></span> <span class='ocrx_word' id='word_1_232' title='bbox 1307 1894 1551 1951; x_wconf 77' lang='lat' dir='ltr'><strong>Soracta:</strong></span> <span class='ocrx_word' id='word_1_233' title='bbox 1570 1896 1981 1966; x_wconf 89' lang='lat' dir='ltr'><strong>persecutiones</strong></span> <span class='ocrx_word' id='word_1_234' title='bbox 2022 1905 2145 1953; x_wconf 90' lang='lat' dir='ltr'><strong>tuas</strong></span> <span class='ocrx_word' id='word_1_235' title='bbox 2173 1877 2222 1938; x_wconf 79' lang='grc' dir='ltr'><strong>Β</strong></span> <span class='ocrx_word' id='word_1_236' title='bbox 2248 1885 2381 1941; x_wconf 73' lang='lat' dir='ltr'><strong>lium</strong></span> <span class='ocrx_word' id='word_1_237' title='bbox 2404 1895 2460 1942; x_wconf 76' lang='grc' dir='ltr'><strong>θῐ</strong></span> <span class='ocrx_word' id='word_1_238' title='bbox 2495 1886 2758 1958; x_wconf 65' lang='lat' dir='ltr'><strong>Sllimum</strong></span> <span class='ocrx_word' id='word_1_239' title='bbox 2783 1900 3028 1946; x_wconf 57' lang='lat' dir='ltr'><strong>Sanctum</strong></span> <span class='ocrx_word' id='word_1_240' title='bbox 3049 1932 3066 1957; x_wconf 68' lang='grc' dir='ltr'><strong><em>ι</em></strong></span> <span class='ocrx_word' id='word_1_241' title='bbox 3128 1907 3289 1962; x_wconf 72' lang='lat' dir='ltr'><strong>quem</strong></span> <span class='ocrx_word' id='word_1_242' title='bbox 3339 1894 3536 1949; x_wconf 58' lang='lat' dir='ltr'><strong>beatus</strong></span> <span class='ocrx_word' id='word_1_243' title='bbox 3588 1893 3819 1949; x_wconf 62' lang='grc' dir='ltr'><strong>δίινεδιετ</strong></span> 
     </span>
    </p>
   </div>
   <div class='ocr_carea' id='block_1_34' title="bbox 547 1984 2146 2059">
    <p class='ocr_par' dir='ltr' id='par_1_34' title="bbox 547 1984 2146 2059">
     <span class='ocr_line' id='line_1_34' title="bbox 547 1984 2146 2059; baseline 0.003 -20"><span class='ocrx_word' id='word_1_244' title='bbox 547 1984 783 2057; x_wconf 79' lang='lat' dir='ltr'><strong>fugiens,</strong></span> <span class='ocrx_word' id='word_1_245' title='bbox 812 1986 866 2041; x_wconf 92' lang='lat' dir='ltr'><strong>in</strong></span> <span class='ocrx_word' id='word_1_246' title='bbox 889 1986 1139 2043; x_wconf 88' lang='lat' dir='ltr'><strong>cavernis</strong></span> <span class='ocrx_word' id='word_1_247' title='bbox 1162 1995 1442 2058; x_wconf 89' lang='lat' dir='ltr'><strong>petrarum</strong></span> <span class='ocrx_word' id='word_1_248' title='bbox 1465 2002 1588 2042; x_wconf 91' lang='lat' dir='ltr'><strong>cum</strong></span> <span class='ocrx_word' id='word_1_249' title='bbox 1616 1986 1739 2059; x_wconf 91' lang='lat' dir='ltr'><strong>suis</strong></span> <span class='ocrx_word' id='word_1_250' title='bbox 1756 1986 1970 2044; x_wconf 88' lang='lat' dir='ltr'><strong>clericis</strong></span> <span class='ocrx_word' id='word_1_251' title='bbox 2011 1987 2146 2043; x_wconf 90' lang='lat' dir='ltr'><strong>late-</strong></span> 
     </span>
    </p>
   </div>
   <div class='ocr_carea' id='block_1_35' title="bbox 546 2078 2148 2151">
    <p class='ocr_par' dir='ltr' id='par_1_35' title="bbox 546 2078 2148 2151">
     <span class='ocr_line' id='line_1_35' title="bbox 546 2078 2148 2151; baseline 0.001 -17"><span class='ocrx_word' id='word_1_252' title='bbox 546 2079 701 2140; x_wconf 84' lang='lat' dir='ltr'><strong>bram</strong></span> <span class='ocrx_word' id='word_1_253' title='bbox 725 2078 894 2147; x_wconf 82' lang='lat' dir='ltr'><strong>fovet,</strong></span> <span class='ocrx_word' id='word_1_254' title='bbox 920 2079 1065 2136; x_wconf 90' lang='lat' dir='ltr'><strong>hunc</strong></span> <span class='ocrx_word' id='word_1_255' title='bbox 1090 2080 1158 2136; x_wconf 87' lang='lat' dir='ltr'><strong>ad</strong></span> <span class='ocrx_word' id='word_1_256' title='bbox 1181 2089 1233 2136; x_wconf 90' lang='lat' dir='ltr'><strong>te</strong></span> <span class='ocrx_word' id='word_1_257' title='bbox 1255 2095 1379 2136; x_wconf 91' lang='lat' dir='ltr'><strong>cum</strong></span> <span class='ocrx_word' id='word_1_258' title='bbox 1408 2079 1722 2146; x_wconf 78' lang='lat' dir='ltr'><strong>adduxeris,</strong></span> <span class='ocrx_word' id='word_1_259' title='bbox 1762 2080 1878 2151; x_wconf 92' lang='lat' dir='ltr'><strong>ipse</strong></span> <span class='ocrx_word' id='word_1_260' title='bbox 1932 2081 2028 2137; x_wconf 89' lang='lat' dir='ltr'><strong>tibi</strong></span> <span class='ocrx_word' id='word_1_261' title='bbox 2066 2080 2148 2151; x_wconf 90' lang='lat' dir='ltr'><strong>pi-</strong></span> 
     </span>
    </p>
   </div>
   <div class='ocr_carea' id='block_1_36' title="bbox 549 2172 2147 2245">
    <p class='ocr_par' dir='ltr' id='par_1_36' title="bbox 549 2172 2147 2245">
     <span class='ocr_line' id='line_1_36' title="bbox 549 2172 2147 2245; baseline -0.001 -16"><span class='ocrx_word' id='word_1_262' title='bbox 549 2173 756 2229; x_wconf 87' lang='lat' dir='ltr'><strong>scinam</strong></span> <span class='ocrx_word' id='word_1_263' title='bbox 782 2173 1002 2245; x_wconf 88' lang='lat' dir='ltr'><strong>pietatis</strong></span> <span class='ocrx_word' id='word_1_264' title='bbox 1021 2173 1291 2240; x_wconf 88' lang='lat' dir='ltr'><strong>ostendet,</strong></span> <span class='ocrx_word' id='word_1_265' title='bbox 1319 2172 1379 2229; x_wconf 90' lang='lat' dir='ltr'><strong>in</strong></span> <span class='ocrx_word' id='word_1_266' title='bbox 1407 2188 1515 2245; x_wconf 87' lang='lat' dir='ltr'><strong>qua</strong></span> <span class='ocrx_word' id='word_1_267' title='bbox 1551 2174 1680 2229; x_wconf 91' lang='lat' dir='ltr'><strong>dum</strong></span> <span class='ocrx_word' id='word_1_268' title='bbox 1704 2182 1755 2230; x_wconf 91' lang='lat' dir='ltr'><strong>te</strong></span> <span class='ocrx_word' id='word_1_269' title='bbox 1795 2173 1957 2230; x_wconf 90' lang='lat' dir='ltr'><strong>tertio</strong></span> <span class='ocrx_word' id='word_1_270' title='bbox 2005 2188 2147 2229; x_wconf 84' lang='lat' dir='ltr'><strong>mer-</strong></span> 
     </span>
    </p>
   </div>
   <div class='ocr_carea' id='block_1_37' title="bbox 550 2262 2149 2336">
    <p class='ocr_par' dir='ltr' id='par_1_37' title="bbox 550 2262 2149 2336">
     <span class='ocr_line' id='line_1_37' title="bbox 550 2262 2149 2336; baseline -0.001 -16"><span class='ocrx_word' id='word_1_271' title='bbox 550 2263 703 2329; x_wconf 87' lang='lat' dir='ltr'><strong>serit,</strong></span> <span class='ocrx_word' id='word_1_272' title='bbox 734 2262 915 2321; x_wconf 91' lang='lat' dir='ltr'><strong>omnis</strong></span> <span class='ocrx_word' id='word_1_273' title='bbox 958 2271 1012 2319; x_wconf 92' lang='lat' dir='ltr'><strong>te</strong></span> <span class='ocrx_word' id='word_1_274' title='bbox 1043 2263 1297 2320; x_wconf 90' lang='lat' dir='ltr'><strong>valetudo</strong></span> <span class='ocrx_word' id='word_1_275' title='bbox 1344 2264 1450 2319; x_wconf 90' lang='lat' dir='ltr'><strong>ista</strong></span> <span class='ocrx_word' id='word_1_276' title='bbox 1502 2264 1717 2320; x_wconf 83' lang='lat' dir='ltr'><strong>deseret</strong></span> <span class='ocrx_word' id='word_1_277' title='bbox 1762 2264 1947 2336; x_wconf 71' lang='lat' dir='ltr'><strong>leprae.</strong></span> <span class='ocrx_word' id='word_1_278' title='bbox 1993 2263 2149 2333; x_wconf 84' lang='lat' dir='ltr'><strong>Quod</strong></span> 
     </span>
    </p>
   </div>
   <div class='ocr_carea' id='block_1_38' title="bbox 550 2351 2150 2422">
    <p class='ocr_par' dir='ltr' id='par_1_38' title="bbox 550 2351 2150 2422">
     <span class='ocr_line' id='line_1_38' title="bbox 550 2351 2150 2422; baseline 0.001 -12"><span class='ocrx_word' id='word_1_279' title='bbox 550 2353 679 2410; x_wconf 90' lang='lat' dir='ltr'><strong>dum</strong></span> <span class='ocrx_word' id='word_1_280' title='bbox 700 2351 905 2409; x_wconf 80' lang='lat' dir='ltr'><strong>factum</strong></span> <span class='ocrx_word' id='word_1_281' title='bbox 931 2352 1119 2422; x_wconf 80' lang='lat' dir='ltr'><strong>fuerit,</strong></span> <span class='ocrx_word' id='word_1_282' title='bbox 1147 2355 1290 2411; x_wconf 90' lang='lat' dir='ltr'><strong>hanc</strong></span> <span class='ocrx_word' id='word_1_283' title='bbox 1315 2354 1747 2411; x_wconf 88' lang='lat' dir='ltr'><strong>vicissitudinem</strong></span> <span class='ocrx_word' id='word_1_284' title='bbox 1781 2363 1874 2411; x_wconf 88' lang='lat' dir='ltr'><strong>tuo</strong></span> <span class='ocrx_word' id='word_1_285' title='bbox 1892 2354 2150 2411; x_wconf 86' lang='lat' dir='ltr'><strong>salvatori</strong></span> 
     </span>
    </p>
   </div>
   <div class='ocr_carea' id='block_1_39' title="bbox 552 2446 2152 2518">
    <p class='ocr_par' dir='ltr' id='par_1_39' title="bbox 552 2446 2152 2518">
     <span class='ocr_line' id='line_1_39' title="bbox 552 2446 2152 2518; baseline -0.001 -15"><span class='ocrx_word' id='word_1_286' title='bbox 552 2460 863 2517; x_wconf 88' lang='lat' dir='ltr'><strong>compensa,</strong></span> <span class='ocrx_word' id='word_1_287' title='bbox 890 2454 952 2502; x_wconf 93' lang='lat' dir='ltr'><strong>ut</strong></span> <span class='ocrx_word' id='word_1_288' title='bbox 981 2460 1173 2502; x_wconf 91' lang='lat' dir='ltr'><strong>omnes</strong></span> <span class='ocrx_word' id='word_1_289' title='bbox 1190 2446 1344 2517; x_wconf 87' lang='lat' dir='ltr'><strong>jussu</strong></span> <span class='ocrx_word' id='word_1_290' title='bbox 1380 2454 1472 2501; x_wconf 94' lang='lat' dir='ltr'><strong>tuo</strong></span> <span class='ocrx_word' id='word_1_291' title='bbox 1500 2461 1598 2518; x_wconf 90' lang='lat' dir='ltr'><strong>per</strong></span> <span class='ocrx_word' id='word_1_292' title='bbox 1619 2454 1793 2501; x_wconf 92' lang='lat' dir='ltr'><strong>totum</strong></span> <span class='ocrx_word' id='word_1_293' title='bbox 1830 2446 2016 2502; x_wconf 87' lang='lat' dir='ltr'><strong>orbem</strong></span> <span class='ocrx_word' id='word_1_294' title='bbox 2064 2459 2152 2501; x_wconf 91' lang='lat' dir='ltr'><strong>re-</strong></span> 
     </span>
    </p>
   </div>
   <div class='ocr_carea' id='block_1_40' title="bbox 551 2537 2152 2609">
    <p class='ocr_par' dir='ltr' id='par_1_40' title="bbox 551 2537 2152 2609">
     <span class='ocr_line' id='line_1_40' title="bbox 551 2537 2152 2609; baseline -0.002 -14"><span class='ocrx_word' id='word_1_295' title='bbox 551 2546 866 2595; x_wconf 89' lang='lat' dir='ltr'><strong>staurentur</strong></span> <span class='ocrx_word' id='word_1_296' title='bbox 891 2538 1156 2595; x_wconf 66' lang='lat' dir='ltr'><strong>ecclesiae.</strong></span> <span class='ocrx_word' id='word_1_297' title='bbox 1192 2537 1268 2594; x_wconf 86' lang='lat' dir='ltr'><strong>Te</strong></span> <span class='ocrx_word' id='word_1_298' title='bbox 1299 2548 1479 2593; x_wconf 88' lang='lat' dir='ltr'><strong>autem</strong></span> <span class='ocrx_word' id='word_1_299' title='bbox 1517 2538 1695 2609; x_wconf 92' lang='lat' dir='ltr'><strong>ipsum</strong></span> <span class='ocrx_word' id='word_1_300' title='bbox 1737 2538 1789 2592; x_wconf 90' lang='lat' dir='ltr'><strong>in</strong></span> <span class='ocrx_word' id='word_1_301' title='bbox 1846 2538 1950 2594; x_wconf 85' lang='lat' dir='ltr'><strong>hac</strong></span> <span class='ocrx_word' id='word_1_302' title='bbox 1996 2545 2152 2608; x_wconf 88' lang='lat' dir='ltr'><strong>parte</strong></span> 
     </span>
    </p>
   </div>
   <div class='ocr_carea' id='block_1_41' title="bbox 549 2629 2148 2702">
    <p class='ocr_par' dir='ltr' id='par_1_41' title="bbox 549 2629 2148 2702">
     <span class='ocr_line' id='line_1_41' title="bbox 549 2629 2148 2702; baseline -0.001 -17"><span class='ocrx_word' id='word_1_303' title='bbox 549 2629 814 2702; x_wconf 89' lang='lat' dir='ltr'><strong>puriﬁca,</strong></span> <span class='ocrx_word' id='word_1_304' title='bbox 869 2638 930 2686; x_wconf 93' lang='lat' dir='ltr'><strong>ut</strong></span> <span class='ocrx_word' id='word_1_305' title='bbox 972 2629 1163 2686; x_wconf 89' lang='lat' dir='ltr'><strong>relicta</strong></span> <span class='ocrx_word' id='word_1_306' title='bbox 1208 2631 1355 2685; x_wconf 91' lang='lat' dir='ltr'><strong>omni</strong></span> <span class='ocrx_word' id='word_1_307' title='bbox 1401 2630 1787 2701; x_wconf 90' lang='lat' dir='ltr'><strong>superstitione</strong></span> <span class='ocrx_word' id='word_1_308' title='bbox 1840 2630 2105 2686; x_wconf 90' lang='lat' dir='ltr'><strong>idolorum</strong></span> <span class='ocrx_word' id='word_1_309' title='bbox 2132 2671 2148 2698; x_wconf 95' lang='lat'><strong>,</strong></span> 
     </span>
    </p>
   </div>
   <div class='ocr_carea' id='block_1_42' title="bbox 552 2722 2153 2794">
    <p class='ocr_par' dir='ltr' id='par_1_42' title="bbox 552 2722 2153 2794">
     <span class='ocr_line' id='line_1_42' title="bbox 552 2722 2153 2794; baseline 0.001 -16"><span class='ocrx_word' id='word_1_310' title='bbox 552 2722 723 2779; x_wconf 89' lang='lat' dir='ltr'><strong>Deum</strong></span> <span class='ocrx_word' id='word_1_311' title='bbox 749 2722 933 2778; x_wconf 91' lang='lat' dir='ltr'><strong>vivum</strong></span> <span class='ocrx_word' id='word_1_312' title='bbox 961 2733 1017 2778; x_wconf 92' lang='lat' dir='ltr'><strong>et</strong></span> <span class='ocrx_word' id='word_1_313' title='bbox 1037 2738 1248 2789; x_wconf 89' lang='lat' dir='ltr'><strong>verum,</strong></span> <span class='ocrx_word' id='word_1_314' title='bbox 1283 2724 1375 2794; x_wconf 83' lang='lat' dir='ltr'><strong>qui</strong></span> <span class='ocrx_word' id='word_1_315' title='bbox 1398 2723 1546 2779; x_wconf 91' lang='lat' dir='ltr'><strong>solus</strong></span> <span class='ocrx_word' id='word_1_316' title='bbox 1566 2732 1650 2780; x_wconf 89' lang='lat' dir='ltr'><strong>est</strong></span> <span class='ocrx_word' id='word_1_317' title='bbox 1691 2731 1747 2779; x_wconf 93' lang='lat' dir='ltr'><strong>et</strong></span> <span class='ocrx_word' id='word_1_318' title='bbox 1794 2739 1973 2787; x_wconf 82' lang='lat' dir='ltr'><strong>verus,</strong></span> <span class='ocrx_word' id='word_1_319' title='bbox 2022 2724 2153 2780; x_wconf 90' lang='lat' dir='ltr'><strong>ado-</strong></span> 
     </span>
    </p>
   </div>
   <div class='ocr_carea' id='block_1_43' title="bbox 555 2813 2155 2887">
    <p class='ocr_par' dir='ltr' id='par_1_43' title="bbox 555 2813 2155 2887">
     <span class='ocr_line' id='line_1_43' title="bbox 555 2813 2155 2887; baseline -0.001 -16"><span class='ocrx_word' id='word_1_320' title='bbox 555 2830 646 2872; x_wconf 91' lang='lat' dir='ltr'><strong>res</strong></span> <span class='ocrx_word' id='word_1_321' title='bbox 671 2823 727 2870; x_wconf 90' lang='lat' dir='ltr'><strong>et</strong></span> <span class='ocrx_word' id='word_1_322' title='bbox 753 2813 996 2881; x_wconf 75' lang='lat' dir='ltr'><strong>excolas,</strong></span> <span class='ocrx_word' id='word_1_323' title='bbox 1025 2823 1086 2870; x_wconf 90' lang='lat' dir='ltr'><strong>ut</strong></span> <span class='ocrx_word' id='word_1_324' title='bbox 1128 2814 1195 2870; x_wconf 89' lang='lat' dir='ltr'><strong>ad</strong></span> <span class='ocrx_word' id='word_1_325' title='bbox 1246 2814 1579 2870; x_wconf 81' lang='lat' dir='ltr'><strong>voluntatem</strong></span> <span class='ocrx_word' id='word_1_326' title='bbox 1623 2814 1876 2887; x_wconf 86' lang='lat' dir='ltr'><strong>attingas.</strong></span> <span class='ocrx_word' id='word_1_327' title='bbox 1909 2835 1928 2868; x_wconf 86' lang='grc'><strong>›</strong></span> <span class='ocrx_word' id='word_1_328' title='bbox 1959 2814 2155 2871; x_wconf 84' lang='lat' dir='ltr'><strong>Exsur-</strong></span> 
     </span>
    </p>
   </div>
   <div class='ocr_carea' id='block_1_44' title="bbox 555 2907 2154 2987">
    <p class='ocr_par' dir='ltr' id='par_1_44' title="bbox 555 2907 2154 2987">
     <span class='ocr_line' id='line_1_44' title="bbox 555 2907 2154 2987; baseline -0.001 -23"><span class='ocrx_word' id='word_1_329' title='bbox 555 2922 688 2981; x_wconf 83' lang='lat' dir='ltr'><strong>gens</strong></span> <span class='ocrx_word' id='word_1_330' title='bbox 707 2907 922 2987; x_wconf 81' lang='lat' dir='ltr'><strong>igitura</strong></span> <span class='ocrx_word' id='word_1_331' title='bbox 947 2922 1158 2971; x_wconf 90' lang='lat' dir='ltr'><strong>somno,</strong></span> <span class='ocrx_word' id='word_1_332' title='bbox 1211 2907 1459 2979; x_wconf 88' lang='lat' dir='ltr'><strong>protinus</strong></span> <span class='ocrx_word' id='word_1_333' title='bbox 1505 2907 1661 2977; x_wconf 80' lang='lat' dir='ltr'><strong>juxta</strong></span> <span class='ocrx_word' id='word_1_334' title='bbox 1688 2908 1741 2963; x_wconf 83' lang='lat' dir='ltr'><strong>id</strong></span> <span class='ocrx_word' id='word_1_335' title='bbox 1793 2909 1939 2978; x_wconf 87' lang='lat' dir='ltr'><strong>quod</strong></span> <span class='ocrx_word' id='word_1_336' title='bbox 1971 2923 2001 2962; x_wconf 93' lang='lat' dir='ltr'><strong>a</strong></span> <span class='ocrx_word' id='word_1_337' title='bbox 2030 2922 2154 2963; x_wconf 74' lang='lat' dir='ltr'><strong>sau-</strong></span> 
     </span>
    </p>
   </div>
   <div class='ocr_carea' id='block_1_45' title="bbox 556 3000 2158 3074">
    <p class='ocr_par' dir='ltr' id='par_1_45' title="bbox 556 3000 2158 3074">
     <span class='ocr_line' id='line_1_45' title="bbox 556 3000 2158 3074; baseline 0 -16"><span class='ocrx_word' id='word_1_338' title='bbox 556 3001 661 3059; x_wconf 88' lang='lat' dir='ltr'><strong>etis</strong></span> <span class='ocrx_word' id='word_1_339' title='bbox 720 3000 982 3073; x_wconf 88' lang='lat' dir='ltr'><strong>apostolis</strong></span> <span class='ocrx_word' id='word_1_340' title='bbox 1007 3000 1315 3057; x_wconf 88' lang='lat' dir='ltr'><strong>admonitus</strong></span> <span class='ocrx_word' id='word_1_341' title='bbox 1343 3015 1483 3066; x_wconf 90' lang='lat' dir='ltr'><strong>sum,</strong></span> <span class='ocrx_word' id='word_1_342' title='bbox 1527 3002 1732 3074; x_wconf 87' lang='lat' dir='ltr'><strong>peregi,</strong></span> <span class='ocrx_word' id='word_1_343' title='bbox 1790 3002 2158 3072; x_wconf 87' lang='lat' dir='ltr'><strong>advocatoque</strong></span> 
     </span>
    </p>
   </div>
   <div class='ocr_carea' id='block_1_46' title="bbox 555 3094 2156 3167">
    <p class='ocr_par' dir='ltr' id='par_1_46' title="bbox 555 3094 2156 3167">
     <span class='ocr_line' id='line_1_46' title="bbox 555 3094 2156 3167; baseline 0.001 -15"><span class='ocrx_word' id='word_1_344' title='bbox 555 3095 747 3152; x_wconf 90' lang='lat' dir='ltr'><strong>eodem</strong></span> <span class='ocrx_word' id='word_1_345' title='bbox 773 3095 1047 3167; x_wconf 80' lang='lat' dir='ltr'><strong>praecipuo</strong></span> <span class='ocrx_word' id='word_1_346' title='bbox 1074 3102 1129 3150; x_wconf 92' lang='lat' dir='ltr'><strong>et</strong></span> <span class='ocrx_word' id='word_1_347' title='bbox 1151 3094 1442 3165; x_wconf 88' lang='lat' dir='ltr'><strong>magniﬁco</strong></span> <span class='ocrx_word' id='word_1_348' title='bbox 1488 3095 1650 3152; x_wconf 88' lang='lat' dir='ltr'><strong>Patre</strong></span> <span class='ocrx_word' id='word_1_349' title='bbox 1693 3105 1749 3152; x_wconf 90' lang='lat' dir='ltr'><strong>et</strong></span> <span class='ocrx_word' id='word_1_350' title='bbox 1791 3096 2156 3153; x_wconf 89' lang='lat' dir='ltr'><strong>illuminatore</strong></span> 
     </span>
    </p>
   </div>
   <div class='ocr_carea' id='block_1_47' title="bbox 2246 1981 3821 2052">
    <p class='ocr_par' dir='ltr' id='par_1_47' title="bbox 2246 1981 3821 2052">
     <span class='ocr_line' id='line_1_47' title="bbox 2246 1981 3821 2052; baseline 0.004 -19"><span class='ocrx_word' id='word_1_351' title='bbox 2246 1995 2384 2051; x_wconf 90' lang='lat' dir='ltr'><strong>papa</strong></span> <span class='ocrx_word' id='word_1_352' title='bbox 2416 1981 2696 2051; x_wconf 65' lang='lat' dir='ltr'><strong>praedicat,</strong></span> <span class='ocrx_word' id='word_1_353' title='bbox 2738 1984 3027 2039; x_wconf 83' lang='lat' dir='ltr'><strong>trinitatem</strong></span> <span class='ocrx_word' id='word_1_354' title='bbox 3076 1984 3132 2040; x_wconf 88' lang='lat' dir='ltr'><strong>in</strong></span> <span class='ocrx_word' id='word_1_355' title='bbox 3191 1985 3414 2052; x_wconf 83' lang='lat' dir='ltr'><strong>unitate,</strong></span> <span class='ocrx_word' id='word_1_356' title='bbox 3475 1986 3737 2041; x_wconf 77' lang='lat' dir='ltr'><strong>unitatem</strong></span> <span class='ocrx_word' id='word_1_357' title='bbox 3780 1987 3821 2039; x_wconf 74' lang='lat' dir='ltr'><strong>is</strong></span> 
     </span>
    </p>
   </div>
   <div class='ocr_carea' id='block_1_48' title="bbox 2248 2071 3821 2149">
    <p class='ocr_par' dir='ltr' id='par_1_48' title="bbox 2248 2071 3821 2149">
     <span class='ocr_line' id='line_1_48' title="bbox 2248 2071 3821 2149; baseline 0.003 -23"><span class='ocrx_word' id='word_1_358' title='bbox 2248 2073 2501 2127; x_wconf 86' lang='lat' dir='ltr'><strong>trinitate.</strong></span> <span class='ocrx_word' id='word_1_359' title='bbox 2525 2071 2661 2128; x_wconf 86' lang='lat' dir='ltr'><strong>Nam</strong></span> <span class='ocrx_word' id='word_1_360' title='bbox 2689 2088 2881 2131; x_wconf 90' lang='lat' dir='ltr'><strong>omnes</strong></span> <span class='ocrx_word' id='word_1_361' title='bbox 2918 2076 2990 2132; x_wconf 90' lang='lat' dir='ltr'><strong>dii</strong></span> <span class='ocrx_word' id='word_1_362' title='bbox 3011 2079 3251 2149; x_wconf 86' lang='lat' dir='ltr'><strong>gentium</strong></span> <span class='ocrx_word' id='word_1_363' title='bbox 3288 2093 3426 2149; x_wconf 90' lang='lat' dir='ltr'><strong>quos</strong></span> <span class='ocrx_word' id='word_1_364' title='bbox 3451 2093 3630 2149; x_wconf 90' lang='lat' dir='ltr'><strong>usque</strong></span> <span class='ocrx_word' id='word_1_365' title='bbox 3676 2079 3821 2133; x_wconf 61' lang='lat' dir='ltr'><strong>haste»</strong></span> 
     </span>
    </p>
   </div>
   <div class='ocr_carea' id='block_1_49' title="bbox 2248 2165 3821 2239">
    <p class='ocr_par' dir='ltr' id='par_1_49' title="bbox 2248 2165 3821 2239">
     <span class='ocr_line' id='line_1_49' title="bbox 2248 2165 3821 2239; baseline 0.001 -17"><span class='ocrx_word' id='word_1_366' title='bbox 2248 2182 2352 2222; x_wconf 91' lang='lat' dir='ltr'><strong>nus</strong></span> <span class='ocrx_word' id='word_1_367' title='bbox 2412 2165 2573 2231; x_wconf 90' lang='lat' dir='ltr'><strong>colui,</strong></span> <span class='ocrx_word' id='word_1_368' title='bbox 2628 2166 2934 2235; x_wconf 71' lang='lat' dir='ltr'><strong>daemonia,</strong></span> <span class='ocrx_word' id='word_1_369' title='bbox 2992 2182 3155 2239; x_wconf 88' lang='lat' dir='ltr'><strong>opera</strong></span> <span class='ocrx_word' id='word_1_370' title='bbox 3208 2169 3488 2224; x_wconf 88' lang='lat' dir='ltr'><strong>hominum</strong></span> <span class='ocrx_word' id='word_1_371' title='bbox 3541 2168 3821 2226; x_wconf 75' lang='lat' dir='ltr'><strong>manuiacta</strong></span> 
     </span>
    </p>
   </div>
   <div class='ocr_carea' id='block_1_50' title="bbox 2248 2252 3821 2335">
    <p class='ocr_par' dir='ltr' id='par_1_50' title="bbox 2248 2252 3821 2335">
     <span class='ocr_line' id='line_1_50' title="bbox 2248 2252 3821 2335; baseline 0.003 -20"><span class='ocrx_word' id='word_1_372' title='bbox 2248 2252 2693 2331; x_wconf 82' lang='lat' dir='ltr'><strong>comprobantur.</strong></span> <span class='ocrx_word' id='word_1_373' title='bbox 2728 2261 2939 2317; x_wconf 88' lang='lat' dir='ltr'><strong>Etenim</strong></span> <span class='ocrx_word' id='word_1_374' title='bbox 2965 2272 3220 2333; x_wconf 89' lang='lat' dir='ltr'><strong>quantam</strong></span> <span class='ocrx_word' id='word_1_375' title='bbox 3235 2272 3561 2335; x_wconf 89' lang='lat' dir='ltr'><strong>potestatem</strong></span> <span class='ocrx_word' id='word_1_376' title='bbox 3576 2263 3821 2320; x_wconf 78' lang='lat' dir='ltr'><strong>idemSal-</strong></span> 
     </span>
    </p>
   </div>
   <div class='ocr_carea' id='block_1_51' title="bbox 2249 2356 3819 2427">
    <p class='ocr_par' dir='ltr' id='par_1_51' title="bbox 2249 2356 3819 2427">
     <span class='ocr_line' id='line_1_51' title="bbox 2249 2356 3819 2427; baseline 0.003 -19"><span class='ocrx_word' id='word_1_377' title='bbox 2249 2362 2408 2409; x_wconf 85' lang='lat' dir='ltr'><strong>vator</strong></span> <span class='ocrx_word' id='word_1_378' title='bbox 2436 2365 2625 2410; x_wconf 89' lang='lat' dir='ltr'><strong>noster</strong></span> <span class='ocrx_word' id='word_1_379' title='bbox 2649 2370 2748 2411; x_wconf 92' lang='lat' dir='ltr'><strong>suo</strong></span> <span class='ocrx_word' id='word_1_380' title='bbox 2774 2356 3017 2427; x_wconf 85' lang='lat' dir='ltr'><strong>apostolo</strong></span> <span class='ocrx_word' id='word_1_381' title='bbox 3044 2358 3203 2414; x_wconf 89' lang='lat' dir='ltr'><strong>beato</strong></span> <span class='ocrx_word' id='word_1_382' title='bbox 3252 2357 3415 2414; x_wconf 89' lang='lat' dir='ltr'><strong>Petro</strong></span> <span class='ocrx_word' id='word_1_383' title='bbox 3453 2358 3747 2415; x_wconf 89' lang='lat' dir='ltr'><strong>contulerit</strong></span> <span class='ocrx_word' id='word_1_384' title='bbox 3782 2359 3819 2412; x_wconf 80' lang='lat' dir='ltr'><strong>in</strong></span> 
     </span>
    </p>
   </div>
   <div class='ocr_carea' id='block_1_52' title="bbox 2251 2445 3821 2505">
    <p class='ocr_par' dir='ltr' id='par_1_52' title="bbox 2251 2445 3821 2505">
     <span class='ocr_line' id='line_1_52' title="bbox 2251 2445 3821 2505; baseline 0.001 -3"><span class='ocrx_word' id='word_1_385' title='bbox 2251 2445 2389 2502; x_wconf 84' lang='lat' dir='ltr'><strong>coelo</strong></span> <span class='ocrx_word' id='word_1_386' title='bbox 2438 2460 2500 2501; x_wconf 88' lang='lat' dir='ltr'><strong>ac</strong></span> <span class='ocrx_word' id='word_1_387' title='bbox 2549 2453 2694 2501; x_wconf 89' lang='lat' dir='ltr'><strong>terra</strong></span> <span class='ocrx_word' id='word_1_388' title='bbox 2747 2446 3079 2504; x_wconf 89' lang='lat' dir='ltr'><strong>lucidissime</strong></span> <span class='ocrx_word' id='word_1_389' title='bbox 3127 2449 3284 2505; x_wconf 91' lang='lat' dir='ltr'><strong>nobis</strong></span> <span class='ocrx_word' id='word_1_390' title='bbox 3331 2449 3474 2505; x_wconf 90' lang='lat' dir='ltr'><strong>idem</strong></span> <span class='ocrx_word' id='word_1_391' title='bbox 3526 2448 3821 2505; x_wconf 83' lang='lat' dir='ltr'><strong>venerabilis</strong></span> 
     </span>
    </p>
   </div>
   <div class='ocr_carea' id='block_1_53' title="bbox 2250 2538 3819 2615">
    <p class='ocr_par' dir='ltr' id='par_1_53' title="bbox 2250 2538 3819 2615">
     <span class='ocr_line' id='line_1_53' title="bbox 2250 2538 3819 2615; baseline 0.001 -21"><span class='ocrx_word' id='word_1_392' title='bbox 2250 2538 2413 2594; x_wconf 89' lang='lat' dir='ltr'><strong>Pater</strong></span> <span class='ocrx_word' id='word_1_393' title='bbox 2434 2539 2625 2605; x_wconf 81' lang='lat' dir='ltr'><strong>edixit,</strong></span> <span class='ocrx_word' id='word_1_394' title='bbox 2653 2539 2780 2595; x_wconf 87' lang='lat' dir='ltr'><strong>dum</strong></span> <span class='ocrx_word' id='word_1_395' title='bbox 2809 2539 3020 2597; x_wconf 85' lang='lat' dir='ltr'><strong>ﬁdelem</strong></span> <span class='ocrx_word' id='word_1_396' title='bbox 3047 2558 3169 2597; x_wconf 89' lang='lat' dir='ltr'><strong>eum</strong></span> <span class='ocrx_word' id='word_1_397' title='bbox 3191 2543 3244 2598; x_wconf 90' lang='lat' dir='ltr'><strong>in</strong></span> <span class='ocrx_word' id='word_1_398' title='bbox 3290 2559 3387 2599; x_wconf 89' lang='lat' dir='ltr'><strong>sua</strong></span> <span class='ocrx_word' id='word_1_399' title='bbox 3419 2543 3819 2615; x_wconf 84' lang='lat' dir='ltr'><strong>interrogatione</strong></span> 
     </span>
    </p>
   </div>
   <div class='ocr_carea' id='block_1_54' title="bbox 2251 2631 3818 2707">
    <p class='ocr_par' dir='ltr' id='par_1_54' title="bbox 2251 2631 3818 2707">
     <span class='ocr_line' id='line_1_54' title="bbox 2251 2631 3818 2707; baseline 0 -19"><span class='ocrx_word' id='word_1_400' title='bbox 2251 2631 2535 2688; x_wconf 82' lang='lat' dir='ltr'><strong>inveniens</strong></span> <span class='ocrx_word' id='word_1_401' title='bbox 2558 2632 2636 2686; x_wconf 88' lang='lat' dir='ltr'><strong>ait</strong></span> <span class='ocrx_word' id='word_1_402' title='bbox 2666 2649 2698 2705; x_wconf 35' lang='grc' dir='ltr'><strong>ε,</strong></span> <span class='ocrx_word' id='word_1_403' title='bbox 2721 2652 2740 2686; x_wconf 71' lang='grc' dir='ltr'><strong>ε</strong></span> <span class='ocrx_word' id='word_1_404' title='bbox 2770 2632 2849 2687; x_wconf 83' lang='grc' dir='ltr'>Τυ</span> <span class='ocrx_word' id='word_1_405' title='bbox 2870 2649 2931 2689; x_wconf 90' lang='lat' dir='ltr'><strong>es</strong></span> <span class='ocrx_word' id='word_1_406' title='bbox 2953 2633 3149 2691; x_wconf 92' lang='lat' dir='ltr'><strong>Petrus</strong></span> <span class='ocrx_word' id='word_1_407' title='bbox 3176 2644 3233 2690; x_wconf 91' lang='lat' dir='ltr'><strong>et</strong></span> <span class='ocrx_word' id='word_1_408' title='bbox 3259 2650 3422 2706; x_wconf 87' lang='lat' dir='ltr'><strong>super</strong></span> <span class='ocrx_word' id='word_1_409' title='bbox 3452 2636 3601 2691; x_wconf 88' lang='lat' dir='ltr'><strong>hanc</strong></span> <span class='ocrx_word' id='word_1_410' title='bbox 3645 2645 3818 2707; x_wconf 81' lang='lat' dir='ltr'><strong>petram</strong></span> 
     </span>
    </p>
   </div>
   <div class='ocr_carea' id='block_1_55' title="bbox 2252 2722 3820 2797">
    <p class='ocr_par' dir='ltr' id='par_1_55' title="bbox 2252 2722 3820 2797">
     <span class='ocr_line' id='line_1_55' title="bbox 2252 2722 3820 2797; baseline 0.001 -19"><span class='ocrx_word' id='word_1_411' title='bbox 2252 2722 2532 2779; x_wconf 84' lang='lat' dir='ltr'><strong>aediﬁcabo</strong></span> <span class='ocrx_word' id='word_1_412' title='bbox 2568 2722 2864 2779; x_wconf 87' lang='lat' dir='ltr'><strong>Ecclesiam</strong></span> <span class='ocrx_word' id='word_1_413' title='bbox 2892 2741 3066 2781; x_wconf 89' lang='lat' dir='ltr'><strong>meam</strong></span> <span class='ocrx_word' id='word_1_414' title='bbox 3091 2734 3146 2781; x_wconf 89' lang='lat' dir='ltr'><strong>et</strong></span> <span class='ocrx_word' id='word_1_415' title='bbox 3173 2734 3342 2797; x_wconf 75' lang='lat' dir='ltr'><strong>portae</strong></span> <span class='ocrx_word' id='word_1_416' title='bbox 3365 2725 3528 2781; x_wconf 86' lang='lat' dir='ltr'><strong>inferi</strong></span> <span class='ocrx_word' id='word_1_417' title='bbox 3563 2742 3675 2781; x_wconf 93' lang='lat' dir='ltr'><strong>non</strong></span> <span class='ocrx_word' id='word_1_418' title='bbox 3717 2742 3820 2797; x_wconf 60' lang='lat' dir='ltr'><strong>pne</strong></span> 
     </span>
    </p>
   </div>
   <div class='ocr_carea' id='block_1_56' title="bbox 2253 2814 3821 2888">
    <p class='ocr_par' dir='ltr' id='par_1_56' title="bbox 2253 2814 3821 2888">
     <span class='ocr_line' id='line_1_56' title="bbox 2253 2814 3821 2888; baseline 0 -19"><span class='ocrx_word' id='word_1_419' title='bbox 2253 2814 2511 2870; x_wconf 90' lang='lat' dir='ltr'><strong>valebunt</strong></span> <span class='ocrx_word' id='word_1_420' title='bbox 2533 2815 2795 2871; x_wconf 87' lang='lat' dir='ltr'><strong>adversus</strong></span> <span class='ocrx_word' id='word_1_421' title='bbox 2824 2831 2943 2871; x_wconf 89' lang='lat' dir='ltr'><strong>eam</strong></span> <span class='ocrx_word' id='word_1_422' title='bbox 2971 2816 3190 2888; x_wconf 82' lang='lat' dir='ltr'><strong>(Matth.</strong></span> <span class='ocrx_word' id='word_1_423' title='bbox 3212 2833 3326 2884; x_wconf 76' lang='lat' dir='ltr'><strong>xvr,</strong></span> <span class='ocrx_word' id='word_1_424' title='bbox 3357 2817 3469 2885; x_wconf 81' lang='grc'><strong>18).</strong></span> <span class='ocrx_word' id='word_1_425' title='bbox 3502 2836 3522 2869; x_wconf 72' lang='grc' dir='ltr'><strong><em>ι</em></strong></span> <span class='ocrx_word' id='word_1_426' title='bbox 3574 2817 3821 2873; x_wconf 74' lang='lat' dir='ltr'><strong>Advortite</strong></span> 
     </span>
    </p>
   </div>
   <div class='ocr_carea' id='block_1_57' title="bbox 2255 2908 3824 2980">
    <p class='ocr_par' dir='ltr' id='par_1_57' title="bbox 2255 2908 3824 2980">
     <span class='ocr_line' id='line_1_57' title="bbox 2255 2908 3824 2980; baseline 0.001 -18"><span class='ocrx_word' id='word_1_427' title='bbox 2255 2916 2503 2980; x_wconf 91' lang='lat' dir='ltr'><strong>potentes</strong></span> <span class='ocrx_word' id='word_1_428' title='bbox 2532 2916 2588 2963; x_wconf 90' lang='lat' dir='ltr'><strong>et</strong></span> <span class='ocrx_word' id='word_1_429' title='bbox 2616 2924 2747 2963; x_wconf 91' lang='lat' dir='ltr'><strong>aure</strong></span> <span class='ocrx_word' id='word_1_430' title='bbox 2775 2908 2955 2964; x_wconf 90' lang='lat' dir='ltr'><strong>cordis</strong></span> <span class='ocrx_word' id='word_1_431' title='bbox 2981 2909 3257 2973; x_wconf 89' lang='lat' dir='ltr'><strong>intendite,</strong></span> <span class='ocrx_word' id='word_1_432' title='bbox 3315 2909 3447 2980; x_wconf 89' lang='lat' dir='ltr'><strong>quid</strong></span> <span class='ocrx_word' id='word_1_433' title='bbox 3478 2908 3662 2965; x_wconf 90' lang='lat' dir='ltr'><strong>bonus</strong></span> <span class='ocrx_word' id='word_1_434' title='bbox 3692 2908 3824 2980; x_wconf 72' lang='lat' dir='ltr'><strong>Magi-</strong></span> 
     </span>
    </p>
   </div>
   <div class='ocr_carea' id='block_1_58' title="bbox 2257 3000 3819 3073">
    <p class='ocr_par' dir='ltr' id='par_1_58' title="bbox 2257 3000 3819 3073">
     <span class='ocr_line' id='line_1_58' title="bbox 2257 3000 3819 3073; baseline -0.002 -17"><span class='ocrx_word' id='word_1_435' title='bbox 2257 3008 2370 3056; x_wconf 86' lang='lat' dir='ltr'><strong>ster</strong></span> <span class='ocrx_word' id='word_1_436' title='bbox 2401 3010 2455 3055; x_wconf 88' lang='lat' dir='ltr'><strong>et</strong></span> <span class='ocrx_word' id='word_1_437' title='bbox 2506 3001 2769 3057; x_wconf 90' lang='lat' dir='ltr'><strong>Dominus</strong></span> <span class='ocrx_word' id='word_1_438' title='bbox 2807 3016 2906 3057; x_wconf 92' lang='lat' dir='ltr'><strong>suo</strong></span> <span class='ocrx_word' id='word_1_439' title='bbox 2934 3000 3198 3073; x_wconf 88' lang='lat' dir='ltr'><strong>discipulo</strong></span> <span class='ocrx_word' id='word_1_440' title='bbox 3243 3001 3509 3073; x_wconf 77' lang='lat' dir='ltr'><strong>adjunxit,</strong></span> <span class='ocrx_word' id='word_1_441' title='bbox 3561 3002 3819 3073; x_wconf 81' lang='lat' dir='ltr'><strong>inquiens:</strong></span> 
     </span>
    </p>
   </div>
   <div class='ocr_carea' id='block_1_59' title="bbox 2264 3093 3822 3167">
    <p class='ocr_par' dir='ltr' id='par_1_59' title="bbox 2264 3093 3822 3167">
     <span class='ocr_line' id='line_1_59' title="bbox 2264 3093 3822 3167; baseline 0 -21"><span class='ocrx_word' id='word_1_442' title='bbox 2264 3114 2282 3146; x_wconf 72' lang='grc' dir='ltr'>ε</span> <span class='ocrx_word' id='word_1_443' title='bbox 2313 3093 2684 3165; x_wconf 86' lang='lat' dir='ltr'><strong>Quodcunque</strong></span> <span class='ocrx_word' id='word_1_444' title='bbox 2712 3094 2964 3166; x_wconf 86' lang='lat' dir='ltr'><strong>ligaveris</strong></span> <span class='ocrx_word' id='word_1_445' title='bbox 2991 3110 3155 3166; x_wconf 90' lang='lat' dir='ltr'><strong>super</strong></span> <span class='ocrx_word' id='word_1_446' title='bbox 3179 3103 3399 3161; x_wconf 90' lang='lat' dir='ltr'><strong>terram,</strong></span> <span class='ocrx_word' id='word_1_447' title='bbox 3421 3095 3532 3151; x_wconf 89' lang='lat' dir='ltr'><strong>erit</strong></span> <span class='ocrx_word' id='word_1_448' title='bbox 3553 3094 3768 3167; x_wconf 82' lang='lat' dir='ltr'><strong>ligatum</strong></span> <span class='ocrx_word' id='word_1_449' title='bbox 3783 3100 3822 3147; x_wconf 80' lang='lat' dir='ltr'><strong>et</strong></span> 
     </span>
    </p>
   </div>
   <div class='ocr_carea' id='block_1_60' title="bbox 556 3185 3885 3261">
    <p class='ocr_par' dir='ltr' id='par_1_60' title="bbox 556 3185 3885 3261">
     <span class='ocr_line' id='line_1_60' title="bbox 556 3185 3885 3261; baseline -0.001 -18"><span class='ocrx_word' id='word_1_450' title='bbox 556 3196 744 3244; x_wconf 85' lang='lat' dir='ltr'><strong>nostro</strong></span> <span class='ocrx_word' id='word_1_451' title='bbox 774 3186 1057 3256; x_wconf 87' lang='lat' dir='ltr'><strong>Silvestro,</strong></span> <span class='ocrx_word' id='word_1_452' title='bbox 1109 3187 1401 3244; x_wconf 88' lang='lat' dir='ltr'><strong>universali</strong></span> <span class='ocrx_word' id='word_1_453' title='bbox 1450 3204 1609 3261; x_wconf 89' lang='lat' dir='ltr'><strong>papa,</strong></span> <span class='ocrx_word' id='word_1_454' title='bbox 1642 3190 1823 3246; x_wconf 85' lang='lat' dir='ltr'><strong>omnia</strong></span> <span class='ocrx_word' id='word_1_455' title='bbox 1872 3206 1902 3246; x_wconf 94' lang='lat' dir='ltr'><strong>a</strong></span> <span class='ocrx_word' id='word_1_456' title='bbox 1952 3190 2156 3248; x_wconf 85' lang='lat' dir='ltr'><strong>sanctis</strong></span> <span class='ocrx_word' id='word_1_457' title='bbox 2192 3252 2227 3261; x_wconf 88' lang='lat'><strong>_</strong></span> <span class='ocrx_word' id='word_1_458' title='bbox 2260 3186 2315 3243; x_wconf 82' lang='lat' dir='ltr'><strong>in</strong></span> <span class='ocrx_word' id='word_1_459' title='bbox 2350 3185 2503 3243; x_wconf 78' lang='lat' dir='ltr'><strong>ctelis</strong></span> <span class='ocrx_word' id='word_1_460' title='bbox 2533 3185 2698 3258; x_wconf 78' lang='lat' dir='ltr'><strong>(Ibid.</strong></span> <span class='ocrx_word' id='word_1_461' title='bbox 2732 3187 2840 3258; x_wconf 84' lang='lat' dir='ltr'><strong>l9).</strong></span> <span class='ocrx_word' id='word_1_462' title='bbox 2883 3206 2902 3239; x_wconf 76' lang='grc' dir='ltr'><strong><em>ι</em></strong></span> <span class='ocrx_word' id='word_1_463' title='bbox 2929 3186 3127 3242; x_wconf 85' lang='lat' dir='ltr'><strong>Mirum</strong></span> <span class='ocrx_word' id='word_1_464' title='bbox 3155 3196 3238 3242; x_wconf 91' lang='lat' dir='ltr'><strong>est</strong></span> <span class='ocrx_word' id='word_1_465' title='bbox 3264 3188 3367 3243; x_wconf 91' lang='lat' dir='ltr'><strong>hoc</strong></span> <span class='ocrx_word' id='word_1_466' title='bbox 3393 3186 3554 3242; x_wconf 88' lang='lat' dir='ltr'><strong>valde</strong></span> <span class='ocrx_word' id='word_1_467' title='bbox 3580 3197 3641 3243; x_wconf 92' lang='lat' dir='ltr'><strong>et</strong></span> <span class='ocrx_word' id='word_1_468' title='bbox 3665 3185 3825 3259; x_wconf 85' lang='lat' dir='ltr'><strong>glorio-</strong></span> <span class='ocrx_word' id='word_1_469' title='bbox 3884 3188 3885 3261; x_wconf 50' lang='grc' dir='ltr'>ξ</span> 
     </span>
    </p>
   </div>
   <div class='ocr_carea' id='block_1_61' title="bbox 557 3252 3823 3352">
    <p class='ocr_par' dir='ltr' id='par_1_61' title="bbox 557 3252 3823 3352">
     <span class='ocr_line' id='line_1_61' title="bbox 557 3252 3823 3352; baseline -0.002 -17"><span class='ocrx_word' id='word_1_470' title='bbox 557 3279 816 3352; x_wconf 89' lang='lat' dir='ltr'><strong>apostolis</strong></span> <span class='ocrx_word' id='word_1_471' title='bbox 841 3280 977 3337; x_wconf 90' lang='lat' dir='ltr'><strong>mihi</strong></span> <span class='ocrx_word' id='word_1_472' title='bbox 1006 3252 1277 3352; x_wconf 60' lang='lat' dir='ltr'><strong>praecepta</strong></span> <span class='ocrx_word' id='word_1_473' title='bbox 1327 3252 1669 3338; x_wconf 44' lang='lat' dir='ltr'><strong>dixi—verba.</strong></span> <span class='ocrx_word' id='word_1_474' title='bbox 1710 3281 2018 3340; x_wconf 89' lang='lat' dir='ltr'><strong>Percontati</strong></span> <span class='ocrx_word' id='word_1_475' title='bbox 2064 3299 2155 3340; x_wconf 90' lang='lat' dir='ltr'><strong>su-</strong></span> <span class='ocrx_word' id='word_1_476' title='bbox 2182 3252 2228 3316; x_wconf 70' lang='grc' dir='ltr'>Ο</span> <span class='ocrx_word' id='word_1_477' title='bbox 2259 3294 2380 3335; x_wconf 91' lang='lat' dir='ltr'><strong>sum</strong></span> <span class='ocrx_word' id='word_1_478' title='bbox 2408 3280 2464 3335; x_wconf 88' lang='lat' dir='ltr'><strong>in</strong></span> <span class='ocrx_word' id='word_1_479' title='bbox 2495 3252 2641 3335; x_wconf 84' lang='lat' dir='ltr'><strong>terra</strong></span> <span class='ocrx_word' id='word_1_480' title='bbox 2667 3252 2835 3352; x_wconf 80' lang='lat' dir='ltr'><strong>ligare</strong></span> <span class='ocrx_word' id='word_1_481' title='bbox 2862 3287 2918 3334; x_wconf 92' lang='lat' dir='ltr'><strong>et</strong></span> <span class='ocrx_word' id='word_1_482' title='bbox 2942 3280 3175 3346; x_wconf 82' lang='lat' dir='ltr'><strong>solvere,</strong></span> <span class='ocrx_word' id='word_1_483' title='bbox 3199 3287 3254 3334; x_wconf 92' lang='lat' dir='ltr'><strong>et</strong></span> <span class='ocrx_word' id='word_1_484' title='bbox 3278 3279 3334 3334; x_wconf 94' lang='lat' dir='ltr'><strong>in</strong></span> <span class='ocrx_word' id='word_1_485' title='bbox 3363 3279 3505 3334; x_wconf 69' lang='lat' dir='ltr'><strong>coalo</strong></span> <span class='ocrx_word' id='word_1_486' title='bbox 3551 3252 3766 3350; x_wconf 68' lang='lat' dir='ltr'><strong>ligatum</strong></span> <span class='ocrx_word' id='word_1_487' title='bbox 3785 3281 3823 3330; x_wconf 81' lang='lat' dir='ltr'><strong>et</strong></span> 
     </span>
    </p>
   </div>
   <div class='ocr_carea' id='block_1_62' title="bbox 556 3371 2155 3445">
    <p class='ocr_par' dir='ltr' id='par_1_62' title="bbox 556 3371 2155 3445">
     <span class='ocr_line' id='line_1_62' title="bbox 556 3371 2155 3445; baseline 0.003 -17"><span class='ocrx_word' id='word_1_488' title='bbox 556 3388 680 3429; x_wconf 89' lang='lat' dir='ltr'><strong>mus</strong></span> <span class='ocrx_word' id='word_1_489' title='bbox 704 3371 773 3428; x_wconf 90' lang='lat' dir='ltr'><strong>ab</strong></span> <span class='ocrx_word' id='word_1_490' title='bbox 793 3387 859 3430; x_wconf 91' lang='lat' dir='ltr'><strong>eo</strong></span> <span class='ocrx_word' id='word_1_491' title='bbox 885 3374 979 3445; x_wconf 91' lang='lat' dir='ltr'><strong>qui</strong></span> <span class='ocrx_word' id='word_1_492' title='bbox 1015 3374 1106 3431; x_wconf 89' lang='lat' dir='ltr'><strong>isti</strong></span> <span class='ocrx_word' id='word_1_493' title='bbox 1130 3374 1203 3431; x_wconf 91' lang='lat' dir='ltr'><strong>dii</strong></span> <span class='ocrx_word' id='word_1_494' title='bbox 1235 3383 1420 3431; x_wconf 88' lang='lat' dir='ltr'><strong>essent</strong></span> <span class='ocrx_word' id='word_1_495' title='bbox 1448 3373 1644 3431; x_wconf 91' lang='lat' dir='ltr'><strong>Petrus</strong></span> <span class='ocrx_word' id='word_1_496' title='bbox 1692 3383 1749 3431; x_wconf 92' lang='lat' dir='ltr'><strong>et</strong></span> <span class='ocrx_word' id='word_1_497' title='bbox 1801 3374 2019 3431; x_wconf 89' lang='lat' dir='ltr'><strong>Paulus.</strong></span> <span class='ocrx_word' id='word_1_498' title='bbox 2063 3375 2155 3432; x_wconf 93' lang='lat' dir='ltr'><strong>llle</strong></span> 
     </span>
    </p>
   </div>
   <div class='ocr_carea' id='block_1_63' title="bbox 556 3467 2155 3540">
    <p class='ocr_par' dir='ltr' id='par_1_63' title="bbox 556 3467 2155 3540">
     <span class='ocr_line' id='line_1_63' title="bbox 556 3467 2155 3540; baseline 0.004 -19"><span class='ocrx_word' id='word_1_499' title='bbox 556 3481 688 3523; x_wconf 90' lang='lat' dir='ltr'><strong>vero</strong></span> <span class='ocrx_word' id='word_1_500' title='bbox 719 3482 825 3523; x_wconf 92' lang='lat' dir='ltr'><strong>non</strong></span> <span class='ocrx_word' id='word_1_501' title='bbox 857 3482 952 3523; x_wconf 92' lang='lat' dir='ltr'><strong>eos</strong></span> <span class='ocrx_word' id='word_1_502' title='bbox 974 3467 1106 3525; x_wconf 89' lang='lat' dir='ltr'><strong>deos</strong></span> <span class='ocrx_word' id='word_1_503' title='bbox 1127 3483 1261 3525; x_wconf 90' lang='lat' dir='ltr'><strong>vere</strong></span> <span class='ocrx_word' id='word_1_504' title='bbox 1290 3468 1418 3535; x_wconf 90' lang='lat' dir='ltr'><strong>dici,</strong></span> <span class='ocrx_word' id='word_1_505' title='bbox 1445 3469 1541 3527; x_wconf 91' lang='lat' dir='ltr'><strong>sed</strong></span> <span class='ocrx_word' id='word_1_506' title='bbox 1563 3469 1836 3540; x_wconf 91' lang='lat' dir='ltr'><strong>apostolos</strong></span> <span class='ocrx_word' id='word_1_507' title='bbox 1866 3470 2155 3527; x_wconf 90' lang='lat' dir='ltr'><strong>salvatoris</strong></span> 
     </span>
    </p>
   </div>
   <div class='ocr_carea' id='block_1_64' title="bbox 557 3560 2153 3635">
    <p class='ocr_par' dir='ltr' id='par_1_64' title="bbox 557 3560 2153 3635">
     <span class='ocr_line' id='line_1_64' title="bbox 557 3560 2153 3635; baseline 0.003 -20"><span class='ocrx_word' id='word_1_508' title='bbox 557 3561 730 3616; x_wconf 65' lang='lat' dir='ltr'><strong>nostri</strong></span> <span class='ocrx_word' id='word_1_509' title='bbox 754 3560 967 3618; x_wconf 90' lang='lat' dir='ltr'><strong>Domini</strong></span> <span class='ocrx_word' id='word_1_510' title='bbox 996 3562 1089 3617; x_wconf 89' lang='lat' dir='ltr'><strong>Dei</strong></span> <span class='ocrx_word' id='word_1_511' title='bbox 1120 3560 1249 3619; x_wconf 81' lang='lat' dir='ltr'><strong>Jesu</strong></span> <span class='ocrx_word' id='word_1_512' title='bbox 1269 3561 1473 3621; x_wconf 90' lang='lat' dir='ltr'><strong>Christi</strong></span> <span class='ocrx_word' id='word_1_513' title='bbox 1498 3564 1796 3635; x_wconf 88' lang='lat' dir='ltr'><strong>respondit.</strong></span> <span class='ocrx_word' id='word_1_514' title='bbox 1843 3565 1912 3621; x_wconf 88' lang='lat' dir='ltr'><strong>Et</strong></span> <span class='ocrx_word' id='word_1_515' title='bbox 1934 3580 2153 3621; x_wconf 90' lang='lat' dir='ltr'><strong>rursum</strong></span> 
     </span>
    </p>
   </div>
   <div class='ocr_carea' id='block_1_65' title="bbox 558 3653 2152 3730">
    <p class='ocr_par' dir='ltr' id='par_1_65' title="bbox 558 3653 2152 3730">
     <span class='ocr_line' id='line_1_65' title="bbox 558 3653 2152 3730; baseline 0.003 -21"><span class='ocrx_word' id='word_1_516' title='bbox 558 3653 898 3726; x_wconf 74' lang='lat' dir='ltr'><strong>interrogare</strong></span> <span class='ocrx_word' id='word_1_517' title='bbox 925 3657 1191 3728; x_wconf 61' lang='lat' dir='ltr'><strong>coepimus</strong></span> <span class='ocrx_word' id='word_1_518' title='bbox 1217 3656 1468 3713; x_wconf 91' lang='lat' dir='ltr'><strong>eumdem</strong></span> <span class='ocrx_word' id='word_1_519' title='bbox 1517 3658 1897 3715; x_wconf 88' lang='lat' dir='ltr'><strong>beatissimum</strong></span> <span class='ocrx_word' id='word_1_520' title='bbox 1934 3674 2152 3730; x_wconf 90' lang='lat' dir='ltr'><strong>papam,</strong></span> 
     </span>
    </p>
   </div>
   <div class='ocr_carea' id='block_1_66' title="bbox 558 3749 2156 3824">
    <p class='ocr_par' dir='ltr' id='par_1_66' title="bbox 558 3749 2156 3824">
     <span class='ocr_line' id='line_1_66' title="bbox 558 3749 2156 3824; baseline 0.004 -21"><span class='ocrx_word' id='word_1_521' title='bbox 558 3757 743 3805; x_wconf 91' lang='lat' dir='ltr'><strong>utrum</strong></span> <span class='ocrx_word' id='word_1_522' title='bbox 771 3751 1000 3806; x_wconf 88' lang='lat' dir='ltr'><strong>istorum</strong></span> <span class='ocrx_word' id='word_1_523' title='bbox 1023 3749 1395 3820; x_wconf 85' lang='lat' dir='ltr'><strong>apostolorum</strong></span> <span class='ocrx_word' id='word_1_524' title='bbox 1426 3751 1693 3822; x_wconf 89' lang='lat' dir='ltr'><strong>imagines</strong></span> <span class='ocrx_word' id='word_1_525' title='bbox 1726 3767 2012 3824; x_wconf 79' lang='lat' dir='ltr'><strong>expressas</strong></span> <span class='ocrx_word' id='word_1_526' title='bbox 2060 3756 2156 3810; x_wconf 89' lang='lat' dir='ltr'><strong>ba-</strong></span> 
     </span>
    </p>
   </div>
   <div class='ocr_carea' id='block_1_67' title="bbox 557 3839 2157 3916">
    <p class='ocr_par' dir='ltr' id='par_1_67' title="bbox 557 3839 2157 3916">
     <span class='ocr_line' id='line_1_67' title="bbox 557 3839 2157 3916; baseline 0.006 -21"><span class='ocrx_word' id='word_1_527' title='bbox 557 3839 736 3907; x_wconf 87' lang='lat' dir='ltr'><strong>beret,</strong></span> <span class='ocrx_word' id='word_1_528' title='bbox 758 3849 817 3895; x_wconf 90' lang='lat' dir='ltr'><strong>ut</strong></span> <span class='ocrx_word' id='word_1_529' title='bbox 841 3856 911 3897; x_wconf 80' lang='lat' dir='ltr'><strong>ex</strong></span> <span class='ocrx_word' id='word_1_530' title='bbox 934 3842 1148 3911; x_wconf 87' lang='lat' dir='ltr'><strong>pictura</strong></span> <span class='ocrx_word' id='word_1_531' title='bbox 1175 3843 1510 3899; x_wconf 89' lang='lat' dir='ltr'><strong>disceremus</strong></span> <span class='ocrx_word' id='word_1_532' title='bbox 1530 3844 1631 3899; x_wconf 87' lang='lat' dir='ltr'><strong>hos</strong></span> <span class='ocrx_word' id='word_1_533' title='bbox 1660 3859 1782 3900; x_wconf 88' lang='lat' dir='ltr'><strong>esse</strong></span> <span class='ocrx_word' id='word_1_534' title='bbox 1802 3860 1940 3916; x_wconf 86' lang='lat' dir='ltr'><strong>quos</strong></span> <span class='ocrx_word' id='word_1_535' title='bbox 2003 3861 2157 3904; x_wconf 84' lang='lat' dir='ltr'><strong>reve-</strong></span> 
     </span>
    </p>
   </div>
   <div class='ocr_carea' id='block_1_68' title="bbox 558 3929 2154 4015">
    <p class='ocr_par' dir='ltr' id='par_1_68' title="bbox 558 3929 2154 4015">
     <span class='ocr_line' id='line_1_68' title="bbox 558 3929 2154 4015; baseline 0.006 -27"><span class='ocrx_word' id='word_1_536' title='bbox 558 3929 690 3989; x_wconf 90' lang='lat' dir='ltr'><strong>latio</strong></span> <span class='ocrx_word' id='word_1_537' title='bbox 717 3932 1003 3991; x_wconf 91' lang='lat' dir='ltr'><strong>docuerat.</strong></span> <span class='ocrx_word' id='word_1_538' title='bbox 1031 3934 1185 3992; x_wconf 90' lang='lat' dir='ltr'><strong>Tunc</strong></span> <span class='ocrx_word' id='word_1_539' title='bbox 1215 3935 1357 3991; x_wconf 91' lang='lat' dir='ltr'><strong>idem</strong></span> <span class='ocrx_word' id='word_1_540' title='bbox 1388 3937 1717 3993; x_wconf 88' lang='lat' dir='ltr'><strong>venerabilis</strong></span> <span class='ocrx_word' id='word_1_541' title='bbox 1756 3937 1920 3995; x_wconf 85' lang='lat' dir='ltr'><strong>Pater</strong></span> <span class='ocrx_word' id='word_1_542' title='bbox 1967 3941 2154 4015; x_wconf 77' lang='lat' dir='ltr'><strong>imagi-</strong></span> 
     </span>
    </p>
   </div>
   <div class='ocr_carea' id='block_1_69' title="bbox 562 4025 2153 4098">
    <p class='ocr_par' dir='ltr' id='par_1_69' title="bbox 562 4025 2153 4098">
     <span class='ocr_line' id='line_1_69' title="bbox 562 4025 2153 4098; baseline 0.006 -17"><span class='ocrx_word' id='word_1_543' title='bbox 562 4039 659 4081; x_wconf 88' lang='lat' dir='ltr'><strong>nes</strong></span> <span class='ocrx_word' id='word_1_544' title='bbox 679 4025 994 4082; x_wconf 90' lang='lat' dir='ltr'><strong>eorumdem</strong></span> <span class='ocrx_word' id='word_1_545' title='bbox 1025 4027 1392 4098; x_wconf 90' lang='lat' dir='ltr'><strong>apostolorum</strong></span> <span class='ocrx_word' id='word_1_546' title='bbox 1416 4042 1513 4098; x_wconf 92' lang='lat' dir='ltr'><strong>per</strong></span> <span class='ocrx_word' id='word_1_547' title='bbox 1533 4028 1822 4086; x_wconf 90' lang='lat' dir='ltr'><strong>diaconum</strong></span> <span class='ocrx_word' id='word_1_548' title='bbox 1852 4046 2011 4088; x_wconf 90' lang='lat' dir='ltr'><strong>suum</strong></span> <span class='ocrx_word' id='word_1_549' title='bbox 2057 4048 2153 4089; x_wconf 81' lang='lat' dir='ltr'><strong>ex-</strong></span> 
     </span>
    </p>
   </div>
   <div class='ocr_carea' id='block_1_70' title="bbox 562 4116 2157 4196">
    <p class='ocr_par' dir='ltr' id='par_1_70' title="bbox 562 4116 2157 4196">
     <span class='ocr_line' id='line_1_70' title="bbox 562 4116 2157 4196; baseline 0.006 -24"><span class='ocrx_word' id='word_1_550' title='bbox 562 4116 736 4173; x_wconf 90' lang='lat' dir='ltr'><strong>hiberi</strong></span> <span class='ocrx_word' id='word_1_551' title='bbox 759 4117 1034 4188; x_wconf 86' lang='lat' dir='ltr'><strong>praecepit,</strong></span> <span class='ocrx_word' id='word_1_552' title='bbox 1058 4133 1193 4190; x_wconf 88' lang='lat' dir='ltr'><strong>quas</strong></span> <span class='ocrx_word' id='word_1_553' title='bbox 1223 4119 1348 4175; x_wconf 91' lang='lat' dir='ltr'><strong>dum</strong></span> <span class='ocrx_word' id='word_1_554' title='bbox 1379 4120 1678 4192; x_wconf 87' lang='lat' dir='ltr'><strong>aspicerem</strong></span> <span class='ocrx_word' id='word_1_555' title='bbox 1705 4131 1760 4177; x_wconf 90' lang='lat' dir='ltr'><strong>et</strong></span> <span class='ocrx_word' id='word_1_556' title='bbox 1780 4138 1990 4190; x_wconf 88' lang='lat' dir='ltr'><strong>eorum,</strong></span> <span class='ocrx_word' id='word_1_557' title='bbox 2019 4141 2157 4196; x_wconf 87' lang='lat' dir='ltr'><strong>quos</strong></span> 
     </span>
    </p>
   </div>
   <div class='ocr_carea' id='block_1_71' title="bbox 505 4209 2157 4289">
    <p class='ocr_par' dir='ltr' id='par_1_71' title="bbox 505 4209 2157 4289">
     <span class='ocr_line' id='line_1_71' title="bbox 505 4209 2157 4289; baseline 0.007 -26"><span class='ocrx_word' id='word_1_558' title='bbox 505 4268 517 4275; x_wconf 89' lang='lat'>_</span> <span class='ocrx_word' id='word_1_559' title='bbox 562 4210 617 4264; x_wconf 92' lang='lat' dir='ltr'><strong>in</strong></span> <span class='ocrx_word' id='word_1_560' title='bbox 639 4224 832 4265; x_wconf 90' lang='lat' dir='ltr'><strong>somno</strong></span> <span class='ocrx_word' id='word_1_561' title='bbox 856 4209 1101 4267; x_wconf 85' lang='lat' dir='ltr'><strong>videram</strong></span> <span class='ocrx_word' id='word_1_562' title='bbox 1125 4212 1383 4285; x_wconf 88' lang='lat' dir='ltr'><strong>ﬁguratos</strong></span> <span class='ocrx_word' id='word_1_563' title='bbox 1421 4214 1475 4269; x_wconf 90' lang='lat' dir='ltr'><strong>in</strong></span> <span class='ocrx_word' id='word_1_564' title='bbox 1508 4213 1642 4286; x_wconf 90' lang='lat' dir='ltr'><strong>ipsis</strong></span> <span class='ocrx_word' id='word_1_565' title='bbox 1698 4216 2024 4289; x_wconf 84' lang='lat' dir='ltr'><strong>imaginibus</strong></span> <span class='ocrx_word' id='word_1_566' title='bbox 2062 4233 2157 4275; x_wconf 87' lang='lat' dir='ltr'><strong>co-</strong></span> 
     </span>
    </p>
   </div>
   <div class='ocr_carea' id='block_1_72' title="bbox 561 4301 2158 4376">
    <p class='ocr_par' dir='ltr' id='par_1_72' title="bbox 561 4301 2158 4376">
     <span class='ocr_line' id='line_1_72' title="bbox 561 4301 2158 4376; baseline 0.007 -21"><span class='ocrx_word' id='word_1_567' title='bbox 561 4301 869 4372; x_wconf 83' lang='lat' dir='ltr'><strong>gnovissem</strong></span> <span class='ocrx_word' id='word_1_568' title='bbox 888 4301 1091 4371; x_wconf 88' lang='lat' dir='ltr'><strong>vultus,</strong></span> <span class='ocrx_word' id='word_1_569' title='bbox 1140 4304 1344 4376; x_wconf 87' lang='lat' dir='ltr'><strong>ingenti</strong></span> <span class='ocrx_word' id='word_1_570' title='bbox 1391 4304 1631 4363; x_wconf 75' lang='lat' dir='ltr'><strong>clamore</strong></span> <span class='ocrx_word' id='word_1_571' title='bbox 1674 4321 1859 4363; x_wconf 92' lang='lat' dir='ltr'><strong>coram</strong></span> <span class='ocrx_word' id='word_1_572' title='bbox 1905 4308 2158 4366; x_wconf 91' lang='lat' dir='ltr'><strong>omnibus</strong></span> 
     </span>
    </p>
   </div>
   <div class='ocr_carea' id='block_1_73' title="bbox 563 4392 2157 4469">
    <p class='ocr_par' dir='ltr' id='par_1_73' title="bbox 563 4392 2157 4469">
     <span class='ocr_line' id='line_1_73' title="bbox 563 4392 2157 4469; baseline 0.006 -22"><span class='ocrx_word' id='word_1_573' title='bbox 563 4393 798 4464; x_wconf 87' lang='lat' dir='ltr'><strong>satrapis</strong></span> <span class='ocrx_word' id='word_1_574' title='bbox 826 4393 963 4451; x_wconf 90' lang='lat' dir='ltr'><strong>meis</strong></span> <span class='ocrx_word' id='word_1_575' title='bbox 984 4392 1267 4452; x_wconf 86' lang='lat' dir='ltr'><strong>confessus</strong></span> <span class='ocrx_word' id='word_1_576' title='bbox 1299 4410 1420 4453; x_wconf 88' lang='lat' dir='ltr'><strong>sum</strong></span> <span class='ocrx_word' id='word_1_577' title='bbox 1449 4410 1545 4452; x_wconf 92' lang='lat' dir='ltr'><strong>eos</strong></span> <span class='ocrx_word' id='word_1_578' title='bbox 1573 4410 1697 4453; x_wconf 89' lang='lat' dir='ltr'><strong>esse</strong></span> <span class='ocrx_word' id='word_1_579' title='bbox 1726 4412 1864 4469; x_wconf 91' lang='lat' dir='ltr'><strong>quos</strong></span> <span class='ocrx_word' id='word_1_580' title='bbox 1886 4397 1942 4454; x_wconf 94' lang='lat' dir='ltr'><strong>in</strong></span> <span class='ocrx_word' id='word_1_581' title='bbox 1964 4413 2157 4456; x_wconf 89' lang='lat' dir='ltr'><strong>somno</strong></span> 
     </span>
    </p>
   </div>
   <div class='ocr_carea' id='block_1_74' title="bbox 562 4482 822 4538">
    <p class='ocr_par' dir='ltr' id='par_1_74' title="bbox 562 4482 822 4538">
     <span class='ocr_line' id='line_1_74' title="bbox 562 4482 822 4538; baseline 0.004 -1"><span class='ocrx_word' id='word_1_582' title='bbox 562 4482 822 4538; x_wconf 86' lang='lat' dir='ltr'><strong>videram.</strong></span> 
     </span>
    </p>
   </div>
   <div class='ocr_carea' id='block_1_75' title="bbox 635 4575 2150 4650">
    <p class='ocr_par' dir='ltr' id='par_1_75' title="bbox 635 4575 2150 4650">
     <span class='ocr_line' id='line_1_75' title="bbox 635 4575 2150 4650; baseline 0.005 -20"><span class='ocrx_word' id='word_1_583' title='bbox 635 4575 715 4630; x_wconf 89' lang='lat' dir='ltr'><strong>Ad</strong></span> <span class='ocrx_word' id='word_1_584' title='bbox 737 4575 853 4632; x_wconf 88' lang='lat' dir='ltr'><strong>haec</strong></span> <span class='ocrx_word' id='word_1_585' title='bbox 877 4575 1228 4635; x_wconf 89' lang='lat' dir='ltr'><strong>beatissimus</strong></span> <span class='ocrx_word' id='word_1_586' title='bbox 1255 4578 1399 4634; x_wconf 92' lang='lat' dir='ltr'><strong>idem</strong></span> <span class='ocrx_word' id='word_1_587' title='bbox 1426 4578 1691 4637; x_wconf 87' lang='lat' dir='ltr'><strong>Silvester</strong></span> <span class='ocrx_word' id='word_1_588' title='bbox 1729 4580 1895 4637; x_wconf 90' lang='lat' dir='ltr'><strong>Pater</strong></span> <span class='ocrx_word' id='word_1_589' title='bbox 1945 4591 2150 4650; x_wconf 91' lang='lat' dir='ltr'><strong>noster,</strong></span> 
     </span>
    </p>
   </div>
   <div class='ocr_carea' id='block_1_76' title="bbox 559 4667 2156 4745">
    <p class='ocr_par' dir='ltr' id='par_1_76' title="bbox 559 4667 2156 4745">
     <span class='ocr_line' id='line_1_76' title="bbox 559 4667 2156 4745; baseline 0.006 -23"><span class='ocrx_word' id='word_1_590' title='bbox 559 4668 713 4723; x_wconf 89' lang='lat' dir='ltr'><strong>urbis</strong></span> <span class='ocrx_word' id='word_1_591' title='bbox 734 4667 921 4724; x_wconf 84' lang='lat' dir='ltr'><strong>Romae</strong></span> <span class='ocrx_word' id='word_1_592' title='bbox 940 4670 1229 4741; x_wconf 88' lang='lat' dir='ltr'><strong>episcopus</strong></span> <span class='ocrx_word' id='word_1_593' title='bbox 1250 4671 1448 4727; x_wconf 82' lang='lat' dir='ltr'><strong>indixit</strong></span> <span class='ocrx_word' id='word_1_594' title='bbox 1475 4673 1630 4730; x_wconf 90' lang='lat' dir='ltr'><strong>nobis</strong></span> <span class='ocrx_word' id='word_1_595' title='bbox 1652 4676 1988 4745; x_wconf 77' lang='lat' dir='ltr'><strong>pmnitentiae</strong></span> <span class='ocrx_word' id='word_1_596' title='bbox 2017 4685 2156 4733; x_wconf 90' lang='lat' dir='ltr'><strong>tem-</strong></span> 
     </span>
    </p>
   </div>
   <div class='ocr_carea' id='block_1_77' title="bbox 562 4759 2158 4834">
    <p class='ocr_par' dir='ltr' id='par_1_77' title="bbox 562 4759 2158 4834">
     <span class='ocr_line' id='line_1_77' title="bbox 562 4759 2158 4834; baseline 0.008 -22"><span class='ocrx_word' id='word_1_597' title='bbox 562 4772 661 4827; x_wconf 90' lang='lat' dir='ltr'><strong>pus</strong></span> <span class='ocrx_word' id='word_1_598' title='bbox 685 4759 826 4815; x_wconf 89' lang='lat' dir='ltr'><strong>intra</strong></span> <span class='ocrx_word' id='word_1_599' title='bbox 856 4760 1117 4831; x_wconf 89' lang='lat' dir='ltr'><strong>palatium</strong></span> <span class='ocrx_word' id='word_1_600' title='bbox 1139 4770 1387 4818; x_wconf 89' lang='lat' dir='ltr'><strong>nostrum</strong></span> <span class='ocrx_word' id='word_1_601' title='bbox 1410 4762 1798 4834; x_wconf 88' lang='lat' dir='ltr'><strong>Lateranense,</strong></span> <span class='ocrx_word' id='word_1_602' title='bbox 1823 4768 1878 4824; x_wconf 91' lang='lat' dir='ltr'><strong>in</strong></span> <span class='ocrx_word' id='word_1_603' title='bbox 1930 4783 2038 4824; x_wconf 95' lang='lat' dir='ltr'><strong>uno</strong></span> <span class='ocrx_word' id='word_1_604' title='bbox 2082 4768 2158 4826; x_wconf 88' lang='lat' dir='ltr'><strong>ci-</strong></span> 
     </span>
    </p>
   </div>
   <div class='ocr_carea' id='block_1_78' title="bbox 563 4847 2158 4932">
    <p class='ocr_par' dir='ltr' id='par_1_78' title="bbox 563 4847 2158 4932">
     <span class='ocr_line' id='line_1_78' title="bbox 563 4847 2158 4932; baseline 0.009 -29"><span class='ocrx_word' id='word_1_605' title='bbox 563 4847 710 4915; x_wconf 91' lang='lat' dir='ltr'><strong>licio,</strong></span> <span class='ocrx_word' id='word_1_606' title='bbox 771 4860 833 4905; x_wconf 91' lang='lat' dir='ltr'><strong>ut</strong></span> <span class='ocrx_word' id='word_1_607' title='bbox 870 4851 1055 4907; x_wconf 88' lang='lat' dir='ltr'><strong>omnia</strong></span> <span class='ocrx_word' id='word_1_608' title='bbox 1081 4867 1204 4923; x_wconf 79' lang='lat' dir='ltr'><strong>quae</strong></span> <span class='ocrx_word' id='word_1_609' title='bbox 1232 4867 1263 4907; x_wconf 91' lang='lat' dir='ltr'><strong>a</strong></span> <span class='ocrx_word' id='word_1_610' title='bbox 1296 4853 1456 4909; x_wconf 89' lang='lat' dir='ltr'><strong>nobis</strong></span> <span class='ocrx_word' id='word_1_611' title='bbox 1510 4854 1678 4927; x_wconf 91' lang='lat' dir='ltr'><strong>impie</strong></span> <span class='ocrx_word' id='word_1_612' title='bbox 1728 4867 1950 4929; x_wconf 89' lang='lat' dir='ltr'><strong>peracta</strong></span> <span class='ocrx_word' id='word_1_613' title='bbox 1992 4868 2158 4932; x_wconf 89' lang='lat' dir='ltr'><strong>atque</strong></span> 
     </span>
    </p>
   </div>
   <div class='ocr_carea' id='block_1_79' title="bbox 565 4939 2159 5021">
    <p class='ocr_par' dir='ltr' id='par_1_79' title="bbox 565 4939 2159 5021">
     <span class='ocr_line' id='line_1_79' title="bbox 565 4939 2159 5021; baseline 0.009 -28"><span class='ocrx_word' id='word_1_614' title='bbox 565 4939 761 5009; x_wconf 89' lang='lat' dir='ltr'><strong>injuste</strong></span> <span class='ocrx_word' id='word_1_615' title='bbox 786 4943 1047 5014; x_wconf 88' lang='lat' dir='ltr'><strong>disposita</strong></span> <span class='ocrx_word' id='word_1_616' title='bbox 1082 4942 1321 5011; x_wconf 80' lang='lat' dir='ltr'><strong>fuerant,</strong></span> <span class='ocrx_word' id='word_1_617' title='bbox 1352 4943 1574 5016; x_wconf 88' lang='lat' dir='ltr'><strong>vigiliis,</strong></span> <span class='ocrx_word' id='word_1_618' title='bbox 1592 4945 1817 5017; x_wconf 87' lang='lat' dir='ltr'><strong>jejuniis</strong></span> <span class='ocrx_word' id='word_1_619' title='bbox 1863 4958 2027 5021; x_wconf 89' lang='lat' dir='ltr'><strong>atque</strong></span> <span class='ocrx_word' id='word_1_620' title='bbox 2082 4951 2159 5008; x_wconf 81' lang='lat' dir='ltr'><strong>la-</strong></span> 
     </span>
    </p>
   </div>
   <div class='ocr_carea' id='block_1_80' title="bbox 564 5035 2156 5106">
    <p class='ocr_par' dir='ltr' id='par_1_80' title="bbox 564 5035 2156 5106">
     <span class='ocr_line' id='line_1_80' title="bbox 564 5035 2156 5106; baseline 0.009 -19"><span class='ocrx_word' id='word_1_621' title='bbox 564 5035 768 5105; x_wconf 87' lang='lat' dir='ltr'><strong>crymis</strong></span> <span class='ocrx_word' id='word_1_622' title='bbox 792 5045 848 5090; x_wconf 88' lang='lat' dir='ltr'><strong>et</strong></span> <span class='ocrx_word' id='word_1_623' title='bbox 874 5038 1212 5094; x_wconf 88' lang='lat' dir='ltr'><strong>orationibus</strong></span> <span class='ocrx_word' id='word_1_624' title='bbox 1233 5037 1375 5106; x_wconf 90' lang='lat' dir='ltr'><strong>apud</strong></span> <span class='ocrx_word' id='word_1_625' title='bbox 1398 5036 1690 5098; x_wconf 91' lang='lat' dir='ltr'><strong>Dominum</strong></span> <span class='ocrx_word' id='word_1_626' title='bbox 1712 5051 1954 5099; x_wconf 89' lang='lat' dir='ltr'><strong>nostrum</strong></span> <span class='ocrx_word' id='word_1_627' title='bbox 1971 5042 2156 5101; x_wconf 80' lang='lat' dir='ltr'><strong>Jesum</strong></span> 
     </span>
    </p>
   </div>
   <div class='ocr_carea' id='block_1_81' title="bbox 2256 3367 3825 3443">
    <p class='ocr_par' dir='ltr' id='par_1_81' title="bbox 2256 3367 3825 3443">
     <span class='ocr_line' id='line_1_81' title="bbox 2256 3367 3825 3443; baseline -0.004 -14"><span class='ocrx_word' id='word_1_628' title='bbox 2256 3372 2492 3429; x_wconf 89' lang='lat' dir='ltr'><strong>solutum</strong></span> <span class='ocrx_word' id='word_1_629' title='bbox 2520 3387 2662 3429; x_wconf 89' lang='lat' dir='ltr'><strong>esse.</strong></span> <span class='ocrx_word' id='word_1_630' title='bbox 2694 3373 2786 3439; x_wconf 84' lang='lat' dir='ltr'><strong>Et,</strong></span> <span class='ocrx_word' id='word_1_631' title='bbox 2817 3374 2942 3427; x_wconf 92' lang='lat' dir='ltr'><strong>dum</strong></span> <span class='ocrx_word' id='word_1_632' title='bbox 3003 3373 3119 3429; x_wconf 76' lang='lat' dir='ltr'><strong>haec</strong></span> <span class='ocrx_word' id='word_1_633' title='bbox 3169 3371 3501 3443; x_wconf 76' lang='lat' dir='ltr'><strong>praedicante</strong></span> <span class='ocrx_word' id='word_1_634' title='bbox 3548 3372 3712 3427; x_wconf 86' lang='lat' dir='ltr'><strong>beato</strong></span> <span class='ocrx_word' id='word_1_635' title='bbox 3749 3367 3825 3424; x_wconf 83' lang='lat' dir='ltr'><strong>Sil-</strong></span> 
     </span>
    </p>
   </div>
   <div class='ocr_carea' id='block_1_82' title="bbox 2255 3454 3828 3539">
    <p class='ocr_par' dir='ltr' id='par_1_82' title="bbox 2255 3454 3828 3539">
     <span class='ocr_line' id='line_1_82' title="bbox 2255 3454 3828 3539; baseline -0.004 -16"><span class='ocrx_word' id='word_1_636' title='bbox 2255 3476 2438 3523; x_wconf 89' lang='lat' dir='ltr'><strong>vestro</strong></span> <span class='ocrx_word' id='word_1_637' title='bbox 2466 3482 2819 3539; x_wconf 88' lang='lat' dir='ltr'><strong>agnoscerem</strong></span> <span class='ocrx_word' id='word_1_638' title='bbox 2841 3475 2897 3522; x_wconf 89' lang='lat' dir='ltr'><strong>et</strong></span> <span class='ocrx_word' id='word_1_639' title='bbox 2926 3467 3210 3524; x_wconf 90' lang='lat' dir='ltr'><strong>beneﬁciis</strong></span> <span class='ocrx_word' id='word_1_640' title='bbox 3235 3467 3407 3538; x_wconf 89' lang='lat' dir='ltr'><strong>ipsius</strong></span> <span class='ocrx_word' id='word_1_641' title='bbox 3427 3468 3581 3523; x_wconf 80' lang='lat' dir='ltr'><strong>beati</strong></span> <span class='ocrx_word' id='word_1_642' title='bbox 3604 3454 3749 3522; x_wconf 84' lang='lat' dir='ltr'><strong>Petri</strong></span> <span class='ocrx_word' id='word_1_643' title='bbox 3767 3466 3828 3519; x_wconf 87' lang='lat' dir='ltr'><strong>in-</strong></span> 
     </span>
    </p>
   </div>
   <div class='ocr_carea' id='block_1_83' title="bbox 2258 3555 3885 3630">
    <p class='ocr_par' dir='ltr' id='par_1_83' title="bbox 2258 3555 3885 3630">
     <span class='ocr_line' id='line_1_83' title="bbox 2258 3555 3885 3630; baseline -0.004 -16"><span class='ocrx_word' id='word_1_644' title='bbox 2258 3559 2548 3630; x_wconf 84' lang='lat' dir='ltr'><strong>tegerrime</strong></span> <span class='ocrx_word' id='word_1_645' title='bbox 2577 3559 2801 3615; x_wconf 88' lang='lat' dir='ltr'><strong>sanitati</strong></span> <span class='ocrx_word' id='word_1_646' title='bbox 2827 3575 2913 3614; x_wconf 90' lang='lat' dir='ltr'><strong>me</strong></span> <span class='ocrx_word' id='word_1_647' title='bbox 2937 3558 3178 3629; x_wconf 91' lang='lat' dir='ltr'><strong>comperi</strong></span> <span class='ocrx_word' id='word_1_648' title='bbox 3202 3558 3541 3625; x_wconf 90' lang='lat' dir='ltr'><strong>restitutum,</strong></span> <span class='ocrx_word' id='word_1_649' title='bbox 3560 3558 3693 3613; x_wconf 89' lang='lat' dir='ltr'><strong>utile</strong></span> <span class='ocrx_word' id='word_1_650' title='bbox 3715 3555 3824 3625; x_wconf 86' lang='lat' dir='ltr'><strong>judi-</strong></span> <span class='ocrx_word' id='word_1_651' title='bbox 3884 3555 3885 3630; x_wconf 57' lang='grc' dir='ltr'><em>ξ</em></span> 
     </span>
    </p>
   </div>
   <div class='ocr_carea' id='block_1_84' title="bbox 2258 3649 3885 3723">
    <p class='ocr_par' dir='ltr' id='par_1_84' title="bbox 2258 3649 3885 3723">
     <span class='ocr_line' id='line_1_84' title="bbox 2258 3649 3885 3723; baseline -0.004 -16"><span class='ocrx_word' id='word_1_652' title='bbox 2258 3652 2500 3709; x_wconf 85' lang='lat' dir='ltr'><strong>cavimus</strong></span> <span class='ocrx_word' id='word_1_653' title='bbox 2522 3667 2631 3708; x_wconf 87' lang='lat' dir='ltr'><strong>una</strong></span> <span class='ocrx_word' id='word_1_654' title='bbox 2651 3668 2775 3708; x_wconf 92' lang='lat' dir='ltr'><strong>cum</strong></span> <span class='ocrx_word' id='word_1_655' title='bbox 2796 3653 3050 3708; x_wconf 92' lang='lat' dir='ltr'><strong>omnibus</strong></span> <span class='ocrx_word' id='word_1_656' title='bbox 3099 3652 3301 3708; x_wconf 87' lang='lat' dir='ltr'><strong>nostris</strong></span> <span class='ocrx_word' id='word_1_657' title='bbox 3339 3652 3584 3723; x_wconf 87' lang='lat' dir='ltr'><strong>satrapis</strong></span> <span class='ocrx_word' id='word_1_658' title='bbox 3634 3660 3692 3706; x_wconf 90' lang='lat' dir='ltr'><strong>et</strong></span> <span class='ocrx_word' id='word_1_659' title='bbox 3735 3649 3827 3703; x_wconf 84' lang='lat' dir='ltr'><strong>uni-</strong></span> <span class='ocrx_word' id='word_1_660' title='bbox 3884 3676 3885 3723; x_wconf 33' lang='grc' dir='ltr'>ξ</span> 
     </span>
    </p>
   </div>
   <div class='ocr_carea' id='block_1_85' title="bbox 2256 3732 3828 3814">
    <p class='ocr_par' dir='ltr' id='par_1_85' title="bbox 2256 3732 3828 3814">
     <span class='ocr_line' id='line_1_85' title="bbox 2256 3732 3828 3814; baseline 0.001 -17"><span class='ocrx_word' id='word_1_661' title='bbox 2256 3757 2419 3798; x_wconf 88' lang='lat' dir='ltr'><strong>verso</strong></span> <span class='ocrx_word' id='word_1_662' title='bbox 2441 3732 3026 3814; x_wconf 41' lang='lat' dir='ltr'><strong>senatu,‘optimatibus</strong></span> <span class='ocrx_word' id='word_1_663' title='bbox 3056 3744 3193 3799; x_wconf 92' lang='lat' dir='ltr'><strong>meis</strong></span> <span class='ocrx_word' id='word_1_664' title='bbox 3220 3784 3234 3809; x_wconf 94' lang='lat'><strong>,</strong></span> <span class='ocrx_word' id='word_1_665' title='bbox 3265 3744 3432 3798; x_wconf 90' lang='lat' dir='ltr'><strong>etiam</strong></span> <span class='ocrx_word' id='word_1_666' title='bbox 3458 3753 3519 3799; x_wconf 89' lang='lat' dir='ltr'><strong>et</strong></span> <span class='ocrx_word' id='word_1_667' title='bbox 3546 3750 3742 3799; x_wconf 88' lang='lat' dir='ltr'><strong>cuncto</strong></span> <span class='ocrx_word' id='word_1_668' title='bbox 3763 3754 3828 3810; x_wconf 84' lang='lat' dir='ltr'><strong>p0-</strong></span> 
     </span>
    </p>
   </div>
   <div class='ocr_carea' id='block_1_86' title="bbox 2256 3831 3885 3905">
    <p class='ocr_par' dir='ltr' id='par_1_86' title="bbox 2256 3831 3885 3905">
     <span class='ocr_line' id='line_1_86' title="bbox 2256 3831 3885 3905; baseline -0.004 -18"><span class='ocrx_word' id='word_1_669' title='bbox 2256 3834 2383 3904; x_wconf 90' lang='lat' dir='ltr'><strong>pulo</strong></span> <span class='ocrx_word' id='word_1_670' title='bbox 2412 3833 2659 3889; x_wconf 79' lang='lat' dir='ltr'><strong>Romano</strong></span> <span class='ocrx_word' id='word_1_671' title='bbox 2687 3833 2874 3905; x_wconf 67' lang='lat' dir='ltr'><strong>gloriae</strong></span> <span class='ocrx_word' id='word_1_672' title='bbox 2904 3834 3115 3905; x_wconf 87' lang='lat' dir='ltr'><strong>imperii</strong></span> <span class='ocrx_word' id='word_1_673' title='bbox 3144 3832 3466 3901; x_wconf 88' lang='lat' dir='ltr'><strong>subjaceuti,</strong></span> <span class='ocrx_word' id='word_1_674' title='bbox 3520 3843 3585 3887; x_wconf 93' lang='lat' dir='ltr'><strong>nt</strong></span> <span class='ocrx_word' id='word_1_675' title='bbox 3614 3834 3765 3888; x_wconf 84' lang='lat' dir='ltr'><strong>sicut</strong></span> <span class='ocrx_word' id='word_1_676' title='bbox 3789 3831 3827 3883; x_wconf 88' lang='lat' dir='ltr'><strong>in</strong></span> <span class='ocrx_word' id='word_1_677' title='bbox 3884 3836 3885 3891; x_wconf 66' lang='lat'>1</span> 
     </span>
    </p>
   </div>
   <div class='ocr_carea' id='block_1_87' title="bbox 2258 3925 3828 3993">
    <p class='ocr_par' dir='ltr' id='par_1_87' title="bbox 2258 3925 3828 3993">
     <span class='ocr_line' id='line_1_87' title="bbox 2258 3925 3828 3993; baseline -0.004 -11"><span class='ocrx_word' id='word_1_678' title='bbox 2258 3926 2421 3982; x_wconf 86' lang='lat' dir='ltr'><strong>terris</strong></span> <span class='ocrx_word' id='word_1_679' title='bbox 2447 3926 2685 3982; x_wconf 90' lang='lat' dir='ltr'><strong>vicarius</strong></span> <span class='ocrx_word' id='word_1_680' title='bbox 2714 3925 2833 3981; x_wconf 87' lang='lat' dir='ltr'><strong>Filii</strong></span> <span class='ocrx_word' id='word_1_681' title='bbox 2861 3926 3092 3982; x_wconf 85' lang='lat' dir='ltr'><strong>Deiesse</strong></span> <span class='ocrx_word' id='word_1_682' title='bbox 3104 3926 3317 3981; x_wconf 85' lang='lat' dir='ltr'><strong>videtur</strong></span> <span class='ocrx_word' id='word_1_683' title='bbox 3328 3926 3682 3993; x_wconf 88' lang='lat' dir='ltr'><strong>constitutus,</strong></span> <span class='ocrx_word' id='word_1_684' title='bbox 3698 3925 3828 3980; x_wconf 84' lang='lat' dir='ltr'><strong>etiam</strong></span> 
     </span>
    </p>
   </div>
   <div class='ocr_carea' id='block_1_88' title="bbox 2258 4017 3827 4088">
    <p class='ocr_par' dir='ltr' id='par_1_88' title="bbox 2258 4017 3827 4088">
     <span class='ocr_line' id='line_1_88' title="bbox 2258 4017 3827 4088; baseline -0.004 -15"><span class='ocrx_word' id='word_1_685' title='bbox 2258 4026 2309 4073; x_wconf 89' lang='lat' dir='ltr'><strong>et</strong></span> <span class='ocrx_word' id='word_1_686' title='bbox 2340 4017 2649 4088; x_wconf 82' lang='lat' dir='ltr'><strong>pontiﬁces,</strong></span> <span class='ocrx_word' id='word_1_687' title='bbox 2691 4018 2783 4087; x_wconf 90' lang='lat' dir='ltr'><strong>qui</strong></span> <span class='ocrx_word' id='word_1_688' title='bbox 2821 4017 2993 4088; x_wconf 89' lang='lat' dir='ltr'><strong>ipsius</strong></span> <span class='ocrx_word' id='word_1_689' title='bbox 3040 4018 3301 4088; x_wconf 85' lang='lat' dir='ltr'><strong>principis</strong></span> <span class='ocrx_word' id='word_1_690' title='bbox 3347 4017 3723 4088; x_wconf 87' lang='lat' dir='ltr'><strong>apostolorum</strong></span> <span class='ocrx_word' id='word_1_691' title='bbox 3760 4027 3827 4085; x_wconf 83' lang='lat' dir='ltr'><strong>ge-</strong></span> 
     </span>
    </p>
   </div>
   <div class='ocr_carea' id='block_1_89' title="bbox 2260 4109 3827 4187">
    <p class='ocr_par' dir='ltr' id='par_1_89' title="bbox 2260 4109 3827 4187">
     <span class='ocr_line' id='line_1_89' title="bbox 2260 4109 3827 4187; baseline -0.004 -23"><span class='ocrx_word' id='word_1_692' title='bbox 2260 4109 2578 4187; x_wconf 18' lang='lat' dir='ltr'><strong>runt’vices</strong></span> <span class='ocrx_word' id='word_1_693' title='bbox 2621 4109 2991 4180; x_wconf 85' lang='lat' dir='ltr'><strong>principatus,</strong></span> <span class='ocrx_word' id='word_1_694' title='bbox 3049 4119 3372 4181; x_wconf 82' lang='lat' dir='ltr'><strong>potestatem</strong></span> <span class='ocrx_word' id='word_1_695' title='bbox 3419 4109 3653 4180; x_wconf 88' lang='lat' dir='ltr'><strong>amplius</strong></span> <span class='ocrx_word' id='word_1_696' title='bbox 3700 4119 3827 4178; x_wconf 81' lang='lat' dir='ltr'><strong>quam</strong></span> 
     </span>
    </p>
   </div>
   <div class='ocr_carea' id='block_1_90' title="bbox 2258 4197 3885 4272">
    <p class='ocr_par' dir='ltr' id='par_1_90' title="bbox 2258 4197 3885 4272">
     <span class='ocr_line' id='line_1_90' title="bbox 2258 4197 3885 4272; baseline -0.005 -15"><span class='ocrx_word' id='word_1_697' title='bbox 2258 4208 2556 4265; x_wconf 87' lang='lat' dir='ltr'><strong>terrenam,</strong></span> <span class='ocrx_word' id='word_1_698' title='bbox 2588 4201 2883 4272; x_wconf 87' lang='lat' dir='ltr'><strong>impcrialis</strong></span> <span class='ocrx_word' id='word_1_699' title='bbox 2913 4210 3111 4258; x_wconf 73' lang='lat' dir='ltr'><strong>nostra:</strong></span> <span class='ocrx_word' id='word_1_700' title='bbox 3163 4201 3474 4258; x_wconf 86' lang='lat' dir='ltr'><strong>serenitatis</strong></span> <span class='ocrx_word' id='word_1_701' title='bbox 3506 4197 3827 4256; x_wconf 82' lang='lat' dir='ltr'><strong>mansuetudo</strong></span> <span class='ocrx_word' id='word_1_702' title='bbox 3884 4224 3885 4235; x_wconf 62' lang='grc' dir='ltr'>ι</span> 
     </span>
    </p>
   </div>
   <div class='ocr_carea' id='block_1_91' title="bbox 2259 4290 3885 4365">
    <p class='ocr_par' dir='ltr' id='par_1_91' title="bbox 2259 4290 3885 4365">
     <span class='ocr_line' id='line_1_91' title="bbox 2259 4290 3885 4365; baseline 0.001 -18"><span class='ocrx_word' id='word_1_703' title='bbox 2259 4292 2464 4348; x_wconf 88' lang='lat' dir='ltr'><strong>habere</strong></span> <span class='ocrx_word' id='word_1_704' title='bbox 2482 4292 2699 4347; x_wconf 85' lang='lat' dir='ltr'><strong>videtur</strong></span> <span class='ocrx_word' id='word_1_705' title='bbox 2720 4308 3037 4350; x_wconf 80' lang='lat' dir='ltr'><strong>concessam</strong></span> <span class='ocrx_word' id='word_1_706' title='bbox 3060 4310 3090 4349; x_wconf 88' lang='lat' dir='ltr'><strong>a</strong></span> <span class='ocrx_word' id='word_1_707' title='bbox 3115 4293 3271 4349; x_wconf 87' lang='lat' dir='ltr'><strong>nobis</strong></span> <span class='ocrx_word' id='word_1_708' title='bbox 3291 4303 3603 4365; x_wconf 86' lang='lat' dir='ltr'><strong>nostroque</strong></span> <span class='ocrx_word' id='word_1_709' title='bbox 3637 4290 3826 4363; x_wconf 78' lang='lat' dir='ltr'><strong>imperio</strong></span> <span class='ocrx_word' id='word_1_710' title='bbox 3884 4330 3885 4339; x_wconf 58' lang='grc' dir='ltr'><strong>η</strong></span> 
     </span>
    </p>
   </div>
   <div class='ocr_carea' id='block_1_92' title="bbox 2260 4376 3885 4456">
    <p class='ocr_par' dir='ltr' id='par_1_92' title="bbox 2260 4376 3885 4456">
     <span class='ocr_line' id='line_1_92' title="bbox 2260 4376 3885 4456; baseline -0.002 -18"><span class='ocrx_word' id='word_1_711' title='bbox 2260 4382 2566 4449; x_wconf 90' lang='lat' dir='ltr'><strong>obtineant,</strong></span> <span class='ocrx_word' id='word_1_712' title='bbox 2595 4382 2859 4455; x_wconf 88' lang='lat' dir='ltr'><strong>eligentes</strong></span> <span class='ocrx_word' id='word_1_713' title='bbox 2884 4385 3040 4441; x_wconf 91' lang='lat' dir='ltr'><strong>nobis</strong></span> <span class='ocrx_word' id='word_1_714' title='bbox 3061 4385 3237 4456; x_wconf 90' lang='lat' dir='ltr'><strong>ipsum</strong></span> <span class='ocrx_word' id='word_1_715' title='bbox 3264 4384 3569 4455; x_wconf 84' lang='lat' dir='ltr'><strong>principem</strong></span> <span class='ocrx_word' id='word_1_716' title='bbox 3596 4380 3828 4454; x_wconf 83' lang='lat' dir='ltr'><strong>apostolo-</strong></span> <span class='ocrx_word' id='word_1_717' title='bbox 3884 4376 3885 4435; x_wconf 75' lang='grc' dir='ltr'>ξ</span> 
     </span>
    </p>
   </div>
   <div class='ocr_carea' id='block_1_93' title="bbox 2259 4472 3885 4550">
    <p class='ocr_par' dir='ltr' id='par_1_93' title="bbox 2259 4472 3885 4550">
     <span class='ocr_line' id='line_1_93' title="bbox 2259 4472 3885 4550; baseline -0.003 -17"><span class='ocrx_word' id='word_1_718' title='bbox 2259 4492 2383 4533; x_wconf 86' lang='lat' dir='ltr'><strong>rum</strong></span> <span class='ocrx_word' id='word_1_719' title='bbox 2405 4476 2492 4532; x_wconf 90' lang='lat' dir='ltr'><strong>vel</strong></span> <span class='ocrx_word' id='word_1_720' title='bbox 2520 4475 2636 4547; x_wconf 89' lang='lat' dir='ltr'><strong>ejus</strong></span> <span class='ocrx_word' id='word_1_721' title='bbox 2666 4478 2896 4534; x_wconf 88' lang='lat' dir='ltr'><strong>vicarios</strong></span> <span class='ocrx_word' id='word_1_722' title='bbox 2917 4478 3105 4535; x_wconf 84' lang='lat' dir='ltr'><strong>ﬁrmos</strong></span> <span class='ocrx_word' id='word_1_723' title='bbox 3129 4477 3269 4550; x_wconf 88' lang='lat' dir='ltr'><strong>apud</strong></span> <span class='ocrx_word' id='word_1_724' title='bbox 3299 4478 3467 4533; x_wconf 85' lang='lat' dir='ltr'><strong>Deum</strong></span> <span class='ocrx_word' id='word_1_725' title='bbox 3512 4494 3639 4535; x_wconf 89' lang='lat' dir='ltr'><strong>esse</strong></span> <span class='ocrx_word' id='word_1_726' title='bbox 3688 4486 3828 4550; x_wconf 83' lang='lat' dir='ltr'><strong>palm-</strong></span> <span class='ocrx_word' id='word_1_727' title='bbox 3884 4472 3885 4491; x_wconf 78' lang='grc'>³</span> 
     </span>
    </p>
   </div>
   <div class='ocr_carea' id='block_1_94' title="bbox 2259 4569 3826 4642">
    <p class='ocr_par' dir='ltr' id='par_1_94' title="bbox 2259 4569 3826 4642">
     <span class='ocr_line' id='line_1_94' title="bbox 2259 4569 3826 4642; baseline -0.005 -15"><span class='ocrx_word' id='word_1_728' title='bbox 2259 4587 2384 4639; x_wconf 88' lang='lat' dir='ltr'><strong>nos,</strong></span> <span class='ocrx_word' id='word_1_729' title='bbox 2409 4579 2466 4628; x_wconf 90' lang='lat' dir='ltr'><strong>et</strong></span> <span class='ocrx_word' id='word_1_730' title='bbox 2488 4572 2632 4628; x_wconf 91' lang='lat' dir='ltr'><strong>sicut</strong></span> <span class='ocrx_word' id='word_1_731' title='bbox 2654 4582 2841 4628; x_wconf 89' lang='lat' dir='ltr'><strong>nostra</strong></span> <span class='ocrx_word' id='word_1_732' title='bbox 2871 4580 2955 4627; x_wconf 90' lang='lat' dir='ltr'><strong>est</strong></span> <span class='ocrx_word' id='word_1_733' title='bbox 2981 4580 3197 4627; x_wconf 87' lang='lat' dir='ltr'><strong>terrena</strong></span> <span class='ocrx_word' id='word_1_734' title='bbox 3247 4570 3549 4640; x_wconf 83' lang='lat' dir='ltr'><strong>imperialis</strong></span> <span class='ocrx_word' id='word_1_735' title='bbox 3599 4569 3826 4642; x_wconf 81' lang='lat' dir='ltr'><strong>potentia,</strong></span> 
     </span>
    </p>
   </div>
   <div class='ocr_carea' id='block_1_95' title="bbox 2258 4665 3827 4741">
    <p class='ocr_par' dir='ltr' id='par_1_95' title="bbox 2258 4665 3827 4741">
     <span class='ocr_line' id='line_1_95' title="bbox 2258 4665 3827 4741; baseline -0.005 -18"><span class='ocrx_word' id='word_1_736' title='bbox 2258 4669 2375 4741; x_wconf 87' lang='lat' dir='ltr'><strong>ejus</strong></span> <span class='ocrx_word' id='word_1_737' title='bbox 2404 4675 2811 4725; x_wconf 88' lang='lat' dir='ltr'><strong>sacrosanctam</strong></span> <span class='ocrx_word' id='word_1_738' title='bbox 2851 4668 3153 4723; x_wconf 82' lang='lat' dir='ltr'><strong>Romanam</strong></span> <span class='ocrx_word' id='word_1_739' title='bbox 3179 4665 3466 4722; x_wconf 85' lang='lat' dir='ltr'><strong>ecclesiam</strong></span> <span class='ocrx_word' id='word_1_740' title='bbox 3521 4666 3827 4720; x_wconf 87' lang='lat' dir='ltr'><strong>decrevimus</strong></span> 
     </span>
    </p>
   </div>
   <div class='ocr_carea' id='block_1_96' title="bbox 2258 4758 3885 4839">
    <p class='ocr_par' dir='ltr' id='par_1_96' title="bbox 2258 4758 3885 4839">
     <span class='ocr_line' id='line_1_96' title="bbox 2258 4758 3885 4839; baseline -0.005 -23"><span class='ocrx_word' id='word_1_741' title='bbox 2258 4771 2585 4817; x_wconf 88' lang='lat' dir='ltr'><strong>veneranter</strong></span> <span class='ocrx_word' id='word_1_742' title='bbox 2616 4763 2889 4818; x_wconf 87' lang='lat' dir='ltr'><strong>honorare</strong></span> <span class='ocrx_word' id='word_1_743' title='bbox 2914 4770 2971 4817; x_wconf 91' lang='lat' dir='ltr'><strong>et</strong></span> <span class='ocrx_word' id='word_1_744' title='bbox 2998 4759 3234 4831; x_wconf 90' lang='lat' dir='ltr'><strong>amplius</strong></span> <span class='ocrx_word' id='word_1_745' title='bbox 3259 4774 3426 4830; x_wconf 87' lang='lat' dir='ltr'><strong>quam</strong></span> <span class='ocrx_word' id='word_1_746' title='bbox 3470 4767 3723 4814; x_wconf 89' lang='lat' dir='ltr'><strong>nostrum</strong></span> <span class='ocrx_word' id='word_1_747' title='bbox 3756 4758 3826 4811; x_wconf 87' lang='lat' dir='ltr'><strong>im-</strong></span> <span class='ocrx_word' id='word_1_748' title='bbox 3884 4804 3885 4839; x_wconf 16' lang='grc' dir='ltr'><strong>ξ</strong></span> 
     </span>
    </p>
   </div>
   <div class='ocr_carea' id='block_1_97' title="bbox 2257 4851 3824 4925">
    <p class='ocr_par' dir='ltr' id='par_1_97' title="bbox 2257 4851 3824 4925">
     <span class='ocr_line' id='line_1_97' title="bbox 2257 4851 3824 4925; baseline -0.006 -15"><span class='ocrx_word' id='word_1_749' title='bbox 2257 4853 2470 4925; x_wconf 88' lang='lat' dir='ltr'><strong>perium</strong></span> <span class='ocrx_word' id='word_1_750' title='bbox 2495 4863 2553 4910; x_wconf 90' lang='lat' dir='ltr'><strong>et</strong></span> <span class='ocrx_word' id='word_1_751' title='bbox 2581 4864 2859 4910; x_wconf 90' lang='lat' dir='ltr'><strong>terrenum</strong></span> <span class='ocrx_word' id='word_1_752' title='bbox 2884 4853 3139 4908; x_wconf 88' lang='lat' dir='ltr'><strong>thronum</strong></span> <span class='ocrx_word' id='word_1_753' title='bbox 3181 4853 3366 4907; x_wconf 87' lang='lat' dir='ltr'><strong>sedem</strong></span> <span class='ocrx_word' id='word_1_754' title='bbox 3420 4851 3824 4907; x_wconf 86' lang='lat' dir='ltr'><strong>sacratissimam</strong></span> 
     </span>
    </p>
   </div>
   <div class='ocr_carea' id='block_1_98' title="bbox 2259 4945 3827 5019">
    <p class='ocr_par' dir='ltr' id='par_1_98' title="bbox 2259 4945 3827 5019">
     <span class='ocr_line' id='line_1_98' title="bbox 2259 4945 3827 5019; baseline -0.003 -14"><span class='ocrx_word' id='word_1_755' title='bbox 2259 4949 2403 5005; x_wconf 87' lang='lat' dir='ltr'><strong>beati</strong></span> <span class='ocrx_word' id='word_1_756' title='bbox 2433 4948 2579 5004; x_wconf 81' lang='lat' dir='ltr'><strong>Petri</strong></span> <span class='ocrx_word' id='word_1_757' title='bbox 2604 4947 2836 5019; x_wconf 86' lang='lat' dir='ltr'><strong>gloriose</strong></span> <span class='ocrx_word' id='word_1_758' title='bbox 2886 4946 3146 5012; x_wconf 89' lang='lat' dir='ltr'><strong>exaltari,</strong></span> <span class='ocrx_word' id='word_1_759' title='bbox 3196 4945 3496 5001; x_wconf 90' lang='lat' dir='ltr'><strong>tribuentes</strong></span> <span class='ocrx_word' id='word_1_760' title='bbox 3526 4945 3581 5001; x_wconf 91' lang='lat' dir='ltr'><strong>ei</strong></span> <span class='ocrx_word' id='word_1_761' title='bbox 3631 4950 3827 5017; x_wconf 72' lang='lat' dir='ltr'><strong>potesta-</strong></span> 
     </span>
    </p>
   </div>
   <div class='ocr_carea' id='block_1_99' title="bbox 2261 5032 3825 5106">
    <p class='ocr_par' dir='ltr' id='par_1_99' title="bbox 2261 5032 3825 5106">
     <span class='ocr_line' id='line_1_99' title="bbox 2261 5032 3825 5106; baseline -0.005 -9"><span class='ocrx_word' id='word_1_762' title='bbox 2261 5050 2373 5097; x_wconf 91' lang='lat' dir='ltr'><strong>tem</strong></span> <span class='ocrx_word' id='word_1_763' title='bbox 2401 5049 2458 5097; x_wconf 91' lang='lat' dir='ltr'><strong>et</strong></span> <span class='ocrx_word' id='word_1_764' title='bbox 2484 5042 2668 5106; x_wconf 69' lang='lat' dir='ltr'><strong>gloria:</strong></span> <span class='ocrx_word' id='word_1_765' title='bbox 2694 5040 3017 5106; x_wconf 87' lang='lat' dir='ltr'><strong>dignitatem</strong></span> <span class='ocrx_word' id='word_1_766' title='bbox 3040 5049 3203 5106; x_wconf 85' lang='lat' dir='ltr'><strong>atque</strong></span> <span class='ocrx_word' id='word_1_767' title='bbox 3239 5039 3480 5106; x_wconf 87' lang='lat' dir='ltr'><strong>vigorem</strong></span> <span class='ocrx_word' id='word_1_768' title='bbox 3513 5046 3574 5093; x_wconf 91' lang='lat' dir='ltr'><strong>et</strong></span> <span class='ocrx_word' id='word_1_769' title='bbox 3604 5032 3825 5093; x_wconf 79' lang='lat' dir='ltr'><strong>honoriﬁ-</strong></span> 
     </span>
    </p>
   </div>
  </div>
