3908 5434
34 325 160 381 249

1254 324 1753 384 DECRETALIUM
1782 324 2187 387 COLLECTIO.

3250 332 3357 390 250

37 462 178 502 rum
209 445 567 508 stabilitatem
595 446 996 519 procurandam
1044 446 1249 504 fuerint
1284 449 1663 520 disponantur,
1693 452 1744 510 Α
1771 447 2089 519 phrygium,
2114 461 2324 504 necnon
2353 455 2410 504 et
2424 447 2893 521 superbumerale,
2914 447 3165 506 videlicet
3181 448 3356 508 lorum

29 537 265 608 justum
296 540 497 610 quippe
524 548 610 594 est
635 548 694 594 ut
717 539 791 595 ibi
820 540 904 596 lex
928 551 1114 596 sancta
1136 549 1297 611 caput
1323 541 1671 612 teneatprin-
1772 536 1917 609 quod
1944 538 2229 609 imperiale
2271 539 2614 597 circumdare
2656 540 2859 597 assolet
2889 539 3085 599 collum
3109 582 3125 608 ,
3165 555 3356 598 verum

39 640 300 702 ctpatus.
348 629 440 686 ubi
498 641 811 687 sanctarum
866 631 1042 704 legum
1096 633 1377 690 institutor
1417 632 1669 689 Salvator

38 734 252 781 noster
281 725 501 781 beatum
528 724 752 782 Petrum
784 726 1119 796 apostolatus
1139 728 1386 783 obtinere
1412 727 1670 798 prcecepit

40 817 401 883 cathedram,
426 817 543 884 ubi,
570 826 627 874 et
648 819 826 875 crucis
864 820 1163 890 patibulum
1216 821 1512 886 sustinens,
1540 822 1668 877 bea-

41 920 119 965 tae
182 912 384 967 mortis
439 913 671 982 sumpsit
735 911 986 984 poculum
1017 954 1031 980 ,
1078 914 1269 985 suique
1316 913 1559 986 Magistri
1614 920 1670 968 et

41 1001 280 1058 Domini
312 1004 556 1061 imitator
582 1005 854 1077 apparuit.
883 1004 952 1060 Et
976 1005 1050 1060 ibi
1083 1014 1274 1077 gentes
1313 1021 1417 1078 pro
1462 1004 1667 1061 Christi

40 1097 304 1153 nominis
331 1096 672 1154 confessione
700 1098 837 1155 colla
872 1098 1094 1155 ﬂectant
1121 1099 1210 1155 ubi
1236 1115 1425 1156 eorum
1456 1100 1664 1166 doctor,

40 1187 254 1244 beatus
292 1188 495 1246 Paulus
538 1189 819 1261 apostolus
846 1207 945 1261 pro
994 1191 1213 1247 Christo
1255 1198 1481 1248 extenso
1527 1190 1667 1247 collo

43 1281 330 1351 martyrio
356 1289 650 1336 coronatus
674 1290 779 1348 est,
812 1282 921 1337 illic
941 1297 1114 1353 usque
1134 1282 1192 1337 in
1227 1282 1390 1337 finem
1418 1289 1666 1351 quaerant

43 1374 348 1428 doctorem
380 1372 472 1427 ubi
509 1381 758 1429 sanetum
798 1373 1040 1430 doctoris
1064 1373 1298 1445 quiescit
1347 1388 1569 1444 corpus,
1611 1382 1668 1428 et

42 1463 125 1519 ibi
157 1464 329 1534 proni
357 1480 422 1519 ac
449 1463 719 1519 ltumiliati
753 1464 993 1521 cmlestis
1046 1463 1192 1535 regis
1241 1464 1336 1520 Dei
1378 1463 1666 1521 salvatoris

42 1557 236 1612 nostri
270 1554 403 1613 Jesu
428 1556 631 1613 Christi
682 1555 1013 1613 famulentur
1062 1556 1259 1625 ofﬁcio,
1314 1557 1405 1613 ubi
1446 1555 1665 1626 superbi

44 1649 269 1704 terreni
309 1649 453 1722 regis
473 1648 782 1705 serviebant
812 1649 1059 1720 imperio.
1115 1649 1326 1704 interea
1377 1664 1538 1704 nosse
1572 1664 1666 1704 vo-

41 1741 244 1800 lumus
298 1758 515 1799 omnem
575 1744 830 1815 populum
876 1746 1255 1801 universarum
1305 1744 1545 1816 gentium
1600 1758 1666 1799 ac

1769 633 1934 690 etiam
1966 639 2022 688 et
2051 633 2392 705 chlamydem
2418 651 2745 707 purpuream
2775 646 2941 707 atque
2970 635 3212 692 tunicam
3234 650 3361 691 coc-

1769 723 2002 792 cineam,
2030 732 2088 780 et
2109 726 2291 781 omnia
2322 726 2624 798 imperialia
2646 727 2986 795 indumenta,
3041 743 3138 785 seu
3185 736 3242 784 et
3284 728 3363 784 di-

1768 815 2029 889 gnitatem
2062 816 2427 888 imperialium
2468 804 2893 891 praesidentium,
2922 820 3188 893 equitum,
3232 834 3361 877 con-

1770 904 2006 964 ferentes
2033 908 2200 964 etiam
2231 917 2287 965 et
2333 909 2641 982 imperialia
2692 923 2908 984 sceptra
2936 954 2951 980 ,
2999 911 3271 984 simulque
3306 920 3364 968 et

1769 1009 1965 1054 cuncta
1994 999 2149 1072 signa
2180 1008 2343 1072 atque
2393 1001 2575 1059 banna
2621 1003 2786 1059 etiam
2835 1014 2891 1060 et
2939 1004 3154 1059 diversa
3193 1017 3360 1059 orna-

1768 1098 1950 1146 menta
1980 1091 2310 1164 imperialia,
2339 1103 2395 1150 et
2423 1110 2641 1151 omnem
2671 1096 3076 1166 processionem
3107 1095 3362 1166 imperia-

1767 1180 1834 1239 iis
1861 1182 2114 1240 culminis
2145 1194 2201 1241 et
2220 1184 2449 1257 gloriam
2477 1188 2765 1257 potestatis
2793 1196 3015 1244 nostrae.

1840 1273 1951 1346 58
1979 1273 2125 1332 Viris
2152 1276 2298 1333 enim
2345 1279 2837 1347 reverendissimis,
2884 1279 3099 1336 clericis
3130 1279 3364 1336 diversis

1765 1368 2069 1435 ordinibus,
2087 1370 2264 1427 eidem
2288 1382 2653 1429 sacrosancta:
2664 1371 2821 1428 Rom.
2843 1372 3105 1429 Ecclesiae
3121 1372 3364 1427 servien-

1767 1459 1911 1517 tibus
1937 1460 2065 1517 iliud
2092 1463 2304 1519 culmen
2335 1464 2785 1537 singularitatem,
2817 1465 3119 1536 potentiam
3148 1472 3202 1521 et
3228 1479 3364 1536 pra:-

1766 1552 2071 1610 cellentiam
2108 1556 2310 1612 habere
2339 1557 2636 1624 sancimus,
2673 1556 2828 1627 cujus
2875 1556 3242 1629 amplissimus
3268 1569 3364 1610 ηο-

1765 1654 1878 1701 ster
1904 1654 2126 1703 senatus
2152 1648 2367 1704 videtur
2393 1648 2563 1720 gloria
2593 1648 2870 1714 adornari,
2905 1648 2960 1703 id
2990 1656 3074 1704 est
3103 1646 3363 1725 patricios

1766 1750 1930 1811 atque
1956 1741 2208 1799 consules
2231 1739 2391 1809 eﬁici,
2434 1757 2645 1798 necnon
2673 1751 2728 1798 et
2757 1741 2970 1798 caeteris
3015 1740 3364 1811 dignitatibus

44 1836 370 1901 nationum,
393 1851 490 1907 per
516 1844 686 1892 totum
730 1836 916 1894 orbem
975 1848 1243 1894 terrarum
1287 1836 1662 1892 construxisse
1692 1844 1738 1904 Β
1765 1831 2135 1903 imperialibus
2159 1848 2254 1889 eos
2298 1834 2764 1906 promulgantibus
2806 1831 3072 1889 decorari.
3111 1831 3180 1887 Et
3224 1831 3364 1886 sicut

44 1942 176 1991 nos,
210 1928 356 1982 intra
376 1928 639 1999 palatium
668 1938 914 1985 nostrum
943 1929 1309 1986 Laterancnse
1349 1929 1524 1984 eidem
1554 1928 1660 1985 sal-

40 2037 113 2076 va
124 2023 237 2078 tori
298 2032 483 2080 nostro
509 2023 738 2080 Domino
766 2024 893 2081 Jesu
918 2022 1135 2081 Christo
1159 2023 1439 2080 ecclesiam
1464 2039 1495 2078 a
1538 2021 1660 2077 fun-

44 2115 338 2171 damentis
363 2132 487 2171 cum
516 2115 860 2185 baptisterio,
882 2125 938 2171 et
988 2116 1272 2172 duodecim
1319 2131 1420 2171 nos
1474 2115 1660 2171 sciatis

41 2206 115 2260 de
139 2205 268 2275 ejus
292 2206 679 2273 fundamentis,
707 2208 1005 2263 secundum
1032 2224 1321 2264 numerum
1373 2208 1658 2264 duodecim

42 2295 451 2367 apostolorum,
482 2298 747 2369 cophinos
778 2309 936 2355 terra:
963 2308 1247 2354 onustatos
1288 2298 1523 2369 prOpriis
1574 2314 1660 2353 as-

40 2396 308 2459 portasse
333 2390 597 2457 humeris,
627 2406 790 2462 quam
820 2401 1226 2448 sacrosanctam
1247 2392 1545 2448 Ecclesiam
1567 2408 1660 2448 ca-

42 2490 149 2551 put
181 2490 238 2535 et
260 2482 522 2538 verticem
542 2483 787 2539 omnium
819 2484 1187 2540 Ecclesiarum
1212 2486 1467 2542 universo
1526 2486 1659 2542 orbe

41 2580 333 2627 terrarum
361 2574 492 2641 dici,
520 2575 646 2642 coli,
670 2578 922 2633 venerari
953 2594 1017 2634 ac
1051 2579 1334 2650 praedicari
1363 2580 1655 2646 sancimus,

46 2665 199 2719 sicut
228 2680 330 2735 per
370 2665 475 2721 alia
527 2676 715 2724 nostra
773 2669 1074 2742 imperialia
1119 2671 1335 2726 decreta
1375 2671 1662 2727 constitui-

45 2771 196 2812 mus.
224 2757 650 2816 Construximus
673 2760 860 2833 itaque
882 2761 1141 2818 ecclesias
1183 2764 1463 2819 beatorum
1510 2763 1657 2819 Petri

46 2859 104 2906 et
125 2850 310 2917 Pauli,
344 2853 645 2923 primorum
672 2855 1069 2926 apostolorum,
1102 2873 1240 2929 quas
1289 2874 1422 2915 auro
1476 2869 1531 2914 et
1572 2874 1657 2913 ar-

45 2953 217 3016 gento
276 2944 723 3017 locupletavimus
751 2988 767 3015 ,
807 2948 897 3004 ubi
943 2958 999 3005 et
1048 2951 1412 3008 sacratissima
1468 2966 1657 3008 eorum

46 3050 290 3107 corpora
343 3053 469 3093 cum
525 3054 721 3110 magno
774 3040 981 3097 honore
1033 3042 1413 3107 recondentes,
1473 3042 1659 3101 thecas

48 3127 307 3198 ipsorum
341 3142 409 3183 ex
445 3128 647 3185 electro
670 3131 759 3185 cui
785 3131 934 3187 nulla
957 3130 1217 3187 fortitudo
1244 3132 1499 3203 piaevalet
1543 3132 1654 3187 ele-

1767 1926 2137 1997 imperialibus
2163 1927 2379 1995 militia,
2410 1928 2486 1984 ita
2509 1937 2565 1984 et
2609 1928 2813 1984 clerum
2859 1937 3062 1984 sancta:
3102 1924 3364 1980 Romana:

1762 2016 2018 2076 Ecclesiae
2045 2022 2225 2077 ornari
2248 2021 2611 2078 decernimus.
2632 2020 2701 2076 Et
2714 2018 3169 2092 quemadmodum
3196 2019 3365 2088 impe-

1762 2113 1914 2170 rialis
1937 2115 2176 2186 potentia
2192 2114 2383 2172 oﬂiciis
2409 2115 2640 2172 diversis
2662 2114 3146 2181 cubiculariorum,
3163 2127 3363 2183 nempe

1762 2205 2149 2264 hostiariorum
2170 2250 2186 2276 ,
2213 2219 2377 2281 atque
2405 2208 3027 2265 omnium-'excubiarum
3048 2216 3264 2274 ornatu,
3289 2206 3363 2260 ita

1761 2305 1818 2353 et
1839 2308 2082 2355 sanctam
2102 2299 2404 2356 Romanam
2426 2298 2724 2356 Ecciesiam
2747 2297 2993 2354 decorari
3017 2296 3288 2363 volumus,
3304 2302 3362 2351 et

1761 2398 1823 2446 ut
1849 2391 2182 2462 amplissime
2209 2390 2519 2463 pontiﬁcale
2548 2392 2711 2447 decus
2738 2388 3085 2461 praefulgeat,
3116 2387 3364 2445 decerni-

1762 2498 1884 2540 mus
1904 2484 2083 2540 ethoc
2107 2494 2167 2541 ut
2194 2483 2379 2540 clerici
2400 2482 2641 2555 ejusdem
2661 2490 2863 2538 sancta:
2886 2482 3148 2538 Romana;
3184 2478 3367 2536 Ecclc-

1762 2576 1859 2631 size
1884 2575 2176 2646 manipulis
2204 2584 2257 2629 et
2297 2574 2725 2640 linteaminibus,
2755 2572 2811 2629 id
2852 2582 2939 2630 est
2964 2570 3364 2645 candidissimo

1762 2667 1942 2724 colore
1978 2668 2224 2724 decorari
2252 2681 2423 2737 equos
2467 2674 2523 2722 et
2570 2665 2644 2720 ita
2673 2664 2930 2736 equitari.
2979 2662 3050 2719 Et
3077 2662 3219 2720 sicut
3265 2676 3365 2717 no-

1762 2769 1875 2817 ster
1917 2771 2140 2818 senatus
2184 2761 2569 2817 calceamentis
2608 2761 2780 2815 utitur
2807 2774 2930 2816 cum
2974 2757 3263 2819 udonibus,
3310 2755 3365 2811 id

1763 2865 1850 2911 est
1915 2856 2149 2911 candido
2200 2853 2514 2910 linteamine
2569 2853 2843 2920 illustrati,
2892 2860 2952 2908 ut
2989 2851 3132 2908 sicut
3158 2848 3364 2917 ,cmles-

1761 2948 1860 3016 tia,
1888 2949 1961 3004 ita
1989 2958 2039 3004 et
2076 2958 2292 3004 terrena
2340 2948 2408 3004 ad
2456 2947 2667 3003 laudem
2722 2946 2813 3003 Dei
2858 2948 3201 3003 decorentur.
3244 2942 3365 2998 Prae

1761 3042 2014 3098 omnibus
2069 3054 2250 3097 autem
2299 3040 2575 3097 licentiam
2621 3039 2924 3096 tribuentes
2980 3038 3082 3109 ipsi
3130 3034 3365 3094 sanctis-

1763 3133 1900 3189 simo
1948 3132 2099 3189 Patri
2158 3144 2346 3190 nostro
2392 3132 2679 3200 Silvestro,
2725 3132 2879 3187 urbis
2930 3130 3116 3187 Romae
3164 3127 3368 3198 episco-

46 3225 1190 3291 mentorumconstruximus,etcrucemex
1207 3206 1667 3297 aurOpurissimo,
1696 3218 1742 3282 C
1772 3241 1864 3297 po,
1920 3233 1976 3280 et
1999 3241 2152 3297 papa:
2201 3235 2258 3281 et
2304 3225 2579 3291 omnibus,
2634 3224 2727 3295 qui
2773 3233 2895 3295 post
2948 3238 3073 3279 eum
3127 3222 3185 3277 in
3243 3235 3364 3276 suc-

48 3324 107 3370 et
132 3314 371 3386 gemmis
403 3316 822 3387 pretiosissimis
850 3333 949 3390 per
992 3318 1234 3390 singulas
1256 3333 1445 3374 eorum
1478 3317 1665 3375 thecas

48 3409 364 3479 posuimus,
400 3418 460 3464 et
486 3409 658 3466 clavis
693 3411 878 3467 aureis
913 3411 1261 3467 confiximus.
1306 3410 1516 3479 Quibus
1566 3428 1666 3483 pro

50 3502 947 3570 concinnationeluminariorum,
999 3506 1407 3575 possessionum
1460 3506 1664 3576 prmdia

52 3586 412 3661 contulimus,
442 3604 498 3651 et
524 3597 688 3652 rebus
718 3595 950 3652 diversis
976 3612 1070 3652 eas
1092 3597 1404 3663 ditavimus,
1457 3608 1512 3653 et
1567 3613 1666 3668 per

50 3696 305 3743 nostram
322 3687 658 3760 imperiaiem
674 3689 980 3761 jussionem
1004 3706 1240 3757 sacram,
1262 3700 1369 3745 tam
1388 3693 1440 3745 in
1455 3690 1664 3748 oriente

52 3795 224 3850 quam
256 3780 310 3835 iu
345 3781 632 3838 occidente
658 3782 744 3839 vel
774 3783 940 3839 etiam
965 3783 1374 3854 septentrionali
1399 3792 1454 3840 et
1498 3785 1664 3840 meri-
1704 3852 1711 3857 _

52 3871 221 3928 diana
250 3872 430 3945 plaga,
461 3874 717 3931 videlicet
745 3876 802 3931 in
836 3875 1042 3943 Judaia,
1075 3875 1307 3945 Graecia,
1330 3877 1663 3947 Asia,’i‘hra-

54 3967 169 4032 eia,
200 3964 391 4023 Africa
420 3976 475 4024 et
497 3967 673 4036 italia,
702 3968 789 4025 vel
815 3968 1047 4026 diversis
1073 3971 1266 4027 insulis
1317 3981 1507 4028 nostra
1557 3973 1663 4029 iar-

56 4062 229 4135 gitate
249 4064 332 4119 eis
358 4064 769 4131 concessimus,
821 4079 886 4120 ea
928 4080 1154 4136 prorsus
1202 4066 1414 4123 ratione
1461 4077 1522 4122 ut
1566 4084 1663 4139 per

56 4169 262 4212 manus
291 4153 594 4211 beatissimi
633 4153 814 4211 Patris
864 4156 1037 4211 nostri
1095 4154 1345 4213 Silvestri
1390 4158 1662 4228 pontificis

55 4261 551 4319 suecessorumque
591 4248 775 4304 omnia
803 4247 1179 4319 disponantur.
1222 4247 1469 4306 Gaudeat
1514 4251 1661 4307 enim

55 4354 169 4396 una
202 4341 492 4397 nobiscum
524 4341 706 4398 omnis
751 4340 985 4413 pupuius
1034 4342 1361 4414 et’gentium
1412 4343 1663 4401 nationes

56 4432 320 4489 universo
340 4434 474 4491 orbe
501 4442 776 4489 terrarum
805 4434 1165 4490 exhortantes
1206 4450 1398 4493 omnes
1442 4445 1503 4491 ut
1550 4437 1661 4511 Deo

59 4542 252 4589 nostro
279 4540 338 4588 et
365 4533 622 4589 salvatori
653 4529 782 4589 Jesu
806 4532 1026 4589 Christo
1050 4534 1351 4590 immensas
1397 4550 1504 4590 una
1564 4551 1661 4590 no-

60 4626 274 4685 biscum
321 4627 573 4684 referatis
602 4628 810 4700 gratias
832 4668 847 4694 ,
883 4642 1045 4699 quam
1076 4629 1191 4700 ipse
1219 4628 1364 4686 Deus
1412 4628 1467 4684 in
1516 4630 1689 4691 caelis

64 4723 297 4794 desuper
320 4730 377 4777 et
402 4721 456 4776 in
485 4730 631 4777 terra
654 4720 933 4785 deorsum,
962 4720 1055 4791 qui
1095 4736 1219 4787 nos,
1242 4736 1343 4792 per
1372 4736 1500 4777 suos
1541 4736 1666 4777 san.

63 4823 178 4872 ctos
205 4812 480 4885 apostolos
509 4812 766 4877 visitans,
800 4820 1048 4867 sanctum
1091 4811 1439 4883 baptismatis
1487 4827 1668 4869 sacra-

65 4916 306 4965 mentum
335 4905 639 4977 perciperc,
673 4913 734 4961 et
757 4902 1004 4974 corporis
1033 4904 1269 4960 sanitate
1293 4904 1485 4976 dignos
1532 4903 1663 4960 effe-

64 5003 153 5069 cit,
178 5014 284 5072 pro
303 5014 415 5070 quo
438 4997 794 5055 concedimus
821 4996 953 5068 ipsis
981 4998 1188 5053 sanctis
1231 4997 1509 5068 apostolis,
1570 5000 1666 5055 do-

65 5093 227 5150 minis
248 5093 390 5148 meis
416 5090 757 5148 beatissimis
778 5088 939 5147 Petro
981 5099 1037 5147 et
1074 5076 1267 5155 Paulo,
1326 5099 1383 5144 ct
1427 5106 1525 5162 per
1572 5106 1668 5149 eos

67 5186 228 5241 etiam
259 5184 426 5241 beato
448 5182 713 5241 Silvestre
744 5180 895 5238 Patri
917 5194 1107 5241 nostro
1142 5197 1357 5240 summo
1396 5184 1663 5255 pontifici,

69 5274 473 5334 etumversalis
499 5276 650 5332 urbis
683 5273 876 5329 Romae
927 5288 1096 5347 papae,
1148 5282 1207 5330 et
1253 5272 1506 5331 omnibus
1551 5275 1671 5347 ejus

69 5369 475 5428 successoribus
500 5365 874 5434 pontiﬁcibus,
902 5369 995 5434 qui
1019 5381 1192 5434 usque
1213 5365 1268 5420 in
1295 5365 1455 5422 finem
1483 5367 1672 5425 mundi

1767 3332 1981 3373 cessum
2033 3325 2090 3372 et
2145 3316 2426 3388 perpetuis
2484 3314 2820 3386 temporibus
2869 3312 3190 3370 advenerint
3234 3312 3368 3368 bea-

1768 3412 1994 3469 tissimis
2048 3410 2396 3483 pontificibus
2452 3425 2551 3482 pro
2595 3411 2803 3465 honore
2856 3416 2913 3463 et
2954 3408 3121 3481 gloria
3162 3405 3365 3462 Christi

1766 3507 1864 3563 Dei
1935 3508 2142 3573 nostri,
2208 3507 2265 3562 in
2330 3506 2520 3563 eadem
2584 3504 2683 3560 Dei
2753 3517 2947 3574 magna
2993 3500 3260 3558 catholica
3315 3510 3370 3555 et

1767 3600 2061 3672 apostolica
2115 3599 2380 3666 Ecclesia,
2432 3615 2501 3655 ex
2544 3605 2742 3677 nostro
2785 3596 2990 3670 judicio
3042 3609 3206 3668 quem
3256 3595 3369 3666 pla-

1766 3703 1920 3749 catus
1971 3692 2191 3764 proprio
2258 3691 2485 3748 consilio
2547 3691 2810 3747 clericare
2879 3688 3145 3755 voluerit,
3207 3697 3262 3743 et
3312 3687 3366 3741 in

1764 3799 1992 3840 numero
2036 3774 2415 3853 religiosorum
2453 3782 2775 3839 clericorum
2823 3795 3216 3837 connumerare
3252 3777 3369 3834 nuL

1764 3881 1874 3938 lum
1950 3895 2019 3936 ex
2079 3879 2333 3936 omnibus
2402 3887 2819 3949 praesumentem
2880 3876 3115 3947 superbe
3184 3889 3365 3947 agere.

1763 3975 2117 4033 Decrevimus
2190 3976 2370 4044 itaque
2421 3982 2478 4029 et
2543 3973 2667 4041 hoc,
2720 3983 2780 4028 ut
2845 3971 2986 4028 idem
3036 3967 3369 4026 venerabilis

1762 4068 1924 4126 Pater
1981 4076 2168 4124 noster
2226 4066 2490 4122 Silvester
2524 4108 2540 4133 ,
2607 4082 2852 4123 summus
2918 4064 3164 4138 pontifex
3197 4104 3213 4132 ,
3278 4062 3366 4118 vel

1763 4176 1952 4216 omnes
2006 4159 2123 4229 ejus
2161 4173 2503 4216 successores
2560 4158 2844 4230 pontifices
2898 4156 3171 4224 diadema;
3219 4154 3369 4211 vide—

1760 4252 1888 4309 licet
1940 4266 2197 4307 coronam
2233 4266 2396 4321 quam
2449 4265 2516 4305 ex
2547 4249 2723 4321 capite
2752 4257 2954 4305 ~nostro
3011 4246 3091 4303 illi
3143 4261 3366 4303 conces-

1761 4348 1948 4413 simus,
1991 4362 2058 4402 ex
2097 4360 2230 4401 auro
2267 4344 2560 4416 purissimo
2595 4353 2652 4401 et
2699 4343 2928 4415 gemmis
2970 4341 3228 4414 pretiosis
3291 4349 3365 4404 uti

1761 4440 2013 4506 debeant,
2039 4447 2093 4494 et
2117 4451 2307 4493 eorum
2340 4437 2519 4508 capite
2559 4437 2628 4491 ad
2655 4436 2867 4492 laudem
2897 4434 2992 4491 Dei
3024 4449 3124 4505 pro
3158 4434 3369 4489 honore

1769 4532 1916 4589 beati
1942 4530 2092 4587 Petri
2132 4539 2368 4603 gestare,
2411 4530 2524 4601 ipse
2548 4544 2680 4584 vero
2718 4526 3066 4584 beatissimus
3105 4540 3244 4598 papa
3274 4539 3365 4579 su-

1771 4642 1870 4697 per
1894 4640 2152 4682 coronam
2179 4624 2469 4681 clericatus
2490 4637 2652 4694 qnam
2677 4621 2813 4692 gerit
2843 4620 2908 4675 ad
2953 4616 3179 4690 gloriam
3223 4614 3366 4670 beati

1770 4720 1919 4778 Petri
1940 4720 2163 4776 omnino
2188 4719 2304 4789 ipsa
2339 4733 2407 4773 ex
2435 4732 2570 4772 auro
2596 4731 2702 4771 non
2725 4723 2809 4769 est
2826 4727 3019 4784 passus
3038 4709 3117 4765 uti
3142 4723 3365 4776 corona,

1768 4811 2057 4884 phrygium
2079 4826 2292 4883 quoque
2307 4808 2538 4865 candido
2556 4807 2731 4863 nitore
2744 4802 3081 4875 splendidum
3096 4815 3372 4857 resurrec-

1769 4907 1971 4963 tionem
1998 4904 2338 4962 Dominicam
2362 4900 2677 4974 designans,
2708 4895 2824 4965 ejus
2850 4893 3221 4952 sacratissimo
3244 4907 3369 4950 ver-

1768 4996 1861 5052 tici
1886 4996 2141 5054 manibus
2170 4993 2376 5051 nostris
2401 4989 2777 5063 imposuimus,
2809 4996 2865 5042 et
2887 4996 3133 5045 tenentes
3159 4983 3374 5041 frenum

1769 5090 1896 5163 equi
1911 5089 2193 5163 illius,pro
2214 5086 2521 5146 reverentia
2537 5080 2676 5141 beati
2699 5079 2842 5135 Petri
2867 5081 3117 5140 stratoris
3135 5077 3376 5137 ofﬁcium

1771 5181 1847 5237 illi
1893 5181 2262 5248 exhibuimus,
2320 5183 2628 5233 statuentes
2671 5172 2861 5228 eodem
2909 5172 3141 5249 phrygio
3184 5186 3378 5227 omnes

1773 5272 1892 5341 ejus
1914 5286 2260 5331 successores
2285 5266 2638 5337 singulariter
2672 5264 2748 5319 uti
2777 5264 2829 5319 in
2853 5262 3295 5336 processionibus
3314 5264 3381 5318 ad

1778 5365 2141 5424 imitationem
2170 5358 2384 5434 imperii
2410 5359 2607 5416 nostri.
2636 5355 2786 5412 Unde
2812 5369 2873 5413 ut
2894 5354 3223 5430 pontificalis
3243 5369 3382 5424 apex
