3926 6436
613 424 716 493 25!
1461 440 1750 499 APPEND.
1777 441 1871 498 an
1895 438 2069 498 saec.
2096 440 2186 498 ιχ.
2219 473 2290 487 -.
2323 434 2571 502 lSlDORl
2599 444 3040 507 meacaroms
3442 422 3446 427 ’
3748 456 3825 516 252

615 544 855 619 pontiﬁci
885 556 1069 612 nostro
1116 548 1374 608 Silvestre
1419 553 1710 611 universali
1758 571 1908 628 papae
1951 557 2204 613 coneedi-
2304 560 2419 616 haec
2448 575 2568 631 quae
2616 577 2648 616 a
2694 561 2848 619 nobis
2890 561 3159 634 imperiali
3202 563 3482 622 sanctione
3525 581 3824 632 sacrosancta:

616 655 737 734 mus
765 648 928 710 atque
954 639 1308 712 relinquimus
1331 684 1347 710 ,
1376 651 1433 700 et
1471 659 1844 702 successorum
1873 647 2040 718 ipsius
2069 662 2202 719 pon-
2304 652 2560 710 Romanae
2586 654 2843 713 Ecclesiae
2866 658 2949 713 vel
2975 658 3093 730 ejus
3118 660 3368 718 omnibus
3388 663 3711 734 pontiﬁcibus
3724 686 3822 727 con-

617 730 816 836 lmen-tn
854 732 1104 836 potestati
1135 741 1189 788 et
1212 733 1414 792 ditione
1456 736 1611 793 ﬁrma
1660 737 1921 810 imperiali
1969 754 2199 796 censura
2301 762 2454 804 cessa
2486 759 2631 818 sunt,
2659 750 2918 823 refragari
2949 764 3043 809 aut
3066 730 3407 829 confringere
3426 759 3509 815 vel
3536 760 3589 815 in
3607 776 3821 836 quoquam

611 840 708 895 per
756 826 895 929 hanc
936 826 1451 929 tlivalemmostram
1494 845 1705 929 sacram
1764 840 2084 929 potestatem
2142 842 2199 890 et
2223 878 2270 929 Α
2301 844 2621 902 convellere.
2649 845 2705 902 Si
2725 847 2847 918 quis
2868 857 3046 904 autem
3064 849 3228 923 (quod
3252 826 3361 908 non
3384 826 3663 929 credimus)
3685 826 3730 913 in
3748 861 3823 919 hoc

611 920 998 1013 pragmaticum
1022 921 1371 1013 θοηδξίιυῑυπι
1396 922 1737 979 decernimus
1779 922 2192 1001 disponendum,
2221 920 2274 975 τ’
2298 943 2596 993 temerator
2632 947 2727 994 aut
2755 920 3121 1011 contemptor:
3146 944 3438 1013 exstiterit,
3484 920 3689 1005 aeternis
3723 966 3820 1007 con-

608 1017 769 1080 atque
792 1009 903 1081 juri
932 1019 1134 1068 samiae
1153 1010 1411 1069 Romanae
1430 1013 1687 1071 Ecclesiae
1707 1015 2054 1071 concedimus
2077 1029 2197 1087 per-
2298 1026 2735 1086 demnationibus
2780 1009 3061 1101 subiaceat
3093 1032 3405 1103 innodatus,
3423 1009 3489 1091 vet
3535 1047 3729 1096 sanctos
3753 1042 3819 1099 Dei

606 1119 941 1204 mansurum.
983 1103 1149 1204 Unde.
1181 1119 1480 1178 congruum
1524 1108 1899 1204 prosperrimus
1942 1115 2193 1204 nostrum
2293 1117 2567 1189 principes
2586 1121 2947 1193 apostolorum
2968 1122 3190 1189 Petrum
3212 1134 3267 1182 et
3282 1125 3637 1195 Paulum,sibi
3659 1131 3821 1204 inpra-

605 1196 910 1270 imperium,
930 1205 984 1254 et
1005 1196 1153 1270 regni
1180 1198 1880 1270 potestatemorientalibus
1905 1198 2190 1257 transferri
2293 1208 2433 1263 senti
2463 1220 2519 1265 et
2537 1208 2719 1267 futura
2752 1214 2864 1270 vita
2886 1215 3088 1272 sentiat
3115 1217 3419 1274 contrarios
3443 1261 3460 1288 ,
3491 1229 3644 1291 atque
3687 1196 3732 1278 ξπ]
3761 1225 3818 1280 in.

600 1301 655 1345 ει
680 1290 1034 1347 ιΐῖιηεῐηιιιπί
1058 1292 1390 1362 regionibus.
1418 1300 1472 1348 el
1498 1293 1550 1347 ίη
1589 1292 1846 1348 Βίῑθηιίω
1872 1291 2187 1364 Ρτονίηοίπ,
2290 1299 2446 1359 ferno
2476 1304 2721 1364 inferiori
2742 1317 3119 1366 concrematus
3143 1326 3265 1367 cum
3299 1312 3513 1369 diabolo
3544 1290 3597 1370 et
3618 1317 3817 1373 omnibus

604 1382 660 1438 in
690 1382 895 1454 optimo
922 1381 1062 1450 loco,
1097 1383 1305 1439 nomini
1333 1391 1519 1440 nostro
1536 1385 1809 1442 civitatem
1832 1383 2106 1451 aedificari,
2135 1395 2191 1443 et
2290 1392 2507 1450 deﬁciat
2533 1396 2733 1468 impiis.
2761 1398 2934 1469 Hujus
2962 1416 3090 1457 vero
3136 1403 3435 1474 imperialis
3457 1404 3646 1461 decreti
3687 1410 3814 1463 nostri

599 1483 845 1530 nostrum
879 1474 990 1532 illic
1006 1474 1263 1568 constitui
1289 1475 1592 1546 imperium,
1633 1476 1887 1546 quoniam
1918 1475 2008 1532 ubi
2030 1476 2185 1547 prin-
2286 1487 2533 1558 paginam
2552 1490 2785 1560 propriis
2808 1492 3054 1549 manibus
3075 1492 3422 1563 roborant“,
3443 1510 3815 1568 ευρει-νεηεηη,

600 1569 812 1661 cipatus
831 1566 1172 1625 sacerdotum
1197 1578 1252 1625 et
1270 1568 1595 1626 Christiana
1616 1568 1889 1661 religionis
1911 1579 2095 1643 caput,
2118 1573 2185 1628 ab
2286 1577 2413 1632 dum
2444 1593 2643 1648 corpus
2671 1581 2814 1637 beati
2840 1581 2987 1639 Petri
3012 1585 3273 1657 principis
3302 1566 3655 1658 apostolorum
3677 1591 3812 1661 posui-

595 1660 920 1752 imperatore
945 1661 1151 1718 caelesti
1177 1662 1527 1718 constitutum
1569 1670 1651 1719 est
1679 1704 1695 1728 ,
1719 1660 1925 1733 justum
1957 1680 2062 1721 non
2099 1671 2184 1721 est
2285 1686 2440 1739 mus,
2497 1672 2680 1746 ibique
2720 1676 2897 1731 eidem
2941 1692 3064 1733 cum
3107 1679 3355 1752 apostolo
3401 1660 3704 1751 spondentes
3741 1698 3810 1739 nos

595 1759 653 1808 ut
680 1751 789 1809 illic
813 1752 1110 1825 imperator
1150 1760 1398 1809 temnes
1434 1752 1632 1809 habeat
1658 1760 2018 1826 potestatem;
2066 1756 2182 1811 haec
2281 1771 2477 1819 cuncta
2505 1765 2888 1823 inviolabiliter
2911 1751 3258 1839 conservare,
3285 1780 3340 1826 et
3365 1772 3563 1828 nostris
3585 1788 3809 1830 successo-

589 1857 720 1900 Vero
758 1844 940 1900 omnia
969 1860 1088 1937 qua?
1132 1859 1233 1917 per
1277 1844 1420 1902 hanc
1444 1854 1689 1902 nostram
1732 1845 2065 1916 imperiale"!
2094 1860 2180 1901 sa-
2282 1855 2433 1912 ribus
2448 1857 3318 1929 imperatoribusconservandain
3334 1866 3805 1937 mandatisrelinqui,

589 1951 760 2029 eram,
790 1943 846 1994 et
885 1951 985 2029 per
1028 1935 1132 1993 alia
1177 1937 1373 2029 divalia
1423 1939 1640 1996 decreta
1683 1938 1974 1996 statuimus
2017 1947 2179 2011 atque
2278 1950 2426 2006 Patri
2458 1961 2646 2008 nostro
2676 1953 2939 2011 Silvestre
2978 1972 3193 2013 summo
3225 1958 3468 2029 pontiﬁci
3495 1969 3549 2016 et
3575 1935 3805 2018 universali

588 2026 1051 2095 COllﬁrmaVimusi
1075 2044 1248 2123 “81198
1280 2027 1335 2123 if!
1364 2029 1526 2123 ﬁnem
1559 2030 1743 2123 munt“
1771 2030 1973 2123 illibata
1995 2040 2052 2088 ει
2070 2033 2175 2123 ᾼῘη·
2277 2058 2451 2114 papae,
2481 2043 2706 2116 ejusque
2733 2048 2944 2104 cunctis
2965 2026 3376 2107 successoribus
3399 2052 3714 2123 pontiﬁcibus
3732 2054 3805 2108 De

587 2134 850 2174 concussa
875 2121 1241 2189 permanenda
1283 2120 1642 2177 decernimus.
1677 2120 1831 2178 Unde
1857 2137 2040 2179 coram
2065 2120 2176 2179 Deo
2275 2135 2426 2192 mino
2448 2135 2561 2193 Deo
2582 2144 2636 2192 et
2660 2136 2932 2195 salvatore
2951 2150 3143 2198 nostro
3184 2140 3314 2198 Iesu
3343 2120 3559 2201 cﬁristo
3589 2156 3805 2200 annuente

586 2212 749 2308 vivo,
765 2212 857 2308 qui
881 2227 1249 2308 nosiregnare
1274 2216 1569 2308 praecepit,
1619 2225 1671 2272 et
1712 2229 1894 2272 coram
1944 2215 2172 2274 ιειτὶῢίιί
2200 2261 2249 2308 η
2278 2227 2542 2284 tradimus
2561 2231 2874 2302 perenniter
2919 2241 3082 2304 atque
3127 2233 3366 2292 feliciter
3412 2238 3722 2308 possidenda.
3757 2239 3804 2294 Et

583 2301 701 2372 eius
727 2303 931 2400 judicio
955 2307 1313 2374 obtestamur,
1352 2322 1450 2379 per
1476 2307 1579 2365 hoc
1621 2317 1865 2364 nostrum
1895 2309 2173 2380 imperiale
2198 2301 2249 2352 Ὗ¹
2276 2301 2604 2392 subscriptio
2648 2321 2971 2393 imperialis,
2991 2301 3275 2381 “divinitas
3325 2301 3430 2383 vos-
3453 2339 3708 2385 conservet
3734 2346 3805 2400 per

583 2394 957 2463 constitutum,
975 2410 1164 2453 omnes
1180 2405 1395 2454 nostros
1406 2413 1770 2463 successores,
1788 2400 2143 2470 imperatores

2275 2410 2474 2467 multos
2494 2426 2689 2480 annos,
2723 2414 3051 2471 sanctissimi
3084 2431 3150 2473 ac
3184 2418 3487 2476 beatissimi
3515 2420 3699 2477 Patres.
3722 2394 3801 2475 lia-

583 2484 668 2541 vel
684 2487 1225 2583 cunctosoptimates,
1242 2490 1667 2583 satrapasetiam
1682 2492 2070 2583 amplissimum
2086 2507 2167 2549 se-
2272 2513 2386 2560 ιυω
2413 2503 2619 2574 Romae,
2654 2507 2756 2563 sub
2783 2508 2944 2564 ιρι-ιίο
2969 2508 3055 2565 δίε
3096 2508 3287 2566 nate“,
3336 2512 3608 2583 Aprilium,
3635 2513 3801 2568 domino

582 2583 772 2632 "Mum
791 2584 847 2634 θι
870 2577 1185 2677 ξιπίνθτευω
1209 2579 1463 2677 populum
1488 2581 1541 2636 ίη
1568 2588 1685 2637 ιοιο
1703 2581 1835 2677 σφε
1862 2591 2159 2677 terrarum:
2272 2606 2461 2654 nostro
2492 2598 2679 2655 Flavio
2702 2598 3059 2660 Constantino
3091 2602 3338 2675 Augusto
3369 2577 3557 2677 quarto
3598 2577 3648 2662 et
3671 2603 3797 2661 Galli-

581 2684 757 2738 nunc,
786 2679 841 2728 et
869 2672 924 2727 in
966 2682 1246 2745 posterum
1279 2674 1489 2731 cunctis
1535 2675 1886 2747 temporibus,
1932 2676 2162 2747 imperio
2272 2712 2409 2754 ορ,ηο
2443 2696 2534 2766 ιν,
2558 2698 2692 2756 viris
2726 2698 3045 2759 clarissim;
3082 2672 3422 2761 mgnum;

581 2772 773 2822 nostro
814 2762 1205 2839 subiacentem,
1228 2765 1363 2825 nulli
1383 2782 1571 2826 eorum
1595 2769 1976 2842 quoquomodo
2002 2769 2165 2827 licere

1368 3041 1513 3114 QUO
1549 3042 1879 3102 TEMPORE
1916 3043 2157 3102 ACTUM
2186 3044 2295 3102 SIT
2337 3042 2675 3101 NlCzENUM
2704 3043 3107 3106 CONCILIUII.

643 3223 890 3283 Canones
946 3223 1282 3298 generalium
1332 3221 1683 3282 conciliorum
1737 3239 1771 3279 a
1825 3225 2157 3296 temporibus

570 3314 911 3373 Constantini
966 3324 1269 3389 coeperunt.
1326 3318 1387 3373 ln
1453 3317 1883 3390 praecedentibus
1924 3331 2157 3387 namque

569 3408 729 3463 annis
762 3409 1139 3480 persecutione
1183 3409 1452 3477 fervente,
1484 3411 1851 3467 docendarum
1880 3410 2118 3482 plebium
2137 3449 2152 3477 ,

568 3498 674 3555 nisi
697 3514 818 3572 quae
840 3517 872 3557 a
902 3503 1149 3560 Romana
1186 3513 1572 3577 processerunt
1603 3504 1751 3571 sede,
1792 3504 2016 3559 minime
2060 3503 2157 3559 da-

2259 3242 2423 3282 unum
2453 3227 2744 3283 convenire
2764 3228 2868 3284 nisi
2898 3220 3140 3300 tempore
3166 3230 3461 3301 supradicti
3488 3227 3791 3300 imperatoris.

2257 3317 2373 3388 ipse
2398 3318 2544 3373 enim
2567 3319 2716 3374 dedit
2742 3318 3055 3375 facultatem
3081 3320 3409 3378 Christianis
3432 3321 3591 3377 libere
3608 3332 3791 3391 congrev

2257 3409 2394 3481 gari.
2421 3407 2535 3465 Sub
2559 3409 2663 3465 hoc
2689 3410 2858 3467 etiam
2878 3412 3054 3467 sancti
3072 3411 3286 3480 Patres,
3316 3415 3370 3469 in
3393 3412 3610 3469 concilio
3626 3410 3792 3464 Niceno

2258 3501 2323 3556 de
2366 3501 2516 3558 omni
2565 3500 2699 3557 orbe
2749 3510 3021 3558 terrarum
3060 3504 3447 3561 convenientes
3481 3503 3625 3574 juxta
3665 3498 3788 3555 ﬁdem

567 3589 728 3651 batur
752 3594 999 3654 facultas.
1032 3596 1163 3653 Inde
1199 3596 1583 3654 Cbristianitas
1621 3597 1677 3653 in
1702 3597 1943 3654 diversas
1985 3598 2151 3651 haere-
2182 3621 2227 3685 ρ
2259 3594 2625 3667 evangelicam
2657 3606 2714 3654 et
2738 3597 3115 3668 apostolicam,
3155 3601 3454 3659 secundum
3476 3607 3595 3671 post
3615 3604 3788 3669 aposto-

563 3700 655 3745 ses
681 3688 851 3747 scissa
878 3699 978 3757 est,
1026 3690 1157 3763 quia
1198 3704 1309 3747 non
1346 3698 1466 3747 erat
1511 3689 1731 3747 licentia
1783 3689 2053 3761 episcopis
2097 3688 2155 3744 in

2264 3689 2345 3744 los
2369 3689 2676 3762 symbolum
2707 3691 3066 3751 tradiderunt.

1696 3931 2068 3994 PREFATIO
2096 3933 2352 3994 NlCAENl
2378 3934 2695 3994 CONCILII.

627 4091 953 4152 Beatissimo
1001 4092 1223 4150 Silvano
1257 4093 1310 4149 in
1345 4094 1479 4150 urbe
1513 4090 1688 4149 Roma
1728 4094 2035 4166 apostolicae
2064 4109 2149 4151 se-

560 4189 645 4245 dis
667 4187 929 4256 antistite,
958 4186 1311 4244 Constantino
1338 4186 1578 4259 Augusto
1607 4194 1660 4242 et
1683 4186 1891 4244 Licinio
1912 4186 2146 4255 Caesare,

558 4282 839 4340 consulatu
866 4281 1078 4338 Paulini
1105 4287 1161 4335 et
1181 4279 1379 4335 Juliani
1414 4279 1656 4335 virorum
1697 4278 2146 4348 clarissimorum,

557 4376 626 4431 ab
669 4372 976 4429 Alexandro
1019 4361 1401 4429 trecentesimo
1442 4356 1715 4429 tricesimo
1764 4382 1916 4430 sexto
1967 4388 2107 4429 anno
2133 4415 2148 4441 ,

558 4477 743 4519 mense
766 4462 930 4531 Julio,
968 4462 1283 4519 xutKalen.
1330 4462 1482 4531 Julii,
1532 4474 1754 4536 propter
1799 4464 2147 4537 insurgentes

554 4554 788 4610 haereses
812 4552 944 4609 ﬁdes
964 4555 1229 4611 catholica
1251 4556 1493 4626 exposita
1516 4565 1600 4612 est
1621 4557 1763 4627 apud
1785 4556 2019 4613 Nicaeam
2042 4557 2149 4629 By-

558 4645 761 4712 tbiniaa,
780 4661 940 4717 quam
956 4653 1198 4701 sanctam
1215 4653 1269 4701 et
1284 4647 1730 4702 reverendissima
1744 4646 1987 4702 Romana
2003 4663 2147 4703 com-

554 4740 1186 4811 plectituretveneratur
1214 4737 1473 4803 Ecclesia,
1503 4740 1699 4811 quippe
1722 4756 1885 4810 quam
1910 4742 2146 4796 trecenti

554 4834 740 4887 decem
792 4838 849 4887 et
885 4839 1009 4887 octo
1055 4828 1247 4886 Patres
1301 4832 1664 4888 mediantibus
1712 4832 1930 4891 Victore
1980 4843 2143 4906 atque

557 4921 842 4980 Vincentio
871 4923 1291 4997 religiosissimis
1320 4923 1577 4980 Romanae
1619 4925 1762 4981 sedis
1787 4929 2140 4999 presbyteris,

2253 4093 2412 4161 coelo,
2444 4103 2499 4149 et
2524 4107 2858 4165 qurceunque
2879 4094 3104 4151 solveris
3133 4109 3301 4166 super
3323 4104 3519 4153 terram
3556 4101 3696 4151 erunt
3724 4104 3785 4146 so-

2254 4186 2369 4243 luta
2400 4197 2454 4243 et
2484 4188 2537 4242 in
2561 4188 2701 4243 caelo
2729 4187 2943 4259 (Matth.
2978 4205 3089 4255 xu,
3141 4190 3230 4256 l8,
3279 4191 3389 4262 19).
3425 4209 3445 4242 ι
3480 4187 3707 4244 'Adbibila
3724 4189 3784 4235 est

2251 4280 2415 4333 etiam
2452 4278 2684 4333 societas
2733 4278 2786 4332 in
2836 4278 3022 4334 eadem
3072 4279 3317 4334 Romana
3373 4279 3502 4335 urbe
3541 4270 3781 4333 beatissimi

2252 4370 2478 4441 apostoli
2509 4369 2679 4436 Pauli,
2710 4370 2850 4449 vasis
2878 4371 3178 4437 electionis,
3207 4373 3299 4441 qui
3337 4388 3441 4427 uno
3468 4371 3580 4435 die,
3613 4376 3781 4433 unoque

2255 4471 2497 4534 tempore
2526 4462 2758 4534 gloriosa
2788 4472 2960 4519 morte
2986 4481 3107 4520 cum
3131 4466 3311 4533 Petro,
3349 4467 3446 4521 sub
3470 4462 3687 4536 principe
3705 4457 3781 4511 Nc-

2254 4570 2408 4619 rone,
2433 4555 2726 4627 agonizans
2753 4564 3043 4612 coronatus
3086 4566 3186 4624 est,
3230 4566 3286 4612 et
3322 4557 3477 4612 ambo
3500 4555 3678 4628 pariter
3700 4549 3778 4603 Ec‘

2251 4646 2470 4702 clesiam
2512 4659 2757 4703 sanctam
2788 4646 3087 4704 Romanam
3118 4650 3337 4706 Christo
3380 4650 3592 4705 Domino
3627 4655 3775 4700 conse-

2250 4750 2582 4810 craverunt,
2641 4742 2869 4813 aliisque
2918 4743 3139 4800 urbibus
3191 4744 3439 4800 omnibus
3485 4743 3533 4797 in
3574 4739 3777 4794 universo

2249 4833 2453 4888 mundo
2475 4848 2573 4888 sua
2595 4835 2852 4903 potentia,
2884 4843 3044 4904 atque
3069 4836 3374 4890 venerando
3400 4834 3649 4904 triumpho
3668 4832 3775 4900 prae”-

2246 4925 2506 4980 tulerunt.
2538 4923 2605 4980 Et
2648 4925 2774 4981 licet
2801 4942 2898 4997 pro
2937 4927 3187 4983 onmibus
3238 4930 3446 4985 assidua
3478 4925 3605 4995 apud
3630 4916 3773 4977 Domi-

551 5011 851 5085 i'nspirante
884 4995 1016 5086 Deo,
1054 5015 1120 5071 ad
1167 5015 1495 5072 obstruenda
1532 5017 1646 5071 Arii
1674 5032 1878 5074 venena
1906 5021 2145 5090 protule-
2168 4995 2222 5055 D
2247 5032 2374 5071 num
2406 5018 2643 5072 ninnium
2674 5029 2984 5074 sanctorum
3030 5020 3283 5076 fundatur
3310 5023 3498 5085 oratio,
3530 5019 3604 5073 bis
3635 5025 3773 5069 tamen

553 5115 699 5164 runt.
733 5105 871 5163 Nam
918 5117 975 5164 et
1020 5106 1289 5164 nonnullae
1318 5107 1513 5181 regula:
1543 5110 1796 5165 subnexa:
1825 5122 1974 5180 sunt,
2005 5129 2142 5183 quas

555 5206 856 5254 memorata
876 5198 1181 5271 suspiciens
1202 5197 1541 5254 conﬁrmavit
1562 5199 1826 5255 Ecclesia.
1850 5202 2143 5269 Sciendum

553 5299 640 5349 est
662 5306 795 5347 sane
815 5290 884 5347 ab
922 5292 1173 5349 omnibus
1205 5292 1507 5361 catholicis,
1552 5295 1802 5365 quoniam
1831 5304 2020 5352 saneta
2040 5298 2144 5354 Ec—

553 5386 719 5444 clesia
749 5384 993 5440 Romana
1026 5385 1187 5442 nullis
1214 5387 1485 5459 synodicis
1510 5388 1743 5444 decretis
1782 5390 2005 5459 praelata
2030 5400 2138 5460 est,

550 5482 647 5540 sed
690 5479 1005 5554 evangelica
1052 5496 1187 5537 voce
1231 5480 1478 5548 Domini,
1525 5491 1579 5537 et
1626 5481 1921 5539 Salvatoris
1968 5485 2145 5541 nostri

550 5573 845 5646 primatum
889 5569 1140 5639 obtinuit,
1191 5571 1278 5627 ubi
1310 5572 1446 5628 dixit
1469 5572 1628 5629 beato
1665 5573 1825 5630 Petro
1853 5576 2137 5646 apostolo:

556 5683 577 5716 ι
616 5664 696 5721 Tu
730 5682 790 5725 es
817 5664 1011 5722 Petrus
1038 5674 1092 5720 et
1122 5678 1284 5736 super
1309 5664 1449 5720 hanc
1468 5673 1675 5736 petram
1716 5667 1994 5723 aediﬁcabo
2042 5668 2143 5725 Ec-

551 5762 774 5819 clesiam
810 5779 1012 5827 meam,
1042 5769 1101 5818 et
1124 5769 1296 5834 portae
1325 5761 1482 5815 inferi
1514 5777 1620 5816 non
1646 5762 2016 5833 praevalebunt
2040 5764 2138 5819 ad-

550 5868 743 5911 versus
766 5871 906 5912 eam.
948 5857 1015 5913 Et
1047 5855 1141 5911 tibi
1186 5853 1325 5912 dabo
1353 5853 1533 5909 claves
1582 5855 1733 5926 regni
1773 5857 2052 5923 cancrum,
2086 5865 2143 5913 et

552 5962 889 6020 quacunque
924 5949 1178 6021 ligaveris
1204 5964 1368 6021 super
1399 5955 1600 6003 terram
1634 5958 1795 6006 erunt
1815 5951 1978 6019 ligata
2001 5960 2057 6009 et
2083 5953 2140 6010 in

2254 5106 2428 5162 verbis
2463 5107 2663 5163 Paulus
2700 5110 3047 5167 beatissimus
3093 5111 3365 5181 apostolus
3410 5106 3644 5165 Romanis
3679 5115 3772 5174 pm'

2246 5200 2365 5270 prio
2403 5200 2763 5271 chirographo
2806 5201 3086 5271 pollicetur
3108 5244 3122 5269 ,
3153 5204 3375 5260 dicens:
3409 5223 3427 5255 ‹
3462 5201 3620 5257 Testis
3662 5193 3769 5248 enim

2249 5291 2379 5345 mihi
2408 5299 2491 5347 est
2514 5290 2653 5346 Deus
2673 5333 2688 5358 ,
2714 5292 2799 5347 cui
2827 5292 3004 5347 servio
3031 5293 3083 5347 in
3113 5293 3302 5364 spiritu
3324 5308 3443 5349 meo
3463 5292 3514 5348 in
3533 5280 3771 5353 Evansc'i"

2246 5381 2367 5435 Filii
2410 5379 2526 5449 ejus
2564 5383 2705 5451 quod
2740 5383 2857 5437 sine
2888 5383 3290 5440 intermissione
3319 5382 3612 5439 memoriam
3640 5366 3768 5427 νθειῐί

2248 5470 2389 5526 facio
2421 5471 2473 5525 in
2504 5473 2841 5528 orationibus
2870 5475 3005 5529 meis
3037 5474 3214 5544 (Rom.
3249 5492 3295 5543 ι,
3348 5477 3400 5542 9,
3451 5473 3551 5545 10).
3587 5465 3767 5524 rPrima

2245 5578 2375 5634 ergo
2397 5563 2553 5619 sedes
2576 5565 2781 5620 caelesti
2805 5565 3067 5621 beneﬁcio
3087 5567 3342 5622 Romanae
3368 5564 3615 5625 Ecclesize,
3640 5566 3767 5628 quam

2246 5653 2544 5711 beatissimi
2568 5654 2763 5712 Petrus
2789 5666 2951 5727 atque
2973 5657 3170 5714 Paulus
3204 5674 3302 5714 suo
3340 5655 3581 5728 martyrio
3602 5647 3768 5707 dedit?

2247 5757 2460 5802 carunt.
2505 5748 2753 5805 Secunda
2807 5759 2986 5806 autem
3035 5752 3190 5808 sedes
3247 5753 3381 5823 apud
3437 5740 3765 5804 Alexandriam

2247 5839 2388 5894 beati
2439 5841 2581 5897 Petri
2628 5842 2846 5899 nomine
2895 5859 2925 5899 a
2974 5843 3158 5901 Marco
3199 5845 3312 5915 ejus
3359 5838 3599 5912 discipulo
3637 5844 3765 5899 τοιαυο

2246 5934 2567 6003 evangelia-Ir
2619 5948 2931 5994 «exsecrata
2963 5948 3066 6006 est,
3093 5940 3219 6009 quia
3267 5946 3322 5995 et
3348 5938 3456 6009 ipse
3489 5935 3541 5992 in
3572 5928 3769 5997 ,Εεγριο
