3926 6434
107 390 210 459 253

1316 369 1812 450 DECRETALIUM
1849 366 2258 444 conserto.

3284 382 3395 444 254

109 517 312 589 primus
342 514 563 570 verbum
586 510 836 568 veritatis
860 509 1099 565 directus
1119 521 1151 563 a
1171 504 1333 564 Petro
1354 502 1690 577 praedicavit,
1719 508 1773 569 Α
1797 501 1918 567 der,
1943 499 2251 570 episcOpus,
2278 502 2470 552 natura
2497 492 2636 552 lenis
2655 501 2711 552 et
2736 495 2978 568 quietus,
3006 498 3222 555 assidue
3237 514 3395 557 com-

109 614 160 663 et
207 603 504 677 gloriosum
561 602 800 672 suscepit
842 599 1184 673 martyrium.
1235 597 1333 654 Cui
1370 594 1700 653 venerabilis

111 696 369 752 successit
415 694 645 752 Abilius.
702 691 888 750 Tertia
931 706 1065 748 vero
1112 692 1268 747 sedes
1314 689 1457 760 apud
1503 686 1694 741 Antio-

111 790 278 846 chiam
302 789 545 861 ejusdem
568 786 891 845 beati.Petri
936 784 1165 859 apostoli
1209 782 1440 840 habetur
1466 782 1701 838 honora-

112 880 244 945 bilis,
270 882 402 950 quia
437 880 575 945 illie,
607 879 923 950 priusquam
968 878 1194 934 Romam
1222 876 1454 942 veniret,
1481 872 1702 929 habita-

112 970 199 1039 vit,
219 982 273 1027 et
290 972 561 1045 lgnatium
583 974 895 1045 episcopum
916 969 1220 1034 constituit,
1250 974 1308 1023 et
1332 965 1443 1024 illic
1464 966 1700 1037 primum

114 1078 298 1120 nomen
343 1065 784 1123 Christianorum
830 1063 1054 1120 novellae
1094 1060 1270 1135 gentis
1308 1068 1557 1135 exortum
1595 1066 1698 1115 est.

114 1157 242 1217 Nam
290 1169 352 1215 et
380 1159 906 1232 Hierosolymitanus
946 1157 1252 1230 episcopus,
1294 1169 1395 1228 pro
1434 1154 1570 1211 tanti
1596 1152 1700 1208 loci

115 1254 433 1320 reverentia,
467 1253 536 1309 ab
554 1252 808 1309 omnibus
828 1251 1060 1307 habetur
1089 1247 1444 1306 honorabilis.
1469 1244 1701 1302 Maxime

114 1348 245 1422 quod
272 1348 392 1404 illic
413 1346 623 1418 primus
652 1343 997 1401 beatissimus
1016 1341 1272 1409 Jacohus,
1299 1340 1393 1412 qui
1418 1339 1703 1397 dicebatur

109 1444 275 1515 justus
298 1482 317 1509 ,
364 1441 458 1511 qui
484 1438 651 1493 etiam
694 1436 990 1494 secundum
1033 1448 1253 1491 carnem
1282 1432 1455 1489 frater
1485 1428 1700 1486 Domini

116 1542 452 1607 nuncupatus
483 1539 589 1600 est,
621 1546 650 1587 a
677 1528 865 1597 Petro,
889 1527 1094 1585 Jacobo
1119 1534 1175 1583 et
1204 1524 1412 1582 Joanne
1442 1520 1702 1595 apostolis

116 1640 191 1688 est
213 1628 506 1702 episcopus
534 1626 849 1690 ordinatus,
879 1622 1082 1693 itaque,
1115 1618 1409 1675 secundum
1451 1614 1700 1684 antiquo-

118 1738 225 1778 rum
256 1721 488 1777 Patrum
517 1717 909 1783 deﬁnitionem,
932 1713 1089 1771 sedes
1108 1711 1284 1783 prima
1313 1708 1367 1764 in
1390 1704 1701 1776 Hierosoly-

118 1815 207 1870 mis
238 1828 369 1870 esse
399 1811 628 1869 minime
666 1810 884 1875 dicitur,
915 1821 984 1863 ne
1011 1806 1151 1863 forte
1180 1803 1250 1859 ab
1276 1799 1580 1857 infidelibus
1606 1805 1702 1853 aut

1803 592 2189 651 monitionibus
2211 591 2400 647 Arium
2427 601 2652 661 cuperet
2677 605 2709 645 a
2736 605 2903 662 pravo
2947 589 3163 661 incepto
3182 601 3238 647 et
3288 608 3380 649 as-

1802 686 2327 757 sertionibusimpiis
2347 699 2622 751 revocare,
2640 698 2742 740 nec
2768 691 2948 740 tamen
2973 700 3062 741 res
3088 700 3155 740 ex
3182 694 3369 741 senten

1803 777 1875 833 tia
1894 778 2237 849 procederet,
2252 786 2309 832 et
2327 775 2469 847 quod
2490 776 2774 848 plerosque
2786 775 3020 846 quodam
3034 777 3283 847 contagio
3309 792 3399 848 pc-

1802 870 2009 928 stiferae
2032 871 2350 929 assertionis
2373 871 2653 938 infecerat,
2682 886 2788 927 non
2812 871 2983 927 solum
3004 872 3146 942 apud
3172 871 3402 929 Alexan-

1802 966 1997 1034 driam,
2025 962 2216 1023 verum
2241 975 2297 1022 et
2317 980 2417 1038 per
2447 965 2580 1022 alias
2609 966 2919 1037 provincias
2949 966 3283 1038 disperserat
3306 982 3400 1023 ur-

1799 1060 1917 1128 bes,
1946 1062 2312 1134 perniciosum
2344 1058 2463 1116 fore
2487 1061 2742 1128 credens,
2770 1060 2813 1115 si
2844 1060 3212 1117 dissimularet
3253 1077 3284 1117 a
3314 1069 3401 1117 ta-

1802 1153 1986 1222 libus,.
2019 1153 2270 1227 plurimis
2314 1152 2797 1209 consacerdotihus
2842 1153 2956 1209 suis
3008 1168 3123 1209 rem
3171 1152 3397 1210 indicat.

1802 1249 2050 1318 Quaestio
2078 1249 2235 1305 laicis
2262 1248 2574 1305 innotescit.
2608 1246 2801 1304 Sermo
2832 1263 3003 1319 usque
3026 1247 3095 1303 ad
3124 1263 3284 1305 aures
3317 1263 3405 1304 re-

1802 1340 1978 1412 ligiosi
2032 1338 2295 1410 principis
2349 1338 2572 1411 (quippe
2631 1339 2724 1410 qui
2773 1340 2922 1394 omni
2987 1338 3168 1395 studio
3224 1346 3275 1396 et
3321 1339 3403 1395 di-

1801 1433 2023 1505 ligentia
2068 1441 2289 1487 curaret
2332 1445 2454 1502 quae
2512 1440 2697 1488 nostra
2751 1430 2899 1503 sunt)
2955 1431 3218 1502 pervenit.
3265 1429 3404 1487 Tum

1802 1526 1892 1583 ille
1944 1542 2010 1583 ex
2065 1525 2334 1582 sententia
2394 1526 2738 1581 sacerdotum
2769 1523 2910 1594 apud
2941 1522 3129 1578 urbem
3166 1521 3405 1579 Nicaeam

1802 1618 1912 1691 59
1935 1617 2239 1690 episcopale
2282 1615 2575 1673 concilium
2603 1623 2902 1682 convocat,
2929 1613 3191 1671 trecentis
3218 1613 3405 1683 ibique

1801 1716 1993 1773 Arium
2032 1716 2216 1772 decem
2247 1722 2303 1770 ct
2329 1722 2454 1770 octo
2478 1710 2752 1784 episcopis
2795 1708 3159 1766 residentibus
3212 1707 3406 1764 adesse

1796 1808 1980 1880 jubet,
2009 1823 2074 1865 ac
2097 1809 2163 1863 de
2192 1807 2310 1880 ejus
2330 1804 2792 1877 propositionibus
2819 1811 2874 1859 et
2901 1800 3295 1873 quaestionibus
3314 1801 3405 1871 ju-

121 1910 284 1965 ith‘otis
305 1908 469 1965 sedes
495 1905 708 1962 Domini
734 1903 906 1959 nostri
931 1901 1060 1958 Iesu
1105 1895 1334 1963 Christi,
1352 1910 1473 1966 qua:
1497 1895 1550 1949 in
1568 1892 1707 1951 εωιο
1733 1903 1783 1965 Β
1810 1899 2014 1957 dicare.
2045 1898 2154 1955 Sed
2184 1897 2239 1954 in
2267 1914 2333 1955 eo
2364 1895 2595 1953 concilio
2623 1894 2943 1951 admirabile
2964 1894 3171 1949 iactum
3197 1891 3408 1964 princi-

120 2011 210 2067 est,
240 2001 295 2055 in
322 2008 471 2055 terra
500 2012 623 2054 esse
650 2004 951 2067 putaretur.
986 1990 1199 2047 Etenim
1243 1988 1399 2045 sedes
1443 1987 1560 2058 ejus
1593 2000 1706 2043 cm-

121 2093 394 2159 lum,terra
416 2100 599 2147 autem
621 2086 917 2145 scabellum
939 2084 1134 2156 pedum
1156 2079 1294 2151 ejus,
1312 2080 1570 2153 quoniam
1588 2078 1706 2150 ipse

123 2193 214 2251 est,
235 2199 334 2255 per
359 2197 523 2255 quem
549 2181 733 2239 omnia
772 2178 918 2235 facta
951 2184 1098 2243 sunt,
1126 2184 1183 2231 et
1204 2174 1325 2231 sine
1363 2187 1473 2244 quo
1503 2174 1703 2228 factum

121 2289 193 2334 est
213 2275 550 2350 nihil(.loan.
568 2273 701 2345 1,5),
732 2291 752 2325 ι
772 2270 1032 2344 quoniam
1059 2283 1129 2324 ex
1148 2267 1289 2337 ipso,
1310 2273 1367 2322 et
1386 2278 1484 2336 per
1504 2264 1701 2334 ipsum,

121 2368 245 2425 etin
271 2369 391 2440 ipso
412 2375 539 2423 sunt
563 2365 744 2421 omnia
765 2404 779 2430 ,
808 2361 911 2433 ipsi
941 2359 1110 2431 gloria
1156 2358 1213 2414 in
1251 2354 1448 2414 saecula
1483 2352 1709 2412 saeculo-

126 2478 251 2519 rum.
282 2464 458 2517 Amen
489 2458 670 2532 (Rom.
699 2472 763 2524 tt,
789 2454 901 2527 56).
943 2474 961 2506 ι

184 2557 338 2629 Apud
369 2555 641 2626 Ephesum
677 2566 809 2607 vero
835 2547 1182 2606 beatissimus
1208 2545 1461 2611 Joannes,
1492 2549 1708 2615 aposto-

124 2653 197 2708 lus
216 2663 270 2707 et
290 2647 641 2722 evangelista,
669 2644 840 2702 multo
866 2653 1107 2714 tempore
1135 2650 1257 2712 post
1280 2637 1493 2694 Domini
1526 2650 1706 2691 resur-

126 2745 411 2800 rectionem
424 2751 480 2798 et
492 2739 863 2796 ascensionem
880 2736 934 2790 in
948 2734 1138 2801 caelos,
1158 2731 1341 2788 divina
1354 2728 1707 2799 inspiratione

127 2834 463 2907 Evangelium
508 2829 832 2902 conscripsit
872 2836 1039 2899 atque
1082 2823 1365 2895 requievit.
1411 2821 1480 2877 Et
1507 2820 1577 2876 ob
1602 2820 1707 2874 hoc

128 2929 400 3001 episcopus
442 2924 769 2997 Ephesinus,
801 2936 900 2993 pro
941 2919 1079 2975 tanti
1126 2914 1356 2989 apostoli
1385 2924 1440 2970 et
1472 2927 1707 2983 evange-

127 3025 251 3081 listze
275 3021 556 3087 memoria,
601 3017 815 3075 caeteris
861 3013 1133 3087 episcopis
1180 3006 1606 3083 metropolitanis
1650 3007 1704 3062 in

129 3118 336 3189 synodis
360 3112 817 3172 honorabiliorem
846 3108 1055 3165 obtinet
1086 3104 1292 3162 sedem.

192 3208 295 3266 Sed
338 3208 597 3280 quoniam
620 3204 687 3261 de
708 3200 937 3259 concilio
960 3198 1179 3253 Niczeno
1202 3193 1576 3251 disserendum
1600 3198 1704 3257 est,

1806 1994 1890 2066 pis
1917 2007 2027 2049 non
2061 1999 2193 2065 puto
2234 1990 2597 2047 reticendum.
2632 1988 2846 2045 Etenim
2889 2003 3013 2045 cum
3057 2002 3124 2045 ex
3153 1985 3411 2044 omnibus

1805 2098 1945 2156 pene
1989 2083 2123 2141 locis
2152 2081 2393 2155 episcopi
2424 2081 2849 2145 convenissent,
2882 2086 2957 2146 et,
2991 2089 3051 2135 ut
3086 2078 3206 2135 ﬁeri
3248 2077 3407 2146 solet,

1806 2177 2036 2233 diversis
2055 2190 2122 2232 ex
2143 2176 2328 2231 causis
2350 2174 2495 2231 inter
2514 2188 2574 2230 se
2595 2172 2842 2245 quaedam
2857 2171 3039 2244 jurgia
3062 2168 3406 2236 detulissent,

1806 2268 2258 2340 interpellabatur
2298 2266 2619 2338 frequenter
2661 2279 2693 2320 a
2739 2263 2998 2337 singulis,
3043 2261 3412 2319 oﬂ’erebantur

1806 2360 2011 2429 libelli,
2037 2360 2209 2434 culpae
2250 2359 2693 2433 proferebantur,
2721 2367 2778 2415 et
2807 2358 2980 2432 magis
3009 2357 3076 2413 ad
3102 2359 3220 2414 htec
3247 2371 3411 2428 quam

1811 2457 1876 2512 ad
1902 2456 1954 2511 id
1976 2471 2075 2527 pro
2103 2472 2212 2527 quo
2239 2454 2419 2512 fuerat
2445 2464 2670 2511 ventum
2705 2454 2916 2509 animos
2945 2452 3168 2508 dabant.
3195 2450 3268 2507 At
3297 2449 3408 2519 ille,

1805 2548 1996 2604 videns
2021 2547 2166 2618 quod
2193 2563 2294 2619 per
2336 2545 2648 2618 hujusmodi
2687 2544 2866 2617 jurgia
2892 2558 3058 2600 causa
3083 2540 3281 2598 summi
3308 2555 3410 2596 ne-

1807 2639 1938 2713 gotii
1985 2637 2365 2705 frustraretur,
2398 2637 2545 2693 diem
2591 2642 2802 2692 certum
2851 2633 3043 2690 statuit
3086 2647 3195 2704 quo
3245 2644 3413 2687 unus-

1806 2732 2033 2805 quisque
2076 2730 2478 2802 cpiscoporum,
2523 2728 2570 2785 si
2618 2726 2747 2800 quid
2796 2724 3151 2798 querimoniae
3203 2724 3410 2780 nabere

1807 2826 2109 2892 videretur,
2143 2822 2401 2879 deferret.
2433 2819 2570 2877 Cum
2618 2818 2947 2884 resedisset,
2978 2816 3216 2887 suscepit
3240 2832 3271 2870 a
3300 2815 3414 2871 sin-

1806 2919 1946 2992 gulis
1974 2916 2203 2973 libellos.
2236 2913 2386 2984 Quos
2415 2913 2579 2971 simul
2612 2927 2805 2970 omnes
2833 2912 2887 2968 in
2924 2911 3047 2967 sinu
3095 2924 3196 2967 suo
3238 2907 3417 2965 conti-

1807 3026 1944 3068 nens
1970 3024 2070 3067 nec
2097 3010 2151 3065 in
2182 3008 2264 3065 eis
2306 3007 2451 3080 quod
2482 3006 2858 3063 contineretur
2899 3003 3188 3075 aperiens,
3222 3000 3303 3057 ait
3344 3000 3415 3057 ad

1811 3105 2093 3176 episcopos
2127 3120 2139 3158 :
2175 3123 2195 3156 r
2232 3103 2377 3158 Deus
2404 3116 2501 3158 vos
2529 3098 2819 3157 constituit
2847 3096 3204 3163 sacerdotes,
3233 3103 3290 3151 et
3310 3108 3411 3167 po-

1815 3206 2067 3254 testatem
2098 3196 2247 3252 vobis
2275 3195 2423 3252 dedit
2450 3196 2515 3251 de
2546 3194 2705 3251 nobis
2740 3207 2959 3265 quoque
2992 3189 3295 3264 judicandi.
3341 3185 3412 3243 Et

129 3319 238 3373 qua:
287 3278 403 3358 haec
446 3299 574 3355 fecit
618 3311 781 3353 causa
806 3336 822 3361 ,
870 3302 931 3350 ut
970 3298 1093 3364 post
1138 3288 1283 3344 illam
1334 3286 1702 3358 apostolorum
1731 3278 1775 3339 C
1807 3287 1930 3344 ideo
1955 3304 2054 3343 nos
2075 3304 2103 3343 a
2125 3286 2281 3343 vobis
2311 3295 2458 3342 recte
2475 3286 2804 3357 judicamur,
2826 3299 2926 3340 vos
2956 3291 3138 3340 autem
3166 3297 3275 3340 non
3303 3293 3407 3352 po-

130 3396 401 3467 gloriosam
449 3391 885 3464 praedicationem
911 3428 926 3454 ,
969 3402 1092 3457 quae
1134 3385 1190 3439 in
1245 3396 1460 3438 omnem
1504 3388 1703 3453 terram

132 3488 433 3543 mirabiliter
455 3482 645 3541 diffusa
665 3492 770 3549 est,
802 3481 901 3536 sub
923 3475 1280 3533 Constantino
1306 3473 1550 3543 Augusto
1569 3468 1705 3525 tanti

133 3590 574 3653 congregarentur
599 3575 839 3648 episcopi
859 3574 882 3628 ’ἶ
898 3572 1078 3627 Rufini
1104 3569 1261 3627 nobis
1286 3568 1525 3623 decimus
1542 3564 1704 3631 liber,

134 3674 215 3743 qui
233 3672 547 3743 conjunetus
562 3677 646 3725 est
659 3681 850 3722 novem
878 3663 1032 3719 libris
1051 3659 1438 3719 ecclesiasticae
1456 3656 1709 3713 Historia:

136 3788 256 3843 quos
282 3773 364 3826 vir
389 3768 791 3825 eruditissimus
836 3764 1100 3819 Eusebius
1140 3756 1492 3815 Caesariensis
1516 3755 1705 3823 edidit,

138 3863 427 3921 necessario
451 3859 737 3932 praefertur
766 3857 832 3912 ad
860 3854 1118 3920 medium,
1141 3862 1200 3908 ut
1237 3867 1402 3923 parva
1428 3866 1549 3921 quae
1592 3847 1709 3918 ejus

138 3954 264 4012 inter
296 3955 449 4011 initia
497 3953 566 4009 de
608 3953 721 4007 Arii
771 3948 1130 4021 perversitate
1181 3945 1491 4017 conscripta
1538 3951 1705 4010 sunt,

139 4057 506 4112 memorentur,
543 4045 671 4117 quia
701 4044 919 4098 dubium
968 4056 1073 4095 non
1114 4047 1218 4105 est,
1267 4039 1390 4094 ideo
1436 4044 1711 4093 trecentos

141 4143 304 4201 decem
347 4152 405 4201 et
452 4150 578 4199 octo
635 4136 1010 4195 sanctissimos
1053 4132 1245 4187 Patres
1271 4172 1287 4198 ,
1329 4146 1398 4187 ex
1455 4131 1709 4186 universo

141 4238 366 4295 orientali
386 4236 522 4293 orbe
546 4234 599 4289 in
621 4231 799 4288 Nicaea
829 4226 1091 4301 Bythinia:
1109 4231 1480 4297 congregatos,
1510 4230 1570 4277 ut
1591 4221 1709 4278 Arii

144 4331 343 4405 impium
383 4332 582 4400 dogma
609 4324 811 4382 Christi
838 4319 1039 4376 auxilio
1070 4316 1313 4373 funditus
1334 4314 1708 4370 damnaretur.

144 4424 201 4482 Et
218 4424 416 4484 salubri
444 4418 783 4495 providentia
803 4415 1226 4473 constitueretur
1251 4410 1395 4481 quod
1424 4409 1479 4464 in
1522 4416 1710 4463 sancta

145 4518 391 4575 catholica
418 4513 656 4571 Ecclesia
687 4508 880 4567 debeat
913 4504 1210 4563 observari.
1254 4503 1384 4558 Item
1433 4501 1501 4557 ad
1532 4500 1711 4557 locum

148 4623 205 4666 ex
238 4611 371 4667 libro
399 4608 614 4665 decimo
652 4602 833 4660 Ruﬁni
857 4618 870 4656 :
895 4600 1067 4673 igitur
1115 4612 1240 4655 cum
1291 4594 1433 4665 apud
1475 4593 1709 4649 Alexan-

1813 3379 1970 3435 testis
1993 3379 2059 3433 ab
2085 3378 2394 3434 hominibus
2412 3376 2668 3447 judicari.
2700 3375 2930 3445 Propter
2952 3369 3095 3445 quod
3122 3373 3217 3429 Dei
3245 3372 3416 3428 solius

1810 3474 1956 3529 inter
1982 3488 2077 3528 vos
2120 3480 2436 3543 exspectate
2473 3469 2773 3539 judicium,
2817 3477 2880 3525 ut
2925 3476 2982 3524 et
3019 3475 3203 3523 vestra
3234 3465 3415 3537 iurgia

1810 3581 2145 3638 quaecunque
2199 3574 2327 3622 sunt
2370 3565 2437 3621 ad
2470 3564 2601 3620 illud
2639 3565 2879 3619 divinum
2911 3573 3261 3619 reserventur
3283 3577 3411 3616 exa-

1812 3674 1973 3729 men,
2003 3675 2102 3719 vos
2132 3659 2339 3716 etenim
2390 3657 2548 3715 nobis
2576 3672 2608 3713 a
2638 3656 2751 3713 Deo
2778 3656 2892 3712 dati
2919 3655 3052 3711 estis
3075 3654 3169 3710 dii.
3199 3654 3411 3709 Conve-

1811 3751 1969 3808 niens
1997 3766 2105 3807 non
2135 3760 2218 3807 est
2245 3759 2305 3807 ut
2336 3751 2500 3806 homo
2523 3748 2731 3821 judicet
2757 3747 2890 3805 deos
2908 3788 2923 3815 ,
2946 3746 3042 3803 sed
3067 3745 3155 3801 ille
3178 3744 3326 3801 solus
3347 3745 3413 3799 de

1811 3857 1920 3914 quo
1941 3842 2205 3915 scriptum
2233 3850 2322 3899 est
2375 3858 2390 3898 :
2451 3859 2470 3893 ι
2521 3841 2666 3899 Deus
2693 3839 2845 3897 stetit
2877 3839 2933 3895 in
2977 3849 3253 3908 synagoga
3279 3834 3410 3895 deo-

1813 3950 1960 4003 rum,
1982 3934 2036 3991 in
2057 3935 2238 3992 medio
2258 3943 2443 3990 autem
2463 3935 2594 3989 deos
2618 3931 2877 3990 discernit
2900 3928 3406 4003 (Psal.uu1,i).i

1811 4027 1882 4083 Et
1908 4020 2049 4095 ideo,
2079 4027 2167 4083 his
2185 4026 2425 4095 omissis,
2452 4025 2558 4092 alia
2582 4039 2704 4095 quae
2730 4024 2798 4078 ad
2829 4022 2989 4076 fidem
3013 4021 3109 4076 Dei
3138 4021 3417 4092 pertinent

1812 4123 2020 4194 absque
2061 4119 2169 4175 ulla
2214 4119 2522 4176 animorum
2564 4116 2913 4174 contentione
2952 4113 3226 4173 discutite.
3274 4111 3410 4168 Cum

1810 4214 1929 4278 haec
1973 4212 2203 4269 dixisset
2261 4224 2452 4267 omnes
2499 4208 2962 4280 querimoniarum
3002 4205 3216 4263 libellos
3246 4202 3416 4274 jussit

1812 4305 2004 4372 exuri,
2036 4320 2106 4360 ne
2136 4305 2503 4361 innotesceret
2545 4302 2624 4358 illi
2663 4301 2850 4358 odium
2893 4310 2951 4357 et
2983 4297 3294 4371 suggillatio
3324 4313 3413 4353 sa-

1812 4398 2117 4454 cerdotum.
2156 4394 2355 4451 Verum
2382 4409 2506 4450 cum
2546 4409 2645 4464 per
2673 4380 2794 4449 dies
2817 4390 3021 4448 multos
3047 4390 3104 4446 in
3121 4390 3413 4461 .episcopo-

1814 4507 1935 4547 rum
1962 4489 2198 4547 concilio
2223 4490 2292 4545 de
2321 4489 2430 4544 ﬁde
2457 4487 2685 4558 quaestio
2729 4492 3062 4551 verteretur,
3086 4493 3144 4541 et
3168 4481 3412 4542 nonnulli

1816 4583 2031 4639 diversa
2062 4580 2329 4637 sentirent
2350 4594 2417 4635 ac
2438 4577 2786 4633 vehementer
2809 4577 2981 4648 ceptis
2999 4574 3117 4631 Arii
3140 4574 3407 4639 faverent,

151 4703 302 4759 driam
324 4710 448 4774 post
471 4699 756 4764 Achillem,
803 4694 893 4767 qui
920 4657 1070 4750 Petri
1124 4657 1386 4761 martyrio
1426 4685 1709 4751 successit,
1740 4657 1793 4717 D
1818 4676 2008 4748 plures
2025 4684 2208 4731 tamen
2231 4681 2390 4730 erant
2410 4671 2504 4744 qui
2536 4671 2761 4743 impium
2782 4676 3204 4727 exsecrarentur
3227 4666 3411 4734 incep-

152 4797 456 4868 suscepisset
474 4791 779 4848 Alexander
818 4785 1210 4849 sacerdotium,
1236 4782 1362 4853 quia
1381 4795 1487 4851 pax
1511 4778 1713 4835 nostris

152 4896 199 4944 et
221 4890 364 4961 quies
393 4903 425 4943 a
457 4880 923 4959 persecutionibus
942 4887 1083 4946 erat,
1132 4885 1295 4947 atque
1343 4872 1711 4929 Ecclesiarum

154 4979 300 5051 gloria
343 4976 715 5036 confessorum
766 4971 973 5027 meritis
1022 4968 1322 5039 gaudebat,
1378 4964 1715 5036 prosperitas

155 5087 312 5129 rerum
334 5080 642 5129 nostrarum
666 5064 965 5123 domestica
992 5058 1337 5116 contentione
1368 5055 1707 5111 turbabatur.

155 5163 339 5221 Etenim
352 5162 636 5237 presbyter
656 5158 875 5230 quidam
905 5152 1045 5225 apud
1064 5148 1467 5213 Alexandriam,
1495 5145 1716 5201 nomine

155 5258 313 5326 Arius,
359 5259 443 5313 vir
467 5257 583 5326 ipse
605 5262 659 5309 et
687 5250 862 5306 forma
886 5246 1060 5318 magis
1081 5259 1243 5315 quam
1273 5241 1475 5298 virtute
1502 5238 1718 5309 religio-

156 5368 251 5419 sus,
279 5354 368 5410 sed
402 5350 587 5424 gloria:
611 5345 895 5414 laudisque
923 5350 979 5397 et
1005 5336 1259 5395 novitatis
1305 5333 1550 5405 improbe
1596 5347 1717 5403 per-

161 5445 380 5516 cupidus,
408 5455 576 5515 prava
631 5436 877 5509 quaedam
927 5432 995 5490 de
1040 5428 1244 5487 Christi
1291 5427 1397 5482 ﬁde
1450 5424 1717 5497 proferre,

162 5546 209 5592 et
231 5552 339 5607 qua:
374 5544 492 5591 arte
524 5527 893 5602 inquisitionis
930 5525 1213 5581 invenerat
1252 5522 1433 5591 etrapit.
1487 5519 1715 5573 Abscino

164 5629 271 5686 dere
291 5630 449 5695 enim,
487 5642 553 5682 ac
589 5636 845 5694 separare
887 5617 957 5673 ab
987 5617 1076 5673 illa
1106 5624 1307 5672 aeterna
1357 5621 1412 5668 et
1460 5609 1714 5669 inell‘abili

165 5720 242 5778 Dei
285 5721 453 5778 Patris
495 5715 796 5775 substantia
837 5712 922 5767 vel
950 5718 1140 5766 natura
1169 5708 1365 5763 Filium
1394 5705 1713 5761 conabatur.

164 5809 274 5880 Quae
298 5828 382 5870 res
402 5812 457 5868 in
484 5807 726 5867 Ecclesia
747 5803 1008 5877 plurimos
1029 5799 1409 5861 conturbabat,
1434 5804 1493 5852 et
1520 5810 1551 5849 a
1573 5791 1715 5851 dulci

165 5907 335 5965 tuentis
381 5900 773 5973 tranquillitate
824 5895 1151 5954 dimovebat.
1197 5891 1305 5951 Sed
1331 5906 1455 5949 cum
1482 5888 1718 5946 Alexan-

1819 4779 1953 4827 tum.
1997 4767 2243 4839 Cumque
2286 4767 2340 4823 in
2368 4766 2561 4823 eodem
2588 4766 2822 4824 concilio
2865 4772 3011 4821 esset
3036 4760 3407 4820 confessorum

1815 4876 2045 4932 magnus
2070 4874 2334 4915 numerus
2362 4860 2743 4925 sacerdotum,
2776 4871 2963 4915 omnes
3004 4854 3118 4909 Arii
3149 4850 3407 4909 novitati-

1817 4954 1918 5009 bus
1967 4952 2414 5009 adVersabantur.
2450 4949 2732 5006 Favebant
2779 4962 2909 5002 vero
2937 4945 2986 5000 ei
3033 4942 3138 4998 viri
3170 4942 3228 4998 in
3267 4958 3417 5011 qua:-

1814 5042 2083 5100 stionibus
2106 5041 2322 5110 callidi,
2352 5049 2409 5098 et
2435 5040 2505 5097 ob
2533 5041 2588 5096 id
2632 5036 2965 5109 simplicitati
2998 5034 3122 5093 ﬁdei
3148 5034 3377 5090 adversa
3396 5059 3411 5071 ε

1815 5139 2037 5194 bantur.
2068 5136 2338 5205 Quantam
2367 5149 2499 5191 vero
2527 5133 2726 5190 habeat
2752 5130 3007 5188 virtutem
3035 5128 3160 5184 fidei
3205 5126 3413 5198 simpli-

1818 5233 1988 5302 citas,
2019 5233 2187 5287 etiam
2216 5246 2286 5288 ex
2316 5230 2405 5286 his
2431 5244 2553 5300 quze
2598 5227 2674 5282 ibi
2719 5234 2870 5297 gesta
2917 5232 3075 5291 sunt,
3127 5220 3413 5294 cognosciv

1817 5342 1957 5383 mus.
1991 5325 2203 5381 Etenim
2231 5331 2355 5379 cuni
2393 5337 2491 5393 pro
2539 5317 2720 5399 studio
2781 5315 3017 5384 religiosi
3068 5312 3411 5385 imperatoris

1817 5433 1888 5477 ex
1907 5418 2060 5477 omni
2090 5427 2236 5475 terra
2258 5415 2573 5472 sacerdotes
2592 5410 2688 5466 Dei
2716 5410 3130 5475 convenissent,
3156 5406 3415 5478 opinione

1822 5512 2079 5569 commoti
2129 5505 2436 5582 philosophi
2478 5518 2695 5574 quoque
2733 5511 2787 5557 et
2820 5500 3088 5556 dialectici
3121 5495 3276 5551 valde
3315 5510 3413 5549 no-

1821 5603 1956 5662 biles
1980 5610 2035 5658 et
2061 5598 2423 5673 opinatissimi
2449 5601 2845 5652 convenerunt.
2877 5593 2934 5647 ln
2965 5591 3161 5661 quibus
3190 5585 3410 5656 quidam

1818 5697 2053 5770 insignis
2081 5697 2137 5751 in
2161 5701 2280 5750 arte
2310 5692 2597 5749 dialectica
2646 5706 2744 5761 per
2770 5689 2888 5746 dies
2923 5682 3167 5755 singulos
3193 5678 3411 5736 conflic-

1819 5800 1936 5845 tum
1967 5785 2167 5845 summi
2209 5784 2531 5840 certaminis
2560 5798 2686 5841 cum
2736 5777 3006 5851 episcopis
3049 5773 3251 5831 nostris
3278 5771 3415 5831 viris

1821 5893 1973 5950 atque
2001 5877 2057 5933 in
2092 5874 2378 5933 dialectica
2429 5889 2538 5931 non
2564 5868 2999 5940 improbabiliter
3032 5863 3262 5923 eruditis
3288 5878 3406 5923 mo«
