  <div class='ocr_page' id='page_1' title='image "/cluster/home/n/w/nwhite01/storage/ocr_20150623/130/hvd.32044015471717/157.png"; bbox 0 0 3926 6440; ppageno 0'>
   <div class='ocr_carea' id='block_1_1' title="bbox 536 462 643 517">
    <p class='ocr_par' dir='ltr' id='par_1_1' title="bbox 536 462 643 517">
     <span class='ocr_line' id='line_1_1' title="bbox 536 462 643 517; baseline 0 -1"><span class='ocrx_word' id='word_1_1' title='bbox 536 462 643 517; x_wconf 74' lang='grc'>255</span> 
     </span>
    </p>
   </div>
   <div class='ocr_carea' id='block_1_2' title="bbox 1397 420 3003 514">
    <p class='ocr_par' dir='ltr' id='par_1_2' title="bbox 1397 420 3003 514">
     <span class='ocr_line' id='line_1_2' title="bbox 1397 420 3003 514; baseline -0.004 0"><span class='ocrx_word' id='word_1_2' title='bbox 1397 457 1689 514; x_wconf 83' lang='lat' dir='ltr'>APPEND.</span> <span class='ocrx_word' id='word_1_3' title='bbox 1729 458 1823 514; x_wconf 87' lang='lat' dir='ltr'>AD</span> <span class='ocrx_word' id='word_1_4' title='bbox 1862 456 2035 514; x_wconf 66' lang='lat' dir='ltr'>sam.</span> <span class='ocrx_word' id='word_1_5' title='bbox 2063 456 2155 513; x_wconf 81' lang='lat' dir='ltr'>Ix.</span> <span class='ocrx_word' id='word_1_6' title='bbox 2183 487 2247 501; x_wconf 83' lang='lat'><strong><em>—</em></strong></span> <span class='ocrx_word' id='word_1_7' title='bbox 2280 420 2532 513; x_wconf 77' lang='lat' dir='ltr'>lStDOItt</span> <span class='ocrx_word' id='word_1_8' title='bbox 2559 451 3003 511; x_wconf 71' lang='lat' dir='ltr'>nsncaroms</span> 
     </span>
    </p>
   </div>
   <div class='ocr_carea' id='block_1_3' title="bbox 3693 454 3778 512">
    <p class='ocr_par' dir='ltr' id='par_1_3' title="bbox 3693 454 3778 512">
     <span class='ocr_line' id='line_1_3' title="bbox 3693 454 3778 512; baseline 0 0"><span class='ocrx_word' id='word_1_9' title='bbox 3693 454 3778 512; x_wconf 70' lang='lat'>256</span> 
     </span>
    </p>
   </div>
   <div class='ocr_carea' id='block_1_4' title="bbox 537 563 3776 644">
    <p class='ocr_par' dir='ltr' id='par_1_4' title="bbox 537 563 3776 644">
     <span class='ocr_line' id='line_1_4' title="bbox 537 563 3776 644; baseline -0.001 -17"><span class='ocrx_word' id='word_1_10' title='bbox 537 574 717 630; x_wconf 88' lang='lat' dir='ltr'>vcbat.</span> <span class='ocrx_word' id='word_1_11' title='bbox 754 570 823 626; x_wconf 88' lang='lat' dir='ltr'>Et</span> <span class='ocrx_word' id='word_1_12' title='bbox 855 570 1021 627; x_wconf 88' lang='lat' dir='ltr'>ﬁebat</span> <span class='ocrx_word' id='word_1_13' title='bbox 1060 571 1249 644; x_wconf 81' lang='lat' dir='ltr'>ingens</span> <span class='ocrx_word' id='word_1_14' title='bbox 1282 571 1654 642; x_wconf 87' lang='lat' dir='ltr'>spectaculum</span> <span class='ocrx_word' id='word_1_15' title='bbox 1684 568 2131 627; x_wconf 78' lang='lat' dir='ltr'>convenientibus</span> <span class='ocrx_word' id='word_1_16' title='bbox 2156 579 2207 639; x_wconf 78' lang='grc' dir='ltr'>Α</span> <span class='ocrx_word' id='word_1_17' title='bbox 2234 570 2479 642; x_wconf 86' lang='lat' dir='ltr'>pefactus</span> <span class='ocrx_word' id='word_1_18' title='bbox 2506 568 2709 623; x_wconf 90' lang='lat' dir='ltr'>virtute</span> <span class='ocrx_word' id='word_1_19' title='bbox 2738 565 3008 621; x_wconf 91' lang='lat' dir='ltr'>dictorum</span> <span class='ocrx_word' id='word_1_20' title='bbox 3030 573 3213 620; x_wconf 86' lang='lat' dir='ltr'>mutus</span> <span class='ocrx_word' id='word_1_21' title='bbox 3231 563 3298 620; x_wconf 86' lang='lat' dir='ltr'>ad</span> <span class='ocrx_word' id='word_1_22' title='bbox 3320 564 3503 620; x_wconf 87' lang='lat' dir='ltr'><strong>omnia</strong></span> <span class='ocrx_word' id='word_1_23' title='bbox 3524 564 3621 622; x_wconf 91' lang='lat' dir='ltr'>hoc</span> <span class='ocrx_word' id='word_1_24' title='bbox 3638 567 3776 624; x_wconf 91' lang='lat' dir='ltr'>solum</span> 
     </span>
    </p>
   </div>
   <div class='ocr_carea' id='block_1_5' title="bbox 539 660 2129 719">
    <p class='ocr_par' dir='ltr' id='par_1_5' title="bbox 539 660 2129 719">
     <span class='ocr_line' id='line_1_5' title="bbox 539 660 2129 719; baseline 0 -2"><span class='ocrx_word' id='word_1_25' title='bbox 539 666 607 718; x_wconf 89' lang='lat' dir='ltr'>ad</span> <span class='ocrx_word' id='word_1_26' title='bbox 654 663 984 719; x_wconf 88' lang='lat' dir='ltr'>audiendum</span> <span class='ocrx_word' id='word_1_27' title='bbox 1012 664 1185 719; x_wconf 90' lang='lat' dir='ltr'>doctis</span> <span class='ocrx_word' id='word_1_28' title='bbox 1229 672 1286 719; x_wconf 92' lang='lat' dir='ltr'>et</span> <span class='ocrx_word' id='word_1_29' title='bbox 1324 662 1578 719; x_wconf 71' lang='lat' dir='ltr'><strong>litteratis</strong></span> <span class='ocrx_word' id='word_1_30' title='bbox 1608 662 1762 719; x_wconf 92' lang='lat' dir='ltr'>viris.</span> <span class='ocrx_word' id='word_1_31' title='bbox 1810 660 1922 717; x_wconf 87' lang='lat' dir='ltr'>Nec</span> <span class='ocrx_word' id='word_1_32' title='bbox 1950 670 2129 717; x_wconf 89' lang='lat' dir='ltr'>tamen</span> 
     </span>
    </p>
   </div>
   <div class='ocr_carea' id='block_1_6' title="bbox 542 754 2134 828">
    <p class='ocr_par' dir='ltr' id='par_1_6' title="bbox 542 754 2134 828">
     <span class='ocr_line' id='line_1_6' title="bbox 542 754 2134 828; baseline 0.001 -20"><span class='ocrx_word' id='word_1_33' title='bbox 542 754 650 811; x_wconf 88' lang='lat' dir='ltr'>ullo</span> <span class='ocrx_word' id='word_1_34' title='bbox 666 770 862 828; x_wconf 91' lang='lat' dir='ltr'>genere</span> <span class='ocrx_word' id='word_1_35' title='bbox 875 755 1228 827; x_wconf 83' lang='lat' dir='ltr'>philosophus</span> <span class='ocrx_word' id='word_1_36' title='bbox 1239 755 1485 812; x_wconf 82' lang='lat' dir='ltr'>concludi</span> <span class='ocrx_word' id='word_1_37' title='bbox 1502 772 1532 810; x_wconf 90' lang='lat' dir='ltr'>a</span> <span class='ocrx_word' id='word_1_38' title='bbox 1547 756 1781 826; x_wconf 92' lang='lat' dir='ltr'>quodam</span> <span class='ocrx_word' id='word_1_39' title='bbox 1808 763 2025 825; x_wconf 84' lang='lat' dir='ltr'><strong>poterat</strong></span> <span class='ocrx_word' id='word_1_40' title='bbox 2042 761 2134 809; x_wconf 91' lang='lat' dir='ltr'>aut</span> 
     </span>
    </p>
   </div>
   <div class='ocr_carea' id='block_1_7' title="bbox 540 846 2132 919">
    <p class='ocr_par' dir='ltr' id='par_1_7' title="bbox 540 846 2132 919">
     <span class='ocr_line' id='line_1_7' title="bbox 540 846 2132 919; baseline -0.001 -17"><span class='ocrx_word' id='word_1_41' title='bbox 540 848 858 919; x_wconf 78' lang='lat' dir='ltr'>constringi.</span> <span class='ocrx_word' id='word_1_42' title='bbox 907 846 1081 903; x_wconf 89' lang='lat' dir='ltr'>Tanta</span> <span class='ocrx_word' id='word_1_43' title='bbox 1110 848 1256 903; x_wconf 87' lang='lat' dir='ltr'>enim</span> <span class='ocrx_word' id='word_1_44' title='bbox 1286 848 1502 903; x_wconf 89' lang='lat' dir='ltr'>dicendi</span> <span class='ocrx_word' id='word_1_45' title='bbox 1552 856 1672 903; x_wconf 84' lang='lat' dir='ltr'>arte</span> <span class='ocrx_word' id='word_1_46' title='bbox 1718 846 1955 919; x_wconf 87' lang='lat' dir='ltr'>objectis</span> <span class='ocrx_word' id='word_1_47' title='bbox 1980 861 2132 917; x_wconf 68' lang='lat' dir='ltr'>qua:-</span> 
     </span>
    </p>
   </div>
   <div class='ocr_carea' id='block_1_8' title="bbox 539 936 2133 1010">
    <p class='ocr_par' dir='ltr' id='par_1_8' title="bbox 539 936 2133 1010">
     <span class='ocr_line' id='line_1_8' title="bbox 539 936 2133 1010; baseline -0.003 -15"><span class='ocrx_word' id='word_1_48' title='bbox 539 938 806 995; x_wconf 88' lang='lat' dir='ltr'>stionibus</span> <span class='ocrx_word' id='word_1_49' title='bbox 825 938 1180 1006; x_wconf 90' lang='lat' dir='ltr'>occurrebat,</span> <span class='ocrx_word' id='word_1_50' title='bbox 1204 948 1265 994; x_wconf 94' lang='lat' dir='ltr'>ut</span> <span class='ocrx_word' id='word_1_51' title='bbox 1285 938 1378 994; x_wconf 93' lang='lat' dir='ltr'>ubi</span> <span class='ocrx_word' id='word_1_52' title='bbox 1405 938 1641 995; x_wconf 79' lang='lat' dir='ltr'>maxime</span> <span class='ocrx_word' id='word_1_53' title='bbox 1660 947 1790 1010; x_wconf 91' lang='lat' dir='ltr'>puta</span> <span class='ocrx_word' id='word_1_54' title='bbox 1799 946 1949 993; x_wconf 89' lang='lat' dir='ltr'>retur</span> <span class='ocrx_word' id='word_1_55' title='bbox 1969 936 2133 992; x_wconf 89' lang='lat' dir='ltr'>astri-</span> 
     </span>
    </p>
   </div>
   <div class='ocr_carea' id='block_1_9' title="bbox 540 1030 2137 1103">
    <p class='ocr_par' dir='ltr' id='par_1_9' title="bbox 540 1030 2137 1103">
     <span class='ocr_line' id='line_1_9' title="bbox 540 1030 2137 1103; baseline -0.003 -14"><span class='ocrx_word' id='word_1_56' title='bbox 540 1042 662 1090; x_wconf 89' lang='lat' dir='ltr'>ctus</span> <span class='ocrx_word' id='word_1_57' title='bbox 690 1032 838 1089; x_wconf 91' lang='lat' dir='ltr'>velut</span> <span class='ocrx_word' id='word_1_58' title='bbox 864 1032 1057 1103; x_wconf 86' lang='lat' dir='ltr'>anguis</span> <span class='ocrx_word' id='word_1_59' title='bbox 1080 1032 1325 1089; x_wconf 87' lang='lat' dir='ltr'>lubricus</span> <span class='ocrx_word' id='word_1_60' title='bbox 1353 1031 1686 1089; x_wconf 85' lang='lat' dir='ltr'>elaberetur.</span> <span class='ocrx_word' id='word_1_61' title='bbox 1731 1030 1840 1088; x_wconf 90' lang='lat' dir='ltr'>Sed</span> <span class='ocrx_word' id='word_1_62' title='bbox 1871 1039 1932 1086; x_wconf 93' lang='lat' dir='ltr'>ut</span> <span class='ocrx_word' id='word_1_63' title='bbox 1951 1039 2137 1087; x_wconf 88' lang='lat' dir='ltr'>osten-</span> 
     </span>
    </p>
   </div>
   <div class='ocr_carea' id='block_1_10' title="bbox 539 1120 2135 1195">
    <p class='ocr_par' dir='ltr' id='par_1_10' title="bbox 539 1120 2135 1195">
     <span class='ocr_line' id='line_1_10' title="bbox 539 1120 2135 1195; baseline -0.004 -15"><span class='ocrx_word' id='word_1_64' title='bbox 539 1125 693 1181; x_wconf 88' lang='lat' dir='ltr'>deret</span> <span class='ocrx_word' id='word_1_65' title='bbox 749 1124 926 1191; x_wconf 85' lang='lat' dir='ltr'>Deus,</span> <span class='ocrx_word' id='word_1_66' title='bbox 954 1125 1081 1195; x_wconf 88' lang='lat' dir='ltr'>quia</span> <span class='ocrx_word' id='word_1_67' title='bbox 1133 1143 1152 1176; x_wconf 74' lang='grc' dir='ltr'>ι</span> <span class='ocrx_word' id='word_1_68' title='bbox 1190 1140 1299 1180; x_wconf 94' lang='lat' dir='ltr'>non</span> <span class='ocrx_word' id='word_1_69' title='bbox 1350 1123 1406 1179; x_wconf 91' lang='lat' dir='ltr'>in</span> <span class='ocrx_word' id='word_1_70' title='bbox 1454 1137 1706 1179; x_wconf 89' lang='lat' dir='ltr'>sermone</span> <span class='ocrx_word' id='word_1_71' title='bbox 1746 1137 1972 1193; x_wconf 78' lang='lat' dir='ltr'>regnum</span> <span class='ocrx_word' id='word_1_72' title='bbox 2002 1120 2135 1187; x_wconf 85' lang='lat' dir='ltr'>Dei,</span> 
     </span>
    </p>
   </div>
   <div class='ocr_carea' id='block_1_11' title="bbox 542 1217 2134 1291">
    <p class='ocr_par' dir='ltr' id='par_1_11' title="bbox 542 1217 2134 1291">
     <span class='ocr_line' id='line_1_11' title="bbox 542 1217 2134 1291; baseline -0.003 -16"><span class='ocrx_word' id='word_1_73' title='bbox 542 1219 640 1276; x_wconf 86' lang='lat' dir='ltr'>sed</span> <span class='ocrx_word' id='word_1_74' title='bbox 669 1219 728 1274; x_wconf 91' lang='lat' dir='ltr'>in</span> <span class='ocrx_word' id='word_1_75' title='bbox 756 1219 960 1274; x_wconf 88' lang='lat' dir='ltr'>virtute</span> <span class='ocrx_word' id='word_1_76' title='bbox 987 1218 1239 1276; x_wconf 88' lang='lat' dir='ltr'>consistit</span> <span class='ocrx_word' id='word_1_77' title='bbox 1272 1217 1324 1291; x_wconf 89' lang='grc' dir='ltr'>(ι</span> <span class='ocrx_word' id='word_1_78' title='bbox 1356 1218 1478 1274; x_wconf 88' lang='lat' dir='ltr'>Cor.</span> <span class='ocrx_word' id='word_1_79' title='bbox 1508 1234 1582 1285; x_wconf 82' lang='lat' dir='ltr'>tv,</span> <span class='ocrx_word' id='word_1_80' title='bbox 1611 1218 1731 1291; x_wconf 76' lang='lat'>20),</span> <span class='ocrx_word' id='word_1_81' title='bbox 1765 1237 1785 1271; x_wconf 79' lang='grc' dir='ltr'>ι</span> <span class='ocrx_word' id='word_1_82' title='bbox 1818 1217 2038 1289; x_wconf 87' lang='lat' dir='ltr'>quidam</span> <span class='ocrx_word' id='word_1_83' title='bbox 2067 1231 2134 1272; x_wconf 81' lang='lat' dir='ltr'>ex</span> 
     </span>
    </p>
   </div>
   <div class='ocr_carea' id='block_1_12' title="bbox 538 1308 2138 1382">
    <p class='ocr_par' dir='ltr' id='par_1_12' title="bbox 538 1308 2138 1382">
     <span class='ocr_line' id='line_1_12' title="bbox 538 1308 2138 1382; baseline -0.003 -14"><span class='ocrx_word' id='word_1_84' title='bbox 538 1310 978 1378; x_wconf 84' lang='lat' dir='ltr'>confessoribus,</span> <span class='ocrx_word' id='word_1_85' title='bbox 1028 1310 1448 1382; x_wconf 61' lang='lat' dir='ltr'>simplicissima:</span> <span class='ocrx_word' id='word_1_86' title='bbox 1498 1320 1708 1367; x_wconf 75' lang='lat' dir='ltr'>naturae</span> <span class='ocrx_word' id='word_1_87' title='bbox 1750 1310 1855 1377; x_wconf 89' lang='lat' dir='ltr'>vir,</span> <span class='ocrx_word' id='word_1_88' title='bbox 1904 1317 1962 1364; x_wconf 89' lang='lat' dir='ltr'>et</span> <span class='ocrx_word' id='word_1_89' title='bbox 2004 1308 2138 1364; x_wconf 88' lang='lat' dir='ltr'>nihil</span> 
     </span>
    </p>
   </div>
   <div class='ocr_carea' id='block_1_13' title="bbox 538 1401 2141 1471">
    <p class='ocr_par' dir='ltr' id='par_1_13' title="bbox 538 1401 2141 1471">
     <span class='ocr_line' id='line_1_13' title="bbox 538 1401 2141 1471; baseline 0 -15"><span class='ocrx_word' id='word_1_90' title='bbox 538 1401 684 1458; x_wconf 89' lang='lat' dir='ltr'>aliud</span> <span class='ocrx_word' id='word_1_91' title='bbox 709 1402 889 1458; x_wconf 85' lang='lat' dir='ltr'>sciens</span> <span class='ocrx_word' id='word_1_92' title='bbox 934 1420 954 1453; x_wconf 75' lang='grc' dir='ltr'>ι</span> <span class='ocrx_word' id='word_1_93' title='bbox 994 1402 1099 1458; x_wconf 91' lang='lat' dir='ltr'>nisi</span> <span class='ocrx_word' id='word_1_94' title='bbox 1142 1401 1420 1459; x_wconf 89' lang='lat' dir='ltr'>Christum</span> <span class='ocrx_word' id='word_1_95' title='bbox 1463 1402 1679 1471; x_wconf 83' lang='lat' dir='ltr'>Jesum,</span> <span class='ocrx_word' id='word_1_96' title='bbox 1708 1410 1766 1459; x_wconf 88' lang='lat' dir='ltr'>et</span> <span class='ocrx_word' id='word_1_97' title='bbox 1798 1403 1942 1459; x_wconf 90' lang='lat' dir='ltr'>hunc</span> <span class='ocrx_word' id='word_1_98' title='bbox 1965 1401 2141 1457; x_wconf 90' lang='lat' dir='ltr'>cruci-</span> 
     </span>
    </p>
   </div>
   <div class='ocr_carea' id='block_1_14' title="bbox 538 1492 2143 1567">
    <p class='ocr_par' dir='ltr' id='par_1_14' title="bbox 538 1492 2143 1567">
     <span class='ocr_line' id='line_1_14' title="bbox 538 1492 2143 1567; baseline -0.001 -18"><span class='ocrx_word' id='word_1_99' title='bbox 538 1494 708 1549; x_wconf 75' lang='lat' dir='ltr'>ﬁxum</span> <span class='ocrx_word' id='word_1_100' title='bbox 744 1493 797 1567; x_wconf 90' lang='grc' dir='ltr'>(Ι</span> <span class='ocrx_word' id='word_1_101' title='bbox 842 1492 967 1550; x_wconf 84' lang='lat' dir='ltr'>Cor.</span> <span class='ocrx_word' id='word_1_102' title='bbox 999 1511 1063 1562; x_wconf 89' lang='grc' dir='ltr'>ιι,</span> <span class='ocrx_word' id='word_1_103' title='bbox 1110 1495 1192 1566; x_wconf 76' lang='lat'>2),</span> <span class='ocrx_word' id='word_1_104' title='bbox 1229 1515 1250 1548; x_wconf 81' lang='grc' dir='ltr'>ι</span> <span class='ocrx_word' id='word_1_105' title='bbox 1281 1496 1423 1552; x_wconf 90' lang='lat' dir='ltr'>inter</span> <span class='ocrx_word' id='word_1_106' title='bbox 1451 1505 1679 1553; x_wconf 65' lang='lat' dir='ltr'>caeteros</span> <span class='ocrx_word' id='word_1_107' title='bbox 1723 1496 1998 1552; x_wconf 88' lang='lat' dir='ltr'>auditores</span> <span class='ocrx_word' id='word_1_108' title='bbox 2028 1494 2143 1565; x_wconf 88' lang='lat' dir='ltr'>epi-</span> 
     </span>
    </p>
   </div>
   <div class='ocr_carea' id='block_1_15' title="bbox 550 1585 2141 1658">
    <p class='ocr_par' dir='ltr' id='par_1_15' title="bbox 550 1585 2141 1658">
     <span class='ocr_line' id='line_1_15' title="bbox 550 1585 2141 1658; baseline -0.002 -17"><span class='ocrx_word' id='word_1_109' title='bbox 550 1600 747 1656; x_wconf 89' lang='lat' dir='ltr'>scopos</span> <span class='ocrx_word' id='word_1_110' title='bbox 769 1585 981 1641; x_wconf 85' lang='lat' dir='ltr'>aderat.</span> <span class='ocrx_word' id='word_1_111' title='bbox 1014 1586 1118 1654; x_wconf 84' lang='lat' dir='ltr'>Qui</span> <span class='ocrx_word' id='word_1_112' title='bbox 1149 1602 1273 1643; x_wconf 89' lang='lat' dir='ltr'>cum</span> <span class='ocrx_word' id='word_1_113' title='bbox 1301 1588 1528 1643; x_wconf 81' lang='lat' dir='ltr'>vidisset</span> <span class='ocrx_word' id='word_1_114' title='bbox 1563 1586 1943 1658; x_wconf 88' lang='lat' dir='ltr'>philosophum</span> <span class='ocrx_word' id='word_1_115' title='bbox 1979 1585 2141 1640; x_wconf 84' lang='lat' dir='ltr'>insul-</span> 
     </span>
    </p>
   </div>
   <div class='ocr_carea' id='block_1_16' title="bbox 545 1676 2142 1751">
    <p class='ocr_par' dir='ltr' id='par_1_16' title="bbox 545 1676 2142 1751">
     <span class='ocr_line' id='line_1_16' title="bbox 545 1676 2142 1751; baseline 0.002 -21"><span class='ocrx_word' id='word_1_116' title='bbox 545 1682 751 1731; x_wconf 84' lang='lat' dir='ltr'>tantem</span> <span class='ocrx_word' id='word_1_117' title='bbox 781 1676 1013 1743; x_wconf 87' lang='lat' dir='ltr'>nostris,</span> <span class='ocrx_word' id='word_1_118' title='bbox 1049 1686 1106 1733; x_wconf 89' lang='lat' dir='ltr'>et</span> <span class='ocrx_word' id='word_1_119' title='bbox 1132 1676 1330 1734; x_wconf 89' lang='lat' dir='ltr'>callida</span> <span class='ocrx_word' id='word_1_120' title='bbox 1376 1693 1437 1735; x_wconf 91' lang='lat' dir='ltr'>se</span> <span class='ocrx_word' id='word_1_121' title='bbox 1470 1678 1857 1751; x_wconf 87' lang='lat' dir='ltr'>disputationis</span> <span class='ocrx_word' id='word_1_122' title='bbox 1884 1688 2000 1733; x_wconf 85' lang='lat' dir='ltr'>arte</span> <span class='ocrx_word' id='word_1_123' title='bbox 2022 1676 2142 1747; x_wconf 86' lang='lat' dir='ltr'>jac-</span> 
     </span>
    </p>
   </div>
   <div class='ocr_carea' id='block_1_17' title="bbox 540 1769 2142 1840">
    <p class='ocr_par' dir='ltr' id='par_1_17' title="bbox 540 1769 2142 1840">
     <span class='ocr_line' id='line_1_17' title="bbox 540 1769 2142 1840; baseline 0.002 -18"><span class='ocrx_word' id='word_1_124' title='bbox 540 1776 786 1834; x_wconf 89' lang='lat' dir='ltr'>tantem,</span> <span class='ocrx_word' id='word_1_125' title='bbox 812 1769 989 1839; x_wconf 87' lang='lat' dir='ltr'>poscit</span> <span class='ocrx_word' id='word_1_126' title='bbox 1029 1770 1099 1825; x_wconf 94' lang='lat' dir='ltr'>ab</span> <span class='ocrx_word' id='word_1_127' title='bbox 1133 1770 1388 1828; x_wconf 91' lang='lat' dir='ltr'>omnibus</span> <span class='ocrx_word' id='word_1_128' title='bbox 1432 1770 1612 1827; x_wconf 91' lang='lat' dir='ltr'>locum</span> <span class='ocrx_word' id='word_1_129' title='bbox 1659 1770 1797 1827; x_wconf 81' lang='lat' dir='ltr'>velle</span> <span class='ocrx_word' id='word_1_130' title='bbox 1843 1786 1904 1826; x_wconf 88' lang='lat' dir='ltr'>se</span> <span class='ocrx_word' id='word_1_131' title='bbox 1952 1771 2142 1840; x_wconf 87' lang='lat' dir='ltr'>paucis</span> 
     </span>
    </p>
   </div>
   <div class='ocr_carea' id='block_1_18' title="bbox 543 1862 2143 1934">
    <p class='ocr_par' dir='ltr' id='par_1_18' title="bbox 543 1862 2143 1934">
     <span class='ocr_line' id='line_1_18' title="bbox 543 1862 2143 1934; baseline 0.002 -19"><span class='ocrx_word' id='word_1_132' title='bbox 543 1876 666 1916; x_wconf 85' lang='lat' dir='ltr'>cum</span> <span class='ocrx_word' id='word_1_133' title='bbox 693 1862 1018 1933; x_wconf 90' lang='lat' dir='ltr'>philosopho</span> <span class='ocrx_word' id='word_1_134' title='bbox 1049 1864 1429 1920; x_wconf 89' lang='lat' dir='ltr'>sermocinari.</span> <span class='ocrx_word' id='word_1_135' title='bbox 1491 1863 1629 1919; x_wconf 89' lang='lat' dir='ltr'>Tum</span> <span class='ocrx_word' id='word_1_136' title='bbox 1674 1880 1804 1921; x_wconf 89' lang='lat' dir='ltr'>vero</span> <span class='ocrx_word' id='word_1_137' title='bbox 1848 1864 2021 1919; x_wconf 85' lang='lat' dir='ltr'>nostri</span> <span class='ocrx_word' id='word_1_138' title='bbox 2049 1863 2143 1934; x_wconf 88' lang='lat' dir='ltr'>qui</span> 
     </span>
    </p>
   </div>
   <div class='ocr_carea' id='block_1_19' title="bbox 2232 655 3776 736">
    <p class='ocr_par' dir='ltr' id='par_1_19' title="bbox 2232 655 3776 736">
     <span class='ocr_line' id='line_1_19' title="bbox 2232 655 3776 736; baseline -0.001 -19"><span class='ocrx_word' id='word_1_139' title='bbox 2232 662 2409 736; x_wconf 89' lang='lat' dir='ltr'>potuit</span> <span class='ocrx_word' id='word_1_140' title='bbox 2437 659 2769 731; x_wconf 90' lang='lat' dir='ltr'>respondere</span> <span class='ocrx_word' id='word_1_141' title='bbox 2801 676 2814 713; x_wconf 89' lang='lat'>:</span> <span class='ocrx_word' id='word_1_142' title='bbox 2856 657 2936 713; x_wconf 82' lang='lat' dir='ltr'>Ita</span> <span class='ocrx_word' id='word_1_143' title='bbox 2962 656 3063 713; x_wconf 88' lang='lat' dir='ltr'>sibi</span> <span class='ocrx_word' id='word_1_144' title='bbox 3088 655 3284 723; x_wconf 85' lang='lat' dir='ltr'>videri,</span> <span class='ocrx_word' id='word_1_145' title='bbox 3310 670 3415 712; x_wconf 89' lang='lat' dir='ltr'>nec</span> <span class='ocrx_word' id='word_1_146' title='bbox 3457 655 3597 711; x_wconf 87' lang='lat' dir='ltr'>aliud</span> <span class='ocrx_word' id='word_1_147' title='bbox 3626 672 3776 716; x_wconf 85' lang='lat' dir='ltr'>verum</span> 
     </span>
    </p>
   </div>
   <div class='ocr_carea' id='block_1_20' title="bbox 2233 749 3780 824">
    <p class='ocr_par' dir='ltr' id='par_1_20' title="bbox 2233 749 3780 824">
     <span class='ocr_line' id='line_1_20' title="bbox 2233 749 3780 824; baseline -0.003 -11"><span class='ocrx_word' id='word_1_148' title='bbox 2233 769 2356 813; x_wconf 91' lang='lat' dir='ltr'>esse</span> <span class='ocrx_word' id='word_1_149' title='bbox 2384 769 2548 824; x_wconf 91' lang='lat' dir='ltr'>quam</span> <span class='ocrx_word' id='word_1_150' title='bbox 2586 753 2819 809; x_wconf 81' lang='lat' dir='ltr'>dixerat.</span> <span class='ocrx_word' id='word_1_151' title='bbox 2853 750 3005 806; x_wconf 83' lang='lat' dir='ltr'>Tunc</span> <span class='ocrx_word' id='word_1_152' title='bbox 3052 749 3235 806; x_wconf 86' lang='lat' dir='ltr'>senior</span> <span class='ocrx_word' id='word_1_153' title='bbox 3262 750 3383 806; x_wconf 69' lang='lat' dir='ltr'>haec</span> <span class='ocrx_word' id='word_1_154' title='bbox 3410 750 3620 821; x_wconf 88' lang='lat' dir='ltr'>inquit:</span> <span class='ocrx_word' id='word_1_155' title='bbox 3646 750 3695 806; x_wconf 89' lang='lat' dir='ltr'>Si</span> <span class='ocrx_word' id='word_1_156' title='bbox 3723 754 3780 808; x_wconf 85' lang='lat' dir='ltr'>ita</span> 
     </span>
    </p>
   </div>
   <div class='ocr_carea' id='block_1_21' title="bbox 2234 841 3780 914">
    <p class='ocr_par' dir='ltr' id='par_1_21' title="bbox 2234 841 3780 914">
     <span class='ocr_line' id='line_1_21' title="bbox 2234 841 3780 914; baseline -0.002 -11"><span class='ocrx_word' id='word_1_157' title='bbox 2234 862 2357 903; x_wconf 89' lang='lat' dir='ltr'>esse</span> <span class='ocrx_word' id='word_1_158' title='bbox 2405 844 2715 913; x_wconf 85' lang='lat' dir='ltr'>credidisti,</span> <span class='ocrx_word' id='word_1_159' title='bbox 2747 858 2945 914; x_wconf 88' lang='lat' dir='ltr'>surge,</span> <span class='ocrx_word' id='word_1_160' title='bbox 2995 851 3051 898; x_wconf 90' lang='lat' dir='ltr'>ct</span> <span class='ocrx_word' id='word_1_161' title='bbox 3098 856 3329 912; x_wconf 87' lang='lat' dir='ltr'>sequere</span> <span class='ocrx_word' id='word_1_162' title='bbox 3379 857 3486 899; x_wconf 87' lang='lat' dir='ltr'>me-</span> <span class='ocrx_word' id='word_1_163' title='bbox 3515 841 3581 898; x_wconf 90' lang='lat' dir='ltr'>ad</span> <span class='ocrx_word' id='word_1_164' title='bbox 3631 843 3780 901; x_wconf 90' lang='lat' dir='ltr'>Domi-</span> 
     </span>
    </p>
   </div>
   <div class='ocr_carea' id='block_1_22' title="bbox 2235 935 3775 1011">
    <p class='ocr_par' dir='ltr' id='par_1_22' title="bbox 2235 935 3775 1011">
     <span class='ocr_line' id='line_1_22' title="bbox 2235 935 3775 1011; baseline -0.005 -13"><span class='ocrx_word' id='word_1_165' title='bbox 2235 942 2452 1008; x_wconf 91' lang='lat' dir='ltr'>nicum,</span> <span class='ocrx_word' id='word_1_166' title='bbox 2484 948 2542 995; x_wconf 92' lang='lat' dir='ltr'>et</span> <span class='ocrx_word' id='word_1_167' title='bbox 2585 938 2746 1011; x_wconf 88' lang='lat' dir='ltr'>hujus</span> <span class='ocrx_word' id='word_1_168' title='bbox 2795 937 2922 995; x_wconf 92' lang='lat' dir='ltr'>ﬁdei</span> <span class='ocrx_word' id='word_1_169' title='bbox 2971 937 3311 1008; x_wconf 87' lang='lat' dir='ltr'>signaculum</span> <span class='ocrx_word' id='word_1_170' title='bbox 3341 935 3570 1006; x_wconf 84' lang='lat' dir='ltr'>suscipe.</span> <span class='ocrx_word' id='word_1_171' title='bbox 3619 935 3680 990; x_wconf 82' lang='lat' dir='ltr'>Et</span> <span class='ocrx_word' id='word_1_172' title='bbox 3716 936 3775 991; x_wconf 84' lang='lat' dir='ltr'>ita</span> 
     </span>
    </p>
   </div>
   <div class='ocr_carea' id='block_1_23' title="bbox 2235 1028 3784 1106">
    <p class='ocr_par' dir='ltr' id='par_1_23' title="bbox 2235 1028 3784 1106">
     <span class='ocr_line' id='line_1_23' title="bbox 2235 1028 3784 1106; baseline -0.003 -16"><span class='ocrx_word' id='word_1_173' title='bbox 2235 1034 2590 1106; x_wconf 90' lang='lat' dir='ltr'>philosophus</span> <span class='ocrx_word' id='word_1_174' title='bbox 2614 1031 2963 1088; x_wconf 86' lang='lat' dir='ltr'>Christianus</span> <span class='ocrx_word' id='word_1_175' title='bbox 2991 1028 3219 1087; x_wconf 83' lang='lat' dir='ltr'>eﬁ‘ectus</span> <span class='ocrx_word' id='word_1_176' title='bbox 3254 1030 3476 1085; x_wconf 88' lang='lat' dir='ltr'>tandem</span> <span class='ocrx_word' id='word_1_177' title='bbox 3503 1043 3560 1085; x_wconf 88' lang='lat' dir='ltr'>se</span> <span class='ocrx_word' id='word_1_178' title='bbox 3590 1028 3784 1100; x_wconf 86' lang='lat' dir='ltr'>gratula-</span> 
     </span>
    </p>
   </div>
   <div class='ocr_carea' id='block_1_24' title="bbox 2239 1124 3785 1196">
    <p class='ocr_par' dir='ltr' id='par_1_24' title="bbox 2239 1124 3785 1196">
     <span class='ocr_line' id='line_1_24' title="bbox 2239 1124 3785 1196; baseline -0.001 -13"><span class='ocrx_word' id='word_1_179' title='bbox 2239 1137 2326 1185; x_wconf 89' lang='lat' dir='ltr'>tus</span> <span class='ocrx_word' id='word_1_180' title='bbox 2349 1138 2438 1184; x_wconf 89' lang='lat' dir='ltr'>est</span> <span class='ocrx_word' id='word_1_181' title='bbox 2458 1128 2683 1184; x_wconf 88' lang='lat' dir='ltr'>victum.</span> <span class='ocrx_word' id='word_1_182' title='bbox 2710 1126 2769 1181; x_wconf 88' lang='lat' dir='ltr'>In</span> <span class='ocrx_word' id='word_1_183' title='bbox 2795 1126 2889 1183; x_wconf 92' lang='lat' dir='ltr'>illo</span> <span class='ocrx_word' id='word_1_184' title='bbox 2911 1127 3079 1182; x_wconf 88' lang='lat' dir='ltr'>etiam</span> <span class='ocrx_word' id='word_1_185' title='bbox 3100 1126 3338 1183; x_wconf 92' lang='lat' dir='ltr'>concilio</span> <span class='ocrx_word' id='word_1_186' title='bbox 3364 1124 3470 1181; x_wconf 91' lang='lat' dir='ltr'>fuit</span> <span class='ocrx_word' id='word_1_187' title='bbox 3495 1124 3785 1196; x_wconf 79' lang='lat' dir='ltr'>Paphnutius</span> 
     </span>
    </p>
   </div>
   <div class='ocr_carea' id='block_1_25' title="bbox 2238 1219 3784 1293">
    <p class='ocr_par' dir='ltr' id='par_1_25' title="bbox 2238 1219 3784 1293">
     <span class='ocr_line' id='line_1_25' title="bbox 2238 1219 3784 1293; baseline -0.001 -15"><span class='ocrx_word' id='word_1_188' title='bbox 2238 1223 2402 1279; x_wconf 93' lang='lat' dir='ltr'>homo</span> <span class='ocrx_word' id='word_1_189' title='bbox 2432 1222 2527 1278; x_wconf 90' lang='lat' dir='ltr'>Dei</span> <span class='ocrx_word' id='word_1_190' title='bbox 2559 1224 2847 1293; x_wconf 90' lang='lat' dir='ltr'>episcopus</span> <span class='ocrx_word' id='word_1_191' title='bbox 2892 1219 3149 1292; x_wconf 65' lang='lat' dir='ltr'>Egypti,</span> <span class='ocrx_word' id='word_1_192' title='bbox 3184 1219 3240 1274; x_wconf 90' lang='lat' dir='ltr'>in</span> <span class='ocrx_word' id='word_1_193' title='bbox 3283 1235 3394 1289; x_wconf 92' lang='lat' dir='ltr'>quo</span> <span class='ocrx_word' id='word_1_194' title='bbox 3437 1228 3583 1274; x_wconf 87' lang='lat' dir='ltr'>tanta</span> <span class='ocrx_word' id='word_1_195' title='bbox 3622 1219 3784 1276; x_wconf 89' lang='lat' dir='ltr'>virtute</span> 
     </span>
    </p>
   </div>
   <div class='ocr_carea' id='block_1_26' title="bbox 2241 1311 3783 1388">
    <p class='ocr_par' dir='ltr' id='par_1_26' title="bbox 2241 1311 3783 1388">
     <span class='ocr_line' id='line_1_26' title="bbox 2241 1311 3783 1388; baseline -0.005 -16"><span class='ocrx_word' id='word_1_196' title='bbox 2241 1316 2423 1372; x_wconf 89' lang='lat' dir='ltr'>inerat</span> <span class='ocrx_word' id='word_1_197' title='bbox 2456 1316 2667 1388; x_wconf 89' lang='lat' dir='ltr'>gratia,</span> <span class='ocrx_word' id='word_1_198' title='bbox 2705 1322 2767 1370; x_wconf 87' lang='lat' dir='ltr'>ut</span> <span class='ocrx_word' id='word_1_199' title='bbox 2809 1314 2961 1385; x_wconf 88' lang='lat' dir='ltr'>signa</span> <span class='ocrx_word' id='word_1_200' title='bbox 3006 1328 3105 1384; x_wconf 91' lang='lat' dir='ltr'>per</span> <span class='ocrx_word' id='word_1_201' title='bbox 3139 1329 3263 1369; x_wconf 89' lang='lat' dir='ltr'>eum</span> <span class='ocrx_word' id='word_1_202' title='bbox 3312 1329 3420 1369; x_wconf 91' lang='lat' dir='ltr'>non</span> <span class='ocrx_word' id='word_1_203' title='bbox 3466 1311 3635 1367; x_wconf 89' lang='lat' dir='ltr'>minus</span> <span class='ocrx_word' id='word_1_204' title='bbox 3656 1327 3783 1381; x_wconf 84' lang='lat' dir='ltr'>quam</span> 
     </span>
    </p>
   </div>
   <div class='ocr_carea' id='block_1_27' title="bbox 2241 1404 3785 1479">
    <p class='ocr_par' dir='ltr' id='par_1_27' title="bbox 2241 1404 3785 1479">
     <span class='ocr_line' id='line_1_27' title="bbox 2241 1404 3785 1479; baseline -0.005 -15"><span class='ocrx_word' id='word_1_205' title='bbox 2241 1408 2443 1464; x_wconf 91' lang='lat' dir='ltr'>dudum</span> <span class='ocrx_word' id='word_1_206' title='bbox 2468 1424 2567 1479; x_wconf 90' lang='lat' dir='ltr'>per</span> <span class='ocrx_word' id='word_1_207' title='bbox 2592 1406 2868 1479; x_wconf 89' lang='lat' dir='ltr'>apostolos</span> <span class='ocrx_word' id='word_1_208' title='bbox 2904 1407 3123 1462; x_wconf 85' lang='lat' dir='ltr'>tierent.</span> <span class='ocrx_word' id='word_1_209' title='bbox 3154 1404 3274 1473; x_wconf 85' lang='lat' dir='ltr'>Quo</span> <span class='ocrx_word' id='word_1_210' title='bbox 3304 1404 3474 1460; x_wconf 86' lang='lat' dir='ltr'>etiam</span> <span class='ocrx_word' id='word_1_211' title='bbox 3505 1404 3557 1459; x_wconf 92' lang='lat' dir='ltr'>in</span> <span class='ocrx_word' id='word_1_212' title='bbox 3588 1412 3785 1475; x_wconf 83' lang='lat' dir='ltr'>tempore</span> 
     </span>
    </p>
   </div>
   <div class='ocr_carea' id='block_1_28' title="bbox 2241 1496 3783 1573">
    <p class='ocr_par' dir='ltr' id='par_1_28' title="bbox 2241 1496 3783 1573">
     <span class='ocr_line' id='line_1_28' title="bbox 2241 1496 3783 1573; baseline -0.005 -16"><span class='ocrx_word' id='word_1_213' title='bbox 2241 1510 2297 1557; x_wconf 91' lang='lat' dir='ltr'>et</span> <span class='ocrx_word' id='word_1_214' title='bbox 2326 1500 2614 1573; x_wconf 87' lang='lat' dir='ltr'>Spyridion</span> <span class='ocrx_word' id='word_1_215' title='bbox 2641 1499 2871 1571; x_wconf 84' lang='lat' dir='ltr'>Cyprius</span> <span class='ocrx_word' id='word_1_216' title='bbox 2910 1500 3202 1570; x_wconf 89' lang='lat' dir='ltr'>episcopus</span> <span class='ocrx_word' id='word_1_217' title='bbox 3246 1498 3477 1570; x_wconf 88' lang='lat' dir='ltr'>insignis</span> <span class='ocrx_word' id='word_1_218' title='bbox 3514 1496 3783 1552; x_wconf 81' lang='lat' dir='ltr'>habebatur.</span> 
     </span>
    </p>
   </div>
   <div class='ocr_carea' id='block_1_29' title="bbox 2243 1581 3783 1663">
    <p class='ocr_par' dir='ltr' id='par_1_29' title="bbox 2243 1581 3783 1663">
     <span class='ocr_line' id='line_1_29' title="bbox 2243 1581 3783 1663; baseline -0.003 -15"><span class='ocrx_word' id='word_1_219' title='bbox 2243 1592 2402 1649; x_wconf 85' lang='lat' dir='ltr'>Tales</span> <span class='ocrx_word' id='word_1_220' title='bbox 2433 1593 2599 1663; x_wconf 87' lang='lat' dir='ltr'>igitur</span> <span class='ocrx_word' id='word_1_221' title='bbox 2625 1593 2679 1647; x_wconf 91' lang='lat' dir='ltr'>in</span> <span class='ocrx_word' id='word_1_222' title='bbox 2708 1592 2813 1648; x_wconf 85' lang='lat' dir='ltr'>illis</span> <span class='ocrx_word' id='word_1_223' title='bbox 2842 1592 3021 1647; x_wconf 91' lang='lat' dir='ltr'>adhuc</span> <span class='ocrx_word' id='word_1_224' title='bbox 3047 1590 3390 1663; x_wconf 89' lang='lat' dir='ltr'>temporibus</span> <span class='ocrx_word' id='word_1_225' title='bbox 3436 1581 3586 1644; x_wconf 77' lang='lat' dir='ltr'>multi</span> <span class='ocrx_word' id='word_1_226' title='bbox 3628 1589 3710 1644; x_wconf 89' lang='lat' dir='ltr'>viri</span> <span class='ocrx_word' id='word_1_227' title='bbox 3745 1590 3783 1643; x_wconf 89' lang='lat' dir='ltr'>in</span> 
     </span>
    </p>
   </div>
   <div class='ocr_carea' id='block_1_30' title="bbox 2242 1682 3784 1757">
    <p class='ocr_par' dir='ltr' id='par_1_30' title="bbox 2242 1682 3784 1757">
     <span class='ocr_line' id='line_1_30' title="bbox 2242 1682 3784 1757; baseline -0.005 -15"><span class='ocrx_word' id='word_1_228' title='bbox 2242 1686 2505 1742; x_wconf 84' lang='lat' dir='ltr'>Ecclesiis</span> <span class='ocrx_word' id='word_1_229' title='bbox 2530 1686 2744 1742; x_wconf 89' lang='lat' dir='ltr'>Domini</span> <span class='ocrx_word' id='word_1_230' title='bbox 2781 1684 3151 1757; x_wconf 84' lang='lat' dir='ltr'>refulgebant,</span> <span class='ocrx_word' id='word_1_231' title='bbox 3185 1701 3254 1740; x_wconf 77' lang='lat' dir='ltr'>ex</span> <span class='ocrx_word' id='word_1_232' title='bbox 3299 1684 3498 1755; x_wconf 85' lang='lat' dir='ltr'>quibus</span> <span class='ocrx_word' id='word_1_233' title='bbox 3532 1682 3722 1753; x_wconf 84' lang='lat' dir='ltr'>plurimi</span> <span class='ocrx_word' id='word_1_234' title='bbox 3745 1683 3784 1736; x_wconf 91' lang='lat' dir='ltr'>in</span> 
     </span>
    </p>
   </div>
   <div class='ocr_carea' id='block_1_31' title="bbox 2244 1773 3781 1847">
    <p class='ocr_par' dir='ltr' id='par_1_31' title="bbox 2244 1773 3781 1847">
     <span class='ocr_line' id='line_1_31' title="bbox 2244 1773 3781 1847; baseline -0.003 -17"><span class='ocrx_word' id='word_1_235' title='bbox 2244 1776 2335 1832; x_wconf 92' lang='lat' dir='ltr'>illo</span> <span class='ocrx_word' id='word_1_236' title='bbox 2357 1776 2587 1833; x_wconf 88' lang='lat' dir='ltr'>concilio</span> <span class='ocrx_word' id='word_1_237' title='bbox 2614 1776 2853 1833; x_wconf 90' lang='lat' dir='ltr'>fuerunt.</span> <span class='ocrx_word' id='word_1_238' title='bbox 2879 1775 3091 1831; x_wconf 87' lang='lat' dir='ltr'>Interea</span> <span class='ocrx_word' id='word_1_239' title='bbox 3130 1791 3228 1847; x_wconf 89' lang='lat' dir='ltr'>per</span> <span class='ocrx_word' id='word_1_240' title='bbox 3253 1775 3379 1830; x_wconf 88' lang='lat' dir='ltr'>dies</span> <span class='ocrx_word' id='word_1_241' title='bbox 3402 1773 3635 1846; x_wconf 86' lang='lat' dir='ltr'>singulos</span> <span class='ocrx_word' id='word_1_242' title='bbox 3656 1774 3781 1843; x_wconf 77' lang='lat' dir='ltr'>agita~</span> 
     </span>
    </p>
   </div>
   <div class='ocr_carea' id='block_1_32' title="bbox 2206 1866 3783 1936">
    <p class='ocr_par' dir='ltr' id='par_1_32' title="bbox 2206 1866 3783 1936">
     <span class='ocr_line' id='line_1_32' title="bbox 2206 1866 3783 1936; baseline -0.003 -12"><span class='ocrx_word' id='word_1_243' title='bbox 2206 1869 2406 1924; x_wconf 78' lang='lat' dir='ltr'>~batur</span> <span class='ocrx_word' id='word_1_244' title='bbox 2435 1877 2763 1936; x_wconf 87' lang='lat' dir='ltr'>conventus,</span> <span class='ocrx_word' id='word_1_245' title='bbox 2803 1883 2905 1925; x_wconf 90' lang='lat' dir='ltr'>nec</span> <span class='ocrx_word' id='word_1_246' title='bbox 2952 1866 3111 1924; x_wconf 82' lang='lat' dir='ltr'>facile</span> <span class='ocrx_word' id='word_1_247' title='bbox 3156 1882 3251 1923; x_wconf 89' lang='lat' dir='ltr'>aut</span> <span class='ocrx_word' id='word_1_248' title='bbox 3280 1880 3484 1924; x_wconf 86' lang='lat' dir='ltr'>temere</span> <span class='ocrx_word' id='word_1_249' title='bbox 3529 1877 3662 1922; x_wconf 87' lang='lat' dir='ltr'>tanta</span> <span class='ocrx_word' id='word_1_250' title='bbox 3702 1874 3783 1920; x_wconf 84' lang='lat' dir='ltr'>sta-</span> 
     </span>
    </p>
   </div>
   <div class='ocr_carea' id='block_1_33' title="bbox 543 1953 3784 2032">
    <p class='ocr_par' dir='ltr' id='par_1_33' title="bbox 543 1953 3784 2032">
     <span class='ocr_line' id='line_1_33' title="bbox 543 1953 3784 2032; baseline 0.001 -21"><span class='ocrx_word' id='word_1_251' title='bbox 543 1953 949 2026; x_wconf 86' lang='lat' dir='ltr'>simplicitatem</span> <span class='ocrx_word' id='word_1_252' title='bbox 977 1957 1083 2012; x_wconf 91' lang='lat' dir='ltr'>viri</span> <span class='ocrx_word' id='word_1_253' title='bbox 1103 1966 1159 2013; x_wconf 91' lang='lat' dir='ltr'>et</span> <span class='ocrx_word' id='word_1_254' title='bbox 1190 1958 1520 2029; x_wconf 82' lang='lat' dir='ltr'>imperitiam</span> <span class='ocrx_word' id='word_1_255' title='bbox 1556 1959 1611 2013; x_wconf 90' lang='lat' dir='ltr'>in</span> <span class='ocrx_word' id='word_1_256' title='bbox 1654 1972 1908 2015; x_wconf 90' lang='lat' dir='ltr'>sermone</span> <span class='ocrx_word' id='word_1_257' title='bbox 1942 1957 2137 2012; x_wconf 87' lang='lat' dir='ltr'>dunta-</span> <span class='ocrx_word' id='word_1_258' title='bbox 2166 1966 2215 2026; x_wconf 85' lang='grc' dir='ltr'><strong>Β</strong></span> <span class='ocrx_word' id='word_1_259' title='bbox 2245 1973 2396 2018; x_wconf 87' lang='lat' dir='ltr'>tuere</span> <span class='ocrx_word' id='word_1_260' title='bbox 2441 1962 2750 2031; x_wconf 89' lang='lat' dir='ltr'>audebant,</span> <span class='ocrx_word' id='word_1_261' title='bbox 2792 1973 2848 2017; x_wconf 89' lang='lat' dir='ltr'>et</span> <span class='ocrx_word' id='word_1_262' title='bbox 2898 1963 3195 2018; x_wconf 86' lang='lat' dir='ltr'>vocabatur</span> <span class='ocrx_word' id='word_1_263' title='bbox 3224 1962 3394 2017; x_wconf 83' lang='lat' dir='ltr'>Arius</span> <span class='ocrx_word' id='word_1_264' title='bbox 3419 1961 3706 2032; x_wconf 87' lang='lat' dir='ltr'>frequenter</span> <span class='ocrx_word' id='word_1_265' title='bbox 3743 1960 3784 2013; x_wconf 89' lang='lat' dir='ltr'>in</span> 
     </span>
    </p>
   </div>
   <div class='ocr_carea' id='block_1_34' title="bbox 546 2048 2135 2121">
    <p class='ocr_par' dir='ltr' id='par_1_34' title="bbox 546 2048 2135 2121">
     <span class='ocr_line' id='line_1_34' title="bbox 546 2048 2135 2121; baseline 0 -18"><span class='ocrx_word' id='word_1_266' title='bbox 546 2057 645 2103; x_wconf 78' lang='lat' dir='ltr'>xat</span> <span class='ocrx_word' id='word_1_267' title='bbox 669 2058 924 2116; x_wconf 89' lang='lat' dir='ltr'>nossent,</span> <span class='ocrx_word' id='word_1_268' title='bbox 948 2064 1151 2120; x_wconf 86' lang='lat' dir='ltr'>pavere</span> <span class='ocrx_word' id='word_1_269' title='bbox 1170 2059 1226 2105; x_wconf 90' lang='lat' dir='ltr'>et</span> <span class='ocrx_word' id='word_1_270' title='bbox 1246 2050 1393 2105; x_wconf 86' lang='lat' dir='ltr'>velut</span> <span class='ocrx_word' id='word_1_271' title='bbox 1413 2053 1676 2121; x_wconf 89' lang='lat' dir='ltr'>pudorem</span> <span class='ocrx_word' id='word_1_272' title='bbox 1699 2050 1994 2120; x_wconf 88' lang='lat' dir='ltr'>quemdam</span> <span class='ocrx_word' id='word_1_273' title='bbox 2019 2048 2135 2119; x_wconf 88' lang='lat' dir='ltr'>pati</span> 
     </span>
    </p>
   </div>
   <div class='ocr_carea' id='block_1_35' title="bbox 541 2138 2138 2211">
    <p class='ocr_par' dir='ltr' id='par_1_35' title="bbox 541 2138 2138 2211">
     <span class='ocr_line' id='line_1_35' title="bbox 541 2138 2138 2211; baseline 0.001 -17"><span class='ocrx_word' id='word_1_274' title='bbox 541 2153 611 2194; x_wconf 87' lang='lat' dir='ltr'>ne</span> <span class='ocrx_word' id='word_1_275' title='bbox 633 2138 776 2195; x_wconf 89' lang='lat' dir='ltr'>forte</span> <span class='ocrx_word' id='word_1_276' title='bbox 802 2140 944 2211; x_wconf 87' lang='lat' dir='ltr'>apud</span> <span class='ocrx_word' id='word_1_277' title='bbox 971 2140 1199 2196; x_wconf 89' lang='lat' dir='ltr'>callidos</span> <span class='ocrx_word' id='word_1_278' title='bbox 1227 2141 1475 2197; x_wconf 89' lang='lat' dir='ltr'>homines</span> <span class='ocrx_word' id='word_1_279' title='bbox 1515 2142 1650 2197; x_wconf 92' lang='lat' dir='ltr'>risui</span> <span class='ocrx_word' id='word_1_280' title='bbox 1682 2140 1986 2197; x_wconf 84' lang='lat' dir='ltr'>eﬁiceretur</span> <span class='ocrx_word' id='word_1_281' title='bbox 2008 2156 2138 2196; x_wconf 89' lang='lat' dir='ltr'>san-</span> 
     </span>
    </p>
   </div>
   <div class='ocr_carea' id='block_1_36' title="bbox 542 2234 2138 2305">
    <p class='ocr_par' dir='ltr' id='par_1_36' title="bbox 542 2234 2138 2305">
     <span class='ocr_line' id='line_1_36' title="bbox 542 2234 2138 2305; baseline 0.002 -17"><span class='ocrx_word' id='word_1_282' title='bbox 542 2242 629 2289; x_wconf 90' lang='lat' dir='ltr'>cta</span> <span class='ocrx_word' id='word_1_283' title='bbox 684 2234 1020 2305; x_wconf 85' lang='lat' dir='ltr'>simplicitas.</span> <span class='ocrx_word' id='word_1_284' title='bbox 1083 2234 1329 2291; x_wconf 81' lang='lat' dir='ltr'>Perstitit</span> <span class='ocrx_word' id='word_1_285' title='bbox 1391 2246 1569 2293; x_wconf 87' lang='lat' dir='ltr'>tamen</span> <span class='ocrx_word' id='word_1_286' title='bbox 1629 2238 1843 2304; x_wconf 91' lang='lat' dir='ltr'>senior,</span> <span class='ocrx_word' id='word_1_287' title='bbox 1897 2245 1953 2292; x_wconf 89' lang='lat' dir='ltr'>et</span> <span class='ocrx_word' id='word_1_288' title='bbox 2009 2236 2138 2291; x_wconf 88' lang='lat' dir='ltr'>hinc</span> 
     </span>
    </p>
   </div>
   <div class='ocr_carea' id='block_1_37' title="bbox 543 2324 2138 2397">
    <p class='ocr_par' dir='ltr' id='par_1_37' title="bbox 543 2324 2138 2397">
     <span class='ocr_line' id='line_1_37' title="bbox 543 2324 2138 2397; baseline 0.001 -17"><span class='ocrx_word' id='word_1_289' title='bbox 543 2324 715 2380; x_wconf 88' lang='lat' dir='ltr'>movit</span> <span class='ocrx_word' id='word_1_290' title='bbox 740 2325 1009 2381; x_wconf 88' lang='lat' dir='ltr'>sermonis</span> <span class='ocrx_word' id='word_1_291' title='bbox 1050 2327 1354 2381; x_wconf 85' lang='lat' dir='ltr'>exordium.</span> <span class='ocrx_word' id='word_1_292' title='bbox 1385 2346 1403 2377; x_wconf 77' lang='grc' dir='ltr'>ι</span> <span class='ocrx_word' id='word_1_293' title='bbox 1435 2326 1493 2381; x_wconf 85' lang='lat' dir='ltr'>in</span> <span class='ocrx_word' id='word_1_294' title='bbox 1519 2327 1758 2394; x_wconf 91' lang='lat' dir='ltr'>nomine,</span> <span class='ocrx_word' id='word_1_295' title='bbox 1783 2326 1978 2397; x_wconf 91' lang='lat' dir='ltr'>inquit,</span> <span class='ocrx_word' id='word_1_296' title='bbox 2009 2324 2138 2381; x_wconf 83' lang='lat' dir='ltr'>.lesu</span> 
     </span>
    </p>
   </div>
   <div class='ocr_carea' id='block_1_38' title="bbox 544 2416 2139 2490">
    <p class='ocr_par' dir='ltr' id='par_1_38' title="bbox 544 2416 2139 2490">
     <span class='ocr_line' id='line_1_38' title="bbox 544 2416 2139 2490; baseline 0.002 -18"><span class='ocrx_word' id='word_1_297' title='bbox 544 2416 771 2485; x_wconf 88' lang='lat' dir='ltr'>Christi,</span> <span class='ocrx_word' id='word_1_298' title='bbox 803 2418 1157 2490; x_wconf 84' lang='lat' dir='ltr'>philosophe,</span> <span class='ocrx_word' id='word_1_299' title='bbox 1189 2420 1314 2475; x_wconf 87' lang='lat' dir='ltr'>audi</span> <span class='ocrx_word' id='word_1_300' title='bbox 1344 2436 1465 2490; x_wconf 63' lang='lat' dir='ltr'>quas</span> <span class='ocrx_word' id='word_1_301' title='bbox 1492 2435 1623 2476; x_wconf 91' lang='lat' dir='ltr'>vera</span> <span class='ocrx_word' id='word_1_302' title='bbox 1660 2428 1807 2475; x_wconf 92' lang='lat' dir='ltr'>sunt.</span> <span class='ocrx_word' id='word_1_303' title='bbox 1825 2420 1968 2475; x_wconf 90' lang='lat' dir='ltr'>Deus</span> <span class='ocrx_word' id='word_1_304' title='bbox 1998 2435 2139 2476; x_wconf 90' lang='lat' dir='ltr'>unus</span> 
     </span>
    </p>
   </div>
   <div class='ocr_carea' id='block_1_39' title="bbox 543 2511 2139 2584">
    <p class='ocr_par' dir='ltr' id='par_1_39' title="bbox 543 2511 2139 2584">
     <span class='ocr_line' id='line_1_39' title="bbox 543 2511 2139 2584; baseline 0.001 -19"><span class='ocrx_word' id='word_1_305' title='bbox 543 2522 630 2566; x_wconf 86' lang='lat' dir='ltr'>est</span> <span class='ocrx_word' id='word_1_306' title='bbox 657 2512 750 2583; x_wconf 91' lang='lat' dir='ltr'>qui</span> <span class='ocrx_word' id='word_1_307' title='bbox 780 2511 1126 2569; x_wconf 66' lang='lat' dir='ltr'>fecitcaelum</span> <span class='ocrx_word' id='word_1_308' title='bbox 1152 2521 1207 2569; x_wconf 87' lang='lat' dir='ltr'>et</span> <span class='ocrx_word' id='word_1_309' title='bbox 1240 2522 1476 2580; x_wconf 89' lang='lat' dir='ltr'>terram,</span> <span class='ocrx_word' id='word_1_310' title='bbox 1507 2513 1708 2584; x_wconf 86' lang='lat' dir='ltr'>quique</span> <span class='ocrx_word' id='word_1_311' title='bbox 1738 2512 1947 2569; x_wconf 86' lang='lat' dir='ltr'>homini</span> <span class='ocrx_word' id='word_1_312' title='bbox 1976 2528 2139 2582; x_wconf 89' lang='lat' dir='ltr'>quem</span> 
     </span>
    </p>
   </div>
   <div class='ocr_carea' id='block_1_40' title="bbox 544 2608 2137 2682">
    <p class='ocr_par' dir='ltr' id='par_1_40' title="bbox 544 2608 2137 2682">
     <span class='ocr_line' id='line_1_40' title="bbox 544 2608 2137 2682; baseline 0.001 -18"><span class='ocrx_word' id='word_1_313' title='bbox 544 2608 612 2664; x_wconf 87' lang='lat' dir='ltr'>de</span> <span class='ocrx_word' id='word_1_314' title='bbox 640 2608 768 2668; x_wconf 88' lang='lat' dir='ltr'>limo</span> <span class='ocrx_word' id='word_1_315' title='bbox 800 2619 959 2666; x_wconf 59' lang='lat' dir='ltr'>terra:</span> <span class='ocrx_word' id='word_1_316' title='bbox 1006 2610 1340 2666; x_wconf 82' lang='lat' dir='ltr'>formaverat</span> <span class='ocrx_word' id='word_1_317' title='bbox 1386 2610 1638 2682; x_wconf 89' lang='lat' dir='ltr'>spiritum</span> <span class='ocrx_word' id='word_1_318' title='bbox 1680 2609 1851 2676; x_wconf 91' lang='lat' dir='ltr'>dedit,</span> <span class='ocrx_word' id='word_1_319' title='bbox 1878 2610 2137 2665; x_wconf 90' lang='lat' dir='ltr'>universa</span> 
     </span>
    </p>
   </div>
   <div class='ocr_carea' id='block_1_41' title="bbox 546 2700 2141 2772">
    <p class='ocr_par' dir='ltr' id='par_1_41' title="bbox 546 2700 2141 2772">
     <span class='ocr_line' id='line_1_41' title="bbox 546 2700 2141 2772; baseline 0.001 -18"><span class='ocrx_word' id='word_1_320' title='bbox 546 2712 667 2770; x_wconf 67' lang='lat' dir='ltr'>qua:</span> <span class='ocrx_word' id='word_1_321' title='bbox 693 2700 950 2757; x_wconf 87' lang='lat' dir='ltr'>videntur</span> <span class='ocrx_word' id='word_1_322' title='bbox 984 2702 1087 2758; x_wconf 79' lang='lat' dir='ltr'>sibi</span> <span class='ocrx_word' id='word_1_323' title='bbox 1111 2703 1313 2758; x_wconf 88' lang='lat' dir='ltr'>virtute</span> <span class='ocrx_word' id='word_1_324' title='bbox 1342 2702 1508 2757; x_wconf 82' lang='lat' dir='ltr'>Verbi</span> <span class='ocrx_word' id='word_1_325' title='bbox 1536 2701 1618 2757; x_wconf 90' lang='lat' dir='ltr'>sui</span> <span class='ocrx_word' id='word_1_326' title='bbox 1644 2701 1856 2756; x_wconf 88' lang='lat' dir='ltr'>creavit</span> <span class='ocrx_word' id='word_1_327' title='bbox 1877 2741 1894 2769; x_wconf 92' lang='lat'>,</span> <span class='ocrx_word' id='word_1_328' title='bbox 1932 2712 1989 2756; x_wconf 88' lang='lat' dir='ltr'>et</span> <span class='ocrx_word' id='word_1_329' title='bbox 2015 2700 2141 2772; x_wconf 92' lang='lat' dir='ltr'>Spi-</span> 
     </span>
    </p>
   </div>
   <div class='ocr_carea' id='block_1_42' title="bbox 551 2791 2143 2861">
    <p class='ocr_par' dir='ltr' id='par_1_42' title="bbox 551 2791 2143 2861">
     <span class='ocr_line' id='line_1_42' title="bbox 551 2791 2143 2861; baseline 0.001 -14"><span class='ocrx_word' id='word_1_330' title='bbox 551 2791 693 2847; x_wconf 87' lang='lat' dir='ltr'>ritus</span> <span class='ocrx_word' id='word_1_331' title='bbox 718 2793 803 2848; x_wconf 90' lang='lat' dir='ltr'>sui</span> <span class='ocrx_word' id='word_1_332' title='bbox 822 2793 1258 2851; x_wconf 85' lang='lat' dir='ltr'>sanctificatione</span> <span class='ocrx_word' id='word_1_333' title='bbox 1279 2793 1548 2861; x_wconf 87' lang='lat' dir='ltr'>ﬁrmavit,</span> <span class='ocrx_word' id='word_1_334' title='bbox 1580 2794 1684 2848; x_wconf 92' lang='lat' dir='ltr'>hoc</span> <span class='ocrx_word' id='word_1_335' title='bbox 1703 2792 1931 2848; x_wconf 88' lang='lat' dir='ltr'>verbum</span> <span class='ocrx_word' id='word_1_336' title='bbox 1962 2808 2027 2849; x_wconf 88' lang='lat' dir='ltr'>ac</span> <span class='ocrx_word' id='word_1_337' title='bbox 2055 2808 2143 2849; x_wconf 90' lang='lat' dir='ltr'>sa-</span> 
     </span>
    </p>
   </div>
   <div class='ocr_carea' id='block_1_43' title="bbox 543 2881 2144 2953">
    <p class='ocr_par' dir='ltr' id='par_1_43' title="bbox 543 2881 2144 2953">
     <span class='ocr_line' id='line_1_43' title="bbox 543 2881 2144 2953; baseline 0.004 -18"><span class='ocrx_word' id='word_1_338' title='bbox 543 2881 748 2952; x_wconf 91' lang='lat' dir='ltr'>pientia</span> <span class='ocrx_word' id='word_1_339' title='bbox 768 2898 934 2953; x_wconf 89' lang='lat' dir='ltr'>quam</span> <span class='ocrx_word' id='word_1_340' title='bbox 962 2899 1062 2941; x_wconf 90' lang='lat' dir='ltr'>nos</span> <span class='ocrx_word' id='word_1_341' title='bbox 1089 2884 1285 2941; x_wconf 87' lang='lat' dir='ltr'>Filium</span> <span class='ocrx_word' id='word_1_342' title='bbox 1305 2885 1535 2941; x_wconf 90' lang='lat' dir='ltr'>dicimus</span> <span class='ocrx_word' id='word_1_343' title='bbox 1557 2883 1823 2940; x_wconf 90' lang='lat' dir='ltr'>humanos</span> <span class='ocrx_word' id='word_1_344' title='bbox 1852 2883 2144 2941; x_wconf 87' lang='lat' dir='ltr'>miseratus</span> 
     </span>
    </p>
   </div>
   <div class='ocr_carea' id='block_1_44' title="bbox 544 2971 2144 3046">
    <p class='ocr_par' dir='ltr' id='par_1_44' title="bbox 544 2971 2144 3046">
     <span class='ocr_line' id='line_1_44' title="bbox 544 2971 2144 3046; baseline 0.004 -21"><span class='ocrx_word' id='word_1_345' title='bbox 544 2983 760 3027; x_wconf 87' lang='lat' dir='ltr'>errores</span> <span class='ocrx_word' id='word_1_346' title='bbox 782 2987 849 3027; x_wconf 77' lang='lat' dir='ltr'><strong>ex</strong></span> <span class='ocrx_word' id='word_1_347' title='bbox 876 2971 1101 3045; x_wconf 82' lang='lat' dir='ltr'>Virgine</span> <span class='ocrx_word' id='word_1_348' title='bbox 1135 2976 1401 3043; x_wconf 90' lang='lat' dir='ltr'>nascitur,</span> <span class='ocrx_word' id='word_1_349' title='bbox 1424 2984 1482 3031; x_wconf 92' lang='lat' dir='ltr'>et</span> <span class='ocrx_word' id='word_1_350' title='bbox 1507 2990 1609 3046; x_wconf 92' lang='lat' dir='ltr'>per</span> <span class='ocrx_word' id='word_1_351' title='bbox 1644 2973 1956 3045; x_wconf 89' lang='lat' dir='ltr'>passionem</span> <span class='ocrx_word' id='word_1_352' title='bbox 1999 2990 2144 3031; x_wconf 91' lang='lat' dir='ltr'>mor-</span> 
     </span>
    </p>
   </div>
   <div class='ocr_carea' id='block_1_45' title="bbox 545 3062 2145 3135">
    <p class='ocr_par' dir='ltr' id='par_1_45' title="bbox 545 3062 2145 3135">
     <span class='ocr_line' id='line_1_45' title="bbox 545 3062 2145 3135; baseline 0.004 -17"><span class='ocrx_word' id='word_1_353' title='bbox 545 3062 616 3119; x_wconf 87' lang='lat' dir='ltr'>tis</span> <span class='ocrx_word' id='word_1_354' title='bbox 638 3078 667 3118; x_wconf 94' lang='lat' dir='ltr'>a</span> <span class='ocrx_word' id='word_1_355' title='bbox 689 3074 952 3135; x_wconf 88' lang='lat' dir='ltr'>perpetua</span> <span class='ocrx_word' id='word_1_356' title='bbox 982 3083 1085 3123; x_wconf 90' lang='lat' dir='ltr'>nos</span> <span class='ocrx_word' id='word_1_357' title='bbox 1114 3078 1295 3124; x_wconf 90' lang='lat' dir='ltr'>morte</span> <span class='ocrx_word' id='word_1_358' title='bbox 1316 3067 1600 3135; x_wconf 90' lang='lat' dir='ltr'>liberavit,</span> <span class='ocrx_word' id='word_1_359' title='bbox 1631 3082 1697 3123; x_wconf 91' lang='lat' dir='ltr'>ac</span> <span class='ocrx_word' id='word_1_360' title='bbox 1732 3069 2145 3129; x_wconf 88' lang='lat' dir='ltr'>resurrectione</span> 
     </span>
    </p>
   </div>
   <div class='ocr_carea' id='block_1_46' title="bbox 543 3160 2143 3234">
    <p class='ocr_par' dir='ltr' id='par_1_46' title="bbox 543 3160 2143 3234">
     <span class='ocr_line' id='line_1_46' title="bbox 543 3160 2143 3234; baseline 0.004 -21"><span class='ocrx_word' id='word_1_361' title='bbox 543 3170 643 3213; x_wconf 87' lang='lat' dir='ltr'>sua</span> <span class='ocrx_word' id='word_1_362' title='bbox 670 3168 933 3215; x_wconf 69' lang='lat' dir='ltr'>aeternam</span> <span class='ocrx_word' id='word_1_363' title='bbox 967 3160 1126 3218; x_wconf 88' lang='lat' dir='ltr'>nobis</span> <span class='ocrx_word' id='word_1_364' title='bbox 1154 3162 1384 3218; x_wconf 89' lang='lat' dir='ltr'>contulit</span> <span class='ocrx_word' id='word_1_365' title='bbox 1413 3162 1581 3218; x_wconf 91' lang='lat' dir='ltr'>vitam</span> <span class='ocrx_word' id='word_1_366' title='bbox 1602 3203 1618 3231; x_wconf 96' lang='lat'>,</span> <span class='ocrx_word' id='word_1_367' title='bbox 1652 3176 1814 3234; x_wconf 91' lang='lat' dir='ltr'>quem</span> <span class='ocrx_word' id='word_1_368' title='bbox 1859 3175 2143 3233; x_wconf 79' lang='lat' dir='ltr'>exspecta-</span> 
     </span>
    </p>
   </div>
   <div class='ocr_carea' id='block_1_47' title="bbox 543 3254 2142 3328">
    <p class='ocr_par' dir='ltr' id='par_1_47' title="bbox 543 3254 2142 3328">
     <span class='ocr_line' id='line_1_47' title="bbox 543 3254 2142 3328; baseline 0.001 -20"><span class='ocrx_word' id='word_1_369' title='bbox 543 3267 666 3310; x_wconf 89' lang='lat' dir='ltr'>mus</span> <span class='ocrx_word' id='word_1_370' title='bbox 685 3254 929 3326; x_wconf 91' lang='lat' dir='ltr'>judicem</span> <span class='ocrx_word' id='word_1_371' title='bbox 960 3256 1206 3311; x_wconf 86' lang='lat' dir='ltr'>omnium</span> <span class='ocrx_word' id='word_1_372' title='bbox 1232 3271 1353 3326; x_wconf 66' lang='lat' dir='ltr'>quas</span> <span class='ocrx_word' id='word_1_373' title='bbox 1380 3257 1653 3328; x_wconf 88' lang='lat' dir='ltr'>egerimus</span> <span class='ocrx_word' id='word_1_374' title='bbox 1683 3271 1806 3314; x_wconf 89' lang='lat' dir='ltr'>esse</span> <span class='ocrx_word' id='word_1_375' title='bbox 1835 3266 2142 3313; x_wconf 90' lang='lat' dir='ltr'>venturum.</span> 
     </span>
    </p>
   </div>
   <div class='ocr_carea' id='block_1_48' title="bbox 2241 2054 3786 2123">
    <p class='ocr_par' dir='ltr' id='par_1_48' title="bbox 2241 2054 3786 2123">
     <span class='ocr_line' id='line_1_48' title="bbox 2241 2054 3786 2123; baseline -0.002 -14"><span class='ocrx_word' id='word_1_376' title='bbox 2241 2055 2556 2123; x_wconf 88' lang='lat' dir='ltr'>concilium,</span> <span class='ocrx_word' id='word_1_377' title='bbox 2583 2066 2639 2111; x_wconf 91' lang='lat' dir='ltr'>et</span> <span class='ocrx_word' id='word_1_378' title='bbox 2658 2056 2878 2111; x_wconf 89' lang='lat' dir='ltr'>assiduo</span> <span class='ocrx_word' id='word_1_379' title='bbox 2902 2064 3138 2112; x_wconf 90' lang='lat' dir='ltr'>tractatu</span> <span class='ocrx_word' id='word_1_380' title='bbox 3167 2057 3503 2112; x_wconf 89' lang='lat' dir='ltr'>assertiones</span> <span class='ocrx_word' id='word_1_381' title='bbox 3528 2054 3635 2122; x_wconf 88' lang='lat' dir='ltr'>ejus</span> <span class='ocrx_word' id='word_1_382' title='bbox 3654 2054 3786 2108; x_wconf 83' lang='lat' dir='ltr'>discu-</span> 
     </span>
    </p>
   </div>
   <div class='ocr_carea' id='block_1_49' title="bbox 2241 2146 3787 2218">
    <p class='ocr_par' dir='ltr' id='par_1_49' title="bbox 2241 2146 3787 2218">
     <span class='ocr_line' id='line_1_49' title="bbox 2241 2146 3787 2218; baseline -0.002 -17"><span class='ocrx_word' id='word_1_383' title='bbox 2241 2146 2593 2213; x_wconf 88' lang='lat' dir='ltr'>tiebantur,et</span> <span class='ocrx_word' id='word_1_384' title='bbox 2606 2149 2747 2218; x_wconf 87' lang='lat' dir='ltr'>quod</span> <span class='ocrx_word' id='word_1_385' title='bbox 2762 2148 3048 2204; x_wconf 91' lang='lat' dir='ltr'>adversum</span> <span class='ocrx_word' id='word_1_386' title='bbox 3065 2148 3180 2203; x_wconf 66' lang='lat' dir='ltr'>haec</span> <span class='ocrx_word' id='word_1_387' title='bbox 3196 2156 3380 2203; x_wconf 89' lang='lat' dir='ltr'>tenere</span> <span class='ocrx_word' id='word_1_388' title='bbox 3393 2147 3702 2202; x_wconf 89' lang='lat' dir='ltr'>deberentac</span> <span class='ocrx_word' id='word_1_389' title='bbox 3711 2153 3787 2199; x_wconf 85' lang='lat' dir='ltr'>sta-</span> 
     </span>
    </p>
   </div>
   <div class='ocr_carea' id='block_1_50' title="bbox 2242 2238 3786 2311">
    <p class='ocr_par' dir='ltr' id='par_1_50' title="bbox 2242 2238 3786 2311">
     <span class='ocr_line' id='line_1_50' title="bbox 2242 2238 3786 2311; baseline -0.002 -19"><span class='ocrx_word' id='word_1_390' title='bbox 2242 2238 2318 2292; x_wconf 89' lang='lat' dir='ltr'>tui</span> <span class='ocrx_word' id='word_1_391' title='bbox 2340 2254 2551 2294; x_wconf 88' lang='lat' dir='ltr'>summa</span> <span class='ocrx_word' id='word_1_392' title='bbox 2576 2254 2699 2294; x_wconf 88' lang='lat' dir='ltr'>cum</span> <span class='ocrx_word' id='word_1_393' title='bbox 2725 2240 3112 2296; x_wconf 80' lang='lat' dir='ltr'>deliberatione</span> <span class='ocrx_word' id='word_1_394' title='bbox 3137 2242 3474 2311; x_wconf 72' lang='lat' dir='ltr'>quazrebant.</span> <span class='ocrx_word' id='word_1_395' title='bbox 3499 2238 3672 2292; x_wconf 79' lang='lat' dir='ltr'>Verum</span> <span class='ocrx_word' id='word_1_396' title='bbox 3696 2247 3786 2307; x_wconf 88' lang='lat' dir='ltr'>post</span> 
     </span>
    </p>
   </div>
   <div class='ocr_carea' id='block_1_51' title="bbox 2241 2328 3789 2402">
    <p class='ocr_par' dir='ltr' id='par_1_51' title="bbox 2241 2328 3789 2402">
     <span class='ocr_line' id='line_1_51' title="bbox 2241 2328 3789 2402; baseline -0.003 -19"><span class='ocrx_word' id='word_1_397' title='bbox 2241 2329 2508 2386; x_wconf 90' lang='lat' dir='ltr'>diutinum</span> <span class='ocrx_word' id='word_1_398' title='bbox 2541 2331 2879 2402; x_wconf 87' lang='lat' dir='ltr'>multumque</span> <span class='ocrx_word' id='word_1_399' title='bbox 2935 2340 3227 2386; x_wconf 88' lang='lat' dir='ltr'>tractatum</span> <span class='ocrx_word' id='word_1_400' title='bbox 3273 2330 3482 2402; x_wconf 86' lang='lat' dir='ltr'>placuit</span> <span class='ocrx_word' id='word_1_401' title='bbox 3507 2328 3789 2385; x_wconf 74' lang='lat' dir='ltr'>omnibusne</span> 
     </span>
    </p>
   </div>
   <div class='ocr_carea' id='block_1_52' title="bbox 2243 2417 3785 2479">
    <p class='ocr_par' dir='ltr' id='par_1_52' title="bbox 2243 2417 3785 2479">
     <span class='ocr_line' id='line_1_52' title="bbox 2243 2417 3785 2479; baseline -0.005 -3"><span class='ocrx_word' id='word_1_402' title='bbox 2243 2422 2388 2478; x_wconf 91' lang='lat' dir='ltr'>velut</span> <span class='ocrx_word' id='word_1_403' title='bbox 2415 2439 2524 2479; x_wconf 91' lang='lat' dir='ltr'>uno</span> <span class='ocrx_word' id='word_1_404' title='bbox 2547 2432 2865 2479; x_wconf 91' lang='lat' dir='ltr'>cunctorum</span> <span class='ocrx_word' id='word_1_405' title='bbox 2894 2439 2994 2479; x_wconf 90' lang='lat' dir='ltr'>ore</span> <span class='ocrx_word' id='word_1_406' title='bbox 3014 2432 3071 2478; x_wconf 93' lang='lat' dir='ltr'>et</span> <span class='ocrx_word' id='word_1_407' title='bbox 3098 2424 3265 2479; x_wconf 88' lang='lat' dir='ltr'>corde</span> <span class='ocrx_word' id='word_1_408' title='bbox 3300 2423 3602 2479; x_wconf 87' lang='lat' dir='ltr'>decernitur</span> <span class='ocrx_word' id='word_1_409' title='bbox 3629 2417 3785 2473; x_wconf 72' lang='lat' dir='ltr'>Omon-</span> 
     </span>
    </p>
   </div>
   <div class='ocr_carea' id='block_1_53' title="bbox 2241 2510 3788 2584">
    <p class='ocr_par' dir='ltr' id='par_1_53' title="bbox 2241 2510 3788 2584">
     <span class='ocr_line' id='line_1_53' title="bbox 2241 2510 3788 2584; baseline -0.005 -14"><span class='ocrx_word' id='word_1_410' title='bbox 2241 2516 2356 2570; x_wconf 81' lang='lat' dir='ltr'>sion</span> <span class='ocrx_word' id='word_1_411' title='bbox 2402 2515 2675 2572; x_wconf 85' lang='lat' dir='ltr'>conscribi</span> <span class='ocrx_word' id='word_1_412' title='bbox 2719 2515 2951 2582; x_wconf 90' lang='lat' dir='ltr'>debere,</span> <span class='ocrx_word' id='word_1_413' title='bbox 2998 2516 3051 2571; x_wconf 94' lang='lat' dir='ltr'>id</span> <span class='ocrx_word' id='word_1_414' title='bbox 3096 2525 3182 2571; x_wconf 92' lang='lat' dir='ltr'>est</span> <span class='ocrx_word' id='word_1_415' title='bbox 3220 2512 3466 2584; x_wconf 89' lang='lat' dir='ltr'>ejusdem</span> <span class='ocrx_word' id='word_1_416' title='bbox 3511 2530 3623 2569; x_wconf 91' lang='lat' dir='ltr'>cum</span> <span class='ocrx_word' id='word_1_417' title='bbox 3667 2510 3788 2564; x_wconf 85' lang='lat' dir='ltr'>Patre</span> 
     </span>
    </p>
   </div>
   <div class='ocr_carea' id='block_1_54' title="bbox 2244 2604 3784 2679">
    <p class='ocr_par' dir='ltr' id='par_1_54' title="bbox 2244 2604 3784 2679">
     <span class='ocr_line' id='line_1_54' title="bbox 2244 2604 3784 2679; baseline -0.006 -15"><span class='ocrx_word' id='word_1_418' title='bbox 2244 2608 2559 2664; x_wconf 69' lang='lat' dir='ltr'>substantim</span> <span class='ocrx_word' id='word_1_419' title='bbox 2573 2607 2771 2663; x_wconf 87' lang='lat' dir='ltr'>Filium</span> <span class='ocrx_word' id='word_1_420' title='bbox 2788 2609 3056 2664; x_wconf 85' lang='lat' dir='ltr'>confiteri.</span> <span class='ocrx_word' id='word_1_421' title='bbox 3074 2608 3251 2679; x_wconf 83' lang='lat' dir='ltr'>Atque</span> <span class='ocrx_word' id='word_1_422' title='bbox 3267 2608 3575 2663; x_wconf 76' lang='lat' dir='ltr'>firmissima</span> <span class='ocrx_word' id='word_1_423' title='bbox 3595 2604 3784 2659; x_wconf 84' lang='lat' dir='ltr'>omnium</span> 
     </span>
    </p>
   </div>
   <div class='ocr_carea' id='block_1_55' title="bbox 2244 2698 3787 2771">
    <p class='ocr_par' dir='ltr' id='par_1_55' title="bbox 2244 2698 3787 2771">
     <span class='ocr_line' id='line_1_55' title="bbox 2244 2698 3787 2771; baseline -0.006 -14"><span class='ocrx_word' id='word_1_424' title='bbox 2244 2701 2516 2757; x_wconf 88' lang='lat' dir='ltr'>sententia</span> <span class='ocrx_word' id='word_1_425' title='bbox 2558 2701 2961 2771; x_wconf 90' lang='lat' dir='ltr'>pronuntiatur.</span> <span class='ocrx_word' id='word_1_426' title='bbox 3005 2700 3206 2757; x_wconf 89' lang='lat' dir='ltr'>Decem</span> <span class='ocrx_word' id='word_1_427' title='bbox 3252 2709 3311 2755; x_wconf 91' lang='lat' dir='ltr'>et</span> <span class='ocrx_word' id='word_1_428' title='bbox 3346 2709 3550 2770; x_wconf 89' lang='lat' dir='ltr'>septem</span> <span class='ocrx_word' id='word_1_429' title='bbox 3581 2698 3668 2753; x_wconf 89' lang='lat' dir='ltr'>soli</span> <span class='ocrx_word' id='word_1_430' title='bbox 3693 2706 3787 2750; x_wconf 89' lang='lat' dir='ltr'>tunc</span> 
     </span>
    </p>
   </div>
   <div class='ocr_carea' id='block_1_56' title="bbox 2243 2793 3786 2867">
    <p class='ocr_par' dir='ltr' id='par_1_56' title="bbox 2243 2793 3786 2867">
     <span class='ocr_line' id='line_1_56' title="bbox 2243 2793 3786 2867; baseline -0.004 -17"><span class='ocrx_word' id='word_1_431' title='bbox 2243 2794 2411 2851; x_wconf 81' lang='lat' dir='ltr'>fuisse</span> <span class='ocrx_word' id='word_1_432' title='bbox 2435 2794 2690 2850; x_wconf 92' lang='lat' dir='ltr'>dicuntur</span> <span class='ocrx_word' id='word_1_433' title='bbox 2733 2796 2932 2867; x_wconf 89' lang='lat' dir='ltr'>quibus</span> <span class='ocrx_word' id='word_1_434' title='bbox 2962 2795 3078 2851; x_wconf 86' lang='lat' dir='ltr'>Arii</span> <span class='ocrx_word' id='word_1_435' title='bbox 3113 2796 3296 2867; x_wconf 86' lang='lat' dir='ltr'>magis</span> <span class='ocrx_word' id='word_1_436' title='bbox 3321 2794 3455 2850; x_wconf 88' lang='lat' dir='ltr'>ﬁdes</span> <span class='ocrx_word' id='word_1_437' title='bbox 3485 2793 3696 2865; x_wconf 85' lang='lat' dir='ltr'>placeret</span> <span class='ocrx_word' id='word_1_438' title='bbox 3718 2802 3786 2843; x_wconf 80' lang='lat' dir='ltr'>cx-</span> 
     </span>
    </p>
   </div>
   <div class='ocr_carea' id='block_1_57' title="bbox 2245 2883 3785 2948">
    <p class='ocr_par' dir='ltr' id='par_1_57' title="bbox 2245 2883 3785 2948">
     <span class='ocr_line' id='line_1_57' title="bbox 2245 2883 3785 2948; baseline -0.005 -4"><span class='ocrx_word' id='word_1_439' title='bbox 2245 2890 2513 2945; x_wconf 89' lang='lat' dir='ltr'>trinsecus</span> <span class='ocrx_word' id='word_1_440' title='bbox 2540 2898 2783 2945; x_wconf 88' lang='lat' dir='ltr'>creatum</span> <span class='ocrx_word' id='word_1_441' title='bbox 2812 2891 2911 2946; x_wconf 87' lang='lat' dir='ltr'>Dei</span> <span class='ocrx_word' id='word_1_442' title='bbox 2937 2890 3139 2945; x_wconf 90' lang='lat' dir='ltr'>Filium</span> <span class='ocrx_word' id='word_1_443' title='bbox 3163 2906 3229 2945; x_wconf 83' lang='lat' dir='ltr'>ex</span> <span class='ocrx_word' id='word_1_444' title='bbox 3254 2889 3422 2944; x_wconf 75' lang='lat' dir='ltr'>trullis</span> <span class='ocrx_word' id='word_1_445' title='bbox 3448 2883 3785 2948; x_wconf 84' lang='lat' dir='ltr'>substantibus,</span> 
     </span>
    </p>
   </div>
   <div class='ocr_carea' id='block_1_58' title="bbox 2244 2978 3785 3054">
    <p class='ocr_par' dir='ltr' id='par_1_58' title="bbox 2244 2978 3785 3054">
     <span class='ocr_line' id='line_1_58' title="bbox 2244 2978 3785 3054; baseline -0.006 -17"><span class='ocrx_word' id='word_1_446' title='bbox 2244 2989 2300 3037; x_wconf 93' lang='lat' dir='ltr'>et</span> <span class='ocrx_word' id='word_1_447' title='bbox 2324 2996 2430 3037; x_wconf 91' lang='lat' dir='ltr'>non</span> <span class='ocrx_word' id='word_1_448' title='bbox 2467 2997 2533 3037; x_wconf 79' lang='lat' dir='ltr'>ex</span> <span class='ocrx_word' id='word_1_449' title='bbox 2559 2982 2676 3052; x_wconf 88' lang='lat' dir='ltr'>ipsa</span> <span class='ocrx_word' id='word_1_450' title='bbox 2702 2982 2884 3038; x_wconf 89' lang='lat' dir='ltr'>Patris</span> <span class='ocrx_word' id='word_1_451' title='bbox 2910 2982 3113 3038; x_wconf 91' lang='lat' dir='ltr'>deitate</span> <span class='ocrx_word' id='word_1_452' title='bbox 3138 2981 3488 3054; x_wconf 86' lang='lat' dir='ltr'>progenitum</span> <span class='ocrx_word' id='word_1_453' title='bbox 3516 2978 3785 3035; x_wconf 85' lang='lat' dir='ltr'>conﬁrman-</span> 
     </span>
    </p>
   </div>
   <div class='ocr_carea' id='block_1_59' title="bbox 2244 3056 3785 3133">
    <p class='ocr_par' dir='ltr' id='par_1_59' title="bbox 2244 3056 3785 3133">
     <span class='ocr_line' id='line_1_59' title="bbox 2244 3056 3785 3133; baseline -0.008 -2"><span class='ocrx_word' id='word_1_454' title='bbox 2244 3083 2347 3133; x_wconf 90' lang='lat' dir='ltr'>tes.</span> <span class='ocrx_word' id='word_1_455' title='bbox 2380 3056 2636 3132; x_wconf 72' lang='lat' dir='ltr'>Defertur</span> <span class='ocrx_word' id='word_1_456' title='bbox 2661 3078 2731 3132; x_wconf 89' lang='lat' dir='ltr'>ad</span> <span class='ocrx_word' id='word_1_457' title='bbox 2776 3075 3198 3133; x_wconf 89' lang='lat' dir='ltr'>Constantinum</span> <span class='ocrx_word' id='word_1_458' title='bbox 3246 3074 3592 3133; x_wconf 84' lang='lat' dir='ltr'>sacerdotalis</span> <span class='ocrx_word' id='word_1_459' title='bbox 3618 3066 3785 3128; x_wconf 88' lang='lat' dir='ltr'>concilii</span> 
     </span>
    </p>
   </div>
   <div class='ocr_carea' id='block_1_60' title="bbox 2245 3167 3779 3240">
    <p class='ocr_par' dir='ltr' id='par_1_60' title="bbox 2245 3167 3779 3240">
     <span class='ocr_line' id='line_1_60' title="bbox 2245 3167 3779 3240; baseline -0.008 -17"><span class='ocrx_word' id='word_1_460' title='bbox 2245 3167 2536 3223; x_wconf 84' lang='lat' dir='ltr'>sententia.</span> <span class='ocrx_word' id='word_1_461' title='bbox 2564 3167 2659 3223; x_wconf 87' lang='lat' dir='ltr'>ille</span> <span class='ocrx_word' id='word_1_462' title='bbox 2688 3176 2945 3240; x_wconf 89' lang='lat' dir='ltr'>tanquam</span> <span class='ocrx_word' id='word_1_463' title='bbox 2988 3184 3019 3223; x_wconf 91' lang='lat' dir='ltr'>a</span> <span class='ocrx_word' id='word_1_464' title='bbox 3062 3167 3174 3224; x_wconf 91' lang='lat' dir='ltr'>Deo</span> <span class='ocrx_word' id='word_1_465' title='bbox 3220 3167 3488 3239; x_wconf 88' lang='lat' dir='ltr'>prolatam</span> <span class='ocrx_word' id='word_1_466' title='bbox 3516 3170 3779 3220; x_wconf 86' lang='lat' dir='ltr'>veneratur.</span> 
     </span>
    </p>
   </div>
   <div class='ocr_carea' id='block_1_61' title="bbox 2245 3257 3784 3333">
    <p class='ocr_par' dir='ltr' id='par_1_61' title="bbox 2245 3257 3784 3333">
     <span class='ocr_line' id='line_1_61' title="bbox 2245 3257 3784 3333; baseline -0.009 -15"><span class='ocrx_word' id='word_1_467' title='bbox 2245 3259 2342 3318; x_wconf 91' lang='lat' dir='ltr'>Cui</span> <span class='ocrx_word' id='word_1_468' title='bbox 2370 3262 2413 3317; x_wconf 90' lang='lat' dir='ltr'>si</span> <span class='ocrx_word' id='word_1_469' title='bbox 2444 3262 2567 3333; x_wconf 83' lang='lat' dir='ltr'>quis</span> <span class='ocrx_word' id='word_1_470' title='bbox 2598 3270 2862 3318; x_wconf 90' lang='lat' dir='ltr'>tentasset</span> <span class='ocrx_word' id='word_1_471' title='bbox 2893 3261 3065 3317; x_wconf 87' lang='lat' dir='ltr'>obniti</span> <span class='ocrx_word' id='word_1_472' title='bbox 3093 3260 3243 3316; x_wconf 87' lang='lat' dir='ltr'>velut</span> <span class='ocrx_word' id='word_1_473' title='bbox 3271 3269 3465 3317; x_wconf 88' lang='lat' dir='ltr'>contra</span> <span class='ocrx_word' id='word_1_474' title='bbox 3508 3257 3675 3313; x_wconf 89' lang='lat' dir='ltr'>divina</span> <span class='ocrx_word' id='word_1_475' title='bbox 3699 3258 3784 3306; x_wconf 85' lang='lat' dir='ltr'>sta-</span> 
     </span>
    </p>
   </div>
   <div class='ocr_carea' id='block_1_62' title="bbox 543 3343 3781 3433">
    <p class='ocr_par' dir='ltr' id='par_1_62' title="bbox 543 3343 3781 3433">
     <span class='ocr_line' id='line_1_62' title="bbox 543 3343 3781 3433; baseline -0.003 -31"><span class='ocrx_word' id='word_1_476' title='bbox 543 3343 738 3404; x_wconf 86' lang='lat' dir='ltr'>Credis</span> <span class='ocrx_word' id='word_1_477' title='bbox 752 3348 956 3404; x_wconf 62' lang='lat' dir='ltr'>hascita</span> <span class='ocrx_word' id='word_1_478' title='bbox 971 3364 1112 3417; x_wconf 87' lang='lat' dir='ltr'>esse,</span> <span class='ocrx_word' id='word_1_479' title='bbox 1130 3349 1483 3420; x_wconf 84' lang='lat' dir='ltr'>philosophe?</span> <span class='ocrx_word' id='word_1_480' title='bbox 1505 3368 1525 3402; x_wconf 77' lang='grc' dir='ltr'>ι</span> <span class='ocrx_word' id='word_1_481' title='bbox 1542 3348 1713 3405; x_wconf 82' lang='lat' dir='ltr'>Atille</span> <span class='ocrx_word' id='word_1_482' title='bbox 1726 3365 1791 3406; x_wconf 89' lang='lat' dir='ltr'>ac</span> <span class='ocrx_word' id='word_1_483' title='bbox 1804 3350 1852 3406; x_wconf 88' lang='lat' dir='ltr'>si</span> <span class='ocrx_word' id='word_1_484' title='bbox 1866 3363 2144 3420; x_wconf 92' lang='lat' dir='ltr'>nunquam</span> <span class='ocrx_word' id='word_1_485' title='bbox 2172 3370 2218 3433; x_wconf 71' lang='grc' dir='ltr'><strong>ρ</strong></span> <span class='ocrx_word' id='word_1_486' title='bbox 2250 3362 2363 3408; x_wconf 86' lang='lat' dir='ltr'>tuta</span> <span class='ocrx_word' id='word_1_487' title='bbox 2393 3354 2726 3423; x_wconf 89' lang='lat' dir='ltr'>venientem,</span> <span class='ocrx_word' id='word_1_488' title='bbox 2756 3354 2813 3410; x_wconf 89' lang='lat' dir='ltr'>in</span> <span class='ocrx_word' id='word_1_489' title='bbox 2841 3353 3095 3410; x_wconf 80' lang='lat' dir='ltr'>exsilium</span> <span class='ocrx_word' id='word_1_490' title='bbox 3124 3367 3185 3409; x_wconf 89' lang='lat' dir='ltr'>se</span> <span class='ocrx_word' id='word_1_491' title='bbox 3208 3358 3541 3424; x_wconf 86' lang='lat' dir='ltr'>protestatur</span> <span class='ocrx_word' id='word_1_492' title='bbox 3562 3356 3781 3403; x_wconf 87' lang='lat' dir='ltr'>acturum.</span> 
     </span>
    </p>
   </div>
   <div class='ocr_carea' id='block_1_63' title="bbox 543 3437 2132 3512">
    <p class='ocr_par' dir='ltr' id='par_1_63' title="bbox 543 3437 2132 3512">
     <span class='ocr_line' id='line_1_63' title="bbox 543 3437 2132 3512; baseline 0.003 -18"><span class='ocrx_word' id='word_1_493' title='bbox 543 3437 714 3496; x_wconf 86' lang='lat' dir='ltr'>ullum</span> <span class='ocrx_word' id='word_1_494' title='bbox 741 3456 1046 3501; x_wconf 84' lang='lat' dir='ltr'>sermonem</span> <span class='ocrx_word' id='word_1_495' title='bbox 1069 3443 1478 3502; x_wconf 85' lang='lat' dir='ltr'>contradicendi</span> <span class='ocrx_word' id='word_1_496' title='bbox 1499 3441 1783 3501; x_wconf 89' lang='lat' dir='ltr'>didicisset</span> <span class='ocrx_word' id='word_1_497' title='bbox 1798 3484 1814 3512; x_wconf 92' lang='lat'>,</span> <span class='ocrx_word' id='word_1_498' title='bbox 1847 3443 1924 3500; x_wconf 87' lang='lat' dir='ltr'>ita</span> <span class='ocrx_word' id='word_1_499' title='bbox 1947 3443 2132 3501; x_wconf 89' lang='lat' dir='ltr'>obstu-</span> 
     </span>
    </p>
   </div>
   <div class='ocr_carea' id='block_1_64' title="bbox 2240 3444 2760 3518">
    <p class='ocr_par' dir='ltr' id='par_1_64' title="bbox 2240 3444 2760 3518">
     <span class='ocr_line' id='line_1_64' title="bbox 2240 3444 2760 3518; baseline -0.002 -18"><span class='ocrx_word' id='word_1_500' title='bbox 2240 3444 2471 3517; x_wconf 73' lang='lat' dir='ltr'>Explicit</span> <span class='ocrx_word' id='word_1_501' title='bbox 2493 3445 2760 3518; x_wconf 71' lang='lat' dir='ltr'>prwfatt&#39;o.</span> 
     </span>
    </p>
   </div>
   <div class='ocr_carea' id='block_1_65' title="bbox 1545 3672 2930 3734">
    <p class='ocr_par' dir='ltr' id='par_1_65' title="bbox 1545 3672 2930 3734">
     <span class='ocr_line' id='line_1_65' title="bbox 1545 3672 2930 3734; baseline 0.001 -2"><span class='ocrx_word' id='word_1_502' title='bbox 1545 3674 1893 3734; x_wconf 83' lang='lat' dir='ltr'>lNClPlUNT</span> <span class='ocrx_word' id='word_1_503' title='bbox 1932 3672 2285 3732; x_wconf 81' lang='lat' dir='ltr'>CAPITULA</span> <span class='ocrx_word' id='word_1_504' title='bbox 2323 3674 2579 3733; x_wconf 75' lang='grc' dir='ltr'>ΝΙΟιΕΝΙ</span> <span class='ocrx_word' id='word_1_505' title='bbox 2615 3675 2930 3733; x_wconf 85' lang='lat' dir='ltr'>CONClLll.</span> 
     </span>
    </p>
   </div>
   <div class='ocr_carea' id='block_1_66' title="bbox 617 3838 1853 3910">
    <p class='ocr_par' dir='ltr' id='par_1_66' title="bbox 617 3838 1853 3910">
     <span class='ocr_line' id='line_1_66' title="bbox 617 3838 1853 3910; baseline -0.001 -14"><span class='ocrx_word' id='word_1_506' title='bbox 617 3840 670 3896; x_wconf 88' lang='grc'>1.</span> <span class='ocrx_word' id='word_1_507' title='bbox 709 3838 790 3895; x_wconf 89' lang='lat' dir='ltr'>De</span> <span class='ocrx_word' id='word_1_508' title='bbox 817 3840 1097 3895; x_wconf 89' lang='lat' dir='ltr'>Eunuchis</span> <span class='ocrx_word' id='word_1_509' title='bbox 1128 3839 1223 3910; x_wconf 88' lang='lat' dir='ltr'>qui</span> <span class='ocrx_word' id='word_1_510' title='bbox 1253 3838 1464 3909; x_wconf 87' lang='lat' dir='ltr'>seipsos</span> <span class='ocrx_word' id='word_1_511' title='bbox 1509 3838 1853 3895; x_wconf 88' lang='lat' dir='ltr'>abscindunt.</span> 
     </span>
    </p>
   </div>
   <div class='ocr_carea' id='block_1_67' title="bbox 615 3934 2144 4007">
    <p class='ocr_par' dir='ltr' id='par_1_67' title="bbox 615 3934 2144 4007">
     <span class='ocr_line' id='line_1_67' title="bbox 615 3934 2144 4007; baseline 0.001 -18"><span class='ocrx_word' id='word_1_512' title='bbox 615 3935 670 3989; x_wconf 76' lang='lat'>2.</span> <span class='ocrx_word' id='word_1_513' title='bbox 711 3934 790 3990; x_wconf 88' lang='lat' dir='ltr'>De</span> <span class='ocrx_word' id='word_1_514' title='bbox 815 3935 901 3990; x_wconf 88' lang='lat' dir='ltr'>his</span> <span class='ocrx_word' id='word_1_515' title='bbox 927 3935 1022 4006; x_wconf 90' lang='lat' dir='ltr'>qui</span> <span class='ocrx_word' id='word_1_516' title='bbox 1052 3943 1176 4006; x_wconf 90' lang='lat' dir='ltr'>post</span> <span class='ocrx_word' id='word_1_517' title='bbox 1221 3935 1490 4006; x_wconf 89' lang='lat' dir='ltr'>baptisma</span> <span class='ocrx_word' id='word_1_518' title='bbox 1515 3936 1702 3991; x_wconf 87' lang='lat' dir='ltr'>statim</span> <span class='ocrx_word' id='word_1_519' title='bbox 1727 3937 1795 3992; x_wconf 91' lang='lat' dir='ltr'>ad</span> <span class='ocrx_word' id='word_1_520' title='bbox 1819 3934 2024 3991; x_wconf 88' lang='lat' dir='ltr'>clerum</span> <span class='ocrx_word' id='word_1_521' title='bbox 2049 3951 2144 4007; x_wconf 90' lang='lat' dir='ltr'>ap-</span> 
     </span>
    </p>
   </div>
   <div class='ocr_carea' id='block_1_68' title="bbox 543 4025 839 4097">
    <p class='ocr_par' dir='ltr' id='par_1_68' title="bbox 543 4025 839 4097">
     <span class='ocr_line' id='line_1_68' title="bbox 543 4025 839 4097; baseline 0.003 -16"><span class='ocrx_word' id='word_1_522' title='bbox 543 4025 839 4097; x_wconf 90' lang='lat' dir='ltr'>plicantur.</span> 
     </span>
    </p>
   </div>
   <div class='ocr_carea' id='block_1_69' title="bbox 616 4116 1613 4177">
    <p class='ocr_par' dir='ltr' id='par_1_69' title="bbox 616 4116 1613 4177">
     <span class='ocr_line' id='line_1_69' title="bbox 616 4116 1613 4177; baseline 0.001 -4"><span class='ocrx_word' id='word_1_523' title='bbox 616 4117 673 4173; x_wconf 76' lang='grc'><strong>3.</strong></span> <span class='ocrx_word' id='word_1_524' title='bbox 715 4116 793 4174; x_wconf 91' lang='lat' dir='ltr'>De</span> <span class='ocrx_word' id='word_1_525' title='bbox 816 4118 1245 4176; x_wconf 88' lang='lat' dir='ltr'>subintroduetis</span> <span class='ocrx_word' id='word_1_526' title='bbox 1274 4120 1613 4177; x_wconf 90' lang='lat' dir='ltr'>mulieribus.</span> 
     </span>
    </p>
   </div>
   <div class='ocr_carea' id='block_1_70' title="bbox 620 4210 1782 4285">
    <p class='ocr_par' dir='ltr' id='par_1_70' title="bbox 620 4210 1782 4285">
     <span class='ocr_line' id='line_1_70' title="bbox 620 4210 1782 4285; baseline 0.003 -20"><span class='ocrx_word' id='word_1_527' title='bbox 620 4210 675 4266; x_wconf 71' lang='grc' dir='ltr'>ι.</span> <span class='ocrx_word' id='word_1_528' title='bbox 717 4210 962 4279; x_wconf 84' lang='lat' dir='ltr'>Qualiter</span> <span class='ocrx_word' id='word_1_529' title='bbox 989 4214 1229 4285; x_wconf 89' lang='lat' dir='ltr'>episcopi</span> <span class='ocrx_word' id='word_1_530' title='bbox 1258 4215 1494 4270; x_wconf 86' lang='lat' dir='ltr'>debeant</span> <span class='ocrx_word' id='word_1_531' title='bbox 1517 4213 1782 4270; x_wconf 90' lang='lat' dir='ltr'>ordinari.</span> 
     </span>
    </p>
   </div>
   <div class='ocr_carea' id='block_1_71' title="bbox 616 4303 1867 4364">
    <p class='ocr_par' dir='ltr' id='par_1_71' title="bbox 616 4303 1867 4364">
     <span class='ocr_line' id='line_1_71' title="bbox 616 4303 1867 4364; baseline 0.003 -6"><span class='ocrx_word' id='word_1_532' title='bbox 616 4303 672 4359; x_wconf 83' lang='lat'>5.</span> <span class='ocrx_word' id='word_1_533' title='bbox 714 4305 792 4360; x_wconf 90' lang='lat' dir='ltr'>De</span> <span class='ocrx_word' id='word_1_534' title='bbox 822 4308 1307 4363; x_wconf 78' lang='lat' dir='ltr'>excommunicatis</span> <span class='ocrx_word' id='word_1_535' title='bbox 1333 4306 1551 4364; x_wconf 89' lang='lat' dir='ltr'>clericis</span> <span class='ocrx_word' id='word_1_536' title='bbox 1578 4306 1664 4362; x_wconf 92' lang='lat' dir='ltr'>vel</span> <span class='ocrx_word' id='word_1_537' title='bbox 1691 4305 1867 4362; x_wconf 88' lang='lat' dir='ltr'>laicis.</span> 
     </span>
    </p>
   </div>
   <div class='ocr_carea' id='block_1_72' title="bbox 618 4394 2135 4470">
    <p class='ocr_par' dir='ltr' id='par_1_72' title="bbox 618 4394 2135 4470">
     <span class='ocr_line' id='line_1_72' title="bbox 618 4394 2135 4470; baseline -0.001 -20"><span class='ocrx_word' id='word_1_538' title='bbox 618 4394 673 4450; x_wconf 88' lang='lat'>6.</span> <span class='ocrx_word' id='word_1_539' title='bbox 715 4396 793 4451; x_wconf 85' lang='lat' dir='ltr'>De</span> <span class='ocrx_word' id='word_1_540' title='bbox 816 4396 1143 4466; x_wconf 87' lang='lat' dir='ltr'>primatibus</span> <span class='ocrx_word' id='word_1_541' title='bbox 1170 4399 1549 4470; x_wconf 79' lang='lat' dir='ltr'>episcOporum</span> <span class='ocrx_word' id='word_1_542' title='bbox 1572 4396 2135 4469; x_wconf 90' lang='lat' dir='ltr'>metropolitanorum.</span> 
     </span>
    </p>
   </div>
   <div class='ocr_carea' id='block_1_73' title="bbox 613 4485 1800 4561">
    <p class='ocr_par' dir='ltr' id='par_1_73' title="bbox 613 4485 1800 4561">
     <span class='ocr_line' id='line_1_73' title="bbox 613 4485 1800 4561; baseline 0.002 -21"><span class='ocrx_word' id='word_1_543' title='bbox 613 4485 668 4541; x_wconf 89' lang='lat'>7.</span> <span class='ocrx_word' id='word_1_544' title='bbox 709 4486 785 4541; x_wconf 88' lang='lat' dir='ltr'>De</span> <span class='ocrx_word' id='word_1_545' title='bbox 813 4488 1018 4544; x_wconf 86' lang='lat' dir='ltr'>honore</span> <span class='ocrx_word' id='word_1_546' title='bbox 1039 4489 1278 4560; x_wconf 91' lang='lat' dir='ltr'>episcopi</span> <span class='ocrx_word' id='word_1_547' title='bbox 1301 4487 1800 4561; x_wconf 83' lang='lat' dir='ltr'>Hierosolymitani.</span> 
     </span>
    </p>
   </div>
   <div class='ocr_carea' id='block_1_74' title="bbox 616 4574 1159 4635">
    <p class='ocr_par' dir='ltr' id='par_1_74' title="bbox 616 4574 1159 4635">
     <span class='ocr_line' id='line_1_74' title="bbox 616 4574 1159 4635; baseline 0.004 -3"><span class='ocrx_word' id='word_1_548' title='bbox 616 4575 669 4632; x_wconf 92' lang='lat'>8.</span> <span class='ocrx_word' id='word_1_549' title='bbox 710 4574 787 4633; x_wconf 90' lang='lat' dir='ltr'>De</span> <span class='ocrx_word' id='word_1_550' title='bbox 821 4576 1159 4635; x_wconf 83' lang='lat' dir='ltr'>Novatianis.</span> 
     </span>
    </p>
   </div>
   <div class='ocr_carea' id='block_1_75' title="bbox 616 4671 2080 4746">
    <p class='ocr_par' dir='ltr' id='par_1_75' title="bbox 616 4671 2080 4746">
     <span class='ocr_line' id='line_1_75' title="bbox 616 4671 2080 4746; baseline -0.002 -17"><span class='ocrx_word' id='word_1_551' title='bbox 616 4671 669 4729; x_wconf 85' lang='lat'>9.</span> <span class='ocrx_word' id='word_1_552' title='bbox 714 4672 789 4729; x_wconf 92' lang='lat' dir='ltr'>De</span> <span class='ocrx_word' id='word_1_553' title='bbox 813 4673 1147 4746; x_wconf 83' lang='lat' dir='ltr'>presbyteris</span> <span class='ocrx_word' id='word_1_554' title='bbox 1173 4677 1291 4733; x_wconf 92' lang='lat' dir='ltr'>sine</span> <span class='ocrx_word' id='word_1_555' title='bbox 1317 4677 1720 4733; x_wconf 76' lang='lat' dir='ltr'>examinatione</span> <span class='ocrx_word' id='word_1_556' title='bbox 1748 4672 2080 4731; x_wconf 89' lang='lat' dir='ltr'>constitutis.</span> 
     </span>
    </p>
   </div>
   <div class='ocr_carea' id='block_1_76' title="bbox 618 4764 1580 4837">
    <p class='ocr_par' dir='ltr' id='par_1_76' title="bbox 618 4764 1580 4837">
     <span class='ocr_line' id='line_1_76' title="bbox 618 4764 1580 4837; baseline 0.005 -19"><span class='ocrx_word' id='word_1_557' title='bbox 618 4764 706 4819; x_wconf 85' lang='grc'><strong>10.</strong></span> <span class='ocrx_word' id='word_1_558' title='bbox 748 4765 826 4821; x_wconf 92' lang='lat' dir='ltr'>De</span> <span class='ocrx_word' id='word_1_559' title='bbox 852 4765 1016 4837; x_wconf 88' lang='lat' dir='ltr'>lapsis</span> <span class='ocrx_word' id='word_1_560' title='bbox 1044 4766 1261 4824; x_wconf 90' lang='lat' dir='ltr'>clericis</span> <span class='ocrx_word' id='word_1_561' title='bbox 1294 4769 1580 4825; x_wconf 90' lang='lat' dir='ltr'>ordinatis.</span> 
     </span>
    </p>
   </div>
   <div class='ocr_carea' id='block_1_77' title="bbox 617 4857 2138 4935">
    <p class='ocr_par' dir='ltr' id='par_1_77' title="bbox 617 4857 2138 4935">
     <span class='ocr_line' id='line_1_77' title="bbox 617 4857 2138 4935; baseline -0.001 -22"><span class='ocrx_word' id='word_1_562' title='bbox 617 4857 703 4914; x_wconf 83' lang='grc'>11.</span> <span class='ocrx_word' id='word_1_563' title='bbox 745 4860 823 4917; x_wconf 88' lang='lat' dir='ltr'>De</span> <span class='ocrx_word' id='word_1_564' title='bbox 851 4861 937 4917; x_wconf 89' lang='lat' dir='ltr'>his</span> <span class='ocrx_word' id='word_1_565' title='bbox 975 4861 1068 4933; x_wconf 93' lang='lat' dir='ltr'>qui</span> <span class='ocrx_word' id='word_1_566' title='bbox 1096 4872 1289 4934; x_wconf 92' lang='lat' dir='ltr'>sponte</span> <span class='ocrx_word' id='word_1_567' title='bbox 1314 4862 1453 4935; x_wconf 90' lang='lat' dir='ltr'>lapsi</span> <span class='ocrx_word' id='word_1_568' title='bbox 1485 4871 1611 4919; x_wconf 90' lang='lat' dir='ltr'>sunt</span> <span class='ocrx_word' id='word_1_569' title='bbox 1637 4861 1873 4933; x_wconf 88' lang='lat' dir='ltr'>qualiter</span> <span class='ocrx_word' id='word_1_570' title='bbox 1903 4858 2138 4916; x_wconf 87' lang='lat' dir='ltr'>debeant</span> 
     </span>
    </p>
   </div>
   <div class='ocr_carea' id='block_1_78' title="bbox 546 4954 830 5023">
    <p class='ocr_par' dir='ltr' id='par_1_78' title="bbox 546 4954 830 5023">
     <span class='ocr_line' id='line_1_78' title="bbox 546 4954 830 5023; baseline 0.011 -15"><span class='ocrx_word' id='word_1_571' title='bbox 546 4954 830 5023; x_wconf 63' lang='lat' dir='ltr'>poenitere.</span> 
     </span>
    </p>
   </div>
   <div class='ocr_carea' id='block_1_79' title="bbox 625 5034 1986 5109">
    <p class='ocr_par' dir='ltr' id='par_1_79' title="bbox 625 5034 1986 5109">
     <span class='ocr_line' id='line_1_79' title="bbox 625 5034 1986 5109; baseline 0.001 -10"><span class='ocrx_word' id='word_1_572' title='bbox 625 5043 709 5100; x_wconf 75' lang='lat'>.2.</span> <span class='ocrx_word' id='word_1_573' title='bbox 751 5046 830 5106; x_wconf 91' lang='lat' dir='ltr'>De</span> <span class='ocrx_word' id='word_1_574' title='bbox 855 5050 1341 5109; x_wconf 80' lang='lat' dir='ltr'>excommunicatis</span> <span class='ocrx_word' id='word_1_575' title='bbox 1365 5067 1398 5107; x_wconf 92' lang='lat' dir='ltr'>a</span> <span class='ocrx_word' id='word_1_576' title='bbox 1420 5034 1619 5108; x_wconf 63' lang='lat' dir='ltr'>saeculo</span> <span class='ocrx_word' id='word_1_577' title='bbox 1640 5046 1986 5106; x_wconf 80' lang='lat' dir='ltr'>exeuntibus.</span> 
     </span>
    </p>
   </div>
   <div class='ocr_carea' id='block_1_80' title="bbox 2322 3835 3158 3906">
    <p class='ocr_par' dir='ltr' id='par_1_80' title="bbox 2322 3835 3158 3906">
     <span class='ocr_line' id='line_1_80' title="bbox 2322 3835 3158 3906; baseline -0.008 -13"><span class='ocrx_word' id='word_1_578' title='bbox 2322 3838 2410 3895; x_wconf 83' lang='grc'><strong>15.</strong></span> <span class='ocrx_word' id='word_1_579' title='bbox 2454 3839 2532 3895; x_wconf 91' lang='lat' dir='ltr'>De</span> <span class='ocrx_word' id='word_1_580' title='bbox 2556 3837 2950 3895; x_wconf 87' lang='lat' dir='ltr'>cathecuminis</span> <span class='ocrx_word' id='word_1_581' title='bbox 2971 3835 3158 3906; x_wconf 88' lang='lat' dir='ltr'>lapsis.</span> 
     </span>
    </p>
   </div>
   <div class='ocr_carea' id='block_1_81' title="bbox 2319 3918 3786 3998">
    <p class='ocr_par' dir='ltr' id='par_1_81' title="bbox 2319 3918 3786 3998">
     <span class='ocr_line' id='line_1_81' title="bbox 2319 3918 3786 3998; baseline -0.012 -11"><span class='ocrx_word' id='word_1_582' title='bbox 2319 3932 2407 3987; x_wconf 73' lang='grc'><strong>14.</strong></span> <span class='ocrx_word' id='word_1_583' title='bbox 2447 3932 2522 3987; x_wconf 88' lang='lat' dir='ltr'>De</span> <span class='ocrx_word' id='word_1_584' title='bbox 2588 3931 2940 3996; x_wconf 90' lang='lat' dir='ltr'>diaconibus,</span> <span class='ocrx_word' id='word_1_585' title='bbox 3000 3944 3069 3984; x_wconf 93' lang='lat' dir='ltr'>ne</span> <span class='ocrx_word' id='word_1_586' title='bbox 3115 3943 3315 3998; x_wconf 80' lang='lat' dir='ltr'>corpus</span> <span class='ocrx_word' id='word_1_587' title='bbox 3370 3924 3567 3983; x_wconf 91' lang='lat' dir='ltr'>Christi</span> <span class='ocrx_word' id='word_1_588' title='bbox 3612 3918 3786 3976; x_wconf 86' lang='lat' dir='ltr'>tradant</span> 
     </span>
    </p>
   </div>
   <div class='ocr_carea' id='block_1_82' title="bbox 2246 4020 3675 4100">
    <p class='ocr_par' dir='ltr' id='par_1_82' title="bbox 2246 4020 3675 4100">
     <span class='ocr_line' id='line_1_82' title="bbox 2246 4020 3675 4100; baseline -0.008 -18"><span class='ocrx_word' id='word_1_589' title='bbox 2246 4027 2593 4100; x_wconf 84' lang='lat' dir='ltr'>presbyteris,</span> <span class='ocrx_word' id='word_1_590' title='bbox 2620 4026 2703 4082; x_wconf 90' lang='lat' dir='ltr'>vel</span> <span class='ocrx_word' id='word_1_591' title='bbox 2734 4034 2860 4080; x_wconf 89' lang='lat' dir='ltr'>ante</span> <span class='ocrx_word' id='word_1_592' title='bbox 2883 4023 3234 4095; x_wconf 84' lang='lat' dir='ltr'>presbyteros</span> <span class='ocrx_word' id='word_1_593' title='bbox 3268 4020 3675 4078; x_wconf 88' lang='lat' dir='ltr'>communicent.</span> 
     </span>
    </p>
   </div>
   <div class='ocr_carea' id='block_1_83' title="bbox 2318 4105 3784 4179">
    <p class='ocr_par' dir='ltr' id='par_1_83' title="bbox 2318 4105 3784 4179">
     <span class='ocr_line' id='line_1_83' title="bbox 2318 4105 3784 4179; baseline -0.012 -5"><span class='ocrx_word' id='word_1_594' title='bbox 2318 4120 2405 4175; x_wconf 78' lang='grc'><strong>15.</strong></span> <span class='ocrx_word' id='word_1_595' title='bbox 2448 4121 2524 4175; x_wconf 89' lang='lat' dir='ltr'>De</span> <span class='ocrx_word' id='word_1_596' title='bbox 2550 4119 2766 4175; x_wconf 88' lang='lat' dir='ltr'>clericis</span> <span class='ocrx_word' id='word_1_597' title='bbox 2814 4128 3020 4174; x_wconf 90' lang='lat' dir='ltr'>temere</span> <span class='ocrx_word' id='word_1_598' title='bbox 3051 4118 3119 4171; x_wconf 88' lang='lat' dir='ltr'>ab</span> <span class='ocrx_word' id='word_1_599' title='bbox 3148 4115 3392 4179; x_wconf 83' lang='lat' dir='ltr'>Ecclesia</span> <span class='ocrx_word' id='word_1_600' title='bbox 3440 4105 3784 4169; x_wconf 84' lang='lat' dir='ltr'>recedentibus.</span> 
     </span>
    </p>
   </div>
   <div class='ocr_carea' id='block_1_84' title="bbox 2318 4193 3786 4286">
    <p class='ocr_par' dir='ltr' id='par_1_84' title="bbox 2318 4193 3786 4286">
     <span class='ocr_line' id='line_1_84' title="bbox 2318 4193 3786 4286; baseline -0.012 -15"><span class='ocrx_word' id='word_1_601' title='bbox 2318 4215 2407 4271; x_wconf 87' lang='grc'><strong>16.</strong></span> <span class='ocrx_word' id='word_1_602' title='bbox 2451 4216 2528 4271; x_wconf 92' lang='lat' dir='ltr'>De</span> <span class='ocrx_word' id='word_1_603' title='bbox 2555 4214 2897 4286; x_wconf 84' lang='lat' dir='ltr'>presbyteris</span> <span class='ocrx_word' id='word_1_604' title='bbox 2917 4254 2931 4279; x_wconf 95' lang='lat'>,</span> <span class='ocrx_word' id='word_1_605' title='bbox 2955 4222 3012 4268; x_wconf 92' lang='lat' dir='ltr'>et</span> <span class='ocrx_word' id='word_1_606' title='bbox 3042 4209 3362 4267; x_wconf 89' lang='lat' dir='ltr'>diaconibus</span> <span class='ocrx_word' id='word_1_607' title='bbox 3398 4208 3482 4265; x_wconf 88' lang='lat' dir='ltr'>vel</span> <span class='ocrx_word' id='word_1_608' title='bbox 3507 4201 3697 4262; x_wconf 86' lang='lat' dir='ltr'>clericis</span> <span class='ocrx_word' id='word_1_609' title='bbox 3717 4193 3786 4266; x_wconf 78' lang='lat' dir='ltr'>qui</span> 
     </span>
    </p>
   </div>
   <div class='ocr_carea' id='block_1_85' title="bbox 2248 4306 3096 4362">
    <p class='ocr_par' dir='ltr' id='par_1_85' title="bbox 2248 4306 3096 4362">
     <span class='ocr_line' id='line_1_85' title="bbox 2248 4306 3096 4362; baseline -0.006 0"><span class='ocrx_word' id='word_1_610' title='bbox 2248 4307 2315 4362; x_wconf 88' lang='lat' dir='ltr'>ad</span> <span class='ocrx_word' id='word_1_611' title='bbox 2344 4306 2479 4361; x_wconf 90' lang='lat' dir='ltr'>alias</span> <span class='ocrx_word' id='word_1_612' title='bbox 2505 4306 2762 4361; x_wconf 89' lang='lat' dir='ltr'>civitates</span> <span class='ocrx_word' id='word_1_613' title='bbox 2791 4313 3096 4361; x_wconf 85' lang='lat' dir='ltr'>transeunt.</span> 
     </span>
    </p>
   </div>
   <div class='ocr_carea' id='block_1_86' title="bbox 2319 4376 3786 4457">
    <p class='ocr_par' dir='ltr' id='par_1_86' title="bbox 2319 4376 3786 4457">
     <span class='ocr_line' id='line_1_86' title="bbox 2319 4376 3786 4457; baseline -0.002 -4"><span class='ocrx_word' id='word_1_614' title='bbox 2319 4399 2406 4453; x_wconf 81' lang='grc'><strong>17.</strong></span> <span class='ocrx_word' id='word_1_615' title='bbox 2451 4398 2527 4454; x_wconf 93' lang='lat' dir='ltr'>De</span> <span class='ocrx_word' id='word_1_616' title='bbox 2573 4396 2788 4454; x_wconf 90' lang='lat' dir='ltr'>clericis</span> <span class='ocrx_word' id='word_1_617' title='bbox 2832 4396 3025 4452; x_wconf 89' lang='lat' dir='ltr'>alienis</span> <span class='ocrx_word' id='word_1_618' title='bbox 3078 4395 3197 4451; x_wconf 91' lang='lat' dir='ltr'>sine</span> <span class='ocrx_word' id='word_1_619' title='bbox 3241 4389 3581 4450; x_wconf 87' lang='lat' dir='ltr'>conniventia</span> <span class='ocrx_word' id='word_1_620' title='bbox 3622 4376 3786 4457; x_wconf 71' lang='grc' dir='ltr'>ιιτορτίί</span> 
     </span>
    </p>
   </div>
   <div class='ocr_carea' id='block_1_87' title="bbox 2246 4478 3674 4564">
    <p class='ocr_par' dir='ltr' id='par_1_87' title="bbox 2246 4478 3674 4564">
     <span class='ocr_line' id='line_1_87' title="bbox 2246 4478 3674 4564; baseline -0.012 -16"><span class='ocrx_word' id='word_1_621' title='bbox 2246 4491 2487 4564; x_wconf 89' lang='lat' dir='ltr'>episcopi</span> <span class='ocrx_word' id='word_1_622' title='bbox 2513 4492 2580 4547; x_wconf 90' lang='lat' dir='ltr'>ab</span> <span class='ocrx_word' id='word_1_623' title='bbox 2609 4490 2714 4546; x_wconf 88' lang='lat' dir='ltr'>alio</span> <span class='ocrx_word' id='word_1_624' title='bbox 2744 4490 2799 4545; x_wconf 92' lang='lat' dir='ltr'>in</span> <span class='ocrx_word' id='word_1_625' title='bbox 2829 4506 2926 4544; x_wconf 89' lang='lat' dir='ltr'>sua</span> <span class='ocrx_word' id='word_1_626' title='bbox 2954 4486 3184 4544; x_wconf 89' lang='lat' dir='ltr'>ecclesia</span> <span class='ocrx_word' id='word_1_627' title='bbox 3209 4503 3317 4543; x_wconf 88' lang='lat' dir='ltr'>non</span> <span class='ocrx_word' id='word_1_628' title='bbox 3354 4478 3674 4541; x_wconf 88' lang='lat' dir='ltr'>ordinandis.</span> 
     </span>
    </p>
   </div>
   <div class='ocr_carea' id='block_1_88' title="bbox 2322 4578 3784 4649">
    <p class='ocr_par' dir='ltr' id='par_1_88' title="bbox 2322 4578 3784 4649">
     <span class='ocr_line' id='line_1_88' title="bbox 2322 4578 3784 4649; baseline -0.015 -8"><span class='ocrx_word' id='word_1_629' title='bbox 2322 4586 2407 4642; x_wconf 87' lang='grc'><strong>18.</strong></span> <span class='ocrx_word' id='word_1_630' title='bbox 2450 4585 2528 4642; x_wconf 83' lang='lat' dir='ltr'>De</span> <span class='ocrx_word' id='word_1_631' title='bbox 2572 4584 2788 4642; x_wconf 90' lang='lat' dir='ltr'>clericis</span> <span class='ocrx_word' id='word_1_632' title='bbox 2838 4599 3059 4639; x_wconf 90' lang='lat' dir='ltr'>usuram</span> <span class='ocrx_word' id='word_1_633' title='bbox 3113 4581 3199 4637; x_wconf 88' lang='lat' dir='ltr'>vel</span> <span class='ocrx_word' id='word_1_634' title='bbox 3247 4578 3636 4649; x_wconf 83' lang='lat' dir='ltr'>ampliationent</span> <span class='ocrx_word' id='word_1_635' title='bbox 3673 4580 3784 4623; x_wconf 75' lang='lat' dir='ltr'>accl-</span> 
     </span>
    </p>
   </div>
   <div class='ocr_carea' id='block_1_89' title="bbox 2247 4682 2545 4753">
    <p class='ocr_par' dir='ltr' id='par_1_89' title="bbox 2247 4682 2545 4753">
     <span class='ocr_line' id='line_1_89' title="bbox 2247 4682 2545 4753; baseline 0.007 -20"><span class='ocrx_word' id='word_1_636' title='bbox 2247 4682 2545 4753; x_wconf 78' lang='lat' dir='ltr'>pientibus.</span> 
     </span>
    </p>
   </div>
   <div class='ocr_carea' id='block_1_90' title="bbox 2319 4750 3781 4850">
    <p class='ocr_par' dir='ltr' id='par_1_90' title="bbox 2319 4750 3781 4850">
     <span class='ocr_line' id='line_1_90' title="bbox 2319 4750 3781 4850; baseline -0.016 -20"><span class='ocrx_word' id='word_1_637' title='bbox 2319 4775 2407 4830; x_wconf 91' lang='grc'><strong>19.</strong></span> <span class='ocrx_word' id='word_1_638' title='bbox 2447 4774 2523 4828; x_wconf 86' lang='lat' dir='ltr'>De</span> <span class='ocrx_word' id='word_1_639' title='bbox 2550 4772 2900 4828; x_wconf 86' lang='lat' dir='ltr'>Paulianistis</span> <span class='ocrx_word' id='word_1_640' title='bbox 2940 4781 2995 4826; x_wconf 93' lang='lat' dir='ltr'>et</span> <span class='ocrx_word' id='word_1_641' title='bbox 3038 4768 3383 4840; x_wconf 86' lang='lat' dir='ltr'>Cataphrigis</span> <span class='ocrx_word' id='word_1_642' title='bbox 3416 4750 3781 4850; x_wconf 60' lang='lat' dir='ltr'>rebaptizandis.</span> 
     </span>
    </p>
   </div>
   <div class='ocr_carea' id='block_1_91' title="bbox 2316 4847 3784 4921">
    <p class='ocr_par' dir='ltr' id='par_1_91' title="bbox 2316 4847 3784 4921">
     <span class='ocr_line' id='line_1_91' title="bbox 2316 4847 3784 4921; baseline -0.012 -2"><span class='ocrx_word' id='word_1_643' title='bbox 2316 4864 2407 4919; x_wconf 74' lang='lat'>20.</span> <span class='ocrx_word' id='word_1_644' title='bbox 2450 4865 2527 4919; x_wconf 90' lang='lat' dir='ltr'>De</span> <span class='ocrx_word' id='word_1_645' title='bbox 2558 4864 2750 4921; x_wconf 88' lang='lat' dir='ltr'>diebus</span> <span class='ocrx_word' id='word_1_646' title='bbox 2773 4863 3073 4921; x_wconf 88' lang='lat' dir='ltr'>Dominicis</span> <span class='ocrx_word' id='word_1_647' title='bbox 3101 4871 3155 4919; x_wconf 93' lang='lat' dir='ltr'>et</span> <span class='ocrx_word' id='word_1_648' title='bbox 3182 4861 3550 4917; x_wconf 88' lang='lat' dir='ltr'>Pentecostes.</span> <span class='ocrx_word' id='word_1_649' title='bbox 3579 4859 3633 4907; x_wconf 95' lang='lat' dir='ltr'>ut</span> <span class='ocrx_word' id='word_1_650' title='bbox 3657 4847 3700 4904; x_wconf 90' lang='lat' dir='ltr'>in</span> <span class='ocrx_word' id='word_1_651' title='bbox 3724 4847 3784 4896; x_wconf 74' lang='lat' dir='ltr'>eis</span> 
     </span>
    </p>
   </div>
   <div class='ocr_carea' id='block_1_92' title="bbox 2244 4968 2714 5015">
    <p class='ocr_par' dir='ltr' id='par_1_92' title="bbox 2244 4968 2714 5015">
     <span class='ocr_line' id='line_1_92' title="bbox 2244 4968 2714 5015; baseline -0.002 0"><span class='ocrx_word' id='word_1_652' title='bbox 2244 4968 2451 5015; x_wconf 89' lang='lat' dir='ltr'>stantes</span> <span class='ocrx_word' id='word_1_653' title='bbox 2475 4972 2714 5014; x_wconf 89' lang='lat' dir='ltr'>oremus.</span> 
     </span>
    </p>
   </div>
   <div class='ocr_carea' id='block_1_93' title="bbox 1518 5241 2837 5308">
    <p class='ocr_par' dir='ltr' id='par_1_93' title="bbox 1518 5241 2837 5308">
     <span class='ocr_line' id='line_1_93' title="bbox 1518 5241 2837 5308; baseline -0.006 -1"><span class='ocrx_word' id='word_1_654' title='bbox 1518 5248 1864 5308; x_wconf 84' lang='lat' dir='ltr'>lNClPlUNT</span> <span class='ocrx_word' id='word_1_655' title='bbox 1892 5245 2212 5304; x_wconf 83' lang='lat' dir='ltr'>CANONES</span> <span class='ocrx_word' id='word_1_656' title='bbox 2240 5242 2498 5303; x_wconf 72' lang='grc' dir='ltr'>ΝιρΑΞΝι</span> <span class='ocrx_word' id='word_1_657' title='bbox 2524 5241 2837 5301; x_wconf 86' lang='lat' dir='ltr'>CONClLll.</span> 
     </span>
    </p>
   </div>
   <div class='ocr_carea' id='block_1_94' title="bbox 554 5378 3784 5551">
    <p class='ocr_par' dir='ltr' id='par_1_94' title="bbox 554 5378 3784 5551">
     <span class='ocr_line' id='line_1_94' title="bbox 554 5378 3784 5551; baseline -0.008 -74"><span class='ocrx_word' id='word_1_658' title='bbox 554 5411 741 5493; x_wconf 83' lang='lat' dir='ltr'>Quod</span> <span class='ocrx_word' id='word_1_659' title='bbox 771 5419 977 5476; x_wconf 78' lang='lat' dir='ltr'>actum</span> <span class='ocrx_word' id='word_1_660' title='bbox 1007 5421 1091 5475; x_wconf 78' lang='lat' dir='ltr'>est</span> <span class='ocrx_word' id='word_1_661' title='bbox 1115 5413 1225 5477; x_wconf 84' lang='lat' dir='ltr'>sub</span> <span class='ocrx_word' id='word_1_662' title='bbox 1259 5412 1674 5477; x_wconf 77' lang='lat' dir='ltr'>Constantino</span> <span class='ocrx_word' id='word_1_663' title='bbox 1706 5406 2388 5551; x_wconf 49' lang='lat' dir='ltr'>impwatorngzzuf’inlo</span> <span class='ocrx_word' id='word_1_664' title='bbox 2418 5416 2473 5468; x_wconf 81' lang='lat' dir='ltr'>et</span> <span class='ocrx_word' id='word_1_665' title='bbox 2501 5402 2765 5468; x_wconf 79' lang='lat' dir='ltr'>Juliano</span> <span class='ocrx_word' id='word_1_666' title='bbox 2797 5399 3162 5464; x_wconf 78' lang='lat' dir='ltr'>consulibus</span> <span class='ocrx_word' id='word_1_667' title='bbox 3188 5396 3517 5482; x_wconf 76' lang='lat' dir='ltr'>fratribus,</span> <span class='ocrx_word' id='word_1_668' title='bbox 3545 5407 3638 5451; x_wconf 77' lang='lat' dir='ltr'>an.</span> <span class='ocrx_word' id='word_1_669' title='bbox 3664 5378 3784 5482; x_wconf 35' lang='lat' dir='ltr'><strong>363a</strong></span> 
     </span>
     <span class='ocr_line' id='line_1_95' title="bbox 1954 5508 2385 5551; baseline -0.007 0"><span class='ocrx_word' id='word_1_670' title='bbox 1954 5508 2027 5551; x_wconf 88' lang='grc' dir='ltr'>ιιι</span> <span class='ocrx_word' id='word_1_671' title='bbox 2124 5509 2163 5550; x_wconf 88' lang='lat' dir='ltr'>a</span> <span class='ocrx_word' id='word_1_672' title='bbox 2194 5536 2211 5551; x_wconf 94' lang='lat'>.</span> <span class='ocrx_word' id='word_1_673' title='bbox 2294 5508 2338 5549; x_wconf 75' lang='grc' dir='ltr'><strong>α</strong></span> <span class='ocrx_word' id='word_1_674' title='bbox 2371 5533 2385 5548; x_wconf 95' lang='grc'>.</span> 
     </span>
    </p>
   </div>
   <div class='ocr_carea' id='block_1_95' title="bbox 1954 5508 2385 5552">
    <p class='ocr_par' dir='ltr' id='par_1_95' title="bbox 1954 5508 2385 5552">
     <span class='ocr_line' id='line_1_96' title="bbox 1954 5508 2385 5552; baseline -0.009 0"><span class='ocrx_word' id='word_1_675' title='bbox 1954 5508 2027 5552; x_wconf 80' lang='lat' dir='ltr'>Ill</span> <span class='ocrx_word' id='word_1_676' title='bbox 2055 5508 2211 5552; x_wconf 78' lang='lat' dir='ltr'>nat.</span> <span class='ocrx_word' id='word_1_677' title='bbox 2248 5508 2385 5549; x_wconf 70' lang='lat' dir='ltr'>Jul.</span> 
     </span>
    </p>
   </div>
   <div class='ocr_carea' id='block_1_96' title="bbox 624 5681 2144 5759">
    <p class='ocr_par' dir='ltr' id='par_1_96' title="bbox 624 5681 2144 5759">
     <span class='ocr_line' id='line_1_97' title="bbox 624 5681 2144 5759; baseline -0.006 -13"><span class='ocrx_word' id='word_1_678' title='bbox 624 5687 759 5747; x_wconf 92' lang='lat' dir='ltr'>Cum</span> <span class='ocrx_word' id='word_1_679' title='bbox 783 5687 1125 5747; x_wconf 88' lang='lat' dir='ltr'>convenisset</span> <span class='ocrx_word' id='word_1_680' title='bbox 1166 5687 1272 5745; x_wconf 90' lang='lat' dir='ltr'>hoc</span> <span class='ocrx_word' id='word_1_681' title='bbox 1316 5697 1565 5745; x_wconf 86' lang='lat' dir='ltr'>sanctum</span> <span class='ocrx_word' id='word_1_682' title='bbox 1591 5698 1648 5744; x_wconf 90' lang='lat' dir='ltr'>et</span> <span class='ocrx_word' id='word_1_683' title='bbox 1670 5700 1927 5759; x_wconf 87' lang='lat' dir='ltr'>magnum</span> <span class='ocrx_word' id='word_1_684' title='bbox 1957 5681 2144 5738; x_wconf 86' lang='lat' dir='ltr'>conci-</span> 
     </span>
    </p>
   </div>
   <div class='ocr_carea' id='block_1_97' title="bbox 550 5777 2140 5856">
    <p class='ocr_par' dir='ltr' id='par_1_97' title="bbox 550 5777 2140 5856">
     <span class='ocr_line' id='line_1_98' title="bbox 550 5777 2140 5856; baseline -0.001 -22"><span class='ocrx_word' id='word_1_685' title='bbox 550 5777 684 5837; x_wconf 73' lang='lat' dir='ltr'>litim</span> <span class='ocrx_word' id='word_1_686' title='bbox 725 5784 867 5856; x_wconf 91' lang='lat' dir='ltr'>apud</span> <span class='ocrx_word' id='word_1_687' title='bbox 912 5782 1151 5839; x_wconf 63' lang='lat' dir='ltr'>Nicmam</span> <span class='ocrx_word' id='word_1_688' title='bbox 1178 5783 1453 5838; x_wconf 89' lang='lat' dir='ltr'>civitatem</span> <span class='ocrx_word' id='word_1_689' title='bbox 1497 5782 1789 5853; x_wconf 78' lang='lat' dir='ltr'>provinciae</span> <span class='ocrx_word' id='word_1_690' title='bbox 1835 5777 2140 5851; x_wconf 66' lang='lat' dir='ltr'>Bithyniae,</span> 
     </span>
    </p>
   </div>
   <div class='ocr_carea' id='block_1_98' title="bbox 553 5871 2141 5943">
    <p class='ocr_par' dir='ltr' id='par_1_98' title="bbox 553 5871 2141 5943">
     <span class='ocr_line' id='line_1_99' title="bbox 553 5871 2141 5943; baseline 0 -18"><span class='ocrx_word' id='word_1_691' title='bbox 553 5877 757 5929; x_wconf 83' lang='lat' dir='ltr'>statuta</span> <span class='ocrx_word' id='word_1_692' title='bbox 787 5881 914 5929; x_wconf 90' lang='lat' dir='ltr'>sunt</span> <span class='ocrx_word' id='word_1_693' title='bbox 955 5873 1024 5929; x_wconf 89' lang='lat' dir='ltr'>ab</span> <span class='ocrx_word' id='word_1_694' title='bbox 1051 5874 1132 5930; x_wconf 89' lang='lat' dir='ltr'>eis</span> <span class='ocrx_word' id='word_1_695' title='bbox 1156 5875 1272 5930; x_wconf 63' lang='lat' dir='ltr'>haec</span> <span class='ocrx_word' id='word_1_696' title='bbox 1310 5888 1431 5943; x_wconf 75' lang='lat' dir='ltr'>qua:</span> <span class='ocrx_word' id='word_1_697' title='bbox 1478 5871 1618 5927; x_wconf 87' lang='lat' dir='ltr'>infra</span> <span class='ocrx_word' id='word_1_698' title='bbox 1647 5874 1850 5941; x_wconf 89' lang='lat' dir='ltr'>scripta</span> <span class='ocrx_word' id='word_1_699' title='bbox 1885 5879 2045 5933; x_wconf 87' lang='lat' dir='ltr'>sunt,</span> <span class='ocrx_word' id='word_1_700' title='bbox 2073 5886 2141 5927; x_wconf 80' lang='lat' dir='ltr'>ex</span> 
     </span>
    </p>
   </div>
   <div class='ocr_carea' id='block_1_99' title="bbox 552 5963 1649 6027">
    <p class='ocr_par' dir='ltr' id='par_1_99' title="bbox 552 5963 1649 6027">
     <span class='ocr_line' id='line_1_100' title="bbox 552 5963 1649 6027; baseline 0 -7"><span class='ocrx_word' id='word_1_701' title='bbox 552 5963 745 6022; x_wconf 79' lang='lat' dir='ltr'>Graeco</span> <span class='ocrx_word' id='word_1_702' title='bbox 771 5966 828 6021; x_wconf 91' lang='lat' dir='ltr'>in</span> <span class='ocrx_word' id='word_1_703' title='bbox 856 5965 1107 6024; x_wconf 82' lang='lat' dir='ltr'>Latinum</span> <span class='ocrx_word' id='word_1_704' title='bbox 1135 5981 1300 6027; x_wconf 86' lang='lat' dir='ltr'>versa</span> <span class='ocrx_word' id='word_1_705' title='bbox 1320 5980 1649 6023; x_wconf 86' lang='lat' dir='ltr'>sermonem.</span> 
     </span>
    </p>
   </div>
   <div class='ocr_carea' id='block_1_100' title="bbox 2318 5650 3775 5748">
    <p class='ocr_par' dir='ltr' id='par_1_100' title="bbox 2318 5650 3775 5748">
     <span class='ocr_line' id='line_1_101' title="bbox 2318 5650 3775 5748; baseline -0.021 -13"><span class='ocrx_word' id='word_1_706' title='bbox 2318 5677 2361 5732; x_wconf 91' lang='lat' dir='ltr'>l.</span> <span class='ocrx_word' id='word_1_707' title='bbox 2408 5676 2466 5733; x_wconf 87' lang='lat' dir='ltr'>Si</span> <span class='ocrx_word' id='word_1_708' title='bbox 2496 5676 2618 5748; x_wconf 90' lang='lat' dir='ltr'>quis</span> <span class='ocrx_word' id='word_1_709' title='bbox 2644 5675 2698 5731; x_wconf 93' lang='lat' dir='ltr'>in</span> <span class='ocrx_word' id='word_1_710' title='bbox 2727 5674 3049 5748; x_wconf 57' lang='lat' dir='ltr'>aegritudine</span> <span class='ocrx_word' id='word_1_711' title='bbox 3073 5672 3162 5729; x_wconf 87' lang='lat' dir='ltr'>vel</span> <span class='ocrx_word' id='word_1_712' title='bbox 3190 5687 3221 5727; x_wconf 93' lang='lat' dir='ltr'>a</span> <span class='ocrx_word' id='word_1_713' title='bbox 3258 5663 3482 5726; x_wconf 88' lang='lat' dir='ltr'>medicis</span> <span class='ocrx_word' id='word_1_714' title='bbox 3506 5667 3672 5718; x_wconf 84' lang='lat' dir='ltr'>sectus</span> <span class='ocrx_word' id='word_1_715' title='bbox 3690 5650 3775 5706; x_wconf 63' lang='grc' dir='ltr'>αἱ,</span> 
     </span>
    </p>
   </div>
   <div class='ocr_carea' id='block_1_101' title="bbox 2246 5748 3777 5844">
    <p class='ocr_par' dir='ltr' id='par_1_101' title="bbox 2246 5748 3777 5844">
     <span class='ocr_line' id='line_1_102' title="bbox 2246 5748 3777 5844; baseline 0.011 -16"><span class='ocrx_word' id='word_1_716' title='bbox 2246 5773 2331 5829; x_wconf 86' lang='lat' dir='ltr'>vel</span> <span class='ocrx_word' id='word_1_717' title='bbox 2357 5789 2387 5829; x_wconf 90' lang='lat' dir='ltr'>a</span> <span class='ocrx_word' id='word_1_718' title='bbox 2416 5773 2666 5830; x_wconf 88' lang='lat' dir='ltr'>barbaris</span> <span class='ocrx_word' id='word_1_719' title='bbox 2692 5782 2962 5831; x_wconf 89' lang='lat' dir='ltr'>castratus</span> <span class='ocrx_word' id='word_1_720' title='bbox 2981 5814 2997 5842; x_wconf 98' lang='lat'>,</span> <span class='ocrx_word' id='word_1_721' title='bbox 3025 5771 3229 5844; x_wconf 73' lang='grc' dir='ltr'>ριτιουὶι</span> <span class='ocrx_word' id='word_1_722' title='bbox 3268 5778 3327 5839; x_wconf 68' lang='grc' dir='ltr'>ιὲι</span> <span class='ocrx_word' id='word_1_723' title='bbox 3373 5767 3471 5823; x_wconf 51' lang='lat' dir='ltr'>is“?</span> <span class='ocrx_word' id='word_1_724' title='bbox 3503 5748 3777 5844; x_wconf 35' lang='lat' dir='ltr'>Pemaqeat</span> 
     </span>
    </p>
   </div>
   <div class='ocr_carea' id='block_1_102' title="bbox 2244 5839 3774 5936">
    <p class='ocr_par' dir='ltr' id='par_1_102' title="bbox 2244 5839 3774 5936">
     <span class='ocr_line' id='line_1_103' title="bbox 2244 5839 3774 5936; baseline -0.008 -13"><span class='ocrx_word' id='word_1_725' title='bbox 2244 5867 2301 5923; x_wconf 88' lang='lat' dir='ltr'>in</span> <span class='ocrx_word' id='word_1_726' title='bbox 2332 5867 2498 5923; x_wconf 88' lang='lat' dir='ltr'>clero.</span> <span class='ocrx_word' id='word_1_727' title='bbox 2532 5866 2587 5922; x_wconf 90' lang='lat' dir='ltr'>Si</span> <span class='ocrx_word' id='word_1_728' title='bbox 2625 5866 2746 5936; x_wconf 89' lang='lat' dir='ltr'>quis</span> <span class='ocrx_word' id='word_1_729' title='bbox 2790 5876 2967 5920; x_wconf 89' lang='lat' dir='ltr'>autem</span> <span class='ocrx_word' id='word_1_730' title='bbox 3016 5880 3182 5922; x_wconf 86' lang='lat' dir='ltr'>sanus</span> <span class='ocrx_word' id='word_1_731' title='bbox 3230 5862 3462 5932; x_wconf 88' lang='lat' dir='ltr'>seipsnm</span> <span class='ocrx_word' id='word_1_732' title='bbox 3507 5839 3774 5936; x_wconf 52' lang='lat' dir='ltr'>absciﬂfa&quot;</span> 
     </span>
    </p>
   </div>
   <div class='ocr_carea' id='block_1_103' title="bbox 2249 5928 3771 6024">
    <p class='ocr_par' dir='ltr' id='par_1_103' title="bbox 2249 5928 3771 6024">
     <span class='ocr_line' id='line_1_104' title="bbox 2249 5928 3771 6024; baseline -0.012 -8"><span class='ocrx_word' id='word_1_733' title='bbox 2249 5958 2460 6017; x_wconf 88' lang='lat' dir='ltr'>etiamsi</span> <span class='ocrx_word' id='word_1_734' title='bbox 2485 5965 2568 6014; x_wconf 89' lang='lat' dir='ltr'>est</span> <span class='ocrx_word' id='word_1_735' title='bbox 2599 5928 2659 6014; x_wconf 74' lang='lat' dir='ltr'>in</span> <span class='ocrx_word' id='word_1_736' title='bbox 2684 5956 2849 6024; x_wconf 88' lang='lat' dir='ltr'>clero,</span> <span class='ocrx_word' id='word_1_737' title='bbox 2884 5972 3102 6015; x_wconf 87' lang='lat' dir='ltr'>cessare</span> <span class='ocrx_word' id='word_1_738' title='bbox 3130 5957 3291 6021; x_wconf 74' lang='lat' dir='ltr'>debet</span> <span class='ocrx_word' id='word_1_739' title='bbox 3312 5928 3382 6009; x_wconf 27' lang='lat' dir='ltr'>iet</span> <span class='ocrx_word' id='word_1_740' title='bbox 3404 5963 3469 6006; x_wconf 83' lang='lat' dir='ltr'>ex</span> <span class='ocrx_word' id='word_1_741' title='bbox 3490 5946 3586 6004; x_wconf 90' lang='lat' dir='ltr'>hoc</span> <span class='ocrx_word' id='word_1_742' title='bbox 3604 5928 3771 5995; x_wconf 68' lang='lat' dir='ltr'>nullum</span> 
     </span>
    </p>
   </div>
  </div>
