  <div class='ocr_page' id='page_1' title='image "/cluster/home/n/w/nwhite01/storage/ocr_20150623/130/hvd.32044015471717/158.png"; bbox 0 0 3926 6436; ppageno 0'>
   <div class='ocr_carea' id='block_1_1' title="bbox 130 418 225 480">
    <p class='ocr_par' dir='ltr' id='par_1_1' title="bbox 130 418 225 480">
     <span class='ocr_line' id='line_1_1' title="bbox 130 418 225 480; baseline 0.021 -1"><span class='ocrx_word' id='word_1_1' title='bbox 130 418 225 480; x_wconf 65' lang='grc' dir='ltr'><strong>ὶῦἴ</strong></span> 
     </span>
    </p>
   </div>
   <div class='ocr_carea' id='block_1_2' title="bbox 286 492 301 518">
    <p class='ocr_par' dir='ltr' id='par_1_2' title="bbox 286 492 301 518">
     <span class='ocr_line' id='line_1_2' title="bbox 286 492 301 518; baseline 0 -4"><span class='ocrx_word' id='word_1_2' title='bbox 286 492 301 518; x_wconf 74' lang='grc' dir='ltr'><strong><em>Ι</em></strong></span> 
     </span>
    </p>
   </div>
   <div class='ocr_carea' id='block_1_3' title="bbox 1261 411 2239 475">
    <p class='ocr_par' dir='ltr' id='par_1_3' title="bbox 1261 411 2239 475">
     <span class='ocr_line' id='line_1_3' title="bbox 1261 411 2239 475; baseline -0.004 -2"><span class='ocrx_word' id='word_1_3' title='bbox 1261 412 1750 475; x_wconf 75' lang='lat' dir='ltr'><strong>DECRETALIUM</strong></span> <span class='ocrx_word' id='word_1_4' title='bbox 1785 411 2181 471; x_wconf 82' lang='lat' dir='ltr'><strong>COLLECTIO.</strong></span> <span class='ocrx_word' id='word_1_5' title='bbox 2236 418 2239 421; x_wconf 72' lang='grc'><em>’</em></span> 
     </span>
    </p>
   </div>
   <div class='ocr_carea' id='block_1_4' title="bbox 86 519 3375 618">
    <p class='ocr_par' dir='ltr' id='par_1_4' title="bbox 86 519 3375 618">
     <span class='ocr_line' id='line_1_4' title="bbox 86 519 3375 618; baseline -0.002 -26"><span class='ocrx_word' id='word_1_6' title='bbox 86 576 111 618; x_wconf 51' lang='grc' dir='ltr'><strong>ς</strong></span> <span class='ocrx_word' id='word_1_7' title='bbox 138 536 283 591; x_wconf 86' lang='lat' dir='ltr'><strong>talem</strong></span> <span class='ocrx_word' id='word_1_8' title='bbox 311 540 529 604; x_wconf 89' lang='lat' dir='ltr'><strong>oportet</strong></span> <span class='ocrx_word' id='word_1_9' title='bbox 557 528 817 588; x_wconf 86' lang='lat' dir='ltr'><strong>ordinari.</strong></span> <span class='ocrx_word' id='word_1_10' title='bbox 848 527 1007 586; x_wconf 90' lang='lat' dir='ltr'><strong>Sicut</strong></span> <span class='ocrx_word' id='word_1_11' title='bbox 1035 535 1219 585; x_wconf 90' lang='lat' dir='ltr'><strong>autem</strong></span> <span class='ocrx_word' id='word_1_12' title='bbox 1247 529 1315 587; x_wconf 89' lang='lat' dir='ltr'><strong>de</strong></span> <span class='ocrx_word' id='word_1_13' title='bbox 1342 528 1431 583; x_wconf 88' lang='lat' dir='ltr'><strong>his</strong></span> <span class='ocrx_word' id='word_1_14' title='bbox 1474 525 1568 596; x_wconf 90' lang='lat' dir='ltr'><strong>qui</strong></span> <span class='ocrx_word' id='word_1_15' title='bbox 1613 521 1701 578; x_wconf 97' lang='lat' dir='ltr'><strong>vel</strong></span> <span class='ocrx_word' id='word_1_16' title='bbox 1728 523 1778 584; x_wconf 78' lang='grc' dir='ltr'>Α</span> <span class='ocrx_word' id='word_1_17' title='bbox 1804 528 1857 618; x_wconf 79' lang='lat' dir='ltr'><strong>et</strong></span> <span class='ocrx_word' id='word_1_18' title='bbox 1881 519 2195 618; x_wconf 80' lang='lat' dir='ltr'><strong>Pentapoli,</strong></span> <span class='ocrx_word' id='word_1_19' title='bbox 2221 532 2280 578; x_wconf 93' lang='lat' dir='ltr'><strong>ut</strong></span> <span class='ocrx_word' id='word_1_20' title='bbox 2303 522 2703 583; x_wconf 77' lang='lat' dir='ltr'><strong>Alexandrinus</strong></span> <span class='ocrx_word' id='word_1_21' title='bbox 2732 527 3017 599; x_wconf 89' lang='lat' dir='ltr'><strong>episcopus</strong></span> <span class='ocrx_word' id='word_1_22' title='bbox 3039 530 3234 587; x_wconf 88' lang='lat' dir='ltr'><strong>horum</strong></span> <span class='ocrx_word' id='word_1_23' title='bbox 3259 549 3375 589; x_wconf 82' lang='lat' dir='ltr'><strong>om-</strong></span> 
     </span>
    </p>
   </div>
   <div class='ocr_carea' id='block_1_5' title="bbox 135 618 1698 692">
    <p class='ocr_par' dir='ltr' id='par_1_5' title="bbox 135 618 1698 692">
     <span class='ocr_line' id='line_1_5' title="bbox 135 618 1698 692; baseline -0.008 -9"><span class='ocrx_word' id='word_1_24' title='bbox 135 625 488 682; x_wconf 82' lang='lat' dir='ltr'><strong>alfectaverint</strong></span> <span class='ocrx_word' id='word_1_25' title='bbox 518 623 633 680; x_wconf 83' lang='lat' dir='ltr'><strong>haec</strong></span> <span class='ocrx_word' id='word_1_26' title='bbox 671 623 758 678; x_wconf 85' lang='lat' dir='ltr'><strong>vel</strong></span> <span class='ocrx_word' id='word_1_27' title='bbox 803 621 922 678; x_wconf 87' lang='lat' dir='ltr'><strong>ausi</strong></span> <span class='ocrx_word' id='word_1_28' title='bbox 954 629 1082 677; x_wconf 86' lang='lat' dir='ltr'><strong>sunt</strong></span> <span class='ocrx_word' id='word_1_29' title='bbox 1108 619 1318 692; x_wconf 91' lang='lat' dir='ltr'><strong>seipsos</strong></span> <span class='ocrx_word' id='word_1_30' title='bbox 1344 618 1698 683; x_wconf 77' lang='lat' dir='ltr'><strong>abscindere,</strong></span> 
     </span>
    </p>
   </div>
   <div class='ocr_carea' id='block_1_6' title="bbox 137 708 1701 787">
    <p class='ocr_par' dir='ltr' id='par_1_6' title="bbox 137 708 1701 787">
     <span class='ocr_line' id='line_1_6' title="bbox 137 708 1701 787; baseline -0.008 -12"><span class='ocrx_word' id='word_1_31' title='bbox 137 721 268 784; x_wconf 70' lang='lat' dir='ltr'><strong>haec,</strong></span> <span class='ocrx_word' id='word_1_32' title='bbox 293 732 412 787; x_wconf 66' lang='lat' dir='ltr'><strong>qua:</strong></span> <span class='ocrx_word' id='word_1_33' title='bbox 433 716 665 772; x_wconf 78' lang='lat' dir='ltr'><strong>dicimus</strong></span> <span class='ocrx_word' id='word_1_34' title='bbox 684 754 701 783; x_wconf 92' lang='lat'><strong>,</strong></span> <span class='ocrx_word' id='word_1_35' title='bbox 744 722 947 769; x_wconf 87' lang='lat' dir='ltr'><strong>statuta</strong></span> <span class='ocrx_word' id='word_1_36' title='bbox 977 722 1121 770; x_wconf 89' lang='lat' dir='ltr'><strong>sunt.</strong></span> <span class='ocrx_word' id='word_1_37' title='bbox 1148 713 1227 768; x_wconf 91' lang='lat' dir='ltr'><strong>lta</strong></span> <span class='ocrx_word' id='word_1_38' title='bbox 1255 712 1300 768; x_wconf 94' lang='lat' dir='ltr'><strong>si</strong></span> <span class='ocrx_word' id='word_1_39' title='bbox 1329 711 1421 782; x_wconf 86' lang='lat' dir='ltr'><strong>qui</strong></span> <span class='ocrx_word' id='word_1_40' title='bbox 1446 726 1478 765; x_wconf 88' lang='lat' dir='ltr'><strong>a</strong></span> <span class='ocrx_word' id='word_1_41' title='bbox 1505 708 1701 764; x_wconf 85' lang='lat' dir='ltr'><strong>barba-</strong></span> 
     </span>
    </p>
   </div>
   <div class='ocr_carea' id='block_1_7' title="bbox 139 801 1699 878">
    <p class='ocr_par' dir='ltr' id='par_1_7' title="bbox 139 801 1699 878">
     <span class='ocr_line' id='line_1_7' title="bbox 139 801 1699 878; baseline -0.006 -13"><span class='ocrx_word' id='word_1_42' title='bbox 139 812 204 865; x_wconf 91' lang='lat' dir='ltr'><strong>ris</strong></span> <span class='ocrx_word' id='word_1_43' title='bbox 232 809 311 865; x_wconf 85' lang='lat' dir='ltr'><strong>vel</strong></span> <span class='ocrx_word' id='word_1_44' title='bbox 335 824 365 864; x_wconf 92' lang='lat' dir='ltr'><strong>a</strong></span> <span class='ocrx_word' id='word_1_45' title='bbox 390 808 629 864; x_wconf 87' lang='lat' dir='ltr'><strong>dominis</strong></span> <span class='ocrx_word' id='word_1_46' title='bbox 658 808 773 863; x_wconf 91' lang='lat' dir='ltr'><strong>suis</strong></span> <span class='ocrx_word' id='word_1_47' title='bbox 798 806 966 873; x_wconf 91' lang='lat' dir='ltr'><strong>secti,</strong></span> <span class='ocrx_word' id='word_1_48' title='bbox 992 815 1046 862; x_wconf 89' lang='lat' dir='ltr'><strong>et</strong></span> <span class='ocrx_word' id='word_1_49' title='bbox 1071 804 1370 878; x_wconf 87' lang='lat' dir='ltr'><strong>probabilis</strong></span> <span class='ocrx_word' id='word_1_50' title='bbox 1397 804 1524 859; x_wconf 83' lang='lat' dir='ltr'><strong>vitae</strong></span> <span class='ocrx_word' id='word_1_51' title='bbox 1552 801 1661 857; x_wconf 90' lang='lat' dir='ltr'><strong>sint</strong></span> <span class='ocrx_word' id='word_1_52' title='bbox 1681 840 1699 867; x_wconf 94' lang='lat'><strong>,</strong></span> 
     </span>
    </p>
   </div>
   <div class='ocr_carea' id='block_1_8' title="bbox 139 895 1481 969">
    <p class='ocr_par' dir='ltr' id='par_1_8' title="bbox 139 895 1481 969">
     <span class='ocr_line' id='line_1_8' title="bbox 139 895 1481 969; baseline -0.006 -13"><span class='ocrx_word' id='word_1_53' title='bbox 139 900 259 956; x_wconf 87' lang='lat' dir='ltr'><strong>tales</strong></span> <span class='ocrx_word' id='word_1_54' title='bbox 280 898 509 969; x_wconf 89' lang='lat' dir='ltr'><strong>suscipit</strong></span> <span class='ocrx_word' id='word_1_55' title='bbox 553 897 922 954; x_wconf 89' lang='lat' dir='ltr'><strong>ecclesiastica</strong></span> <span class='ocrx_word' id='word_1_56' title='bbox 952 896 1137 968; x_wconf 82' lang='lat' dir='ltr'><strong>regula</strong></span> <span class='ocrx_word' id='word_1_57' title='bbox 1171 896 1226 951; x_wconf 90' lang='lat' dir='ltr'><strong>in</strong></span> <span class='ocrx_word' id='word_1_58' title='bbox 1257 895 1481 951; x_wconf 88' lang='lat' dir='ltr'><strong>clerum.</strong></span> 
     </span>
    </p>
   </div>
   <div class='ocr_carea' id='block_1_9' title="bbox 196 985 1701 1061">
    <p class='ocr_par' dir='ltr' id='par_1_9' title="bbox 196 985 1701 1061">
     <span class='ocr_line' id='line_1_9' title="bbox 196 985 1701 1061; baseline -0.006 -13"><span class='ocrx_word' id='word_1_59' title='bbox 196 993 252 1048; x_wconf 92' lang='grc'><strong>11.</strong></span> <span class='ocrx_word' id='word_1_60' title='bbox 291 991 561 1060; x_wconf 89' lang='lat' dir='ltr'><strong>Quoniam</strong></span> <span class='ocrx_word' id='word_1_61' title='bbox 587 990 755 1046; x_wconf 90' lang='lat' dir='ltr'><strong>multa</strong></span> <span class='ocrx_word' id='word_1_62' title='bbox 782 991 897 1046; x_wconf 87' lang='lat' dir='ltr'><strong>sive</strong></span> <span class='ocrx_word' id='word_1_63' title='bbox 925 1005 1023 1061; x_wconf 90' lang='lat' dir='ltr'><strong>per</strong></span> <span class='ocrx_word' id='word_1_64' title='bbox 1045 988 1426 1045; x_wconf 73' lang='lat' dir='ltr'><strong>necessitatem</strong></span> <span class='ocrx_word' id='word_1_65' title='bbox 1446 1026 1462 1053; x_wconf 90' lang='lat'><strong>,</strong></span> <span class='ocrx_word' id='word_1_66' title='bbox 1493 985 1610 1042; x_wconf 89' lang='lat' dir='ltr'><strong>sive</strong></span> <span class='ocrx_word' id='word_1_67' title='bbox 1631 999 1701 1040; x_wconf 79' lang='lat' dir='ltr'><strong>ex</strong></span> 
     </span>
    </p>
   </div>
   <div class='ocr_carea' id='block_1_10' title="bbox 139 1075 1704 1156">
    <p class='ocr_par' dir='ltr' id='par_1_10' title="bbox 139 1075 1704 1156">
     <span class='ocr_line' id='line_1_10' title="bbox 139 1075 1704 1156; baseline -0.006 -19"><span class='ocrx_word' id='word_1_68' title='bbox 139 1095 435 1152; x_wconf 84' lang='lat' dir='ltr'><strong>quacunque</strong></span> <span class='ocrx_word' id='word_1_69' title='bbox 465 1094 635 1156; x_wconf 76' lang='lat' dir='ltr'><strong>causa</strong></span> <span class='ocrx_word' id='word_1_70' title='bbox 657 1088 845 1136; x_wconf 87' lang='lat' dir='ltr'><strong>contra</strong></span> <span class='ocrx_word' id='word_1_71' title='bbox 884 1078 1124 1150; x_wconf 81' lang='lat' dir='ltr'><strong>regulam</strong></span> <span class='ocrx_word' id='word_1_72' title='bbox 1172 1086 1321 1149; x_wconf 75' lang='lat' dir='ltr'><strong>gesta</strong></span> <span class='ocrx_word' id='word_1_73' title='bbox 1350 1085 1495 1141; x_wconf 90' lang='lat' dir='ltr'><strong>sunt,</strong></span> <span class='ocrx_word' id='word_1_74' title='bbox 1529 1075 1601 1130; x_wconf 90' lang='lat' dir='ltr'><strong>ita</strong></span> <span class='ocrx_word' id='word_1_75' title='bbox 1643 1081 1704 1128; x_wconf 89' lang='lat' dir='ltr'><strong>ut</strong></span> 
     </span>
    </p>
   </div>
   <div class='ocr_carea' id='block_1_11' title="bbox 139 1162 1703 1241">
    <p class='ocr_par' dir='ltr' id='par_1_11' title="bbox 139 1162 1703 1241">
     <span class='ocr_line' id='line_1_11' title="bbox 139 1162 1703 1241; baseline -0.004 -15"><span class='ocrx_word' id='word_1_76' title='bbox 139 1172 362 1227; x_wconf 82' lang='lat' dir='ltr'><strong>homines</strong></span> <span class='ocrx_word' id='word_1_77' title='bbox 387 1186 455 1225; x_wconf 80' lang='lat' dir='ltr'><strong>ex</strong></span> <span class='ocrx_word' id='word_1_78' title='bbox 481 1170 595 1225; x_wconf 89' lang='lat' dir='ltr'><strong>vita</strong></span> <span class='ocrx_word' id='word_1_79' title='bbox 617 1170 807 1241; x_wconf 81' lang='lat' dir='ltr'><strong>.gentili</strong></span> <span class='ocrx_word' id='word_1_80' title='bbox 840 1185 1012 1238; x_wconf 83' lang='lat' dir='ltr'><strong>nuper</strong></span> <span class='ocrx_word' id='word_1_81' title='bbox 1031 1168 1207 1224; x_wconf 89' lang='lat' dir='ltr'><strong>adhuc</strong></span> <span class='ocrx_word' id='word_1_82' title='bbox 1233 1166 1550 1224; x_wconf 86' lang='lat' dir='ltr'><strong>catechizati</strong></span> <span class='ocrx_word' id='word_1_83' title='bbox 1570 1206 1585 1230; x_wconf 96' lang='lat'><strong>,</strong></span> <span class='ocrx_word' id='word_1_84' title='bbox 1616 1162 1703 1219; x_wconf 80' lang='lat' dir='ltr'><strong>vel</strong></span> 
     </span>
    </p>
   </div>
   <div class='ocr_carea' id='block_1_12' title="bbox 142 1256 1700 1331">
    <p class='ocr_par' dir='ltr' id='par_1_12' title="bbox 142 1256 1700 1331">
     <span class='ocr_line' id='line_1_12' title="bbox 142 1256 1700 1331; baseline -0.006 -14"><span class='ocrx_word' id='word_1_85' title='bbox 142 1260 354 1317; x_wconf 85' lang='lat' dir='ltr'><strong>instituti</strong></span> <span class='ocrx_word' id='word_1_86' title='bbox 385 1260 578 1316; x_wconf 85' lang='lat' dir='ltr'><strong>statim</strong></span> <span class='ocrx_word' id='word_1_87' title='bbox 599 1260 667 1315; x_wconf 86' lang='lat' dir='ltr'><strong>ad</strong></span> <span class='ocrx_word' id='word_1_88' title='bbox 688 1258 1022 1331; x_wconf 84' lang='lat' dir='ltr'><strong>spiritualem</strong></span> <span class='ocrx_word' id='word_1_89' title='bbox 1044 1257 1374 1328; x_wconf 82' lang='lat' dir='ltr'><strong>baptismum</strong></span> <span class='ocrx_word' id='word_1_90' title='bbox 1405 1256 1700 1321; x_wconf 78' lang='lat' dir='ltr'><strong>venissent,</strong></span> 
     </span>
    </p>
   </div>
   <div class='ocr_carea' id='block_1_13' title="bbox 141 1350 1702 1424">
    <p class='ocr_par' dir='ltr' id='par_1_13' title="bbox 141 1350 1702 1424">
     <span class='ocr_line' id='line_1_13' title="bbox 141 1350 1702 1424; baseline -0.005 -14"><span class='ocrx_word' id='word_1_91' title='bbox 141 1365 186 1410; x_wconf 85' lang='lat' dir='ltr'><strong>et</strong></span> <span class='ocrx_word' id='word_1_92' title='bbox 208 1354 455 1409; x_wconf 90' lang='lat' dir='ltr'><strong>continuo</strong></span> <span class='ocrx_word' id='word_1_93' title='bbox 482 1368 610 1408; x_wconf 92' lang='lat' dir='ltr'><strong>cum</strong></span> <span class='ocrx_word' id='word_1_94' title='bbox 638 1352 900 1424; x_wconf 84' lang='lat' dir='ltr'><strong>baptizati</strong></span> <span class='ocrx_word' id='word_1_95' title='bbox 945 1356 1103 1417; x_wconf 75' lang='lat' dir='ltr'><strong>sunt,</strong></span> <span class='ocrx_word' id='word_1_96' title='bbox 1134 1351 1296 1406; x_wconf 89' lang='lat' dir='ltr'><strong>etiam</strong></span> <span class='ocrx_word' id='word_1_97' title='bbox 1325 1350 1395 1404; x_wconf 91' lang='lat' dir='ltr'><strong>ad</strong></span> <span class='ocrx_word' id='word_1_98' title='bbox 1423 1350 1702 1420; x_wconf 83' lang='lat' dir='ltr'><strong>episcopa-</strong></span> 
     </span>
    </p>
   </div>
   <div class='ocr_carea' id='block_1_14' title="bbox 142 1439 1704 1516">
    <p class='ocr_par' dir='ltr' id='par_1_14' title="bbox 142 1439 1704 1516">
     <span class='ocr_line' id='line_1_14' title="bbox 142 1439 1704 1516; baseline -0.004 -16"><span class='ocrx_word' id='word_1_99' title='bbox 142 1456 266 1511; x_wconf 87' lang='lat' dir='ltr'><strong>tum,</strong></span> <span class='ocrx_word' id='word_1_100' title='bbox 294 1445 377 1500; x_wconf 88' lang='lat' dir='ltr'><strong>vel</strong></span> <span class='ocrx_word' id='word_1_101' title='bbox 404 1445 473 1499; x_wconf 90' lang='lat' dir='ltr'><strong>ad</strong></span> <span class='ocrx_word' id='word_1_102' title='bbox 499 1444 900 1516; x_wconf 82' lang='lat' dir='ltr'><strong>presbyterium</strong></span> <span class='ocrx_word' id='word_1_103' title='bbox 943 1442 1184 1514; x_wconf 88' lang='lat' dir='ltr'><strong>provecti</strong></span> <span class='ocrx_word' id='word_1_104' title='bbox 1208 1450 1363 1497; x_wconf 86' lang='lat' dir='ltr'><strong>sunt.</strong></span> <span class='ocrx_word' id='word_1_105' title='bbox 1408 1441 1574 1496; x_wconf 84' lang='lat' dir='ltr'><strong>Recte</strong></span> <span class='ocrx_word' id='word_1_106' title='bbox 1605 1439 1704 1509; x_wconf 76' lang='lat' dir='ltr'><strong>igi-</strong></span> 
     </span>
    </p>
   </div>
   <div class='ocr_carea' id='block_1_15' title="bbox 143 1530 1702 1592">
    <p class='ocr_par' dir='ltr' id='par_1_15' title="bbox 143 1530 1702 1592">
     <span class='ocr_line' id='line_1_15' title="bbox 143 1530 1702 1592; baseline -0.003 -3"><span class='ocrx_word' id='word_1_107' title='bbox 143 1546 217 1591; x_wconf 85' lang='lat' dir='ltr'><strong>tur</strong></span> <span class='ocrx_word' id='word_1_108' title='bbox 238 1536 405 1591; x_wconf 88' lang='lat' dir='ltr'><strong>visum</strong></span> <span class='ocrx_word' id='word_1_109' title='bbox 430 1544 519 1592; x_wconf 90' lang='lat' dir='ltr'><strong>est</strong></span> <span class='ocrx_word' id='word_1_110' title='bbox 547 1536 615 1592; x_wconf 84' lang='lat' dir='ltr'><strong>de</strong></span> <span class='ocrx_word' id='word_1_111' title='bbox 639 1543 842 1591; x_wconf 81' lang='lat' dir='ltr'><strong>caetero</strong></span> <span class='ocrx_word' id='word_1_112' title='bbox 870 1534 1006 1590; x_wconf 87' lang='lat' dir='ltr'><strong>nihil</strong></span> <span class='ocrx_word' id='word_1_113' title='bbox 1036 1533 1144 1589; x_wconf 85' lang='lat' dir='ltr'><strong>tale</strong></span> <span class='ocrx_word' id='word_1_114' title='bbox 1173 1531 1535 1589; x_wconf 83' lang='lat' dir='ltr'><strong>debere-ﬁeri.</strong></span> <span class='ocrx_word' id='word_1_115' title='bbox 1567 1530 1702 1585; x_wconf 80' lang='lat' dir='ltr'><strong>Nam</strong></span> 
     </span>
    </p>
   </div>
   <div class='ocr_carea' id='block_1_16' title="bbox 144 1627 1704 1699">
    <p class='ocr_par' dir='ltr' id='par_1_16' title="bbox 144 1627 1704 1699">
     <span class='ocr_line' id='line_1_16' title="bbox 144 1627 1704 1699; baseline -0.003 -17"><span class='ocrx_word' id='word_1_116' title='bbox 144 1637 189 1683; x_wconf 85' lang='lat' dir='ltr'><strong>et</strong></span> <span class='ocrx_word' id='word_1_117' title='bbox 211 1636 439 1699; x_wconf 82' lang='lat' dir='ltr'><strong>tempore</strong></span> <span class='ocrx_word' id='word_1_118' title='bbox 487 1642 631 1699; x_wconf 89' lang='lat' dir='ltr'><strong>opus</strong></span> <span class='ocrx_word' id='word_1_119' title='bbox 666 1635 758 1684; x_wconf 81' lang='lat' dir='ltr'><strong>est</strong></span> <span class='ocrx_word' id='word_1_120' title='bbox 792 1634 851 1682; x_wconf 84' lang='lat' dir='ltr'><strong>ut</strong></span> <span class='ocrx_word' id='word_1_121' title='bbox 896 1627 968 1682; x_wconf 89' lang='lat' dir='ltr'><strong>sit</strong></span> <span class='ocrx_word' id='word_1_122' title='bbox 1011 1628 1464 1691; x_wconf 82' lang='lat' dir='ltr'><strong>catcchumenus,</strong></span> <span class='ocrx_word' id='word_1_123' title='bbox 1494 1633 1550 1679; x_wconf 91' lang='lat' dir='ltr'><strong>et</strong></span> <span class='ocrx_word' id='word_1_124' title='bbox 1583 1631 1704 1692; x_wconf 92' lang='lat' dir='ltr'><strong>post</strong></span> 
     </span>
    </p>
   </div>
   <div class='ocr_carea' id='block_1_17' title="bbox 146 1715 1701 1790">
    <p class='ocr_par' dir='ltr' id='par_1_17' title="bbox 146 1715 1701 1790">
     <span class='ocr_line' id='line_1_17' title="bbox 146 1715 1701 1790; baseline -0.005 -16"><span class='ocrx_word' id='word_1_125' title='bbox 146 1719 447 1790; x_wconf 81' lang='lat' dir='ltr'><strong>baptismum</strong></span> <span class='ocrx_word' id='word_1_126' title='bbox 475 1717 648 1775; x_wconf 86' lang='lat' dir='ltr'><strong>multa</strong></span> <span class='ocrx_word' id='word_1_127' title='bbox 678 1717 998 1789; x_wconf 77' lang='lat' dir='ltr'><strong>probatione</strong></span> <span class='ocrx_word' id='word_1_128' title='bbox 1025 1717 1247 1787; x_wconf 75' lang='lat' dir='ltr'><strong>indiget.</strong></span> <span class='ocrx_word' id='word_1_129' title='bbox 1280 1715 1518 1771; x_wconf 87' lang='lat' dir='ltr'><strong>Evidens</strong></span> <span class='ocrx_word' id='word_1_130' title='bbox 1544 1728 1701 1769; x_wconf 90' lang='lat' dir='ltr'><strong>nam-</strong></span> 
     </span>
    </p>
   </div>
   <div class='ocr_carea' id='block_1_18' title="bbox 1800 609 3378 691">
    <p class='ocr_par' dir='ltr' id='par_1_18' title="bbox 1800 609 3378 691">
     <span class='ocr_line' id='line_1_18' title="bbox 1800 609 3378 691; baseline 0.011 -26"><span class='ocrx_word' id='word_1_131' title='bbox 1800 609 1952 666; x_wconf 86' lang='lat' dir='ltr'><strong>nium</strong></span> <span class='ocrx_word' id='word_1_132' title='bbox 1980 611 2178 669; x_wconf 90' lang='lat' dir='ltr'><strong>habeat</strong></span> <span class='ocrx_word' id='word_1_133' title='bbox 2204 619 2559 684; x_wconf 88' lang='lat' dir='ltr'><strong>potestatem,</strong></span> <span class='ocrx_word' id='word_1_134' title='bbox 2605 618 2859 688; x_wconf 91' lang='lat' dir='ltr'><strong>quoniam</strong></span> <span class='ocrx_word' id='word_1_135' title='bbox 2905 621 3122 691; x_wconf 84' lang='lat' dir='ltr'><strong>quidem</strong></span> <span class='ocrx_word' id='word_1_136' title='bbox 3169 634 3225 681; x_wconf 89' lang='lat' dir='ltr'><strong>et</strong></span> <span class='ocrx_word' id='word_1_137' title='bbox 3266 624 3378 681; x_wconf 80' lang='lat' dir='ltr'><strong>Ro-</strong></span> 
     </span>
    </p>
   </div>
   <div class='ocr_carea' id='block_1_19' title="bbox 1802 704 3377 790">
    <p class='ocr_par' dir='ltr' id='par_1_19' title="bbox 1802 704 3377 790">
     <span class='ocr_line' id='line_1_19' title="bbox 1802 704 3377 790; baseline 0.012 -33"><span class='ocrx_word' id='word_1_138' title='bbox 1802 719 1963 758; x_wconf 89' lang='lat' dir='ltr'><strong>mano</strong></span> <span class='ocrx_word' id='word_1_139' title='bbox 1976 704 2227 775; x_wconf 89' lang='lat' dir='ltr'><strong>episcopo</strong></span> <span class='ocrx_word' id='word_1_140' title='bbox 2240 708 2427 777; x_wconf 87' lang='lat' dir='ltr'><strong>parilis</strong></span> <span class='ocrx_word' id='word_1_141' title='bbox 2438 724 2555 765; x_wconf 91' lang='lat' dir='ltr'><strong>mos</strong></span> <span class='ocrx_word' id='word_1_142' title='bbox 2569 718 2671 766; x_wconf 90' lang='lat' dir='ltr'><strong>est.</strong></span> <span class='ocrx_word' id='word_1_143' title='bbox 2697 710 2960 769; x_wconf 87' lang='lat' dir='ltr'><strong>Similiter</strong></span> <span class='ocrx_word' id='word_1_144' title='bbox 2971 725 3151 771; x_wconf 92' lang='lat' dir='ltr'><strong>autem</strong></span> <span class='ocrx_word' id='word_1_145' title='bbox 3167 720 3377 790; x_wconf 85' lang='lat' dir='ltr'><strong>etapud</strong></span> 
     </span>
    </p>
   </div>
   <div class='ocr_carea' id='block_1_20' title="bbox 1799 794 3375 873">
    <p class='ocr_par' dir='ltr' id='par_1_20' title="bbox 1799 794 3375 873">
     <span class='ocr_line' id='line_1_20' title="bbox 1799 794 3375 873; baseline 0.013 -25"><span class='ocrx_word' id='word_1_146' title='bbox 1799 794 2146 851; x_wconf 85' lang='lat' dir='ltr'><strong>Antiochiam</strong></span> <span class='ocrx_word' id='word_1_147' title='bbox 2182 799 2292 870; x_wconf 73' lang='lat'><strong>60</strong></span> <span class='ocrx_word' id='word_1_148' title='bbox 2330 809 2664 872; x_wconf 58' lang='lat' dir='ltr'><strong>ceterasque</strong></span> <span class='ocrx_word' id='word_1_149' title='bbox 2704 804 3012 873; x_wconf 88' lang='lat' dir='ltr'><strong>provincias</strong></span> <span class='ocrx_word' id='word_1_150' title='bbox 3039 808 3214 865; x_wconf 89' lang='lat' dir='ltr'><strong>honor</strong></span> <span class='ocrx_word' id='word_1_151' title='bbox 3242 826 3375 869; x_wconf 85' lang='lat' dir='ltr'><strong>suus</strong></span> 
     </span>
    </p>
   </div>
   <div class='ocr_carea' id='block_1_21' title="bbox 1801 884 3376 957">
    <p class='ocr_par' dir='ltr' id='par_1_21' title="bbox 1801 884 3376 957">
     <span class='ocr_line' id='line_1_21' title="bbox 1801 884 3376 957; baseline 0.011 -18"><span class='ocrx_word' id='word_1_152' title='bbox 1801 884 2092 957; x_wconf 89' lang='lat' dir='ltr'><strong>unicuique</strong></span> <span class='ocrx_word' id='word_1_153' title='bbox 2115 897 2361 943; x_wconf 86' lang='lat' dir='ltr'><strong>servetur</strong></span> <span class='ocrx_word' id='word_1_154' title='bbox 2384 887 2658 948; x_wconf 62' lang='lat' dir='ltr'><strong>Ecclesiae.</strong></span> <span class='ocrx_word' id='word_1_155' title='bbox 2673 890 2779 949; x_wconf 86' lang='lat' dir='ltr'><strong>Per</strong></span> <span class='ocrx_word' id='word_1_156' title='bbox 2796 895 2979 951; x_wconf 89' lang='lat' dir='ltr'><strong>omnia</strong></span> <span class='ocrx_word' id='word_1_157' title='bbox 3000 906 3179 954; x_wconf 89' lang='lat' dir='ltr'><strong>autem</strong></span> <span class='ocrx_word' id='word_1_158' title='bbox 3198 902 3376 957; x_wconf 89' lang='lat' dir='ltr'><strong>mani-</strong></span> 
     </span>
    </p>
   </div>
   <div class='ocr_carea' id='block_1_22' title="bbox 1800 973 3377 1088">
    <p class='ocr_par' dir='ltr' id='par_1_22' title="bbox 1800 973 3377 1088">
     <span class='ocr_line' id='line_1_22' title="bbox 1800 973 3377 1088; baseline 0.013 -58"><span class='ocrx_word' id='word_1_159' title='bbox 1800 973 1999 1032; x_wconf 86' lang='lat' dir='ltr'><strong>festum</strong></span> <span class='ocrx_word' id='word_1_160' title='bbox 2025 986 2110 1033; x_wconf 92' lang='lat' dir='ltr'><strong>est</strong></span> <span class='ocrx_word' id='word_1_161' title='bbox 2139 979 2283 1048; x_wconf 90' lang='lat' dir='ltr'><strong>quod</strong></span> <span class='ocrx_word' id='word_1_162' title='bbox 2325 980 2373 1036; x_wconf 88' lang='lat' dir='ltr'><strong>si</strong></span> <span class='ocrx_word' id='word_1_163' title='bbox 2412 982 2535 1052; x_wconf 89' lang='lat' dir='ltr'><strong>quis</strong></span> <span class='ocrx_word' id='word_1_164' title='bbox 2556 993 2760 1053; x_wconf 66' lang='lat' dir='ltr'><strong>printer</strong></span> <span class='ocrx_word' id='word_1_165' title='bbox 2788 987 3123 1088; x_wconf 68' lang='lat' dir='ltr'><strong>voluntatem</strong></span> <span class='ocrx_word' id='word_1_166' title='bbox 3154 1000 3209 1047; x_wconf 93' lang='lat' dir='ltr'><strong>et</strong></span> <span class='ocrx_word' id='word_1_167' title='bbox 3239 1009 3377 1050; x_wconf 88' lang='lat' dir='ltr'><strong>eon-</strong></span> 
     </span>
    </p>
   </div>
   <div class='ocr_carea' id='block_1_23' title="bbox 1802 1066 3374 1152">
    <p class='ocr_par' dir='ltr' id='par_1_23' title="bbox 1802 1066 3374 1152">
     <span class='ocr_line' id='line_1_23' title="bbox 1802 1066 3374 1152; baseline 0.014 -31"><span class='ocrx_word' id='word_1_168' title='bbox 1802 1066 2084 1123; x_wconf 89' lang='lat' dir='ltr'><strong>scientiam</strong></span> <span class='ocrx_word' id='word_1_169' title='bbox 2134 1071 2534 1143; x_wconf 83' lang='lat' dir='ltr'><strong>metropolitani</strong></span> <span class='ocrx_word' id='word_1_170' title='bbox 2580 1077 2818 1149; x_wconf 87' lang='lat' dir='ltr'><strong>episcopi</strong></span> <span class='ocrx_word' id='word_1_171' title='bbox 2850 1080 3019 1137; x_wconf 91' lang='lat' dir='ltr'><strong>fuerit</strong></span> <span class='ocrx_word' id='word_1_172' title='bbox 3061 1066 3374 1152; x_wconf 70' lang='lat' dir='ltr'><strong>o&#39;rdinatus,</strong></span> 
     </span>
    </p>
   </div>
   <div class='ocr_carea' id='block_1_24' title="bbox 1800 1155 3379 1235">
    <p class='ocr_par' dir='ltr' id='par_1_24' title="bbox 1800 1155 3379 1235">
     <span class='ocr_line' id='line_1_24' title="bbox 1800 1155 3379 1235; baseline 0.014 -24"><span class='ocrx_word' id='word_1_173' title='bbox 1800 1155 1946 1213; x_wconf 86' lang='lat' dir='ltr'><strong>hunc</strong></span> <span class='ocrx_word' id='word_1_174' title='bbox 1988 1158 2279 1215; x_wconf 87' lang='lat' dir='ltr'><strong>concilium</strong></span> <span class='ocrx_word' id='word_1_175' title='bbox 2324 1178 2579 1235; x_wconf 77' lang='lat' dir='ltr'><strong>magnum</strong></span> <span class='ocrx_word' id='word_1_176' title='bbox 2625 1179 2681 1223; x_wconf 91' lang='lat' dir='ltr'><strong>et</strong></span> <span class='ocrx_word' id='word_1_177' title='bbox 2723 1180 2970 1226; x_wconf 87' lang='lat' dir='ltr'><strong>sanctum</strong></span> <span class='ocrx_word' id='word_1_178' title='bbox 3018 1176 3222 1231; x_wconf 86' lang='lat' dir='ltr'><strong>censuit</strong></span> <span class='ocrx_word' id='word_1_179' title='bbox 3271 1192 3379 1233; x_wconf 92' lang='lat' dir='ltr'><strong>non</strong></span> 
     </span>
    </p>
   </div>
   <div class='ocr_carea' id='block_1_25' title="bbox 1802 1249 3384 1326">
    <p class='ocr_par' dir='ltr' id='par_1_25' title="bbox 1802 1249 3384 1326">
     <span class='ocr_line' id='line_1_25' title="bbox 1802 1249 3384 1326; baseline 0.014 -23"><span class='ocrx_word' id='word_1_180' title='bbox 1802 1249 1997 1305; x_wconf 89' lang='lat' dir='ltr'><strong>debere</strong></span> <span class='ocrx_word' id='word_1_181' title='bbox 2018 1266 2146 1307; x_wconf 87' lang='lat' dir='ltr'><strong>esse</strong></span> <span class='ocrx_word' id='word_1_182' title='bbox 2170 1252 2502 1326; x_wconf 77' lang='lat' dir='ltr'><strong>episcopum.</strong></span> <span class='ocrx_word' id='word_1_183' title='bbox 2550 1256 2694 1315; x_wconf 90' lang='lat' dir='ltr'><strong>Sane</strong></span> <span class='ocrx_word' id='word_1_184' title='bbox 2735 1263 2781 1317; x_wconf 89' lang='lat' dir='ltr'><strong>si</strong></span> <span class='ocrx_word' id='word_1_185' title='bbox 2822 1266 3094 1320; x_wconf 90' lang='lat' dir='ltr'><strong>communi</strong></span> <span class='ocrx_word' id='word_1_186' title='bbox 3139 1269 3384 1324; x_wconf 86' lang='lat' dir='ltr'><strong>omnium</strong></span> 
     </span>
    </p>
   </div>
   <div class='ocr_carea' id='block_1_26' title="bbox 1801 1344 3384 1422">
    <p class='ocr_par' dir='ltr' id='par_1_26' title="bbox 1801 1344 3384 1422">
     <span class='ocr_line' id='line_1_26' title="bbox 1801 1344 3384 1422; baseline 0.016 -29"><span class='ocrx_word' id='word_1_187' title='bbox 1801 1354 2064 1397; x_wconf 88' lang='lat' dir='ltr'><strong>consensu</strong></span> <span class='ocrx_word' id='word_1_188' title='bbox 2111 1344 2505 1404; x_wconf 84' lang='lat' dir='ltr'><strong>rationabiliter</strong></span> <span class='ocrx_word' id='word_1_189' title='bbox 2550 1352 2809 1422; x_wconf 91' lang='lat' dir='ltr'><strong>probato,</strong></span> <span class='ocrx_word' id='word_1_190' title='bbox 2856 1359 3154 1415; x_wconf 87' lang='lat' dir='ltr'><strong>secundum</strong></span> <span class='ocrx_word' id='word_1_191' title='bbox 3206 1362 3384 1419; x_wconf 86' lang='lat' dir='ltr'><strong>eccle-</strong></span> 
     </span>
    </p>
   </div>
   <div class='ocr_carea' id='block_1_27' title="bbox 1802 1429 3381 1519">
    <p class='ocr_par' dir='ltr' id='par_1_27' title="bbox 1802 1429 3381 1519">
     <span class='ocr_line' id='line_1_27' title="bbox 1802 1429 3381 1519; baseline 0.016 -36"><span class='ocrx_word' id='word_1_192' title='bbox 1802 1429 2078 1485; x_wconf 88' lang='lat' dir='ltr'><strong>siasticam</strong></span> <span class='ocrx_word' id='word_1_193' title='bbox 2111 1433 2348 1503; x_wconf 79' lang='lat' dir='ltr'><strong>regulam</strong></span> <span class='ocrx_word' id='word_1_194' title='bbox 2396 1437 2502 1494; x_wconf 91' lang='lat' dir='ltr'><strong>duo</strong></span> <span class='ocrx_word' id='word_1_195' title='bbox 2546 1441 2631 1496; x_wconf 90' lang='lat' dir='ltr'><strong>vel</strong></span> <span class='ocrx_word' id='word_1_196' title='bbox 2676 1452 2785 1501; x_wconf 88' lang='lat' dir='ltr'><strong>tres</strong></span> <span class='ocrx_word' id='word_1_197' title='bbox 2811 1448 3157 1505; x_wconf 87' lang='lat' dir='ltr'><strong>animositate</strong></span> <span class='ocrx_word' id='word_1_198' title='bbox 3199 1452 3381 1519; x_wconf 91' lang='lat' dir='ltr'><strong>ducti,</strong></span> 
     </span>
    </p>
   </div>
   <div class='ocr_carea' id='block_1_28' title="bbox 1800 1523 3382 1611">
    <p class='ocr_par' dir='ltr' id='par_1_28' title="bbox 1800 1523 3382 1611">
     <span class='ocr_line' id='line_1_28' title="bbox 1800 1523 3382 1611; baseline 0.02 -41"><span class='ocrx_word' id='word_1_199' title='bbox 1800 1532 1899 1587; x_wconf 86' lang='lat' dir='ltr'><strong>per</strong></span> <span class='ocrx_word' id='word_1_200' title='bbox 1926 1523 2326 1579; x_wconf 82' lang='lat' dir='ltr'><strong>contentionem</strong></span> <span class='ocrx_word' id='word_1_201' title='bbox 2374 1531 2785 1602; x_wconf 86' lang='lat' dir='ltr'><strong>contradicant,</strong></span> <span class='ocrx_word' id='word_1_202' title='bbox 2839 1536 3079 1595; x_wconf 85' lang='lat' dir='ltr'><strong>obtineat</strong></span> <span class='ocrx_word' id='word_1_203' title='bbox 3116 1540 3382 1611; x_wconf 84' lang='lat' dir='ltr'><strong>plurimo-</strong></span> 
     </span>
    </p>
   </div>
   <div class='ocr_carea' id='block_1_29' title="bbox 1804 1616 2691 1678">
    <p class='ocr_par' dir='ltr' id='par_1_29' title="bbox 1804 1616 2691 1678">
     <span class='ocr_line' id='line_1_29' title="bbox 1804 1616 2691 1678; baseline 0.018 -15"><span class='ocrx_word' id='word_1_204' title='bbox 1804 1625 1921 1664; x_wconf 91' lang='lat' dir='ltr'><strong>rum</strong></span> <span class='ocrx_word' id='word_1_205' title='bbox 1968 1616 2291 1670; x_wconf 86' lang='lat' dir='ltr'><strong>sententiam</strong></span> <span class='ocrx_word' id='word_1_206' title='bbox 2326 1620 2691 1678; x_wconf 87' lang='lat' dir='ltr'><strong>sacerdotum.</strong></span> 
     </span>
    </p>
   </div>
   <div class='ocr_carea' id='block_1_30' title="bbox 1868 1696 3386 1788">
    <p class='ocr_par' dir='ltr' id='par_1_30' title="bbox 1868 1696 3386 1788">
     <span class='ocr_line' id='line_1_30' title="bbox 1868 1696 3386 1788; baseline 0.021 -37"><span class='ocrx_word' id='word_1_207' title='bbox 1868 1696 1984 1783; x_wconf 76' lang='lat' dir='ltr'><strong>Vll.</strong></span> <span class='ocrx_word' id='word_1_208' title='bbox 2014 1700 2279 1768; x_wconf 87' lang='lat' dir='ltr'><strong>Quoniam</strong></span> <span class='ocrx_word' id='word_1_209' title='bbox 2310 1722 2430 1762; x_wconf 90' lang='lat' dir='ltr'><strong>mos</strong></span> <span class='ocrx_word' id='word_1_210' title='bbox 2475 1712 2733 1781; x_wconf 88' lang='lat' dir='ltr'><strong>antiquus</strong></span> <span class='ocrx_word' id='word_1_211' title='bbox 2776 1718 3033 1788; x_wconf 88' lang='lat' dir='ltr'><strong>obtinuit,</strong></span> <span class='ocrx_word' id='word_1_212' title='bbox 3076 1731 3138 1778; x_wconf 88' lang='lat' dir='ltr'><strong>et</strong></span> <span class='ocrx_word' id='word_1_213' title='bbox 3170 1733 3386 1782; x_wconf 87' lang='lat' dir='ltr'><strong>vetusta</strong></span> 
     </span>
    </p>
   </div>
   <div class='ocr_carea' id='block_1_31' title="bbox 145 1775 3388 1924">
    <p class='ocr_par' dir='ltr' id='par_1_31' title="bbox 145 1775 3388 1924">
     <span class='ocr_line' id='line_1_31' title="bbox 145 1775 3388 1886; baseline 0.008 -25"><span class='ocrx_word' id='word_1_214' title='bbox 145 1775 232 1877; x_wconf 72' lang='lat' dir='ltr'><strong>que</strong></span> <span class='ocrx_word' id='word_1_215' title='bbox 256 1815 333 1863; x_wconf 89' lang='lat' dir='ltr'><strong>est</strong></span> <span class='ocrx_word' id='word_1_216' title='bbox 356 1775 718 1877; x_wconf 77' lang='lat' dir='ltr'><strong>apostolicum</strong></span> <span class='ocrx_word' id='word_1_217' title='bbox 752 1813 1078 1876; x_wconf 86' lang='lat' dir='ltr'><strong>praeceptum</strong></span> <span class='ocrx_word' id='word_1_218' title='bbox 1104 1775 1330 1860; x_wconf 67' lang='lat' dir='ltr'><strong>dicens:</strong></span> <span class='ocrx_word' id='word_1_219' title='bbox 1368 1821 1388 1854; x_wconf 78' lang='grc' dir='ltr'><strong>ι</strong></span> <span class='ocrx_word' id='word_1_220' title='bbox 1422 1800 1537 1857; x_wconf 82' lang='lat' dir='ltr'><strong>Non</strong></span> <span class='ocrx_word' id='word_1_221' title='bbox 1570 1816 1705 1857; x_wconf 87' lang='lat' dir='ltr'><strong>neo-</strong></span> <span class='ocrx_word' id='word_1_222' title='bbox 1805 1790 2026 1848; x_wconf 70' lang='lat' dir='ltr'><strong>lmdilio</strong></span> <span class='ocrx_word' id='word_1_223' title='bbox 2071 1802 2130 1848; x_wconf 80' lang='grc' dir='ltr'><strong>υι</strong></span> <span class='ocrx_word' id='word_1_224' title='bbox 2169 1794 2318 1862; x_wconf 59' lang='lat' dir='ltr'><strong>Elim.</strong></span> <span class='ocrx_word' id='word_1_225' title='bbox 2361 1798 2417 1852; x_wconf 78' lang='lat' dir='ltr'><strong>id</strong></span> <span class='ocrx_word' id='word_1_226' title='bbox 2463 1812 2547 1855; x_wconf 70' lang='grc' dir='ltr'><strong>εει</strong></span> <span class='ocrx_word' id='word_1_227' title='bbox 2588 1803 3082 1879; x_wconf 76' lang='lat' dir='ltr'><strong>Hierosolymorum</strong></span> <span class='ocrx_word' id='word_1_228' title='bbox 3133 1815 3388 1886; x_wconf 70' lang='grc' dir='ltr'><strong>ερὶεοορο</strong></span> 
     </span>
     <span class='ocr_line' id='line_1_32' title="bbox 146 1863 3345 1924; baseline 0 0"><span class='ocrx_word' id='word_1_229' title='bbox 146 1899 338 1924; x_wconf 63' lang='grc' dir='ltr'><strong>..ι-ιη...</strong></span> <span class='ocrx_word' id='word_1_230' title='bbox 375 1913 444 1924; x_wconf 80' lang='lat'><strong>....</strong></span> <span class='ocrx_word' id='word_1_231' title='bbox 476 1896 619 1924; x_wconf 56' lang='grc' dir='ltr'><strong>ειηη</strong></span> <span class='ocrx_word' id='word_1_232' title='bbox 665 1896 836 1924; x_wconf 58' lang='lat'><strong>4......</strong></span> <span class='ocrx_word' id='word_1_233' title='bbox 883 1896 937 1924; x_wconf 74' lang='grc' dir='ltr'><strong>ε..</strong></span> <span class='ocrx_word' id='word_1_234' title='bbox 988 1895 1245 1924; x_wconf 70' lang='grc' dir='ltr'><strong>ς..Α;,.;.....</strong></span> <span class='ocrx_word' id='word_1_235' title='bbox 1276 1895 1515 1924; x_wconf 66' lang='lat'><strong>:.............</strong></span> <span class='ocrx_word' id='word_1_236' title='bbox 1547 1904 1594 1924; x_wconf 76' lang='grc' dir='ltr'><strong>ι..</strong></span> <span class='ocrx_word' id='word_1_237' title='bbox 1627 1894 1673 1924; x_wconf 72' lang='grc' dir='ltr'><strong>ι..</strong></span> <span class='ocrx_word' id='word_1_238' title='bbox 1726 1863 1778 1924; x_wconf 77' lang='grc' dir='ltr'><strong>Β</strong></span> <span class='ocrx_word' id='word_1_239' title='bbox 1807 1880 1978 1924; x_wconf 83' lang='lat' dir='ltr'><strong>hnnnr</strong></span> <span class='ocrx_word' id='word_1_240' title='bbox 2004 1882 2283 1924; x_wconf 64' lang='lat' dir='ltr'><strong>defixi-nim-</strong></span> <span class='ocrx_word' id='word_1_241' title='bbox 2335 1888 2523 1924; x_wconf 66' lang='grc' dir='ltr'><strong>Ιυηωσιι</strong></span> <span class='ocrx_word' id='word_1_242' title='bbox 2545 1908 2938 1924; x_wconf 47' lang='lat' dir='ltr'><strong>“nummum”-..</strong></span> <span class='ocrx_word' id='word_1_243' title='bbox 2961 1903 3215 1924; x_wconf 37' lang='lat' dir='ltr'><strong>u.-____-__</strong></span> <span class='ocrx_word' id='word_1_244' title='bbox 3306 1922 3345 1924; x_wconf 43' lang='grc' dir='ltr'>η</span> 
     </span>
    </p>
   </div>
   <div class='ocr_carea' id='block_1_32' title="bbox 146 1880 3377 1971">
    <p class='ocr_par' dir='ltr' id='par_1_32' title="bbox 146 1880 3377 1971">
     <span class='ocr_line' id='line_1_33' title="bbox 146 1880 3377 1971; baseline 0.011 -43"><span class='ocrx_word' id='word_1_245' title='bbox 146 1899 341 1969; x_wconf 57' lang='lat' dir='ltr'><strong>phyma,</strong></span> <span class='ocrx_word' id='word_1_246' title='bbox 375 1913 445 1954; x_wconf 70' lang='lat' dir='ltr'><strong>ne</strong></span> <span class='ocrx_word' id='word_1_247' title='bbox 473 1896 621 1954; x_wconf 52' lang='lat' dir='ltr'><strong>forte</strong></span> <span class='ocrx_word' id='word_1_248' title='bbox 661 1896 838 1953; x_wconf 55' lang='lat' dir='ltr'><strong>elatus</strong></span> <span class='ocrx_word' id='word_1_249' title='bbox 883 1896 939 1951; x_wconf 72' lang='lat' dir='ltr'><strong>in</strong></span> <span class='ocrx_word' id='word_1_250' title='bbox 983 1895 1247 1965; x_wconf 62' lang='lat' dir='ltr'><strong>judicium</strong></span> <span class='ocrx_word' id='word_1_251' title='bbox 1276 1895 1518 1951; x_wconf 63' lang='grc' dir='ltr'><strong>ίηοωεηι</strong></span> <span class='ocrx_word' id='word_1_252' title='bbox 1546 1904 1602 1950; x_wconf 68' lang='grc' dir='ltr'>οι</span> <span class='ocrx_word' id='word_1_253' title='bbox 1626 1894 1703 1948; x_wconf 57' lang='grc' dir='ltr'>ιιι-</span> <span class='ocrx_word' id='word_1_254' title='bbox 1730 1880 1778 1924; x_wconf 73' lang='grc' dir='ltr'><strong>ὕ</strong></span> <span class='ocrx_word' id='word_1_255' title='bbox 1806 1880 1978 1935; x_wconf 89' lang='lat' dir='ltr'><strong>honor</strong></span> <span class='ocrx_word' id='word_1_256' title='bbox 2004 1882 2304 1953; x_wconf 88' lang='lat' dir='ltr'><strong>deferatur,</strong></span> <span class='ocrx_word' id='word_1_257' title='bbox 2326 1888 2939 1968; x_wconf 85' lang='lat' dir='ltr'><strong>habeatconsequenler</strong></span> <span class='ocrx_word' id='word_1_258' title='bbox 2961 1880 3243 1971; x_wconf 69' lang='lat' dir='ltr'><strong>honorem,</strong></span> <span class='ocrx_word' id='word_1_259' title='bbox 3269 1880 3377 1962; x_wconf 55' lang='lat' dir='ltr'><strong>Ill-8°</strong></span> 
     </span>
    </p>
   </div>
   <div class='ocr_carea' id='block_1_33' title="bbox 148 1984 1702 2058">
    <p class='ocr_par' dir='ltr' id='par_1_33' title="bbox 148 1984 1702 2058">
     <span class='ocr_line' id='line_1_34' title="bbox 148 1984 1702 2058; baseline -0.002 -16"><span class='ocrx_word' id='word_1_260' title='bbox 148 2002 318 2058; x_wconf 83' lang='lat' dir='ltr'><strong>qucum</strong></span> <span class='ocrx_word' id='word_1_261' title='bbox 340 1988 544 2044; x_wconf 87' lang='lat' dir='ltr'><strong>diaboli</strong></span> <span class='ocrx_word' id='word_1_262' title='bbox 596 1985 650 2057; x_wconf 88' lang='grc'><strong>(1</strong></span> <span class='ocrx_word' id='word_1_263' title='bbox 682 1986 817 2041; x_wconf 84' lang='lat' dir='ltr'><strong>Tim.</strong></span> <span class='ocrx_word' id='word_1_264' title='bbox 847 2002 945 2052; x_wconf 89' lang='grc' dir='ltr'>ιιι,</span> <span class='ocrx_word' id='word_1_265' title='bbox 975 1984 1194 2057; x_wconf 79' lang='grc' dir='ltr'><strong>ϐ).·ι’51</strong></span> <span class='ocrx_word' id='word_1_266' title='bbox 1219 1999 1349 2041; x_wconf 88' lang='lat' dir='ltr'><strong>vero</strong></span> <span class='ocrx_word' id='word_1_267' title='bbox 1376 1986 1702 2056; x_wconf 83' lang='lat' dir='ltr'><strong>procedente</strong></span> 
     </span>
    </p>
   </div>
   <div class='ocr_carea' id='block_1_34' title="bbox 150 2077 1702 2148">
    <p class='ocr_par' dir='ltr' id='par_1_34' title="bbox 150 2077 1702 2148">
     <span class='ocr_line' id='line_1_35' title="bbox 150 2077 1702 2148; baseline 0 -15"><span class='ocrx_word' id='word_1_268' title='bbox 150 2088 358 2148; x_wconf 90' lang='lat' dir='ltr'><strong>tempore</strong></span> <span class='ocrx_word' id='word_1_269' title='bbox 386 2077 609 2148; x_wconf 86' lang='lat' dir='ltr'><strong>aliquod</strong></span> <span class='ocrx_word' id='word_1_270' title='bbox 654 2086 933 2148; x_wconf 90' lang='lat' dir='ltr'><strong>peccatum</strong></span> <span class='ocrx_word' id='word_1_271' title='bbox 978 2077 1291 2144; x_wconf 86' lang='lat' dir='ltr'><strong>admiserit,</strong></span> <span class='ocrx_word' id='word_1_272' title='bbox 1319 2084 1373 2133; x_wconf 88' lang='lat' dir='ltr'><strong>et</strong></span> <span class='ocrx_word' id='word_1_273' title='bbox 1422 2077 1702 2134; x_wconf 89' lang='lat' dir='ltr'><strong>convictus</strong></span> 
     </span>
    </p>
   </div>
   <div class='ocr_carea' id='block_1_35' title="bbox 149 2167 1697 2239">
    <p class='ocr_par' dir='ltr' id='par_1_35' title="bbox 149 2167 1697 2239">
     <span class='ocr_line' id='line_1_36' title="bbox 149 2167 1697 2239; baseline 0.002 -19"><span class='ocrx_word' id='word_1_274' title='bbox 149 2169 326 2224; x_wconf 81' lang='lat' dir='ltr'><strong>duobus</strong></span> <span class='ocrx_word' id='word_1_275' title='bbox 348 2168 431 2224; x_wconf 87' lang='lat' dir='ltr'><strong>vel</strong></span> <span class='ocrx_word' id='word_1_276' title='bbox 464 2168 645 2225; x_wconf 88' lang='lat' dir='ltr'><strong>tribus</strong></span> <span class='ocrx_word' id='word_1_277' title='bbox 675 2169 905 2224; x_wconf 88' lang='lat' dir='ltr'><strong>testibus</strong></span> <span class='ocrx_word' id='word_1_278' title='bbox 934 2167 1129 2235; x_wconf 89' lang='lat' dir='ltr'><strong>fuerit,</strong></span> <span class='ocrx_word' id='word_1_279' title='bbox 1172 2177 1347 2224; x_wconf 88' lang='lat' dir='ltr'><strong>cesset</strong></span> <span class='ocrx_word' id='word_1_280' title='bbox 1375 2183 1406 2222; x_wconf 92' lang='lat' dir='ltr'><strong>a</strong></span> <span class='ocrx_word' id='word_1_281' title='bbox 1436 2167 1582 2224; x_wconf 90' lang='lat' dir='ltr'><strong>clero</strong></span> <span class='ocrx_word' id='word_1_282' title='bbox 1608 2168 1697 2239; x_wconf 92' lang='lat' dir='ltr'><strong>qui</strong></span> 
     </span>
    </p>
   </div>
   <div class='ocr_carea' id='block_1_36' title="bbox 152 2258 1703 2331">
    <p class='ocr_par' dir='ltr' id='par_1_36' title="bbox 152 2258 1703 2331">
     <span class='ocr_line' id='line_1_37' title="bbox 152 2258 1703 2331; baseline 0.003 -20"><span class='ocrx_word' id='word_1_283' title='bbox 152 2258 423 2329; x_wconf 74' lang='lat' dir='ltr'><strong>huiusmodi</strong></span> <span class='ocrx_word' id='word_1_284' title='bbox 450 2267 559 2315; x_wconf 87' lang='lat' dir='ltr'><strong>est.</strong></span> <span class='ocrx_word' id='word_1_285' title='bbox 594 2258 650 2314; x_wconf 90' lang='lat' dir='ltr'><strong>Si</strong></span> <span class='ocrx_word' id='word_1_286' title='bbox 688 2260 811 2329; x_wconf 85' lang='lat' dir='ltr'><strong>quis</strong></span> <span class='ocrx_word' id='word_1_287' title='bbox 854 2274 985 2315; x_wconf 91' lang='lat' dir='ltr'><strong>vero</strong></span> <span class='ocrx_word' id='word_1_288' title='bbox 1026 2269 1223 2331; x_wconf 64' lang='lat' dir='ltr'><strong>praeter</strong></span> <span class='ocrx_word' id='word_1_289' title='bbox 1249 2260 1364 2316; x_wconf 80' lang='lat' dir='ltr'><strong>haec</strong></span> <span class='ocrx_word' id='word_1_290' title='bbox 1391 2259 1554 2326; x_wconf 80' lang='lat' dir='ltr'><strong>facit,</strong></span> <span class='ocrx_word' id='word_1_291' title='bbox 1584 2269 1703 2316; x_wconf 87' lang='lat' dir='ltr'><strong>tan-</strong></span> 
     </span>
    </p>
   </div>
   <div class='ocr_carea' id='block_1_37' title="bbox 151 2348 1703 2422">
    <p class='ocr_par' dir='ltr' id='par_1_37' title="bbox 151 2348 1703 2422">
     <span class='ocr_line' id='line_1_38' title="bbox 151 2348 1703 2422; baseline 0.003 -20"><span class='ocrx_word' id='word_1_292' title='bbox 151 2362 286 2415; x_wconf 86' lang='lat' dir='ltr'><strong>quam</strong></span> <span class='ocrx_word' id='word_1_293' title='bbox 306 2350 589 2405; x_wconf 86' lang='lat' dir='ltr'><strong>contraria</strong></span> <span class='ocrx_word' id='word_1_294' title='bbox 619 2350 835 2405; x_wconf 86' lang='lat' dir='ltr'><strong>statutis</strong></span> <span class='ocrx_word' id='word_1_295' title='bbox 876 2350 1052 2406; x_wconf 89' lang='lat' dir='ltr'><strong>sancti</strong></span> <span class='ocrx_word' id='word_1_296' title='bbox 1080 2348 1297 2406; x_wconf 90' lang='lat' dir='ltr'><strong>concilii</strong></span> <span class='ocrx_word' id='word_1_297' title='bbox 1325 2365 1553 2419; x_wconf 75' lang='lat' dir='ltr'><strong>gerens,</strong></span> <span class='ocrx_word' id='word_1_298' title='bbox 1588 2351 1703 2422; x_wconf 91' lang='lat' dir='ltr'><strong>ipse</strong></span> 
     </span>
    </p>
   </div>
   <div class='ocr_carea' id='block_1_38' title="bbox 146 2441 1069 2510">
    <p class='ocr_par' dir='ltr' id='par_1_38' title="bbox 146 2441 1069 2510">
     <span class='ocr_line' id='line_1_39' title="bbox 146 2441 1069 2510; baseline 0.002 -15"><span class='ocrx_word' id='word_1_299' title='bbox 146 2441 512 2510; x_wconf 81' lang='lat' dir='ltr'><strong>periclitabitur</strong></span> <span class='ocrx_word' id='word_1_300' title='bbox 538 2441 611 2497; x_wconf 86' lang='lat' dir='ltr'><strong>de</strong></span> <span class='ocrx_word' id='word_1_301' title='bbox 633 2450 779 2497; x_wconf 88' lang='lat' dir='ltr'><strong>statu</strong></span> <span class='ocrx_word' id='word_1_302' title='bbox 810 2442 893 2498; x_wconf 90' lang='lat' dir='ltr'><strong>sui</strong></span> <span class='ocrx_word' id='word_1_303' title='bbox 917 2442 1069 2497; x_wconf 86' lang='lat' dir='ltr'><strong>cieri.</strong></span> 
     </span>
    </p>
   </div>
   <div class='ocr_carea' id='block_1_39' title="bbox 207 2530 1705 2606">
    <p class='ocr_par' dir='ltr' id='par_1_39' title="bbox 207 2530 1705 2606">
     <span class='ocr_line' id='line_1_40' title="bbox 207 2530 1705 2606; baseline 0.001 -20"><span class='ocrx_word' id='word_1_304' title='bbox 207 2530 283 2586; x_wconf 84' lang='lat' dir='ltr'><strong>ill.</strong></span> <span class='ocrx_word' id='word_1_305' title='bbox 318 2532 585 2589; x_wconf 86' lang='lat' dir='ltr'><strong>Omnibus</strong></span> <span class='ocrx_word' id='word_1_306' title='bbox 614 2533 789 2588; x_wconf 87' lang='lat' dir='ltr'><strong>modis</strong></span> <span class='ocrx_word' id='word_1_307' title='bbox 812 2532 1095 2588; x_wconf 75' lang='lat' dir='ltr'><strong>interdixit</strong></span> <span class='ocrx_word' id='word_1_308' title='bbox 1118 2542 1307 2590; x_wconf 88' lang='lat' dir='ltr'><strong>sancta</strong></span> <span class='ocrx_word' id='word_1_309' title='bbox 1350 2532 1587 2606; x_wconf 76' lang='lat' dir='ltr'><strong>synodus</strong></span> <span class='ocrx_word' id='word_1_310' title='bbox 1612 2547 1705 2588; x_wconf 89' lang='lat' dir='ltr'><strong>ne-</strong></span> 
     </span>
    </p>
   </div>
   <div class='ocr_carea' id='block_1_40' title="bbox 152 2623 1701 2699">
    <p class='ocr_par' dir='ltr' id='par_1_40' title="bbox 152 2623 1701 2699">
     <span class='ocr_line' id='line_1_41' title="bbox 152 2623 1701 2699; baseline 0.003 -22"><span class='ocrx_word' id='word_1_311' title='bbox 152 2636 241 2693; x_wconf 85' lang='lat' dir='ltr'><strong>que</strong></span> <span class='ocrx_word' id='word_1_312' title='bbox 267 2623 546 2696; x_wconf 89' lang='lat' dir='ltr'><strong>episcopo,</strong></span> <span class='ocrx_word' id='word_1_313' title='bbox 596 2638 773 2694; x_wconf 90' lang='lat' dir='ltr'><strong>neque</strong></span> <span class='ocrx_word' id='word_1_314' title='bbox 816 2625 1167 2699; x_wconf 81' lang='lat' dir='ltr'><strong>presbytero,</strong></span> <span class='ocrx_word' id='word_1_315' title='bbox 1217 2641 1394 2697; x_wconf 88' lang='lat' dir='ltr'><strong>neque</strong></span> <span class='ocrx_word' id='word_1_316' title='bbox 1438 2627 1701 2692; x_wconf 82' lang='lat' dir='ltr'><strong>diacono,</strong></span> 
     </span>
    </p>
   </div>
   <div class='ocr_carea' id='block_1_41' title="bbox 154 2716 1706 2786">
    <p class='ocr_par' dir='ltr' id='par_1_41' title="bbox 154 2716 1706 2786">
     <span class='ocr_line' id='line_1_42' title="bbox 154 2716 1706 2786; baseline 0.005 -18"><span class='ocrx_word' id='word_1_317' title='bbox 154 2729 304 2786; x_wconf 86' lang='lat' dir='ltr'><strong>neque</strong></span> <span class='ocrx_word' id='word_1_318' title='bbox 346 2716 437 2772; x_wconf 91' lang='lat' dir='ltr'><strong>ulli</strong></span> <span class='ocrx_word' id='word_1_319' title='bbox 468 2718 800 2774; x_wconf 86' lang='lat' dir='ltr'><strong>clericorum</strong></span> <span class='ocrx_word' id='word_1_320' title='bbox 833 2720 1055 2777; x_wconf 82' lang='lat' dir='ltr'><strong>omnino</strong></span> <span class='ocrx_word' id='word_1_321' title='bbox 1094 2719 1260 2777; x_wconf 89' lang='lat' dir='ltr'><strong>licere</strong></span> <span class='ocrx_word' id='word_1_322' title='bbox 1289 2720 1489 2776; x_wconf 87' lang='lat' dir='ltr'><strong>habere</strong></span> <span class='ocrx_word' id='word_1_323' title='bbox 1519 2735 1706 2777; x_wconf 89' lang='lat' dir='ltr'><strong>secum</strong></span> 
     </span>
    </p>
   </div>
   <div class='ocr_carea' id='block_1_42' title="bbox 155 2807 1702 2879">
    <p class='ocr_par' dir='ltr' id='par_1_42' title="bbox 155 2807 1702 2879">
     <span class='ocr_line' id='line_1_43' title="bbox 155 2807 1702 2879; baseline 0.003 -18"><span class='ocrx_word' id='word_1_324' title='bbox 155 2807 403 2865; x_wconf 83' lang='lat' dir='ltr'><strong>mulierem</strong></span> <span class='ocrx_word' id='word_1_325' title='bbox 444 2819 804 2879; x_wconf 77' lang='lat' dir='ltr'><strong>extraneam,</strong></span> <span class='ocrx_word' id='word_1_326' title='bbox 847 2812 951 2868; x_wconf 88' lang='lat' dir='ltr'><strong>nisi</strong></span> <span class='ocrx_word' id='word_1_327' title='bbox 991 2811 1132 2868; x_wconf 88' lang='lat' dir='ltr'><strong>forte</strong></span> <span class='ocrx_word' id='word_1_328' title='bbox 1177 2822 1372 2879; x_wconf 82' lang='lat' dir='ltr'><strong>mater,</strong></span> <span class='ocrx_word' id='word_1_329' title='bbox 1407 2822 1502 2868; x_wconf 90' lang='lat' dir='ltr'><strong>aut</strong></span> <span class='ocrx_word' id='word_1_330' title='bbox 1527 2827 1702 2878; x_wconf 73' lang='lat' dir='ltr'><strong>soror,</strong></span> 
     </span>
    </p>
   </div>
   <div class='ocr_carea' id='block_1_43' title="bbox 155 2898 1706 2966">
    <p class='ocr_par' dir='ltr' id='par_1_43' title="bbox 155 2898 1706 2966">
     <span class='ocr_line' id='line_1_44' title="bbox 155 2898 1706 2966; baseline 0.005 -18"><span class='ocrx_word' id='word_1_331' title='bbox 155 2905 232 2952; x_wconf 83' lang='lat' dir='ltr'><strong>aut</strong></span> <span class='ocrx_word' id='word_1_332' title='bbox 253 2898 364 2953; x_wconf 87' lang='lat' dir='ltr'><strong>avia</strong></span> <span class='ocrx_word' id='word_1_333' title='bbox 383 2938 400 2966; x_wconf 89' lang='lat'><strong>,</strong></span> <span class='ocrx_word' id='word_1_334' title='bbox 428 2908 526 2954; x_wconf 85' lang='lat' dir='ltr'><strong>aut</strong></span> <span class='ocrx_word' id='word_1_335' title='bbox 559 2900 760 2966; x_wconf 71' lang='lat' dir='ltr'><strong>amita,</strong></span> <span class='ocrx_word' id='word_1_336' title='bbox 786 2900 872 2957; x_wconf 85' lang='lat' dir='ltr'><strong>vel</strong></span> <span class='ocrx_word' id='word_1_337' title='bbox 899 2910 1187 2958; x_wconf 79' lang='lat' dir='ltr'><strong>matertera</strong></span> <span class='ocrx_word' id='word_1_338' title='bbox 1218 2902 1307 2958; x_wconf 88' lang='lat' dir='ltr'><strong>sit.</strong></span> <span class='ocrx_word' id='word_1_339' title='bbox 1340 2901 1396 2957; x_wconf 88' lang='lat' dir='ltr'><strong>In</strong></span> <span class='ocrx_word' id='word_1_340' title='bbox 1422 2901 1513 2957; x_wconf 78' lang='lat' dir='ltr'><strong>his</strong></span> <span class='ocrx_word' id='word_1_341' title='bbox 1547 2917 1706 2956; x_wconf 86' lang='lat' dir='ltr'><strong>nam-</strong></span> 
     </span>
    </p>
   </div>
   <div class='ocr_carea' id='block_1_44' title="bbox 154 2986 1706 3060">
    <p class='ocr_par' dir='ltr' id='par_1_44' title="bbox 154 2986 1706 3060">
     <span class='ocr_line' id='line_1_45' title="bbox 154 2986 1706 3060; baseline 0.006 -23"><span class='ocrx_word' id='word_1_342' title='bbox 154 2999 242 3053; x_wconf 87' lang='lat' dir='ltr'><strong>que</strong></span> <span class='ocrx_word' id='word_1_343' title='bbox 272 2986 392 3043; x_wconf 86' lang='lat' dir='ltr'><strong>solis</strong></span> <span class='ocrx_word' id='word_1_344' title='bbox 416 2989 707 3059; x_wconf 82' lang='lat' dir='ltr'><strong>personis,</strong></span> <span class='ocrx_word' id='word_1_345' title='bbox 754 2998 813 3045; x_wconf 88' lang='lat' dir='ltr'><strong>et</strong></span> <span class='ocrx_word' id='word_1_346' title='bbox 849 2991 1041 3046; x_wconf 90' lang='lat' dir='ltr'><strong>harum</strong></span> <span class='ocrx_word' id='word_1_347' title='bbox 1085 2991 1354 3047; x_wconf 90' lang='lat' dir='ltr'><strong>similibus</strong></span> <span class='ocrx_word' id='word_1_348' title='bbox 1381 2991 1560 3046; x_wconf 86' lang='lat' dir='ltr'><strong>omnis</strong></span> <span class='ocrx_word' id='word_1_349' title='bbox 1585 3006 1706 3060; x_wconf 67' lang='lat' dir='ltr'><strong>qua:</strong></span> 
     </span>
    </p>
   </div>
   <div class='ocr_carea' id='block_1_45' title="bbox 156 3076 1702 3151">
    <p class='ocr_par' dir='ltr' id='par_1_45' title="bbox 156 3076 1702 3151">
     <span class='ocr_line' id='line_1_46' title="bbox 156 3076 1702 3151; baseline 0.005 -23"><span class='ocrx_word' id='word_1_350' title='bbox 156 3088 213 3128; x_wconf 78' lang='lat' dir='ltr'><strong>ex</strong></span> <span class='ocrx_word' id='word_1_351' title='bbox 253 3076 564 3132; x_wconf 86' lang='lat' dir='ltr'><strong>mulieribus</strong></span> <span class='ocrx_word' id='word_1_352' title='bbox 611 3088 694 3133; x_wconf 87' lang='lat' dir='ltr'><strong>est</strong></span> <span class='ocrx_word' id='word_1_353' title='bbox 737 3078 972 3148; x_wconf 89' lang='lat' dir='ltr'><strong>suspicio</strong></span> <span class='ocrx_word' id='word_1_354' title='bbox 1019 3080 1342 3147; x_wconf 88' lang='lat' dir='ltr'><strong>declinatur,</strong></span> <span class='ocrx_word' id='word_1_355' title='bbox 1378 3079 1468 3151; x_wconf 87' lang='lat' dir='ltr'><strong>qui</strong></span> <span class='ocrx_word' id='word_1_356' title='bbox 1518 3088 1702 3135; x_wconf 84' lang='lat' dir='ltr'><strong>autem</strong></span> 
     </span>
    </p>
   </div>
   <div class='ocr_carea' id='block_1_46' title="bbox 151 3164 1251 3238">
    <p class='ocr_par' dir='ltr' id='par_1_46' title="bbox 151 3164 1251 3238">
     <span class='ocr_line' id='line_1_47' title="bbox 151 3164 1251 3238; baseline 0.007 -21"><span class='ocrx_word' id='word_1_357' title='bbox 151 3171 323 3231; x_wconf 63' lang='lat' dir='ltr'><strong>praeter</strong></span> <span class='ocrx_word' id='word_1_358' title='bbox 343 3164 456 3221; x_wconf 67' lang='lat' dir='ltr'><strong>haec</strong></span> <span class='ocrx_word' id='word_1_359' title='bbox 481 3166 605 3237; x_wconf 74' lang='lat' dir='ltr'><strong>agit</strong></span> <span class='ocrx_word' id='word_1_360' title='bbox 632 3167 973 3238; x_wconf 77' lang='lat' dir='ltr'><strong>periclitatur</strong></span> <span class='ocrx_word' id='word_1_361' title='bbox 997 3168 1064 3224; x_wconf 91' lang='lat' dir='ltr'><strong>de</strong></span> <span class='ocrx_word' id='word_1_362' title='bbox 1087 3168 1251 3225; x_wconf 89' lang='lat' dir='ltr'><strong>clero.</strong></span> 
     </span>
    </p>
   </div>
   <div class='ocr_carea' id='block_1_47' title="bbox 212 3250 1703 3329">
    <p class='ocr_par' dir='ltr' id='par_1_47' title="bbox 212 3250 1703 3329">
     <span class='ocr_line' id='line_1_48' title="bbox 212 3250 1703 3329; baseline 0.007 -24"><span class='ocrx_word' id='word_1_363' title='bbox 212 3250 290 3307; x_wconf 83' lang='lat' dir='ltr'><strong>lV.</strong></span> <span class='ocrx_word' id='word_1_364' title='bbox 326 3254 657 3326; x_wconf 69' lang='lat' dir='ltr'><strong>Episcopum</strong></span> <span class='ocrx_word' id='word_1_365' title='bbox 681 3265 896 3326; x_wconf 89' lang='lat' dir='ltr'><strong>oportet</strong></span> <span class='ocrx_word' id='word_1_366' title='bbox 928 3258 996 3312; x_wconf 91' lang='lat' dir='ltr'><strong>ab</strong></span> <span class='ocrx_word' id='word_1_367' title='bbox 1030 3258 1281 3313; x_wconf 89' lang='lat' dir='ltr'><strong>omnibus</strong></span> <span class='ocrx_word' id='word_1_368' title='bbox 1323 3258 1587 3329; x_wconf 89' lang='lat' dir='ltr'><strong>episcopis</strong></span> <span class='ocrx_word' id='word_1_369' title='bbox 1609 3300 1624 3326; x_wconf 91' lang='lat'><strong>,</strong></span> <span class='ocrx_word' id='word_1_370' title='bbox 1655 3259 1703 3315; x_wconf 89' lang='lat' dir='ltr'><strong>si</strong></span> 
     </span>
    </p>
   </div>
   <div class='ocr_carea' id='block_1_48' title="bbox 153 3338 1699 3419">
    <p class='ocr_par' dir='ltr' id='par_1_48' title="bbox 153 3338 1699 3419">
     <span class='ocr_line' id='line_1_49' title="bbox 153 3338 1699 3419; baseline 0.006 -24"><span class='ocrx_word' id='word_1_371' title='bbox 153 3338 254 3396; x_wconf 79' lang='lat' dir='ltr'><strong>ﬁeri</strong></span> <span class='ocrx_word' id='word_1_372' title='bbox 277 3353 482 3413; x_wconf 88' lang='lat' dir='ltr'><strong>potest,</strong></span> <span class='ocrx_word' id='word_1_373' title='bbox 512 3347 613 3416; x_wconf 84' lang='lat' dir='ltr'><strong>qui</strong></span> <span class='ocrx_word' id='word_1_374' title='bbox 639 3355 764 3403; x_wconf 90' lang='lat' dir='ltr'><strong>sunt</strong></span> <span class='ocrx_word' id='word_1_375' title='bbox 800 3347 856 3403; x_wconf 89' lang='lat' dir='ltr'><strong>in</strong></span> <span class='ocrx_word' id='word_1_376' title='bbox 899 3348 1178 3419; x_wconf 84' lang='lat' dir='ltr'><strong>provincia</strong></span> <span class='ocrx_word' id='word_1_377' title='bbox 1204 3347 1320 3417; x_wconf 83' lang='lat' dir='ltr'><strong>ejus</strong></span> <span class='ocrx_word' id='word_1_378' title='bbox 1344 3349 1608 3404; x_wconf 85' lang='lat' dir='ltr'><strong>ordinari.</strong></span> <span class='ocrx_word' id='word_1_379' title='bbox 1641 3348 1699 3405; x_wconf 90' lang='lat' dir='ltr'><strong>Si</strong></span> 
     </span>
    </p>
   </div>
   <div class='ocr_carea' id='block_1_49' title="bbox 160 3436 1707 3509">
    <p class='ocr_par' dir='ltr' id='par_1_49' title="bbox 160 3436 1707 3509">
     <span class='ocr_line' id='line_1_50' title="bbox 160 3436 1707 3509; baseline 0.005 -20"><span class='ocrx_word' id='word_1_380' title='bbox 160 3447 266 3490; x_wconf 71' lang='lat' dir='ltr'><strong>vero</strong></span> <span class='ocrx_word' id='word_1_381' title='bbox 287 3436 384 3493; x_wconf 92' lang='lat' dir='ltr'><strong>hoc</strong></span> <span class='ocrx_word' id='word_1_382' title='bbox 409 3437 636 3494; x_wconf 75' lang='lat' dir='ltr'><strong>dilﬁcile</strong></span> <span class='ocrx_word' id='word_1_383' title='bbox 667 3436 866 3505; x_wconf 89' lang='lat' dir='ltr'><strong>fuerit,</strong></span> <span class='ocrx_word' id='word_1_384' title='bbox 890 3439 975 3495; x_wconf 88' lang='lat' dir='ltr'><strong>vel</strong></span> <span class='ocrx_word' id='word_1_385' title='bbox 1009 3439 1188 3509; x_wconf 90' lang='lat' dir='ltr'><strong>aliqua</strong></span> <span class='ocrx_word' id='word_1_386' title='bbox 1217 3448 1445 3509; x_wconf 77' lang='lat' dir='ltr'><strong>urgente</strong></span> <span class='ocrx_word' id='word_1_387' title='bbox 1465 3440 1707 3496; x_wconf 91' lang='lat' dir='ltr'><strong>necessi-</strong></span> 
     </span>
    </p>
   </div>
   <div class='ocr_carea' id='block_1_50' title="bbox 158 3528 1711 3602">
    <p class='ocr_par' dir='ltr' id='par_1_50' title="bbox 158 3528 1711 3602">
     <span class='ocr_line' id='line_1_51' title="bbox 158 3528 1711 3602; baseline 0.005 -23"><span class='ocrx_word' id='word_1_388' title='bbox 158 3533 278 3592; x_wconf 75' lang='lat' dir='ltr'><strong>tate,</strong></span> <span class='ocrx_word' id='word_1_389' title='bbox 316 3528 396 3583; x_wconf 87' lang='lat' dir='ltr'><strong>vel</strong></span> <span class='ocrx_word' id='word_1_390' title='bbox 441 3529 658 3584; x_wconf 88' lang='lat' dir='ltr'><strong>itineris</strong></span> <span class='ocrx_word' id='word_1_391' title='bbox 704 3528 1074 3600; x_wconf 79' lang='lat' dir='ltr'><strong>longitudine,</strong></span> <span class='ocrx_word' id='word_1_392' title='bbox 1119 3540 1267 3586; x_wconf 90' lang='lat' dir='ltr'><strong>certe</strong></span> <span class='ocrx_word' id='word_1_393' title='bbox 1315 3540 1425 3585; x_wconf 86' lang='lat' dir='ltr'><strong>tres</strong></span> <span class='ocrx_word' id='word_1_394' title='bbox 1469 3531 1711 3602; x_wconf 89' lang='lat' dir='ltr'><strong>episcopi</strong></span> 
     </span>
    </p>
   </div>
   <div class='ocr_carea' id='block_1_51' title="bbox 165 3617 1711 3694">
    <p class='ocr_par' dir='ltr' id='par_1_51' title="bbox 165 3617 1711 3694">
     <span class='ocr_line' id='line_1_52' title="bbox 165 3617 1711 3694; baseline 0.006 -24"><span class='ocrx_word' id='word_1_395' title='bbox 165 3617 332 3674; x_wconf 78' lang='lat' dir='ltr'><strong>debent</strong></span> <span class='ocrx_word' id='word_1_396' title='bbox 356 3621 408 3676; x_wconf 91' lang='lat' dir='ltr'><strong>in</strong></span> <span class='ocrx_word' id='word_1_397' title='bbox 436 3636 605 3676; x_wconf 87' lang='lat' dir='ltr'><strong>unum</strong></span> <span class='ocrx_word' id='word_1_398' title='bbox 638 3636 759 3678; x_wconf 89' lang='lat' dir='ltr'><strong>esse</strong></span> <span class='ocrx_word' id='word_1_399' title='bbox 787 3622 1132 3694; x_wconf 78' lang='lat' dir='ltr'><strong>congregati,</strong></span> <span class='ocrx_word' id='word_1_400' title='bbox 1168 3623 1241 3679; x_wconf 91' lang='lat' dir='ltr'><strong>ita</strong></span> <span class='ocrx_word' id='word_1_401' title='bbox 1269 3630 1327 3678; x_wconf 91' lang='lat' dir='ltr'><strong>ut</strong></span> <span class='ocrx_word' id='word_1_402' title='bbox 1354 3623 1519 3679; x_wconf 91' lang='lat' dir='ltr'><strong>etiam</strong></span> <span class='ocrx_word' id='word_1_403' title='bbox 1552 3632 1711 3680; x_wconf 73' lang='lat' dir='ltr'><strong>caite-</strong></span> 
     </span>
    </p>
   </div>
   <div class='ocr_carea' id='block_1_52' title="bbox 161 3713 1710 3782">
    <p class='ocr_par' dir='ltr' id='par_1_52' title="bbox 161 3713 1710 3782">
     <span class='ocr_line' id='line_1_53' title="bbox 161 3713 1710 3782; baseline 0.008 -22"><span class='ocrx_word' id='word_1_404' title='bbox 161 3723 320 3765; x_wconf 82' lang='lat' dir='ltr'><strong>rorum</strong></span> <span class='ocrx_word' id='word_1_405' title='bbox 342 3713 430 3782; x_wconf 88' lang='lat' dir='ltr'><strong>qui</strong></span> <span class='ocrx_word' id='word_1_406' title='bbox 462 3714 723 3770; x_wconf 83' lang='lat' dir='ltr'><strong>absentes</strong></span> <span class='ocrx_word' id='word_1_407' title='bbox 740 3724 873 3769; x_wconf 87' lang='lat' dir='ltr'><strong>sunt</strong></span> <span class='ocrx_word' id='word_1_408' title='bbox 894 3730 1221 3771; x_wconf 87' lang='lat' dir='ltr'><strong>consensum</strong></span> <span class='ocrx_word' id='word_1_409' title='bbox 1245 3716 1445 3772; x_wconf 89' lang='lat' dir='ltr'><strong>litteris</strong></span> <span class='ocrx_word' id='word_1_410' title='bbox 1467 3724 1710 3782; x_wconf 84' lang='lat' dir='ltr'><strong>teneant,</strong></span> 
     </span>
    </p>
   </div>
   <div class='ocr_carea' id='block_1_53' title="bbox 159 3800 1716 3866">
    <p class='ocr_par' dir='ltr' id='par_1_53' title="bbox 159 3800 1716 3866">
     <span class='ocr_line' id='line_1_54' title="bbox 159 3800 1716 3866; baseline 0.007 -13"><span class='ocrx_word' id='word_1_411' title='bbox 159 3808 212 3854; x_wconf 84' lang='lat' dir='ltr'><strong>et</strong></span> <span class='ocrx_word' id='word_1_412' title='bbox 243 3801 308 3856; x_wconf 84' lang='lat' dir='ltr'><strong>ita</strong></span> <span class='ocrx_word' id='word_1_413' title='bbox 336 3800 537 3861; x_wconf 73' lang='lat' dir='ltr'><strong>iaciant</strong></span> <span class='ocrx_word' id='word_1_414' title='bbox 562 3805 980 3862; x_wconf 89' lang='lat' dir='ltr'><strong>ordinationem.</strong></span> <span class='ocrx_word' id='word_1_415' title='bbox 1011 3805 1264 3863; x_wconf 86' lang='lat' dir='ltr'><strong>Potestas</strong></span> <span class='ocrx_word' id='word_1_416' title='bbox 1296 3823 1429 3865; x_wconf 89' lang='lat' dir='ltr'><strong>sane</strong></span> <span class='ocrx_word' id='word_1_417' title='bbox 1473 3809 1559 3864; x_wconf 83' lang='lat' dir='ltr'><strong>vel</strong></span> <span class='ocrx_word' id='word_1_418' title='bbox 1582 3824 1716 3866; x_wconf 90' lang='lat' dir='ltr'><strong>con-</strong></span> 
     </span>
    </p>
   </div>
   <div class='ocr_carea' id='block_1_54' title="bbox 167 3891 1714 3969">
    <p class='ocr_par' dir='ltr' id='par_1_54' title="bbox 167 3891 1714 3969">
     <span class='ocr_line' id='line_1_55' title="bbox 167 3891 1714 3969; baseline 0.01 -27"><span class='ocrx_word' id='word_1_419' title='bbox 167 3891 369 3950; x_wconf 81' lang='lat' dir='ltr'><strong>ftrmau&#39;o</strong></span> <span class='ocrx_word' id='word_1_420' title='bbox 384 3897 692 3967; x_wconf 87' lang='lat' dir='ltr'><strong>pertinebit</strong></span> <span class='ocrx_word' id='word_1_421' title='bbox 713 3910 809 3967; x_wconf 88' lang='lat' dir='ltr'><strong>per</strong></span> <span class='ocrx_word' id='word_1_422' title='bbox 832 3897 1067 3968; x_wconf 78' lang='lat' dir='ltr'><strong>singulas</strong></span> <span class='ocrx_word' id='word_1_423' title='bbox 1088 3898 1399 3969; x_wconf 89' lang='lat' dir='ltr'><strong>provincias</strong></span> <span class='ocrx_word' id='word_1_424' title='bbox 1426 3900 1493 3955; x_wconf 87' lang='lat' dir='ltr'><strong>ad</strong></span> <span class='ocrx_word' id='word_1_425' title='bbox 1517 3913 1714 3957; x_wconf 88' lang='lat' dir='ltr'><strong>metro-</strong></span> 
     </span>
    </p>
   </div>
   <div class='ocr_carea' id='block_1_55' title="bbox 169 3983 785 4063">
    <p class='ocr_par' dir='ltr' id='par_1_55' title="bbox 169 3983 785 4063">
     <span class='ocr_line' id='line_1_56' title="bbox 169 3983 785 4063; baseline 0.005 -23"><span class='ocrx_word' id='word_1_426' title='bbox 169 3983 429 4054; x_wconf 83' lang='lat' dir='ltr'><strong>politanum</strong></span> <span class='ocrx_word' id='word_1_427' title='bbox 456 3990 785 4063; x_wconf 85' lang='lat' dir='ltr'><strong>episcopum.</strong></span> 
     </span>
    </p>
   </div>
   <div class='ocr_carea' id='block_1_56' title="bbox 228 4077 1717 4168">
    <p class='ocr_par' dir='ltr' id='par_1_56' title="bbox 228 4077 1717 4168">
     <span class='ocr_line' id='line_1_57' title="bbox 228 4077 1717 4168; baseline 0.011 -33"><span class='ocrx_word' id='word_1_428' title='bbox 228 4077 283 4135; x_wconf 77' lang='lat' dir='ltr'><strong>V.</strong></span> <span class='ocrx_word' id='word_1_429' title='bbox 320 4081 576 4141; x_wconf 85' lang='lat' dir='ltr'><strong>Servetur</strong></span> <span class='ocrx_word' id='word_1_430' title='bbox 626 4086 730 4141; x_wconf 91' lang='lat' dir='ltr'><strong>ista</strong></span> <span class='ocrx_word' id='word_1_431' title='bbox 792 4084 1090 4154; x_wconf 87' lang='lat' dir='ltr'><strong>sententia,</strong></span> <span class='ocrx_word' id='word_1_432' title='bbox 1143 4093 1202 4144; x_wconf 88' lang='lat' dir='ltr'><strong>ut</strong></span> <span class='ocrx_word' id='word_1_433' title='bbox 1240 4085 1292 4146; x_wconf 91' lang='lat' dir='ltr'><strong>hi</strong></span> <span class='ocrx_word' id='word_1_434' title='bbox 1338 4086 1448 4168; x_wconf 85' lang='lat' dir='ltr'><strong>qui</strong></span> <span class='ocrx_word' id='word_1_435' title='bbox 1485 4087 1554 4148; x_wconf 88' lang='lat' dir='ltr'><strong>ab</strong></span> <span class='ocrx_word' id='word_1_436' title='bbox 1585 4089 1717 4151; x_wconf 80' lang='lat' dir='ltr'><strong>aliis</strong></span> 
     </span>
    </p>
   </div>
   <div class='ocr_carea' id='block_1_57' title="bbox 171 4180 1715 4243">
    <p class='ocr_par' dir='ltr' id='par_1_57' title="bbox 171 4180 1715 4243">
     <span class='ocr_line' id='line_1_58' title="bbox 171 4180 1715 4243; baseline 0.01 -17"><span class='ocrx_word' id='word_1_437' title='bbox 171 4180 683 4235; x_wconf 77' lang='lat' dir='ltr'><strong>excommunicantur</strong></span> <span class='ocrx_word' id='word_1_438' title='bbox 728 4181 797 4236; x_wconf 90' lang='lat' dir='ltr'><strong>ab</strong></span> <span class='ocrx_word' id='word_1_439' title='bbox 843 4182 965 4237; x_wconf 87' lang='lat' dir='ltr'><strong>aliis</strong></span> <span class='ocrx_word' id='word_1_440' title='bbox 1008 4183 1077 4237; x_wconf 90' lang='lat' dir='ltr'><strong>ad</strong></span> <span class='ocrx_word' id='word_1_441' title='bbox 1137 4186 1571 4243; x_wconf 81' lang='lat' dir='ltr'><strong>communionem</strong></span> <span class='ocrx_word' id='word_1_442' title='bbox 1608 4203 1715 4242; x_wconf 84' lang='lat' dir='ltr'><strong>non</strong></span> 
     </span>
    </p>
   </div>
   <div class='ocr_carea' id='block_1_58' title="bbox 174 4265 1717 4347">
    <p class='ocr_par' dir='ltr' id='par_1_58' title="bbox 174 4265 1717 4347">
     <span class='ocr_line' id='line_1_59' title="bbox 174 4265 1717 4347; baseline 0.01 -31"><span class='ocrx_word' id='word_1_443' title='bbox 174 4265 489 4336; x_wconf 88' lang='lat' dir='ltr'><strong>recipiantur.</strong></span> <span class='ocrx_word' id='word_1_444' title='bbox 516 4269 854 4340; x_wconf 80' lang='lat' dir='ltr'><strong>Requiratur</strong></span> <span class='ocrx_word' id='word_1_445' title='bbox 874 4286 1005 4327; x_wconf 89' lang='lat' dir='ltr'><strong>sane</strong></span> <span class='ocrx_word' id='word_1_446' title='bbox 1030 4272 1075 4327; x_wconf 88' lang='lat' dir='ltr'><strong>si</strong></span> <span class='ocrx_word' id='word_1_447' title='bbox 1104 4272 1244 4329; x_wconf 88' lang='lat' dir='ltr'><strong>forte</strong></span> <span class='ocrx_word' id='word_1_448' title='bbox 1263 4275 1443 4346; x_wconf 85' lang='lat' dir='ltr'><strong>aliqua</strong></span> <span class='ocrx_word' id='word_1_449' title='bbox 1470 4277 1717 4347; x_wconf 80' lang='lat' dir='ltr'><strong>indigna-</strong></span> 
     </span>
    </p>
   </div>
   <div class='ocr_carea' id='block_1_59' title="bbox 168 4352 1719 4435">
    <p class='ocr_par' dir='ltr' id='par_1_59' title="bbox 168 4352 1719 4435">
     <span class='ocr_line' id='line_1_60' title="bbox 168 4352 1719 4435; baseline 0.013 -29"><span class='ocrx_word' id='word_1_450' title='bbox 168 4352 325 4423; x_wconf 81' lang='lat' dir='ltr'><strong>tione,</strong></span> <span class='ocrx_word' id='word_1_451' title='bbox 368 4369 459 4413; x_wconf 89' lang='lat' dir='ltr'><strong>aut</strong></span> <span class='ocrx_word' id='word_1_452' title='bbox 501 4362 887 4425; x_wconf 89' lang='lat' dir='ltr'><strong>contentione,</strong></span> <span class='ocrx_word' id='word_1_453' title='bbox 937 4373 1030 4418; x_wconf 91' lang='lat' dir='ltr'><strong>aut</strong></span> <span class='ocrx_word' id='word_1_454' title='bbox 1072 4365 1311 4435; x_wconf 86' lang='lat' dir='ltr'><strong>qualibet</strong></span> <span class='ocrx_word' id='word_1_455' title='bbox 1358 4369 1719 4426; x_wconf 88' lang='lat' dir='ltr'><strong>commotione</strong></span> 
     </span>
    </p>
   </div>
   <div class='ocr_carea' id='block_1_60' title="bbox 169 4445 1720 4529">
    <p class='ocr_par' dir='ltr' id='par_1_60' title="bbox 169 4445 1720 4529">
     <span class='ocr_line' id='line_1_61' title="bbox 169 4445 1720 4529; baseline 0.011 -32"><span class='ocrx_word' id='word_1_456' title='bbox 169 4445 378 4517; x_wconf 77' lang='lat' dir='ltr'><strong>episcopi</strong></span> <span class='ocrx_word' id='word_1_457' title='bbox 402 4451 482 4505; x_wconf 90' lang='lat' dir='ltr'><strong>sui</strong></span> <span class='ocrx_word' id='word_1_458' title='bbox 505 4452 963 4507; x_wconf 80' lang='lat' dir='ltr'><strong>excommunicati</strong></span> <span class='ocrx_word' id='word_1_459' title='bbox 995 4453 1126 4508; x_wconf 88' lang='lat' dir='ltr'><strong>sint.</strong></span> <span class='ocrx_word' id='word_1_460' title='bbox 1154 4453 1224 4509; x_wconf 93' lang='lat' dir='ltr'><strong>Ut</strong></span> <span class='ocrx_word' id='word_1_461' title='bbox 1256 4470 1385 4526; x_wconf 84' lang='lat' dir='ltr'><strong>ergo</strong></span> <span class='ocrx_word' id='word_1_462' title='bbox 1417 4458 1576 4529; x_wconf 80' lang='lat' dir='ltr'><strong>digna</strong></span> <span class='ocrx_word' id='word_1_463' title='bbox 1602 4460 1720 4514; x_wconf 64' lang='lat' dir='ltr'><strong>haec</strong></span> 
     </span>
    </p>
   </div>
   <div class='ocr_carea' id='block_1_61' title="bbox 1801 1982 3384 2066">
    <p class='ocr_par' dir='ltr' id='par_1_61' title="bbox 1801 1982 3384 2066">
     <span class='ocr_line' id='line_1_62' title="bbox 1801 1982 3384 2066; baseline 0.018 -41"><span class='ocrx_word' id='word_1_464' title='bbox 1801 1982 1967 2029; x_wconf 87' lang='lat' dir='ltr'><strong>nente</strong></span> <span class='ocrx_word' id='word_1_465' title='bbox 2033 1982 2212 2031; x_wconf 75' lang='lat' dir='ltr'><strong>tamen</strong></span> <span class='ocrx_word' id='word_1_466' title='bbox 2261 1983 2691 2052; x_wconf 72' lang='lat' dir='ltr'><strong>metropolitana:</strong></span> <span class='ocrx_word' id='word_1_467' title='bbox 2748 1990 2984 2049; x_wconf 81' lang='lat' dir='ltr'><strong>civitatis</strong></span> <span class='ocrx_word' id='word_1_468' title='bbox 3025 1996 3247 2066; x_wconf 83' lang='lat' dir='ltr'><strong>propria</strong></span> <span class='ocrx_word' id='word_1_469' title='bbox 3297 1998 3384 2053; x_wconf 84' lang='lat' dir='ltr'><strong>di-</strong></span> 
     </span>
    </p>
   </div>
   <div class='ocr_carea' id='block_1_62' title="bbox 1800 2063 2025 2132">
    <p class='ocr_par' dir='ltr' id='par_1_62' title="bbox 1800 2063 2025 2132">
     <span class='ocr_line' id='line_1_63' title="bbox 1800 2063 2025 2132; baseline 0.027 -18"><span class='ocrx_word' id='word_1_470' title='bbox 1800 2063 2025 2132; x_wconf 80' lang='lat' dir='ltr'><strong>gnitate.</strong></span> 
     </span>
    </p>
   </div>
   <div class='ocr_carea' id='block_1_63' title="bbox 1877 2151 3402 2256">
    <p class='ocr_par' dir='ltr' id='par_1_63' title="bbox 1877 2151 3402 2256">
     <span class='ocr_line' id='line_1_64' title="bbox 1877 2151 3402 2256; baseline 0.021 -52"><span class='ocrx_word' id='word_1_471' title='bbox 1877 2151 2010 2207; x_wconf 82' lang='lat' dir='ltr'><strong>Vlﬂ.</strong></span> <span class='ocrx_word' id='word_1_472' title='bbox 2050 2153 2105 2211; x_wconf 91' lang='lat' dir='ltr'><strong>Si</strong></span> <span class='ocrx_word' id='word_1_473' title='bbox 2139 2158 2230 2227; x_wconf 89' lang='lat' dir='ltr'><strong>qui</strong></span> <span class='ocrx_word' id='word_1_474' title='bbox 2258 2160 2731 2225; x_wconf 89' lang='lat' dir='ltr'><strong>voluerintvenire</strong></span> <span class='ocrx_word' id='word_1_475' title='bbox 2756 2171 2825 2225; x_wconf 92' lang='lat' dir='ltr'><strong>ad</strong></span> <span class='ocrx_word' id='word_1_476' title='bbox 2860 2169 3161 2230; x_wconf 86' lang='lat' dir='ltr'><strong>Ecclesiam</strong></span> <span class='ocrx_word' id='word_1_477' title='bbox 3184 2177 3402 2256; x_wconf 40' lang='lat' dir='ltr'><strong>cathog</strong></span> 
     </span>
    </p>
   </div>
   <div class='ocr_carea' id='block_1_64' title="bbox 1802 2239 3385 2327">
    <p class='ocr_par' dir='ltr' id='par_1_64' title="bbox 1802 2239 3385 2327">
     <span class='ocr_line' id='line_1_65' title="bbox 1802 2239 3385 2327; baseline 0.021 -32"><span class='ocrx_word' id='word_1_478' title='bbox 1802 2239 1959 2297; x_wconf 90' lang='lat' dir='ltr'><strong>licam</strong></span> <span class='ocrx_word' id='word_1_479' title='bbox 1981 2259 2045 2299; x_wconf 81' lang='lat' dir='ltr'><strong>ex</strong></span> <span class='ocrx_word' id='word_1_480' title='bbox 2070 2246 2406 2322; x_wconf 85' lang='lat' dir='ltr'><strong>Novatianis,</strong></span> <span class='ocrx_word' id='word_1_481' title='bbox 2434 2254 2634 2324; x_wconf 85' lang='lat' dir='ltr'><strong>placuit</strong></span> <span class='ocrx_word' id='word_1_482' title='bbox 2679 2270 2867 2318; x_wconf 90' lang='lat' dir='ltr'><strong>sancto</strong></span> <span class='ocrx_word' id='word_1_483' title='bbox 2888 2267 3119 2323; x_wconf 88' lang='lat' dir='ltr'><strong>concilio</strong></span> <span class='ocrx_word' id='word_1_484' title='bbox 3150 2278 3210 2325; x_wconf 88' lang='lat' dir='ltr'><strong>ut</strong></span> <span class='ocrx_word' id='word_1_485' title='bbox 3236 2271 3385 2327; x_wconf 86' lang='lat' dir='ltr'><strong>ordi-</strong></span> 
     </span>
    </p>
   </div>
   <div class='ocr_carea' id='block_1_65' title="bbox 1802 2339 3389 2418">
    <p class='ocr_par' dir='ltr' id='par_1_65' title="bbox 1802 2339 3389 2418">
     <span class='ocr_line' id='line_1_66' title="bbox 1802 2339 3389 2418; baseline 0.021 -32"><span class='ocrx_word' id='word_1_486' title='bbox 1802 2343 2000 2390; x_wconf 89' lang='lat' dir='ltr'><strong>nentur</strong></span> <span class='ocrx_word' id='word_1_487' title='bbox 2036 2346 2091 2393; x_wconf 90' lang='lat' dir='ltr'><strong>et</strong></span> <span class='ocrx_word' id='word_1_488' title='bbox 2117 2339 2196 2394; x_wconf 91' lang='lat' dir='ltr'><strong>sic</strong></span> <span class='ocrx_word' id='word_1_489' title='bbox 2226 2355 2480 2400; x_wconf 89' lang='lat' dir='ltr'><strong>maneant</strong></span> <span class='ocrx_word' id='word_1_490' title='bbox 2513 2348 2566 2402; x_wconf 90' lang='lat' dir='ltr'><strong>in</strong></span> <span class='ocrx_word' id='word_1_491' title='bbox 2608 2349 2773 2407; x_wconf 90' lang='lat' dir='ltr'><strong>clero.</strong></span> <span class='ocrx_word' id='word_1_492' title='bbox 2812 2353 2954 2413; x_wconf 89' lang='lat' dir='ltr'><strong>Ante</strong></span> <span class='ocrx_word' id='word_1_493' title='bbox 2993 2360 3177 2415; x_wconf 90' lang='lat' dir='ltr'><strong>omnia</strong></span> <span class='ocrx_word' id='word_1_494' title='bbox 3206 2368 3389 2418; x_wconf 89' lang='lat' dir='ltr'><strong>autem</strong></span> 
     </span>
    </p>
   </div>
   <div class='ocr_carea' id='block_1_66' title="bbox 1806 2425 3390 2525">
    <p class='ocr_par' dir='ltr' id='par_1_66' title="bbox 1806 2425 3390 2525">
     <span class='ocr_line' id='line_1_67' title="bbox 1806 2425 3390 2525; baseline 0.021 -47"><span class='ocrx_word' id='word_1_495' title='bbox 1806 2425 1945 2482; x_wconf 89' lang='lat' dir='ltr'><strong>hanc</strong></span> <span class='ocrx_word' id='word_1_496' title='bbox 1989 2428 2221 2488; x_wconf 83' lang='lat' dir='ltr'><strong>habeant</strong></span> <span class='ocrx_word' id='word_1_497' title='bbox 2258 2435 2676 2508; x_wconf 80' lang='lat' dir='ltr'><strong>confessionem,</strong></span> <span class='ocrx_word' id='word_1_498' title='bbox 2718 2460 2878 2515; x_wconf 83' lang='lat' dir='ltr'><strong>quam</strong></span> <span class='ocrx_word' id='word_1_499' title='bbox 2922 2463 3019 2519; x_wconf 89' lang='lat' dir='ltr'><strong>per</strong></span> <span class='ocrx_word' id='word_1_500' title='bbox 3044 2450 3390 2525; x_wconf 15' lang='lat' dir='ltr'><strong>‘Scripturam</strong></span> 
     </span>
    </p>
   </div>
   <div class='ocr_carea' id='block_1_67' title="bbox 1804 2520 3391 2604">
    <p class='ocr_par' dir='ltr' id='par_1_67' title="bbox 1804 2520 3391 2604">
     <span class='ocr_line' id='line_1_68' title="bbox 1804 2520 3391 2604; baseline 0.02 -31"><span class='ocrx_word' id='word_1_501' title='bbox 1804 2520 1943 2590; x_wconf 77' lang='lat' dir='ltr'><strong>exigi</strong></span> <span class='ocrx_word' id='word_1_502' title='bbox 1977 2532 2211 2592; x_wconf 88' lang='lat' dir='ltr'><strong>oportet,</strong></span> <span class='ocrx_word' id='word_1_503' title='bbox 2271 2538 2331 2583; x_wconf 92' lang='lat' dir='ltr'><strong>ut</strong></span> <span class='ocrx_word' id='word_1_504' title='bbox 2383 2529 2658 2589; x_wconf 79' lang='lat' dir='ltr'><strong>fateantur</strong></span> <span class='ocrx_word' id='word_1_505' title='bbox 2701 2551 2759 2592; x_wconf 89' lang='lat' dir='ltr'><strong>se</strong></span> <span class='ocrx_word' id='word_1_506' title='bbox 2796 2543 3071 2597; x_wconf 84' lang='lat' dir='ltr'><strong>communi</strong></span> <span class='ocrx_word' id='word_1_507' title='bbox 3118 2520 3391 2604; x_wconf 72' lang='lat' dir='ltr'><strong>consensu</strong></span> 
     </span>
    </p>
   </div>
   <div class='ocr_carea' id='block_1_68' title="bbox 1805 2612 3391 2697">
    <p class='ocr_par' dir='ltr' id='par_1_68' title="bbox 1805 2612 3391 2697">
     <span class='ocr_line' id='line_1_69' title="bbox 1805 2612 3391 2697; baseline 0.018 -31"><span class='ocrx_word' id='word_1_508' title='bbox 1805 2612 2084 2669; x_wconf 73' lang='lat' dir='ltr'><strong>catholica:</strong></span> <span class='ocrx_word' id='word_1_509' title='bbox 2110 2612 2364 2674; x_wconf 62' lang='lat' dir='ltr'><strong>Ecclesiae</strong></span> <span class='ocrx_word' id='word_1_510' title='bbox 2404 2632 2602 2680; x_wconf 88' lang='lat' dir='ltr'><strong>statuta</strong></span> <span class='ocrx_word' id='word_1_511' title='bbox 2636 2627 3037 2697; x_wconf 84' lang='lat' dir='ltr'><strong>observaturos,</strong></span> <span class='ocrx_word' id='word_1_512' title='bbox 3061 2633 3221 2690; x_wconf 82' lang='lat' dir='ltr'><strong>idest</strong></span> <span class='ocrx_word' id='word_1_513' title='bbox 3241 2653 3391 2695; x_wconf 89' lang='lat' dir='ltr'><strong>com-</strong></span> 
     </span>
    </p>
   </div>
   <div class='ocr_carea' id='block_1_69' title="bbox 1807 2705 3388 2801">
    <p class='ocr_par' dir='ltr' id='par_1_69' title="bbox 1807 2705 3388 2801">
     <span class='ocr_line' id='line_1_70' title="bbox 1807 2705 3388 2801; baseline 0.022 -45"><span class='ocrx_word' id='word_1_514' title='bbox 1807 2705 2177 2765; x_wconf 88' lang='lat' dir='ltr'><strong>municaturos</strong></span> <span class='ocrx_word' id='word_1_515' title='bbox 2226 2725 2304 2777; x_wconf 88' lang='lat' dir='ltr'><strong>se,</strong></span> <span class='ocrx_word' id='word_1_516' title='bbox 2352 2722 2407 2768; x_wconf 90' lang='lat' dir='ltr'><strong>et</strong></span> <span class='ocrx_word' id='word_1_517' title='bbox 2437 2715 2521 2772; x_wconf 90' lang='lat' dir='ltr'><strong>his</strong></span> <span class='ocrx_word' id='word_1_518' title='bbox 2545 2718 2637 2788; x_wconf 89' lang='lat' dir='ltr'><strong>qui</strong></span> <span class='ocrx_word' id='word_1_519' title='bbox 2685 2718 2828 2777; x_wconf 89' lang='lat' dir='ltr'><strong>forte</strong></span> <span class='ocrx_word' id='word_1_520' title='bbox 2871 2729 3137 2783; x_wconf 86' lang='lat' dir='ltr'><strong>secundas</strong></span> <span class='ocrx_word' id='word_1_521' title='bbox 3168 2731 3388 2801; x_wconf 82' lang='lat' dir='ltr'><strong>nuptias</strong></span> 
     </span>
    </p>
   </div>
   <div class='ocr_carea' id='block_1_70' title="bbox 1807 2796 3392 2892">
    <p class='ocr_par' dir='ltr' id='par_1_70' title="bbox 1807 2796 3392 2892">
     <span class='ocr_line' id='line_1_71' title="bbox 1807 2796 3392 2892; baseline 0.018 -44"><span class='ocrx_word' id='word_1_522' title='bbox 1807 2796 2018 2863; x_wconf 83' lang='lat' dir='ltr'><strong>experti</strong></span> <span class='ocrx_word' id='word_1_523' title='bbox 2039 2806 2186 2888; x_wconf 84' lang='lat' dir='ltr'><strong>sunt,</strong></span> <span class='ocrx_word' id='word_1_524' title='bbox 2218 2800 2302 2856; x_wconf 91' lang='lat' dir='ltr'><strong>vel</strong></span> <span class='ocrx_word' id='word_1_525' title='bbox 2332 2802 2416 2860; x_wconf 90' lang='lat' dir='ltr'><strong>his</strong></span> <span class='ocrx_word' id='word_1_526' title='bbox 2440 2806 2951 2878; x_wconf 84' lang='lat' dir='ltr'><strong>quipersecutionis</strong></span> <span class='ocrx_word' id='word_1_527' title='bbox 2975 2823 3217 2888; x_wconf 87' lang='lat' dir='ltr'><strong>tempore</strong></span> <span class='ocrx_word' id='word_1_528' title='bbox 3240 2796 3392 2892; x_wconf 76' lang='lat' dir='ltr'><strong>lapsi</strong></span> 
     </span>
    </p>
   </div>
   <div class='ocr_carea' id='block_1_71' title="bbox 1806 2882 3392 2970">
    <p class='ocr_par' dir='ltr' id='par_1_71' title="bbox 1806 2882 3392 2970">
     <span class='ocr_line' id='line_1_72' title="bbox 1806 2882 3392 2970; baseline 0.02 -34"><span class='ocrx_word' id='word_1_529' title='bbox 1806 2892 1970 2950; x_wconf 87' lang='lat' dir='ltr'><strong>sunt,</strong></span> <span class='ocrx_word' id='word_1_530' title='bbox 2021 2882 2220 2954; x_wconf 83' lang='lat' dir='ltr'><strong>quibus</strong></span> <span class='ocrx_word' id='word_1_531' title='bbox 2270 2898 2453 2947; x_wconf 89' lang='lat' dir='ltr'><strong>tamen</strong></span> <span class='ocrx_word' id='word_1_532' title='bbox 2496 2892 2662 2964; x_wconf 88' lang='lat' dir='ltr'><strong>lapsis</strong></span> <span class='ocrx_word' id='word_1_533' title='bbox 2714 2901 3049 2970; x_wconf 66' lang='lat' dir='ltr'><strong>poenitentiae</strong></span> <span class='ocrx_word' id='word_1_534' title='bbox 3083 2882 3279 2965; x_wconf 68' lang='lat' dir='ltr'><strong>inodus</strong></span> <span class='ocrx_word' id='word_1_535' title='bbox 3306 2882 3392 2966; x_wconf 58' lang='grc' dir='ltr'>ἐι</span> 
     </span>
    </p>
   </div>
   <div class='ocr_carea' id='block_1_72' title="bbox 1806 2980 3390 3072">
    <p class='ocr_par' dir='ltr' id='par_1_72' title="bbox 1806 2980 3390 3072">
     <span class='ocr_line' id='line_1_73' title="bbox 1806 2980 3390 3072; baseline 0.021 -44"><span class='ocrx_word' id='word_1_536' title='bbox 1806 2982 2017 3047; x_wconf 86' lang='lat' dir='ltr'><strong>tempus</strong></span> <span class='ocrx_word' id='word_1_537' title='bbox 2047 2980 2338 3052; x_wconf 86' lang='lat' dir='ltr'><strong>ascriptum</strong></span> <span class='ocrx_word' id='word_1_538' title='bbox 2364 2992 2472 3051; x_wconf 89' lang='lat' dir='ltr'><strong>est,</strong></span> <span class='ocrx_word' id='word_1_539' title='bbox 2500 2995 2561 3042; x_wconf 89' lang='lat' dir='ltr'><strong>ut</strong></span> <span class='ocrx_word' id='word_1_540' title='bbox 2607 2989 2661 3043; x_wconf 81' lang='lat' dir='ltr'><strong>in</strong></span> <span class='ocrx_word' id='word_1_541' title='bbox 2702 2993 2953 3052; x_wconf 91' lang='lat' dir='ltr'><strong>omnibus</strong></span> <span class='ocrx_word' id='word_1_542' title='bbox 2993 3010 3291 3072; x_wconf 87' lang='lat' dir='ltr'><strong>sequantur</strong></span> <span class='ocrx_word' id='word_1_543' title='bbox 3319 3019 3390 3061; x_wconf 88' lang='lat' dir='ltr'><strong>ea</strong></span> 
     </span>
    </p>
   </div>
   <div class='ocr_carea' id='block_1_73' title="bbox 1806 3066 3394 3155">
    <p class='ocr_par' dir='ltr' id='par_1_73' title="bbox 1806 3066 3394 3155">
     <span class='ocr_line' id='line_1_74' title="bbox 1806 3066 3394 3155; baseline 0.023 -37"><span class='ocrx_word' id='word_1_544' title='bbox 1806 3080 1927 3135; x_wconf 67' lang='lat' dir='ltr'><strong>qua:</strong></span> <span class='ocrx_word' id='word_1_545' title='bbox 1974 3068 2027 3124; x_wconf 91' lang='lat' dir='ltr'><strong>in</strong></span> <span class='ocrx_word' id='word_1_546' title='bbox 2085 3066 2324 3129; x_wconf 85' lang='lat' dir='ltr'><strong>Ecclesia</strong></span> <span class='ocrx_word' id='word_1_547' title='bbox 2370 3078 2638 3151; x_wconf 77' lang='lat' dir='ltr'><strong>catholica</strong></span> <span class='ocrx_word' id='word_1_548' title='bbox 2681 3066 3089 3146; x_wconf 41' lang='lat' dir='ltr'><strong>observantur:</strong></span> <span class='ocrx_word' id='word_1_549' title='bbox 3113 3093 3181 3148; x_wconf 86' lang='lat' dir='ltr'><strong>Et</strong></span> <span class='ocrx_word' id='word_1_550' title='bbox 3214 3096 3394 3155; x_wconf 87' lang='lat' dir='ltr'><strong>sicubi</strong></span> 
     </span>
    </p>
   </div>
   <div class='ocr_carea' id='block_1_74' title="bbox 1807 3155 3391 3243">
    <p class='ocr_par' dir='ltr' id='par_1_74' title="bbox 1807 3155 3391 3243">
     <span class='ocr_line' id='line_1_75' title="bbox 1807 3155 3391 3243; baseline 0.021 -34"><span class='ocrx_word' id='word_1_551' title='bbox 1807 3155 1968 3211; x_wconf 89' lang='lat' dir='ltr'><strong>iidem</strong></span> <span class='ocrx_word' id='word_1_552' title='bbox 1992 3158 2090 3228; x_wconf 91' lang='lat' dir='ltr'><strong>ipsi</strong></span> <span class='ocrx_word' id='word_1_553' title='bbox 2116 3158 2317 3231; x_wconf 83' lang='lat' dir='ltr'><strong>fuerint</strong></span> <span class='ocrx_word' id='word_1_554' title='bbox 2340 3164 2566 3235; x_wconf 87' lang='lat' dir='ltr'><strong>inventi,</strong></span> <span class='ocrx_word' id='word_1_555' title='bbox 2587 3169 2708 3228; x_wconf 83' lang='lat' dir='ltr'><strong>sive</strong></span> <span class='ocrx_word' id='word_1_556' title='bbox 2738 3174 2791 3230; x_wconf 90' lang='lat' dir='ltr'><strong>in</strong></span> <span class='ocrx_word' id='word_1_557' title='bbox 2814 3176 2948 3233; x_wconf 85' lang='lat' dir='ltr'><strong>vicis</strong></span> <span class='ocrx_word' id='word_1_558' title='bbox 2972 3194 3065 3235; x_wconf 89' lang='lat' dir='ltr'><strong>seu</strong></span> <span class='ocrx_word' id='word_1_559' title='bbox 3089 3182 3142 3238; x_wconf 91' lang='lat' dir='ltr'><strong>in</strong></span> <span class='ocrx_word' id='word_1_560' title='bbox 3167 3186 3391 3243; x_wconf 89' lang='lat' dir='ltr'><strong>urbibus</strong></span> 
     </span>
    </p>
   </div>
   <div class='ocr_carea' id='block_1_75' title="bbox 1808 3243 3392 3348">
    <p class='ocr_par' dir='ltr' id='par_1_75' title="bbox 1808 3243 3392 3348">
     <span class='ocr_line' id='line_1_76' title="bbox 1808 3243 3392 3348; baseline 0.02 -46"><span class='ocrx_word' id='word_1_561' title='bbox 1808 3243 1994 3305; x_wconf 81' lang='lat' dir='ltr'><strong>clerici</strong></span> <span class='ocrx_word' id='word_1_562' title='bbox 2023 3252 2257 3308; x_wconf 89' lang='lat' dir='ltr'><strong>ordinati</strong></span> <span class='ocrx_word' id='word_1_563' title='bbox 2301 3270 2330 3308; x_wconf 95' lang='lat' dir='ltr'><strong>a</strong></span> <span class='ocrx_word' id='word_1_564' title='bbox 2357 3258 2640 3318; x_wconf 90' lang='lat' dir='ltr'><strong>catholicis</strong></span> <span class='ocrx_word' id='word_1_565' title='bbox 2658 3304 2679 3331; x_wconf 90' lang='lat'><strong>,</strong></span> <span class='ocrx_word' id='word_1_566' title='bbox 2718 3265 2799 3322; x_wconf 91' lang='lat' dir='ltr'><strong>sic</strong></span> <span class='ocrx_word' id='word_1_567' title='bbox 2826 3268 3074 3327; x_wconf 89' lang='lat' dir='ltr'><strong>etiamin</strong></span> <span class='ocrx_word' id='word_1_568' title='bbox 3102 3273 3247 3331; x_wconf 89' lang='lat' dir='ltr'><strong>clero</strong></span> <span class='ocrx_word' id='word_1_569' title='bbox 3270 3292 3392 3348; x_wconf 88' lang='lat' dir='ltr'><strong>per-</strong></span> 
     </span>
    </p>
   </div>
   <div class='ocr_carea' id='block_1_76' title="bbox 1810 3338 3391 3425">
    <p class='ocr_par' dir='ltr' id='par_1_76' title="bbox 1810 3338 3391 3425">
     <span class='ocr_line' id='line_1_77' title="bbox 1810 3338 3391 3425; baseline 0.022 -34"><span class='ocrx_word' id='word_1_570' title='bbox 1810 3338 2028 3407; x_wconf 88' lang='lat' dir='ltr'><strong>sistant,</strong></span> <span class='ocrx_word' id='word_1_571' title='bbox 2059 3345 2432 3418; x_wconf 85' lang='lat' dir='ltr'><strong>unusquisque</strong></span> <span class='ocrx_word' id='word_1_572' title='bbox 2456 3357 2637 3408; x_wconf 89' lang='lat' dir='ltr'><strong>tamen</strong></span> <span class='ocrx_word' id='word_1_573' title='bbox 2685 3355 2738 3410; x_wconf 94' lang='lat' dir='ltr'><strong>in</strong></span> <span class='ocrx_word' id='word_1_574' title='bbox 2780 3373 2878 3414; x_wconf 87' lang='lat' dir='ltr'><strong>suo</strong></span> <span class='ocrx_word' id='word_1_575' title='bbox 2922 3361 3135 3420; x_wconf 90' lang='lat' dir='ltr'><strong>ordine.</strong></span> <span class='ocrx_word' id='word_1_576' title='bbox 3176 3363 3235 3420; x_wconf 90' lang='lat' dir='ltr'><strong>Si</strong></span> <span class='ocrx_word' id='word_1_577' title='bbox 3262 3338 3391 3425; x_wconf 66' lang='lat' dir='ltr'><strong>vero</strong></span> 
     </span>
    </p>
   </div>
   <div class='ocr_carea' id='block_1_77' title="bbox 1811 3429 3396 3517">
    <p class='ocr_par' dir='ltr' id='par_1_77' title="bbox 1811 3429 3396 3517">
     <span class='ocr_line' id='line_1_78' title="bbox 1811 3429 3396 3517; baseline 0.022 -35"><span class='ocrx_word' id='word_1_578' title='bbox 1811 3429 2096 3501; x_wconf 91' lang='lat' dir='ltr'><strong>episcopus</strong></span> <span class='ocrx_word' id='word_1_579' title='bbox 2121 3434 2204 3489; x_wconf 91' lang='lat' dir='ltr'><strong>vel</strong></span> <span class='ocrx_word' id='word_1_580' title='bbox 2230 3440 2513 3510; x_wconf 85' lang='lat' dir='ltr'><strong>presbyter</strong></span> <span class='ocrx_word' id='word_1_581' title='bbox 2544 3444 2826 3505; x_wconf 71' lang='lat' dir='ltr'><strong>catholica:</strong></span> <span class='ocrx_word' id='word_1_582' title='bbox 2849 3450 3110 3512; x_wconf 85' lang='lat' dir='ltr'><strong>Ecclesiae</strong></span> <span class='ocrx_word' id='word_1_583' title='bbox 3134 3454 3299 3515; x_wconf 89' lang='lat' dir='ltr'><strong>fuerit</strong></span> <span class='ocrx_word' id='word_1_584' title='bbox 3323 3463 3396 3517; x_wconf 83' lang='lat' dir='ltr'><strong>ad</strong></span> 
     </span>
    </p>
   </div>
   <div class='ocr_carea' id='block_1_78' title="bbox 1811 3519 3372 3620">
    <p class='ocr_par' dir='ltr' id='par_1_78' title="bbox 1811 3519 3372 3620">
     <span class='ocr_line' id='line_1_79' title="bbox 1811 3519 3372 3620; baseline 0.024 -51"><span class='ocrx_word' id='word_1_585' title='bbox 1811 3530 1973 3587; x_wconf 86' lang='lat' dir='ltr'><strong>quem</strong></span> <span class='ocrx_word' id='word_1_586' title='bbox 1999 3519 2163 3592; x_wconf 91' lang='lat' dir='ltr'><strong>aliqui</strong></span> <span class='ocrx_word' id='word_1_587' title='bbox 2190 3538 2257 3579; x_wconf 82' lang='lat' dir='ltr'><strong>ex</strong></span> <span class='ocrx_word' id='word_1_588' title='bbox 2287 3526 2372 3583; x_wconf 90' lang='lat' dir='ltr'><strong>his</strong></span> <span class='ocrx_word' id='word_1_589' title='bbox 2405 3531 2694 3602; x_wconf 88' lang='lat' dir='ltr'><strong>accedunt,</strong></span> <span class='ocrx_word' id='word_1_590' title='bbox 2725 3547 2937 3594; x_wconf 90' lang='lat' dir='ltr'><strong>certum</strong></span> <span class='ocrx_word' id='word_1_591' title='bbox 2975 3551 3060 3599; x_wconf 80' lang='lat' dir='ltr'><strong>est</strong></span> <span class='ocrx_word' id='word_1_592' title='bbox 3090 3547 3234 3615; x_wconf 88' lang='lat' dir='ltr'><strong>quod</strong></span> <span class='ocrx_word' id='word_1_593' title='bbox 3280 3551 3372 3620; x_wconf 83' lang='lat' dir='ltr'><strong>cpi</strong></span> 
     </span>
    </p>
   </div>
   <div class='ocr_carea' id='block_1_79' title="bbox 1813 3614 3390 3708">
    <p class='ocr_par' dir='ltr' id='par_1_79' title="bbox 1813 3614 3390 3708">
     <span class='ocr_line' id='line_1_80' title="bbox 1813 3614 3390 3708; baseline 0.022 -45"><span class='ocrx_word' id='word_1_594' title='bbox 1813 3623 2008 3681; x_wconf 81' lang='lat' dir='ltr'><strong>scapus</strong></span> <span class='ocrx_word' id='word_1_595' title='bbox 2037 3614 2253 3683; x_wconf 91' lang='lat' dir='ltr'><strong>quidem</strong></span> <span class='ocrx_word' id='word_1_596' title='bbox 2285 3621 2581 3679; x_wconf 89' lang='lat' dir='ltr'><strong>catholicus</strong></span> <span class='ocrx_word' id='word_1_597' title='bbox 2611 3640 2763 3682; x_wconf 88' lang='lat' dir='ltr'><strong>suam</strong></span> <span class='ocrx_word' id='word_1_598' title='bbox 2808 3630 3004 3690; x_wconf 89' lang='lat' dir='ltr'><strong>habeat</strong></span> <span class='ocrx_word' id='word_1_599' title='bbox 3046 3614 3390 3708; x_wconf 48' lang='lat' dir='ltr'><strong>dignitatem.</strong></span> 
     </span>
    </p>
   </div>
   <div class='ocr_carea' id='block_1_80' title="bbox 1815 3706 3395 3795">
    <p class='ocr_par' dir='ltr' id='par_1_80' title="bbox 1815 3706 3395 3795">
     <span class='ocr_line' id='line_1_81' title="bbox 1815 3706 3395 3795; baseline 0.021 -33"><span class='ocrx_word' id='word_1_600' title='bbox 1815 3706 2079 3767; x_wconf 87' lang='lat' dir='ltr'><strong>Similiter</strong></span> <span class='ocrx_word' id='word_1_601' title='bbox 2120 3722 2301 3771; x_wconf 89' lang='lat' dir='ltr'><strong>autem</strong></span> <span class='ocrx_word' id='word_1_602' title='bbox 2350 3722 2648 3793; x_wconf 85' lang='lat' dir='ltr'><strong>presbyteri</strong></span> <span class='ocrx_word' id='word_1_603' title='bbox 2684 3731 2744 3780; x_wconf 84' lang='lat' dir='ltr'><strong>et</strong></span> <span class='ocrx_word' id='word_1_604' title='bbox 2782 3726 2993 3787; x_wconf 84' lang='lat' dir='ltr'><strong>diaconi</strong></span> <span class='ocrx_word' id='word_1_605' title='bbox 3045 3706 3297 3791; x_wconf 83' lang='lat' dir='ltr'><strong>habeant.</strong></span> <span class='ocrx_word' id='word_1_606' title='bbox 3326 3739 3395 3795; x_wconf 82' lang='lat' dir='ltr'><strong>lli</strong></span> 
     </span>
    </p>
   </div>
   <div class='ocr_carea' id='block_1_81' title="bbox 1813 3805 3395 3897">
    <p class='ocr_par' dir='ltr' id='par_1_81' title="bbox 1813 3805 3395 3897">
     <span class='ocr_line' id='line_1_82' title="bbox 1813 3805 3395 3897; baseline 0.019 -41"><span class='ocrx_word' id='word_1_607' title='bbox 1813 3817 1945 3860; x_wconf 89' lang='lat' dir='ltr'><strong>vero</strong></span> <span class='ocrx_word' id='word_1_608' title='bbox 1970 3806 2062 3877; x_wconf 90' lang='lat' dir='ltr'><strong>qui</strong></span> <span class='ocrx_word' id='word_1_609' title='bbox 2098 3805 2166 3862; x_wconf 90' lang='lat' dir='ltr'><strong>ab</strong></span> <span class='ocrx_word' id='word_1_610' title='bbox 2195 3807 2316 3865; x_wconf 89' lang='lat' dir='ltr'><strong>istis</strong></span> <span class='ocrx_word' id='word_1_611' title='bbox 2346 3811 2591 3879; x_wconf 88' lang='lat' dir='ltr'><strong>veniunt,</strong></span> <span class='ocrx_word' id='word_1_612' title='bbox 2634 3815 2680 3871; x_wconf 90' lang='lat' dir='ltr'><strong>si</strong></span> <span class='ocrx_word' id='word_1_613' title='bbox 2709 3815 2850 3873; x_wconf 87' lang='lat' dir='ltr'><strong>forte</strong></span> <span class='ocrx_word' id='word_1_614' title='bbox 2891 3820 3180 3892; x_wconf 85' lang='lat' dir='ltr'><strong>episc0pus</strong></span> <span class='ocrx_word' id='word_1_615' title='bbox 3209 3825 3395 3897; x_wconf 83' lang='lat' dir='ltr'><strong>fuerit,</strong></span> 
     </span>
    </p>
   </div>
   <div class='ocr_carea' id='block_1_82' title="bbox 1814 3893 3395 3994">
    <p class='ocr_par' dir='ltr' id='par_1_82' title="bbox 1814 3893 3395 3994">
     <span class='ocr_line' id='line_1_83' title="bbox 1814 3893 3395 3994; baseline 0.022 -46"><span class='ocrx_word' id='word_1_616' title='bbox 1814 3893 2016 3951; x_wconf 88' lang='lat' dir='ltr'><strong>habeat</strong></span> <span class='ocrx_word' id='word_1_617' title='bbox 2040 3900 2332 3956; x_wconf 88' lang='lat' dir='ltr'><strong>sacerdotii</strong></span> <span class='ocrx_word' id='word_1_618' title='bbox 2379 3903 2716 3975; x_wconf 73' lang='lat' dir='ltr'><strong>dignitatem,</strong></span> <span class='ocrx_word' id='word_1_619' title='bbox 2748 3910 2852 3965; x_wconf 90' lang='lat' dir='ltr'><strong>nisi</strong></span> <span class='ocrx_word' id='word_1_620' title='bbox 2878 3910 3021 3969; x_wconf 87' lang='lat' dir='ltr'><strong>forte</strong></span> <span class='ocrx_word' id='word_1_621' title='bbox 3046 3915 3260 3988; x_wconf 84' lang='lat' dir='ltr'><strong>placeat</strong></span> <span class='ocrx_word' id='word_1_622' title='bbox 3280 3893 3395 3994; x_wconf 52' lang='lat' dir='ltr'><strong>cpi;</strong></span> 
     </span>
    </p>
   </div>
   <div class='ocr_carea' id='block_1_83' title="bbox 1815 3989 3489 4084">
    <p class='ocr_par' dir='ltr' id='par_1_83' title="bbox 1815 3989 3489 4084">
     <span class='ocr_line' id='line_1_84' title="bbox 1815 3989 3489 4084; baseline 0.02 -41"><span class='ocrx_word' id='word_1_623' title='bbox 1815 4001 1977 4058; x_wconf 89' lang='lat' dir='ltr'><strong>scopo</strong></span> <span class='ocrx_word' id='word_1_624' title='bbox 2003 3989 2270 4048; x_wconf 84' lang='lat' dir='ltr'><strong>catholico</strong></span> <span class='ocrx_word' id='word_1_625' title='bbox 2304 3997 2601 4054; x_wconf 87' lang='lat' dir='ltr'><strong>concedere</strong></span> <span class='ocrx_word' id='word_1_626' title='bbox 2648 4016 2698 4056; x_wconf 89' lang='lat' dir='ltr'><strong>et</strong></span> <span class='ocrx_word' id='word_1_627' title='bbox 2738 4003 2902 4058; x_wconf 91' lang='lat' dir='ltr'><strong>etiam</strong></span> <span class='ocrx_word' id='word_1_628' title='bbox 2938 4012 3259 4084; x_wconf 80' lang='lat' dir='ltr'><strong>episcopalis</strong></span> <span class='ocrx_word' id='word_1_629' title='bbox 3297 3989 3395 4074; x_wconf 78' lang='lat' dir='ltr'><strong>no-</strong></span> <span class='ocrx_word' id='word_1_630' title='bbox 3484 4036 3489 4039; x_wconf 52' lang='grc' dir='ltr'><strong>λ</strong></span> 
     </span>
    </p>
   </div>
   <div class='ocr_carea' id='block_1_84' title="bbox 1814 4078 3397 4178">
    <p class='ocr_par' dir='ltr' id='par_1_84' title="bbox 1814 4078 3397 4178">
     <span class='ocr_line' id='line_1_85' title="bbox 1814 4078 3397 4178; baseline 0.018 -42"><span class='ocrx_word' id='word_1_631' title='bbox 1814 4078 1977 4139; x_wconf 85' lang='lat' dir='ltr'><strong>minis</strong></span> <span class='ocrx_word' id='word_1_632' title='bbox 2009 4081 2289 4151; x_wconf 75' lang='lat' dir='ltr'><strong>honorem.</strong></span> <span class='ocrx_word' id='word_1_633' title='bbox 2342 4084 2397 4145; x_wconf 90' lang='lat' dir='ltr'><strong>Si</strong></span> <span class='ocrx_word' id='word_1_634' title='bbox 2445 4104 2574 4149; x_wconf 86' lang='lat' dir='ltr'><strong>vero</strong></span> <span class='ocrx_word' id='word_1_635' title='bbox 2612 4107 2720 4151; x_wconf 91' lang='lat' dir='ltr'><strong>non</strong></span> <span class='ocrx_word' id='word_1_636' title='bbox 2770 4078 3035 4178; x_wconf 72' lang='lat' dir='ltr'><strong>placuerit</strong></span> <span class='ocrx_word' id='word_1_637' title='bbox 3076 4078 3318 4164; x_wconf 68' lang='lat' dir='ltr'><strong>inveniat</strong></span> <span class='ocrx_word' id='word_1_638' title='bbox 3344 4110 3397 4165; x_wconf 90' lang='lat' dir='ltr'><strong>ei</strong></span> 
     </span>
    </p>
   </div>
   <div class='ocr_carea' id='block_1_85' title="bbox 1815 4173 3397 4262">
    <p class='ocr_par' dir='ltr' id='par_1_85' title="bbox 1815 4173 3397 4262">
     <span class='ocr_line' id='line_1_86' title="bbox 1815 4173 3397 4262; baseline 0.019 -35"><span class='ocrx_word' id='word_1_639' title='bbox 1815 4173 2012 4241; x_wconf 88' lang='lat' dir='ltr'><strong>locum,</strong></span> <span class='ocrx_word' id='word_1_640' title='bbox 2039 4184 2099 4231; x_wconf 91' lang='lat' dir='ltr'><strong>ut</strong></span> <span class='ocrx_word' id='word_1_641' title='bbox 2147 4178 2216 4234; x_wconf 88' lang='lat' dir='ltr'><strong>sit</strong></span> <span class='ocrx_word' id='word_1_642' title='bbox 2254 4180 2310 4234; x_wconf 90' lang='lat' dir='ltr'><strong>in</strong></span> <span class='ocrx_word' id='word_1_643' title='bbox 2352 4184 2612 4250; x_wconf 89' lang='lat' dir='ltr'><strong>parocbia</strong></span> <span class='ocrx_word' id='word_1_644' title='bbox 2634 4174 3015 4262; x_wconf 80' lang='lat' dir='ltr'><strong>coepiscOpus,</strong></span> <span class='ocrx_word' id='word_1_645' title='bbox 3054 4205 3148 4251; x_wconf 89' lang='lat' dir='ltr'><strong>aut</strong></span> <span class='ocrx_word' id='word_1_646' title='bbox 3173 4198 3229 4253; x_wconf 91' lang='lat' dir='ltr'><strong>in</strong></span> <span class='ocrx_word' id='word_1_647' title='bbox 3252 4198 3397 4256; x_wconf 85' lang='lat' dir='ltr'><strong>clero</strong></span> 
     </span>
    </p>
   </div>
   <div class='ocr_carea' id='block_1_86' title="bbox 1814 4266 3398 4350">
    <p class='ocr_par' dir='ltr' id='par_1_86' title="bbox 1814 4266 3398 4350">
     <span class='ocr_line' id='line_1_87' title="bbox 1814 4266 3398 4350; baseline 0.019 -31"><span class='ocrx_word' id='word_1_648' title='bbox 1814 4266 2136 4338; x_wconf 86' lang='lat' dir='ltr'><strong>presbyter,</strong></span> <span class='ocrx_word' id='word_1_649' title='bbox 2190 4278 2247 4326; x_wconf 86' lang='lat' dir='ltr'><strong>et</strong></span> <span class='ocrx_word' id='word_1_650' title='bbox 2295 4272 2349 4325; x_wconf 90' lang='lat' dir='ltr'><strong>in</strong></span> <span class='ocrx_word' id='word_1_651' title='bbox 2394 4273 2615 4331; x_wconf 88' lang='lat' dir='ltr'><strong>civitate</strong></span> <span class='ocrx_word' id='word_1_652' title='bbox 2653 4294 2760 4334; x_wconf 90' lang='lat' dir='ltr'><strong>una</strong></span> <span class='ocrx_word' id='word_1_653' title='bbox 2811 4297 2919 4337; x_wconf 92' lang='lat' dir='ltr'><strong>non</strong></span> <span class='ocrx_word' id='word_1_654' title='bbox 2968 4287 3254 4345; x_wconf 89' lang='lat' dir='ltr'><strong>videantur</strong></span> <span class='ocrx_word' id='word_1_655' title='bbox 3292 4292 3398 4350; x_wconf 83' lang='lat' dir='ltr'><strong>duo</strong></span> 
     </span>
    </p>
   </div>
   <div class='ocr_carea' id='block_1_87' title="bbox 1817 4360 3398 4452">
    <p class='ocr_par' dir='ltr' id='par_1_87' title="bbox 1817 4360 3398 4452">
     <span class='ocr_line' id='line_1_88' title="bbox 1817 4360 3398 4452; baseline 0.018 -37"><span class='ocrx_word' id='word_1_656' title='bbox 1817 4360 2055 4431; x_wconf 90' lang='lat' dir='ltr'><strong>episcopi</strong></span> <span class='ocrx_word' id='word_1_657' title='bbox 2088 4377 2229 4430; x_wconf 82' lang='lat' dir='ltr'><strong>esse,</strong></span> <span class='ocrx_word' id='word_1_658' title='bbox 2279 4372 2334 4420; x_wconf 89' lang='lat' dir='ltr'><strong>et</strong></span> <span class='ocrx_word' id='word_1_659' title='bbox 2362 4362 2450 4421; x_wconf 88' lang='lat' dir='ltr'><strong>ille</strong></span> <span class='ocrx_word' id='word_1_660' title='bbox 2481 4370 2788 4428; x_wconf 76' lang='lat' dir='ltr'><strong>omnimodo</strong></span> <span class='ocrx_word' id='word_1_661' title='bbox 2814 4374 2870 4431; x_wconf 90' lang='lat' dir='ltr'><strong>in</strong></span> <span class='ocrx_word' id='word_1_662' title='bbox 2900 4377 3043 4434; x_wconf 89' lang='lat' dir='ltr'><strong>clero</strong></span> <span class='ocrx_word' id='word_1_663' title='bbox 3083 4395 3398 4452; x_wconf 85' lang='lat' dir='ltr'><strong>permanere</strong></span> 
     </span>
    </p>
   </div>
   <div class='ocr_carea' id='block_1_88' title="bbox 1819 4452 2081 4508">
    <p class='ocr_par' dir='ltr' id='par_1_88' title="bbox 1819 4452 2081 4508">
     <span class='ocr_line' id='line_1_89' title="bbox 1819 4452 2081 4508; baseline 0.011 -3"><span class='ocrx_word' id='word_1_664' title='bbox 1819 4452 2081 4508; x_wconf 88' lang='lat' dir='ltr'><strong>videatur.</strong></span> 
     </span>
    </p>
   </div>
   <div class='ocr_carea' id='block_1_89' title="bbox 168 4538 3396 4637">
    <p class='ocr_par' dir='ltr' id='par_1_89' title="bbox 168 4538 3396 4637">
     <span class='ocr_line' id='line_1_90' title="bbox 168 4538 3396 4637; baseline 0.013 -47"><span class='ocrx_word' id='word_1_665' title='bbox 168 4538 353 4601; x_wconf 82' lang='lat' dir='ltr'><strong>possint</strong></span> <span class='ocrx_word' id='word_1_666' title='bbox 381 4542 786 4597; x_wconf 80' lang='lat' dir='ltr'><strong>examinatione</strong></span> <span class='ocrx_word' id='word_1_667' title='bbox 816 4544 1059 4612; x_wconf 89' lang='lat' dir='ltr'><strong>pcrquiri</strong></span> <span class='ocrx_word' id='word_1_668' title='bbox 1094 4555 1241 4600; x_wconf 86' lang='lat' dir='ltr'><strong>recte</strong></span> <span class='ocrx_word' id='word_1_669' title='bbox 1271 4547 1444 4601; x_wconf 86' lang='lat' dir='ltr'><strong>visum</strong></span> <span class='ocrx_word' id='word_1_670' title='bbox 1478 4558 1595 4613; x_wconf 85' lang='lat' dir='ltr'><strong>est,</strong></span> <span class='ocrx_word' id='word_1_671' title='bbox 1624 4564 1719 4619; x_wconf 85' lang='lat' dir='ltr'><strong>per</strong></span> <span class='ocrx_word' id='word_1_672' title='bbox 1743 4560 1799 4623; x_wconf 79' lang='grc' dir='ltr'>ι)</span> <span class='ocrx_word' id='word_1_673' title='bbox 1892 4544 1985 4599; x_wconf 79' lang='lat' dir='ltr'><strong>IX.</strong></span> <span class='ocrx_word' id='word_1_674' title='bbox 2020 4545 2075 4601; x_wconf 87' lang='lat' dir='ltr'><strong>Si</strong></span> <span class='ocrx_word' id='word_1_675' title='bbox 2115 4548 2207 4618; x_wconf 88' lang='lat' dir='ltr'><strong>qni</strong></span> <span class='ocrx_word' id='word_1_676' title='bbox 2256 4551 2374 4606; x_wconf 86' lang='lat' dir='ltr'><strong>sine</strong></span> <span class='ocrx_word' id='word_1_677' title='bbox 2395 4554 2796 4613; x_wconf 74' lang='lat' dir='ltr'><strong>examinatione</strong></span> <span class='ocrx_word' id='word_1_678' title='bbox 2836 4563 3068 4630; x_wconf 74' lang='lat' dir='ltr'><strong>promoti</strong></span> <span class='ocrx_word' id='word_1_679' title='bbox 3094 4568 3396 4637; x_wconf 76' lang='lat' dir='ltr'><strong>presbyteri</strong></span> 
     </span>
    </p>
   </div>
   <div class='ocr_carea' id='block_1_90' title="bbox 178 4629 1721 4711">
    <p class='ocr_par' dir='ltr' id='par_1_90' title="bbox 178 4629 1721 4711">
     <span class='ocr_line' id='line_1_91' title="bbox 178 4629 1721 4711; baseline 0.012 -29"><span class='ocrx_word' id='word_1_680' title='bbox 178 4629 383 4701; x_wconf 79' lang='lat' dir='ltr'><strong>singulos</strong></span> <span class='ocrx_word' id='word_1_681' title='bbox 412 4652 616 4705; x_wconf 89' lang='lat' dir='ltr'><strong>annos,</strong></span> <span class='ocrx_word' id='word_1_682' title='bbox 665 4639 720 4692; x_wconf 91' lang='lat' dir='ltr'><strong>in</strong></span> <span class='ocrx_word' id='word_1_683' title='bbox 765 4638 991 4710; x_wconf 83' lang='lat' dir='ltr'><strong>singulis</strong></span> <span class='ocrx_word' id='word_1_684' title='bbox 1034 4642 1328 4711; x_wconf 90' lang='lat' dir='ltr'><strong>provinciis</strong></span> <span class='ocrx_word' id='word_1_685' title='bbox 1365 4641 1449 4699; x_wconf 90' lang='lat' dir='ltr'><strong>bis</strong></span> <span class='ocrx_word' id='word_1_686' title='bbox 1480 4644 1533 4698; x_wconf 92' lang='lat' dir='ltr'><strong>in</strong></span> <span class='ocrx_word' id='word_1_687' title='bbox 1582 4661 1721 4701; x_wconf 89' lang='lat' dir='ltr'><strong>anno</strong></span> 
     </span>
    </p>
   </div>
   <div class='ocr_carea' id='block_1_91' title="bbox 179 4724 1723 4798">
    <p class='ocr_par' dir='ltr' id='par_1_91' title="bbox 179 4724 1723 4798">
     <span class='ocr_line' id='line_1_92' title="bbox 179 4724 1723 4798; baseline 0.011 -22"><span class='ocrx_word' id='word_1_688' title='bbox 179 4724 521 4798; x_wconf 81' lang='lat' dir='ltr'><strong>episcoporum</strong></span> <span class='ocrx_word' id='word_1_689' title='bbox 551 4731 840 4786; x_wconf 91' lang='lat' dir='ltr'><strong>concilium</strong></span> <span class='ocrx_word' id='word_1_690' title='bbox 867 4732 984 4786; x_wconf 88' lang='lat' dir='ltr'><strong>ﬁeri</strong></span> <span class='ocrx_word' id='word_1_691' title='bbox 1006 4772 1022 4798; x_wconf 94' lang='lat'><strong>,</strong></span> <span class='ocrx_word' id='word_1_692' title='bbox 1051 4740 1109 4787; x_wconf 93' lang='lat' dir='ltr'><strong>ut</strong></span> <span class='ocrx_word' id='word_1_693' title='bbox 1136 4733 1295 4789; x_wconf 89' lang='lat' dir='ltr'><strong>simul</strong></span> <span class='ocrx_word' id='word_1_694' title='bbox 1321 4733 1376 4789; x_wconf 91' lang='lat' dir='ltr'><strong>in</strong></span> <span class='ocrx_word' id='word_1_695' title='bbox 1404 4752 1567 4797; x_wconf 85' lang='lat' dir='ltr'><strong>unum</strong></span> <span class='ocrx_word' id='word_1_696' title='bbox 1596 4753 1723 4793; x_wconf 90' lang='lat' dir='ltr'><strong>con-</strong></span> 
     </span>
    </p>
   </div>
   <div class='ocr_carea' id='block_1_92' title="bbox 181 4817 1721 4893">
    <p class='ocr_par' dir='ltr' id='par_1_92' title="bbox 181 4817 1721 4893">
     <span class='ocr_line' id='line_1_93' title="bbox 181 4817 1721 4893; baseline 0.01 -24"><span class='ocrx_word' id='word_1_697' title='bbox 181 4817 427 4877; x_wconf 71' lang='lat' dir='ltr'><strong>venientes</strong></span> <span class='ocrx_word' id='word_1_698' title='bbox 452 4838 519 4878; x_wconf 77' lang='lat' dir='ltr'><strong>ex</strong></span> <span class='ocrx_word' id='word_1_699' title='bbox 559 4823 830 4878; x_wconf 89' lang='lat' dir='ltr'><strong>communi</strong></span> <span class='ocrx_word' id='word_1_700' title='bbox 856 4824 1136 4893; x_wconf 87' lang='lat' dir='ltr'><strong>provincia</strong></span> <span class='ocrx_word' id='word_1_701' title='bbox 1182 4825 1487 4893; x_wconf 74' lang='lat' dir='ltr'><strong>huiusmodi</strong></span> <span class='ocrx_word' id='word_1_702' title='bbox 1517 4829 1721 4884; x_wconf 80' lang='lat' dir='ltr'><strong>exami-</strong></span> 
     </span>
    </p>
   </div>
   <div class='ocr_carea' id='block_1_93' title="bbox 181 4912 1723 4988">
    <p class='ocr_par' dir='ltr' id='par_1_93' title="bbox 181 4912 1723 4988">
     <span class='ocr_line' id='line_1_94' title="bbox 181 4912 1723 4988; baseline 0.012 -31"><span class='ocrx_word' id='word_1_703' title='bbox 181 4915 288 4960; x_wconf 85' lang='lat' dir='ltr'><strong>nent</strong></span> <span class='ocrx_word' id='word_1_704' title='bbox 319 4913 671 4979; x_wconf 68' lang='lat' dir='ltr'><strong>qumstiones,</strong></span> <span class='ocrx_word' id='word_1_705' title='bbox 703 4920 763 4967; x_wconf 91' lang='lat' dir='ltr'><strong>ut</strong></span> <span class='ocrx_word' id='word_1_706' title='bbox 805 4912 879 4968; x_wconf 88' lang='lat' dir='ltr'><strong>ita</strong></span> <span class='ocrx_word' id='word_1_707' title='bbox 927 4914 1141 4969; x_wconf 85' lang='lat' dir='ltr'><strong>demum</strong></span> <span class='ocrx_word' id='word_1_708' title='bbox 1185 4915 1242 4970; x_wconf 91' lang='lat' dir='ltr'><strong>hi</strong></span> <span class='ocrx_word' id='word_1_709' title='bbox 1286 4916 1375 4986; x_wconf 90' lang='lat' dir='ltr'><strong>qui</strong></span> <span class='ocrx_word' id='word_1_710' title='bbox 1424 4918 1494 4973; x_wconf 94' lang='lat' dir='ltr'><strong>ob</strong></span> <span class='ocrx_word' id='word_1_711' title='bbox 1537 4917 1723 4988; x_wconf 88' lang='lat' dir='ltr'><strong>culpas</strong></span> 
     </span>
    </p>
   </div>
   <div class='ocr_carea' id='block_1_94' title="bbox 183 5005 1725 5077">
    <p class='ocr_par' dir='ltr' id='par_1_94' title="bbox 183 5005 1725 5077">
     <span class='ocr_line' id='line_1_95' title="bbox 183 5005 1725 5077; baseline 0.01 -27"><span class='ocrx_word' id='word_1_712' title='bbox 183 5010 287 5055; x_wconf 85' lang='lat' dir='ltr'><strong>suas</strong></span> <span class='ocrx_word' id='word_1_713' title='bbox 312 5005 676 5077; x_wconf 87' lang='lat' dir='ltr'><strong>episcoporum</strong></span> <span class='ocrx_word' id='word_1_714' title='bbox 707 5021 927 5062; x_wconf 86' lang='lat' dir='ltr'><strong>suorum</strong></span> <span class='ocrx_word' id='word_1_715' title='bbox 953 5005 1185 5063; x_wconf 69' lang='lat' dir='ltr'><strong>oli‘ensas</strong></span> <span class='ocrx_word' id='word_1_716' title='bbox 1218 5011 1412 5065; x_wconf 88' lang='lat' dir='ltr'><strong>merito</strong></span> <span class='ocrx_word' id='word_1_717' title='bbox 1439 5019 1725 5066; x_wconf 77' lang='lat' dir='ltr'><strong>contraxe-</strong></span> 
     </span>
    </p>
   </div>
   <div class='ocr_carea' id='block_1_95' title="bbox 183 5096 1725 5167">
    <p class='ocr_par' dir='ltr' id='par_1_95' title="bbox 183 5096 1725 5167">
     <span class='ocr_line' id='line_1_96' title="bbox 183 5096 1725 5167; baseline 0.01 -26"><span class='ocrx_word' id='word_1_718' title='bbox 183 5100 288 5147; x_wconf 87' lang='lat' dir='ltr'><strong>runt</strong></span> <span class='ocrx_word' id='word_1_719' title='bbox 308 5096 457 5167; x_wconf 79' lang='lat' dir='ltr'><strong>digne</strong></span> <span class='ocrx_word' id='word_1_720' title='bbox 479 5098 641 5153; x_wconf 86' lang='lat' dir='ltr'><strong>etiam</strong></span> <span class='ocrx_word' id='word_1_721' title='bbox 669 5114 701 5153; x_wconf 95' lang='lat' dir='ltr'><strong>a</strong></span> <span class='ocrx_word' id='word_1_722' title='bbox 727 5100 939 5156; x_wconf 60' lang='lat' dir='ltr'><strong>caeteris</strong></span> <span class='ocrx_word' id='word_1_723' title='bbox 977 5102 1431 5157; x_wconf 80' lang='lat' dir='ltr'><strong>excommunicati</strong></span> <span class='ocrx_word' id='word_1_724' title='bbox 1473 5103 1725 5159; x_wconf 87' lang='lat' dir='ltr'><strong>similiter</strong></span> 
     </span>
    </p>
   </div>
   <div class='ocr_carea' id='block_1_96' title="bbox 185 5176 1724 5264">
    <p class='ocr_par' dir='ltr' id='par_1_96' title="bbox 185 5176 1724 5264">
     <span class='ocr_line' id='line_1_97' title="bbox 185 5176 1724 5264; baseline 0.011 -31"><span class='ocrx_word' id='word_1_725' title='bbox 185 5176 475 5253; x_wconf 87' lang='lat' dir='ltr'><strong>habeantur,</strong></span> <span class='ocrx_word' id='word_1_726' title='bbox 499 5203 781 5258; x_wconf 91' lang='lat' dir='ltr'><strong>quousque</strong></span> <span class='ocrx_word' id='word_1_727' title='bbox 809 5189 863 5244; x_wconf 88' lang='lat' dir='ltr'><strong>in</strong></span> <span class='ocrx_word' id='word_1_728' title='bbox 908 5191 1179 5245; x_wconf 90' lang='lat' dir='ltr'><strong>communi</strong></span> <span class='ocrx_word' id='word_1_729' title='bbox 1208 5191 1294 5247; x_wconf 90' lang='lat' dir='ltr'><strong>vel</strong></span> <span class='ocrx_word' id='word_1_730' title='bbox 1326 5193 1426 5262; x_wconf 92' lang='lat' dir='ltr'><strong>ipsi</strong></span> <span class='ocrx_word' id='word_1_731' title='bbox 1469 5194 1724 5264; x_wconf 90' lang='lat' dir='ltr'><strong>episcopo</strong></span> 
     </span>
    </p>
   </div>
   <div class='ocr_carea' id='block_1_97' title="bbox 186 5274 1724 5340">
    <p class='ocr_par' dir='ltr' id='par_1_97' title="bbox 186 5274 1724 5340">
     <span class='ocr_line' id='line_1_98' title="bbox 186 5274 1724 5340; baseline 0.011 -17"><span class='ocrx_word' id='word_1_732' title='bbox 186 5283 267 5326; x_wconf 83' lang='lat' dir='ltr'><strong>suo</strong></span> <span class='ocrx_word' id='word_1_733' title='bbox 284 5274 444 5332; x_wconf 89' lang='lat' dir='ltr'><strong>visum</strong></span> <span class='ocrx_word' id='word_1_734' title='bbox 470 5278 632 5335; x_wconf 88' lang='lat' dir='ltr'><strong>fuerit</strong></span> <span class='ocrx_word' id='word_1_735' title='bbox 652 5280 1030 5335; x_wconf 89' lang='lat' dir='ltr'><strong>humaniorem</strong></span> <span class='ocrx_word' id='word_1_736' title='bbox 1053 5282 1199 5337; x_wconf 89' lang='lat' dir='ltr'><strong>circa</strong></span> <span class='ocrx_word' id='word_1_737' title='bbox 1222 5298 1317 5339; x_wconf 92' lang='lat' dir='ltr'><strong>eos</strong></span> <span class='ocrx_word' id='word_1_738' title='bbox 1339 5282 1485 5340; x_wconf 90' lang='lat' dir='ltr'><strong>ferre</strong></span> <span class='ocrx_word' id='word_1_739' title='bbox 1505 5294 1724 5340; x_wconf 85' lang='lat' dir='ltr'><strong>senten-</strong></span> 
     </span>
    </p>
   </div>
   <div class='ocr_carea' id='block_1_98' title="bbox 188 5357 1725 5431">
    <p class='ocr_par' dir='ltr' id='par_1_98' title="bbox 188 5357 1725 5431">
     <span class='ocr_line' id='line_1_99' title="bbox 188 5357 1725 5431; baseline 0.013 -20"><span class='ocrx_word' id='word_1_740' title='bbox 188 5357 316 5415; x_wconf 82' lang='lat' dir='ltr'><strong>tiam.</strong></span> <span class='ocrx_word' id='word_1_741' title='bbox 359 5364 623 5422; x_wconf 76' lang='lat' dir='ltr'><strong>Habentur</strong></span> <span class='ocrx_word' id='word_1_742' title='bbox 651 5358 844 5423; x_wconf 71' lang='lat' dir='ltr'><strong>autem</strong></span> <span class='ocrx_word' id='word_1_743' title='bbox 894 5369 1060 5425; x_wconf 87' lang='lat' dir='ltr'><strong>semel</strong></span> <span class='ocrx_word' id='word_1_744' title='bbox 1110 5373 1395 5427; x_wconf 89' lang='lat' dir='ltr'><strong>concilium</strong></span> <span class='ocrx_word' id='word_1_745' title='bbox 1438 5383 1565 5429; x_wconf 87' lang='lat' dir='ltr'><strong>ante</strong></span> <span class='ocrx_word' id='word_1_746' title='bbox 1608 5376 1725 5431; x_wconf 82' lang='lat' dir='ltr'><strong>dies</strong></span> 
     </span>
    </p>
   </div>
   <div class='ocr_carea' id='block_1_99' title="bbox 190 5443 1727 5530">
    <p class='ocr_par' dir='ltr' id='par_1_99' title="bbox 190 5443 1727 5530">
     <span class='ocr_line' id='line_1_100' title="bbox 190 5443 1727 5530; baseline 0.012 -29"><span class='ocrx_word' id='word_1_747' title='bbox 190 5443 622 5526; x_wconf 61' lang='lat' dir='ltr'><strong>Quadragesimaa,</strong></span> <span class='ocrx_word' id='word_1_748' title='bbox 655 5466 715 5512; x_wconf 88' lang='lat' dir='ltr'><strong>ut</strong></span> <span class='ocrx_word' id='word_1_749' title='bbox 738 5460 1017 5525; x_wconf 85' lang='lat' dir='ltr'><strong>omnibus,</strong></span> <span class='ocrx_word' id='word_1_750' title='bbox 1066 5461 1108 5516; x_wconf 90' lang='lat' dir='ltr'><strong>si</strong></span> <span class='ocrx_word' id='word_1_751' title='bbox 1141 5476 1262 5530; x_wconf 64' lang='lat' dir='ltr'><strong>qua:</strong></span> <span class='ocrx_word' id='word_1_752' title='bbox 1291 5472 1452 5529; x_wconf 88' lang='lat' dir='ltr'><strong>sunt,</strong></span> <span class='ocrx_word' id='word_1_753' title='bbox 1480 5464 1727 5520; x_wconf 90' lang='lat' dir='ltr'><strong>simulta-</strong></span> 
     </span>
    </p>
   </div>
   <div class='ocr_carea' id='block_1_100' title="bbox 194 5538 1728 5628">
    <p class='ocr_par' dir='ltr' id='par_1_100' title="bbox 194 5538 1728 5628">
     <span class='ocr_line' id='line_1_101' title="bbox 194 5538 1728 5628; baseline 0.016 -37"><span class='ocrx_word' id='word_1_754' title='bbox 194 5538 312 5597; x_wconf 88' lang='lat' dir='ltr'><strong>tibus</strong></span> <span class='ocrx_word' id='word_1_755' title='bbox 333 5551 630 5618; x_wconf 88' lang='lat' dir='ltr'><strong>amputatis,</strong></span> <span class='ocrx_word' id='word_1_756' title='bbox 659 5552 913 5607; x_wconf 86' lang='lat' dir='ltr'><strong>tuundutn</strong></span> <span class='ocrx_word' id='word_1_757' title='bbox 939 5553 1178 5609; x_wconf 89' lang='lat' dir='ltr'><strong>solemne</strong></span> <span class='ocrx_word' id='word_1_758' title='bbox 1204 5555 1313 5611; x_wconf 92' lang='lat' dir='ltr'><strong>Deo</strong></span> <span class='ocrx_word' id='word_1_759' title='bbox 1342 5572 1535 5612; x_wconf 90' lang='lat' dir='ltr'><strong>munus</strong></span> <span class='ocrx_word' id='word_1_760' title='bbox 1556 5561 1728 5628; x_wconf 87' lang='lat' dir='ltr'><strong>possit</strong></span> 
     </span>
    </p>
   </div>
   <div class='ocr_carea' id='block_1_101' title="bbox 193 5626 1726 5720">
    <p class='ocr_par' dir='ltr' id='par_1_101' title="bbox 193 5626 1726 5720">
     <span class='ocr_line' id='line_1_102' title="bbox 193 5626 1726 5720; baseline 0.018 -39"><span class='ocrx_word' id='word_1_761' title='bbox 193 5626 366 5690; x_wconf 69' lang='lat' dir='ltr'><strong>oderri.</strong></span> <span class='ocrx_word' id='word_1_762' title='bbox 412 5637 710 5698; x_wconf 86' lang='lat' dir='ltr'><strong>Secundum</strong></span> <span class='ocrx_word' id='word_1_763' title='bbox 758 5657 889 5697; x_wconf 90' lang='lat' dir='ltr'><strong>vero</strong></span> <span class='ocrx_word' id='word_1_764' title='bbox 933 5653 1124 5715; x_wconf 79' lang='lat' dir='ltr'><strong>agatur</strong></span> <span class='ocrx_word' id='word_1_765' title='bbox 1172 5645 1315 5701; x_wconf 84' lang='lat' dir='ltr'><strong>circa</strong></span> <span class='ocrx_word' id='word_1_766' title='bbox 1378 5655 1588 5720; x_wconf 89' lang='lat' dir='ltr'><strong>tempus</strong></span> <span class='ocrx_word' id='word_1_767' title='bbox 1630 5668 1726 5707; x_wconf 83' lang='lat' dir='ltr'><strong>au-</strong></span> 
     </span>
    </p>
   </div>
   <div class='ocr_carea' id='block_1_102' title="bbox 198 5728 1692 5822">
    <p class='ocr_par' dir='ltr' id='par_1_102' title="bbox 198 5728 1692 5822">
     <span class='ocr_line' id='line_1_103' title="bbox 198 5728 1692 5822; baseline 0.015 -49"><span class='ocrx_word' id='word_1_768' title='bbox 198 5728 361 5781; x_wconf 89' lang='lat' dir='ltr'><strong>tumni.</strong></span> <span class='ocrx_word' id='word_1_769' title='bbox 1683 5776 1692 5822; x_wconf 50' lang='grc' dir='ltr'>δ</span> 
     </span>
    </p>
   </div>
   <div class='ocr_carea' id='block_1_103' title="bbox 255 5815 1724 5907">
    <p class='ocr_par' dir='ltr' id='par_1_103' title="bbox 255 5815 1724 5907">
     <span class='ocr_line' id='line_1_104' title="bbox 255 5815 1724 5907; baseline 0.015 -38"><span class='ocrx_word' id='word_1_770' title='bbox 255 5815 328 5871; x_wconf 78' lang='lat' dir='ltr'><strong>\‘l.</strong></span> <span class='ocrx_word' id='word_1_771' title='bbox 367 5820 473 5877; x_wconf 75' lang='lat' dir='ltr'><strong>Mos</strong></span> <span class='ocrx_word' id='word_1_772' title='bbox 499 5827 751 5898; x_wconf 83' lang='lat' dir='ltr'><strong>antiquus</strong></span> <span class='ocrx_word' id='word_1_773' title='bbox 769 5826 1026 5898; x_wconf 87' lang='lat' dir='ltr'><strong>perduret</strong></span> <span class='ocrx_word' id='word_1_774' title='bbox 1049 5828 1102 5884; x_wconf 93' lang='lat' dir='ltr'><strong>in</strong></span> <span class='ocrx_word' id='word_1_775' title='bbox 1122 5827 1396 5903; x_wconf 62' lang='lat' dir='ltr'><strong>Egypto,</strong></span> <span class='ocrx_word' id='word_1_776' title='bbox 1425 5832 1506 5888; x_wconf 83' lang='lat' dir='ltr'><strong>vel</strong></span> <span class='ocrx_word' id='word_1_777' title='bbox 1530 5815 1724 5907; x_wconf 75' lang='lat' dir='ltr'><strong>Libya,</strong></span> 
     </span>
    </p>
   </div>
   <div class='ocr_carea' id='block_1_104' title="bbox 475 5916 1066 5983">
    <p class='ocr_par' dir='ltr' id='par_1_104' title="bbox 475 5916 1066 5983">
     <span class='ocr_line' id='line_1_105' title="bbox 475 5916 1066 5983; baseline 0.007 -5"><span class='ocrx_word' id='word_1_778' title='bbox 475 5916 745 5981; x_wconf 73' lang='grc' dir='ltr'><strong>Ρηιιοι..</strong></span> <span class='ocrx_word' id='word_1_779' title='bbox 809 5919 1066 5983; x_wconf 74' lang='lat' dir='ltr'><strong>CXXX.</strong></span> 
     </span>
    </p>
   </div>
   <div class='ocr_carea' id='block_1_105' title="bbox 1827 4644 3399 4725">
    <p class='ocr_par' dir='ltr' id='par_1_105' title="bbox 1827 4644 3399 4725">
     <span class='ocr_line' id='line_1_106' title="bbox 1827 4644 3399 4725; baseline 0.017 -37"><span class='ocrx_word' id='word_1_780' title='bbox 1827 4644 1971 4719; x_wconf 88' lang='lat' dir='ltr'><strong>sunt,</strong></span> <span class='ocrx_word' id='word_1_781' title='bbox 2016 4645 2071 4692; x_wconf 88' lang='lat' dir='ltr'><strong>et</strong></span> <span class='ocrx_word' id='word_1_782' title='bbox 2116 4648 2301 4709; x_wconf 89' lang='lat' dir='ltr'><strong>postea</strong></span> <span class='ocrx_word' id='word_1_783' title='bbox 2360 4645 2678 4712; x_wconf 80' lang='lat' dir='ltr'><strong>examinati,</strong></span> <span class='ocrx_word' id='word_1_784' title='bbox 2724 4650 2955 4707; x_wconf 87' lang='lat' dir='ltr'><strong>confessi</strong></span> <span class='ocrx_word' id='word_1_785' title='bbox 2994 4664 3126 4713; x_wconf 81' lang='lat' dir='ltr'><strong>sunt</strong></span> <span class='ocrx_word' id='word_1_786' title='bbox 3180 4668 3399 4725; x_wconf 85' lang='lat' dir='ltr'><strong>peccata</strong></span> 
     </span>
    </p>
   </div>
   <div class='ocr_carea' id='block_1_106' title="bbox 1820 4712 3397 4814">
    <p class='ocr_par' dir='ltr' id='par_1_106' title="bbox 1820 4712 3397 4814">
     <span class='ocr_line' id='line_1_107' title="bbox 1820 4712 3397 4814; baseline 0.015 -33"><span class='ocrx_word' id='word_1_787' title='bbox 1820 4712 1944 4791; x_wconf 74' lang='lat' dir='ltr'><strong>sua,</strong></span> <span class='ocrx_word' id='word_1_788' title='bbox 1985 4735 2193 4784; x_wconf 90' lang='lat' dir='ltr'><strong>etcum</strong></span> <span class='ocrx_word' id='word_1_789' title='bbox 2243 4730 2474 4789; x_wconf 89' lang='lat' dir='ltr'><strong>confessi</strong></span> <span class='ocrx_word' id='word_1_790' title='bbox 2524 4734 2769 4802; x_wconf 89' lang='lat' dir='ltr'><strong>fuissent,</strong></span> <span class='ocrx_word' id='word_1_791' title='bbox 2801 4751 2991 4797; x_wconf 88' lang='lat' dir='ltr'><strong>contra</strong></span> <span class='ocrx_word' id='word_1_792' title='bbox 3031 4745 3269 4814; x_wconf 84' lang='lat' dir='ltr'><strong>regulam</strong></span> <span class='ocrx_word' id='word_1_793' title='bbox 3310 4765 3397 4805; x_wconf 82' lang='lat' dir='ltr'><strong>ve-</strong></span> 
     </span>
    </p>
   </div>
   <div class='ocr_carea' id='block_1_107' title="bbox 1828 4818 3399 4905">
    <p class='ocr_par' dir='ltr' id='par_1_107' title="bbox 1828 4818 3399 4905">
     <span class='ocr_line' id='line_1_108' title="bbox 1828 4818 3399 4905; baseline 0.015 -35"><span class='ocrx_word' id='word_1_794' title='bbox 1828 4818 2037 4874; x_wconf 89' lang='lat' dir='ltr'><strong>nientes</strong></span> <span class='ocrx_word' id='word_1_795' title='bbox 2068 4820 2314 4878; x_wconf 88' lang='lat' dir='ltr'><strong>homines</strong></span> <span class='ocrx_word' id='word_1_796' title='bbox 2365 4840 2558 4880; x_wconf 89' lang='lat' dir='ltr'><strong>manus</strong></span> <span class='ocrx_word' id='word_1_797' title='bbox 2615 4828 2695 4883; x_wconf 93' lang='lat' dir='ltr'><strong>eis</strong></span> <span class='ocrx_word' id='word_1_798' title='bbox 2747 4837 2950 4885; x_wconf 88' lang='lat' dir='ltr'><strong>temere</strong></span> <span class='ocrx_word' id='word_1_799' title='bbox 3002 4832 3399 4905; x_wconf 81' lang='lat' dir='ltr'><strong>imposuerunt,</strong></span> 
     </span>
    </p>
   </div>
   <div class='ocr_carea' id='block_1_108' title="bbox 1830 4906 3405 4997">
    <p class='ocr_par' dir='ltr' id='par_1_108' title="bbox 1830 4906 3405 4997">
     <span class='ocr_line' id='line_1_109' title="bbox 1830 4906 3405 4997; baseline 0.015 -36"><span class='ocrx_word' id='word_1_800' title='bbox 1830 4906 1930 4961; x_wconf 83' lang='lat' dir='ltr'><strong>hos</strong></span> <span class='ocrx_word' id='word_1_801' title='bbox 1979 4910 2382 4969; x_wconf 79' lang='lat' dir='ltr'><strong>ecclesiaSticus</strong></span> <span class='ocrx_word' id='word_1_802' title='bbox 2423 4914 2556 4971; x_wconf 91' lang='lat' dir='ltr'><strong>ordo</strong></span> <span class='ocrx_word' id='word_1_803' title='bbox 2605 4933 2719 4995; x_wconf 25' lang='lat' dir='ltr'><strong>non.</strong></span> <span class='ocrx_word' id='word_1_804' title='bbox 2760 4919 2969 4997; x_wconf 82' lang='lat' dir='ltr'><strong>recipit.</strong></span> <span class='ocrx_word' id='word_1_805' title='bbox 3019 4922 3076 4976; x_wconf 88' lang='lat' dir='ltr'><strong>ln</strong></span> <span class='ocrx_word' id='word_1_806' title='bbox 3119 4927 3405 4992; x_wconf 61' lang='lat' dir='ltr'><strong>;omnibua</strong></span> 
     </span>
    </p>
   </div>
   <div class='ocr_carea' id='block_1_109' title="bbox 1831 4998 3401 5088">
    <p class='ocr_par' dir='ltr' id='par_1_109' title="bbox 1831 4998 3401 5088">
     <span class='ocr_line' id='line_1_110' title="bbox 1831 4998 3401 5088; baseline 0.013 -34"><span class='ocrx_word' id='word_1_807' title='bbox 1831 5000 1973 5054; x_wconf 90' lang='lat' dir='ltr'><strong>enim</strong></span> <span class='ocrx_word' id='word_1_808' title='bbox 2020 5004 2163 5070; x_wconf 86' lang='lat' dir='ltr'><strong>quod</strong></span> <span class='ocrx_word' id='word_1_809' title='bbox 2212 5003 2689 5075; x_wconf 86' lang='lat' dir='ltr'><strong>irreprehensibile</strong></span> <span class='ocrx_word' id='word_1_810' title='bbox 2734 4998 3093 5069; x_wconf 43' lang='lat' dir='ltr'><strong>est‘defendit</strong></span> <span class='ocrx_word' id='word_1_811' title='bbox 3137 5016 3401 5088; x_wconf 70' lang='lat' dir='ltr'><strong>Ecclesia,</strong></span> 
     </span>
    </p>
   </div>
   <div class='ocr_carea' id='block_1_110' title="bbox 1849 5090 3405 5178">
    <p class='ocr_par' dir='ltr' id='par_1_110' title="bbox 1849 5090 3405 5178">
     <span class='ocr_line' id='line_1_111' title="bbox 1849 5090 3405 5178; baseline 0.015 -33"><span class='ocrx_word' id='word_1_812' title='bbox 1849 5126 1852 5128; x_wconf 51' lang='grc' dir='ltr'><strong>ν</strong></span> <span class='ocrx_word' id='word_1_813' title='bbox 1901 5090 1970 5147; x_wconf 80' lang='lat' dir='ltr'><strong>X.</strong></span> <span class='ocrx_word' id='word_1_814' title='bbox 2010 5093 2328 5166; x_wconf 86' lang='lat' dir='ltr'><strong>Quicunque</strong></span> <span class='ocrx_word' id='word_1_815' title='bbox 2374 5112 2442 5154; x_wconf 80' lang='lat' dir='ltr'><strong>ex</strong></span> <span class='ocrx_word' id='word_1_816' title='bbox 2499 5100 2667 5171; x_wconf 85' lang='lat' dir='ltr'><strong>lapsis</strong></span> <span class='ocrx_word' id='word_1_817' title='bbox 2716 5117 2812 5172; x_wconf 90' lang='lat' dir='ltr'><strong>per</strong></span> <span class='ocrx_word' id='word_1_818' title='bbox 2859 5104 3220 5175; x_wconf 79' lang='lat' dir='ltr'><strong>ignorantiam</strong></span> <span class='ocrx_word' id='word_1_819' title='bbox 3279 5125 3405 5178; x_wconf 63' lang='lat' dir='ltr'><strong>sum</strong></span> 
     </span>
    </p>
   </div>
   <div class='ocr_carea' id='block_1_111' title="bbox 1808 5185 3401 5266">
    <p class='ocr_par' dir='ltr' id='par_1_111' title="bbox 1808 5185 3401 5266">
     <span class='ocr_line' id='line_1_112' title="bbox 1808 5185 3401 5266; baseline 0.014 -28"><span class='ocrx_word' id='word_1_820' title='bbox 1808 5185 2086 5259; x_wconf 74' lang='lat' dir='ltr'><strong>ordinati,</strong></span> <span class='ocrx_word' id='word_1_821' title='bbox 2112 5187 2199 5242; x_wconf 89' lang='lat' dir='ltr'><strong>vel</strong></span> <span class='ocrx_word' id='word_1_822' title='bbox 2243 5197 2607 5260; x_wconf 88' lang='lat' dir='ltr'><strong>contemptum</strong></span> <span class='ocrx_word' id='word_1_823' title='bbox 2646 5208 2832 5248; x_wconf 90' lang='lat' dir='ltr'><strong>eorum</strong></span> <span class='ocrx_word' id='word_1_824' title='bbox 2866 5196 2959 5266; x_wconf 91' lang='lat' dir='ltr'><strong>qui</strong></span> <span class='ocrx_word' id='word_1_825' title='bbox 2989 5213 3084 5254; x_wconf 91' lang='lat' dir='ltr'><strong>eos</strong></span> <span class='ocrx_word' id='word_1_826' title='bbox 3113 5203 3401 5261; x_wconf 61' lang='lat' dir='ltr'><strong>ordinavm</strong></span> 
     </span>
    </p>
   </div>
   <div class='ocr_carea' id='block_1_112' title="bbox 1806 5277 3402 5360">
    <p class='ocr_par' dir='ltr' id='par_1_112' title="bbox 1806 5277 3402 5360">
     <span class='ocr_line' id='line_1_113' title="bbox 1806 5277 3402 5360; baseline 0.011 -27"><span class='ocrx_word' id='word_1_827' title='bbox 1806 5284 1975 5355; x_wconf 24' lang='lat' dir='ltr'><strong>.‘rent,</strong></span> <span class='ocrx_word' id='word_1_828' title='bbox 2009 5277 2113 5359; x_wconf 67' lang='lat' dir='ltr'><strong>hoc</strong></span> <span class='ocrx_word' id='word_1_829' title='bbox 2141 5294 2246 5334; x_wconf 92' lang='lat' dir='ltr'><strong>non</strong></span> <span class='ocrx_word' id='word_1_830' title='bbox 2276 5279 2592 5349; x_wconf 77' lang='lat' dir='ltr'><strong>praeiudicat</strong></span> <span class='ocrx_word' id='word_1_831' title='bbox 2621 5284 2819 5360; x_wconf 74' lang='lat' dir='ltr'><strong>regulae</strong></span> <span class='ocrx_word' id='word_1_832' title='bbox 2841 5287 3243 5360; x_wconf 69' lang='lat' dir='ltr'><strong>ecclesiasticm,</strong></span> <span class='ocrx_word' id='word_1_833' title='bbox 3281 5309 3402 5350; x_wconf 84' lang='lat' dir='ltr'><strong>cum</strong></span> 
     </span>
    </p>
   </div>
   <div class='ocr_carea' id='block_1_113' title="bbox 1804 5346 2908 5453">
    <p class='ocr_par' dir='ltr' id='par_1_113' title="bbox 1804 5346 2908 5453">
     <span class='ocr_line' id='line_1_114' title="bbox 1804 5346 2908 5453; baseline 0.012 -35"><span class='ocrx_word' id='word_1_834' title='bbox 1804 5346 1971 5450; x_wconf 24' lang='lat' dir='ltr'><strong>.Leni‘m</strong></span> <span class='ocrx_word' id='word_1_835' title='bbox 1989 5346 2319 5438; x_wconf 76' lang='lat' dir='ltr'><strong>compertum</strong></span> <span class='ocrx_word' id='word_1_836' title='bbox 2347 5368 2511 5424; x_wconf 90' lang='lat' dir='ltr'><strong>fuerit</strong></span> <span class='ocrx_word' id='word_1_837' title='bbox 2547 5358 2908 5453; x_wconf 54' lang='lat' dir='ltr'><strong>dcpgnantur.</strong></span> 
     </span>
    </p>
   </div>
   <div class='ocr_carea' id='block_1_114' title="bbox 1900 5456 3403 5542">
    <p class='ocr_par' dir='ltr' id='par_1_114' title="bbox 1900 5456 3403 5542">
     <span class='ocr_line' id='line_1_115' title="bbox 1900 5456 3403 5542; baseline 0.01 -30"><span class='ocrx_word' id='word_1_838' title='bbox 1900 5456 1991 5513; x_wconf 79' lang='lat' dir='ltr'><strong>XI.</strong></span> <span class='ocrx_word' id='word_1_839' title='bbox 2033 5458 2460 5517; x_wconf 81' lang='lat' dir='ltr'><strong>Placuitsanctae</strong></span> <span class='ocrx_word' id='word_1_840' title='bbox 2491 5459 2727 5533; x_wconf 82' lang='lat' dir='ltr'><strong>synodo,</strong></span> <span class='ocrx_word' id='word_1_841' title='bbox 2767 5465 2895 5523; x_wconf 87' lang='lat' dir='ltr'><strong>licet</strong></span> <span class='ocrx_word' id='word_1_842' title='bbox 2936 5469 3139 5542; x_wconf 78' lang='lat' dir='ltr'><strong>indigni</strong></span> <span class='ocrx_word' id='word_1_843' title='bbox 3169 5471 3278 5527; x_wconf 92' lang='lat' dir='ltr'><strong>sint</strong></span> <span class='ocrx_word' id='word_1_844' title='bbox 3301 5474 3403 5527; x_wconf 86' lang='lat' dir='ltr'><strong>mi-</strong></span> 
     </span>
    </p>
   </div>
   <div class='ocr_carea' id='block_1_115' title="bbox 1806 5552 3403 5635">
    <p class='ocr_par' dir='ltr' id='par_1_115' title="bbox 1806 5552 3403 5635">
     <span class='ocr_line' id='line_1_116' title="bbox 1806 5552 3403 5635; baseline 0.007 -27"><span class='ocrx_word' id='word_1_845' title='bbox 1806 5552 2154 5635; x_wconf 46' lang='lat' dir='ltr'><strong>&#39;sericordite,</strong></span> <span class='ocrx_word' id='word_1_846' title='bbox 2210 5562 2385 5609; x_wconf 85' lang='lat' dir='ltr'><strong>tamen</strong></span> <span class='ocrx_word' id='word_1_847' title='bbox 2435 5553 2636 5626; x_wconf 91' lang='lat' dir='ltr'><strong>aliquid</strong></span> <span class='ocrx_word' id='word_1_848' title='bbox 2698 5557 2846 5616; x_wconf 86' lang='lat' dir='ltr'><strong>circa</strong></span> <span class='ocrx_word' id='word_1_849' title='bbox 2891 5574 2986 5618; x_wconf 88' lang='lat' dir='ltr'><strong>eos</strong></span> <span class='ocrx_word' id='word_1_850' title='bbox 3049 5562 3403 5619; x_wconf 88' lang='lat' dir='ltr'><strong>humanitatis</strong></span> 
     </span>
    </p>
   </div>
   <div class='ocr_carea' id='block_1_116' title="bbox 1829 5632 3402 5733">
    <p class='ocr_par' dir='ltr' id='par_1_116' title="bbox 1829 5632 3402 5733">
     <span class='ocr_line' id='line_1_117' title="bbox 1829 5632 3402 5733; baseline 0.005 -34"><span class='ocrx_word' id='word_1_851' title='bbox 1829 5632 2062 5700; x_wconf 72' lang='lat' dir='ltr'><strong>oetendi.</strong></span> <span class='ocrx_word' id='word_1_852' title='bbox 2088 5643 2143 5699; x_wconf 91' lang='lat' dir='ltr'><strong>Si</strong></span> <span class='ocrx_word' id='word_1_853' title='bbox 2170 5658 2306 5713; x_wconf 87' lang='lat' dir='ltr'><strong>quos</strong></span> <span class='ocrx_word' id='word_1_854' title='bbox 2332 5658 2460 5716; x_wconf 79' lang='lat' dir='ltr'><strong>ergo</strong></span> <span class='ocrx_word' id='word_1_855' title='bbox 2482 5659 2547 5699; x_wconf 81' lang='lat' dir='ltr'><strong>ex</strong></span> <span class='ocrx_word' id='word_1_856' title='bbox 2576 5647 2759 5703; x_wconf 90' lang='lat' dir='ltr'><strong>animo</strong></span> <span class='ocrx_word' id='word_1_857' title='bbox 2788 5650 3016 5717; x_wconf 71' lang='lat' dir='ltr'><strong>poenitet</strong></span> <span class='ocrx_word' id='word_1_858' title='bbox 3047 5651 3217 5733; x_wconf 83' lang='lat' dir='ltr'><strong>tribus</strong></span> <span class='ocrx_word' id='word_1_859' title='bbox 3244 5655 3402 5733; x_wconf 85' lang='lat' dir='ltr'><strong>annis</strong></span> 
     </span>
    </p>
   </div>
   <div class='ocr_carea' id='block_1_117' title="bbox 1800 5719 3513 5825">
    <p class='ocr_par' dir='ltr' id='par_1_117' title="bbox 1800 5719 3513 5825">
     <span class='ocr_line' id='line_1_118' title="bbox 1800 5719 3513 5825; baseline 0.005 -34"><span class='ocrx_word' id='word_1_860' title='bbox 1800 5719 2320 5808; x_wconf 37' lang='lat' dir='ltr'><strong>:inter‘pmnitentes</strong></span> <span class='ocrx_word' id='word_1_861' title='bbox 2349 5736 2666 5795; x_wconf 89' lang='lat' dir='ltr'><strong>habeantur.</strong></span> <span class='ocrx_word' id='word_1_862' title='bbox 2722 5732 2786 5794; x_wconf 82' lang='lat' dir='ltr'><strong>Si</strong></span> <span class='ocrx_word' id='word_1_863' title='bbox 2827 5749 3006 5796; x_wconf 90' lang='lat' dir='ltr'><strong>tamen</strong></span> <span class='ocrx_word' id='word_1_864' title='bbox 3050 5722 3236 5798; x_wconf 82' lang='lat' dir='ltr'><strong>ﬁdeles</strong></span> <span class='ocrx_word' id='word_1_865' title='bbox 3258 5728 3400 5809; x_wconf 84' lang='lat' dir='ltr'><strong>sunt,</strong></span> <span class='ocrx_word' id='word_1_866' title='bbox 3510 5820 3513 5825; x_wconf 82' lang='lat'><strong><em>_</em></strong></span> 
     </span>
    </p>
   </div>
   <div class='ocr_carea' id='block_1_118' title="bbox 1801 5826 3409 5917">
    <p class='ocr_par' dir='ltr' id='par_1_118' title="bbox 1801 5826 3409 5917">
     <span class='ocr_line' id='line_1_119' title="bbox 1801 5826 3409 5917; baseline 0.002 -30"><span class='ocrx_word' id='word_1_867' title='bbox 1801 5838 2036 5902; x_wconf 73' lang='lat' dir='ltr'><strong>septem</strong></span> <span class='ocrx_word' id='word_1_868' title='bbox 2084 5826 2236 5883; x_wconf 88' lang='lat' dir='ltr'><strong>annis</strong></span> <span class='ocrx_word' id='word_1_869' title='bbox 2293 5828 2411 5885; x_wconf 88' lang='lat' dir='ltr'><strong>aliis</strong></span> <span class='ocrx_word' id='word_1_870' title='bbox 2463 5828 2607 5884; x_wconf 89' lang='lat' dir='ltr'><strong>inter</strong></span> <span class='ocrx_word' id='word_1_871' title='bbox 2666 5831 2991 5899; x_wconf 76' lang='lat' dir='ltr'><strong>ptenitentes</strong></span> <span class='ocrx_word' id='word_1_872' title='bbox 3028 5830 3154 5902; x_wconf 81' lang='lat' dir='ltr'><strong>sint,</strong></span> <span class='ocrx_word' id='word_1_873' title='bbox 3200 5833 3409 5917; x_wconf 72' lang='lat' dir='ltr'><strong>duobus</strong></span> 
     </span>
    </p>
   </div>
   <div class='ocr_carea' id='block_1_119' title="bbox 2965 5926 3002 5984">
    <p class='ocr_par' dir='ltr' id='par_1_119' title="bbox 2965 5926 3002 5984">
     <span class='ocr_line' id='line_1_120' title="bbox 2965 5926 3002 5984; baseline 0 0"><span class='ocrx_word' id='word_1_874' title='bbox 2965 5926 3002 5984; x_wconf 84' lang='lat'><strong>9</strong></span> 
     </span>
    </p>
   </div>
  </div>
