3926 6450
549 427 654 482 253

1378 421 1668 478 APPEND.
1710 419 1804 476 AD
1842 419 2014 478 SIEC.
2045 422 2136 478 IX.
2178 453 2246 464 -—
2281 421 2528 481 ISIDORI
2570 426 3010 486 MERCATORIS
3674 434 3758 494 260

547 553 726 598 autem
765 541 920 595 annis
956 538 1096 594 idem
1140 537 1255 592 sine
1299 536 1574 592 oblatione
1626 537 1678 590 in
1721 549 1963 590 oratione
1998 536 2112 590 sola
2142 537 2194 597 Α
2221 534 2438 604 fuerint,
2494 555 2600 594 non
2651 541 2851 596 debent
2905 541 3105 611 suscipi
3157 541 3210 596 in
3252 540 3509 605 Ecclesia,
3553 546 3637 599 sed
3659 562 3755 602 cum

533 635 871 705 participent
917 630 1130 702 papulo.
1190 627 1366 699 Siqui
1416 642 1561 689 vero,
1620 641 1719 695 per
1771 625 1865 680 Dei
1892 625 2121 695 gratiam

548 727 722 781 vocati
756 725 931 796 primo
959 723 1174 792 quidem
1202 720 1556 775 ostenderunt
1603 718 1762 773 fidem
1812 733 1988 782 snam,
2030 719 2123 772 de-

545 817 721 889 posito
747 815 954 870 militia:
982 811 1213 882 cingulo,
1240 811 1498 881 posthaec
1537 818 1718 863 autem
1751 808 1816 862 ad
1843 809 2121 877 proprium

544 909 806 963 vomitum
831 905 1030 960 reversi
1055 912 1202 966 sunt,
1241 911 1298 956 ut
1335 910 1391 956 et
1423 900 1679 971 pecunias
1709 899 1904 953 darent
1931 906 1985 952 et
2007 912 2122 950 am-

541 1001 721 1055 birent
746 997 920 1052 redire
971 1009 1187 1050 rursum
1227 995 1295 1048 ad
1327 992 1600 1054 militiam,
1631 991 1719 1045 isti
1753 991 1940 1044 decem
1966 987 2123 1043 annis

543 1093 654 1147 sint
682 1092 824 1145 inter
863 1089 1207 1158 poenitentes,
1250 1094 1373 1155 post
1412 1085 1645 1153 primum
1695 1081 1986 1135 triennium
2013 1094 2122 1150 quo

511 1199 516 1204 '
541 1183 763 1247 fuerint,
789 1182 930 1236 inter
972 1181 1273 1242 audientes,
1301 1179 1368 1233 ab
1395 1177 1646 1231 omnibus
1671 1191 1799 1229 vero
1828 1173 1956 1227 illud
1984 1187 2123 1242 prm-

540 1274 697 1344 cipue
724 1273 1066 1335 observetur,
1093 1278 1152 1323 ut
1173 1270 1386 1324 animus
1419 1282 1609 1323 eorum
1632 1275 1688 1322 et
1713 1265 1920 1320 fructus
1941 1263 2121 1333 poeni-

513 1364 726 1420 tentia:
753 1364 1088 1419 observetur.
1139 1360 1458 1429 Quicunque
1504 1358 1648 1412 enim
1703 1372 1828 1413 cum
1868 1354 2013 1408 omni
2049 1354 2120 1408 ti-

539 1475 693 1516 more
713 1469 770 1516 et
813 1461 1064 1532 lacrymis
1093 1456 1567 1529 perseverantibus
1589 1465 1643 1510 et
1678 1454 1933 1524 operibus
1963 1450 2122 1507 bonis

540 1553 1009 1608 conversationem
1037 1566 1189 1606 suam
1241 1565 1347 1604 non
1384 1548 1564 1602 verbis
1599 1546 1731 1602 solis
1759 1586 1774 1611 ,
1824 1545 1916 1599 sed
1957 1558 2122 1612 opere

539 1651 595 1696 et
623 1642 850 1698 veritate
877 1642 1271 1702 demonstrant,
1297 1653 1418 1693 cum
1449 1647 1656 1705 tempus
1673 1645 1933 1691 statutum
1955 1635 2120 1689 etiam

539 1735 609 1792 ab
629 1734 712 1790 his
739 1733 900 1788 fuerit
923 1731 1224 1803 impletum,
1253 1741 1309 1785 et
1336 1729 1677 1786 orationibus
1699 1727 1812 1796 jam
1835 1735 2124 1796 coeperunt.

537 1825 960 1889 communicare,
986 1824 1170 1880 licebit
1191 1823 1357 1877 etiam
1380 1822 1634 1892 episcopo
1666 1820 1949 1874 humanius
1975 1818 2121 1874 circa

2224 630 2369 682 omni
2413 632 2734 687 necessitate
2763 642 3043 704 cogantur,
3070 643 3129 688 ut
3171 631 3393 688 redeant
3417 633 3481 712 ad
3505 633 3757 692 Ecclesiani

2223 736 2399 787 suam,
2435 724 2575 793 quod
2621 725 2666 780 si
2715 726 3146 796 permanserint,
3194 727 3649 782 excommunicare
3685 744 3758 784 eos

2221 821 2450 882 oportet.

2293 903 2452 958 XVII.
2495 903 2551 959 Si
2597 907 2719 976 quis
2749 921 2914 962 ausus
2960 905 3122 963 fuerit
3150 907 3407 978 aliquem,
3440 909 3526 979 qui
3557 909 3618 964 ad
3647 911 3758 965 alte-

2223 1010 2341 1048 rmn
2382 997 2630 1064 pertinet,
2677 998 2931 1052 ordinare
2979 999 3030 1052 in
3074 1013 3170 1052 sua
3226 999 3492 1061 Ecclesia,
3542 1016 3651 1054 cum
3676 1018 3757 1055 non

2223 1087 2423 1141 habeat
2443 1103 2765 1142 consensum
2781 1090 3020 1160 episcopi
3053 1091 3222 1160 ipsius
3251 1107 3280 1143 a
3311 1106 3416 1159 quo
3450 1092 3757 1147 recessitcle-

2223 1177 2392 1239 rieus,
2424 1176 2572 1231 irrita
2603 1179 2710 1232 erit
2735 1179 3040 1248 hujusmodi
3083 1181 3375 1235 ordinatio.

2294 1267 2475 1321 XVIII.
2518 1267 2783 1334 Quoniam
2812 1271 2965 1325 multi
2992 1271 3210 1335 clerici,
3235 1273 3476 1327 avaritiae
3505 1288 3648 1328 causa
3671 1282 3758 1327 tur-

2220 1372 2310 1426 pia
2341 1357 2487 1411 lucra
2511 1367 2803 1422 sectantes,
2829 1360 2984 1414 obliti
3019 1370 3147 1416 sunt
3177 1361 3342 1416 divini
3371 1364 3758 1432 prmcepti,quod

2223 1448 2425 1503 dictum
2455 1457 2555 1513 est,
2591 1450 2682 1518 qui
2713 1451 3001 1520 pecuniam
3056 1467 3210 1508 suam
3254 1467 3362 1508 non
3394 1453 3537 1509 dedZt
3581 1453 3639 1508 ad
3667 1469 3759 1508 usu-

2224 1554 2370 1602 ram,
2427 1537 2736 1596 fcnerantes
2791 1541 3119 1598 centesimas
3160 1542 3410 1613 exigant,
3460 1541 3636 1597 statuit
3679 1542 3756 1596 hoc

2223 1638 2468 1683 sanctum
2489 1630 2804 1694 concilium,
2827 1632 2869 1687 si
2897 1631 3020 1702 quis
3042 1632 3298 1688 inventus
3328 1632 3489 1689 fuerit
3511 1642 3620 1701 post
3646 1633 3756 1687 hanc

2223 1718 2589 1774 definitionem
2628 1736 2820 1776 usuras
2865 1722 3129 1792 accipere,
3174 1723 3260 1778 vel
3311 1737 3379 1779 ex
3425 1722 3648 1792 quolibet
3671 1722 3742 1776 tali

2223 1814 2436 1882 negotio
2459 1814 2632 1884 turpia
2681 1813 2830 1870 lucra
2865 1815 3095 1880 sectari,
3145 1815 3231 1870 vel
3258 1815 3421 1870 etiam
3455 1815 3644 1884 species
3663 1812 3754 1867 fru-

537 1932 632 1973 eos
662 1916 862 1986 aliquid
892 1916 1154 1987 cogitare.
1196 1914 1296 1980 Qui
1339 1927 1469 1966 vero
1510 1911 1883 1966 inilill‘erenter
1915 1909 2118 1964 habue-
2144 1905 2193 1964 B
2223 1913 2528 1959 mentorum
2575 1905 2642 1960 ad
2689 1905 2998 1976 sextuplum
3036 1909 3187 1971 dare,
3233 1905 3410 1962 omnis
3437 1905 3524 1974 qui
3559 1905 3651 1959 tale
3672 1904 3751 1958 ali«

534 2011 649 2065 rint
678 2009 907 2079 lapsum,
937 2020 992 2062 et
1010 2006 1254 2063 sufﬁcere
1278 2005 1378 2061 sibi
1433 2005 1575 2073 quod
1623 2003 1920 2058 Eeclesiam
1952 2003 2120 2056 intro-

529 2102 720 2157 ierunt
745 2100 1104 2165 arbitrantur,
1131 2097 1219 2152 isti
1267 2096 1576 2151 omnimodo
1623 2104 1864 2165 tempora
1915 2101 2120 2149 statuta

537 2193 903 2263 complebunt.

658 2285 720 2339 ll.
762 2285 840 2340 De
877 2285 962 2340 his
985 2298 1117 2340 vero
1159 2282 1251 2351 qui
1310 2281 1576 2336 recedunt
1605 2297 1671 2334 ex
1702 2295 1950 2350 corpore,
1981 2279 2121 2333 anti-

535 2392 657 2447 quae
681 2377 816 2448 legis
845 2375 1028 2448 regula
1052 2371 1432 2430 observabitur
1472 2373 1635 2429 etiam
1679 2388 1838 2436 nunc,
1868 2373 1942 2427 ita
1974 2381 2034 2427 ut
2074 2370 2119 2427 si

533 2468 675 2524 forte
707 2468 828 2538 quis
877 2466 1082 2522 recedit
1113 2480 1177 2521 ex
1211 2476 1458 2534 corpore,
1490 2463 1804 2520 necessario
1851 2462 1976 2517 vitae
2007 2476 2118 2517 suae

507 2579 509 2581 ί
534 2559 737 2615 viatico
783 2573 890 2615 non
920 2556 1290 2620 defraudatur,
1320 2554 1465 2625 quod
1512 2555 1556 2609 si
1585 2553 1903 2624 desperatus
1926 2551 2121 2624 aliquis

507 2658 746 2721 recepta
775 2649 1153 2706 communione
1193 2647 1574 2718 supervixerit,
1620 2647 1691 2702 sit
1723 2647 1865 2702 inter
1893 2660 1986 2702 eos
2029 2645 2119 2716 qui

533 2742 650 2798 sola
675 2742 924 2798 oratione
952 2741 1372 2796 communicant.
1407 2739 1484 2794 De
1510 2738 1759 2794 omnibus
1810 2745 1988 2791 tamen
2035 2737 2122 2792 his

531 2833 622 2904 qui
647 2848 677 2887 a
705 2846 934 2902 corpore
983 2831 1257 2892 recedunt,
1294 2831 1346 2884 in
1380 2827 1640 2884 tradendo
1665 2827 1747 2883 eis
1776 2827 2120 2883 communio-

533 2938 659 2977 nem
691 2930 746 2977 et
771 2935 902 2976 cura
938 2928 993 2975 et
1015 2918 1264 2990 probatio
1295 2919 1367 2974 sit
1397 2917 1661 2988 episcopi.

602 3011 740 3067 XIII.
779 3011 991 3066 Placuit
1037 3010 1141 3065 hoc
1191 3017 1380 3065 sancto
1434 3016 1490 3063 et
1541 3021 1736 3078 magno
1779 3006 2009 3062 concilio
2053 3005 2120 3060 de

531 3099 940 3156 catcchumenis
970 3100 1062 3170 qui
1093 3099 1228 3169 lapsi
1281 3107 1423 3162 sunt,
1471 3107 1530 3152 ut
1576 3097 1748 3152 tribus
1793 3095 1950 3150 annis
1979 3096 2120 3150 inter

534 3193 819 3248 audientes
856 3191 1083 3247 verbum
1119 3190 1229 3246 sint
1261 3188 1658 3254 tantummodo,
1693 3195 1815 3257 post
1843 3189 1960 3241 baac
1987 3200 2118 3241 vero

536 3292 696 3339 orent
723 3297 846 3338 cum
873 3280 1300 3338 catechumenis.

606 3371 746 3428 XIV.
798 3371 1052 3428 Pervenit
1095 3371 1163 3426 ad
1216 3378 1463 3425 sanetum
1518 3367 1809 3424 concilium
1847 3366 2024 3437 quod,
2067 3365 2120 3419 in

518 3465 668 3522 locis
698 3463 1019 3536 quibusdam
1071 3471 1127 3518 et
1175 3461 1506 3525 civitatibus,
1559 3459 1895 3530 presbyteris
1936 3472 2122 3512 sacra-

534 3565 719 3611 menta
750 3554 961 3611 diaconi
992 3554 1292 3625 porrigant,
1346 3553 1449 3607 hoc
1495 3565 1669 3620 neque
1714 3549 1920 3619 regula,
1949 3562 2124 3618 neque

537 3647 874 3703 consuetudo
900 3645 1120 3701 tradidit
1147 3655 1204 3698 ut
1231 3644 1285 3698 bi
1324 3642 1417 3714 qui
1445 3640 1704 3698 efferendi
1733 3638 1988 3694 sacrificii
2017 3652 2124 3693 non

524 3737 742 3792 habent
787 3744 1134 3807 potestatem,
1175 3733 1260 3789 his
1302 3732 1394 3802 qui
1441 3730 1670 3787 offerunt
1701 3745 1898 3800 corpus
1923 3727 2124 3784 Christi

526 3827 839 3897 porrigant,
892 3824 986 3881 sed
1017 3833 1072 3880 et
1121 3823 1250 3890 illud
1297 3822 1532 3878 innotuit
1565 3821 1710 3891 quod
1760 3820 1977 3890 quidem
2017 3820 2127 3874 dia-

538 3933 706 3974 cones
733 3918 897 3974 etiam
957 3925 1085 3972 ante
1143 3915 1427 3986 episcopos
1490 3923 1831 3969 sacramenta
1881 3922 2120 3966 sumunt.

610 4006 737 4062 l‘lzec
781 4005 964 4060 omnia
1015 4013 1362 4074 amputentur
1402 4011 1456 4058 et
1503 4004 1775 4074 accipiant
1826 4003 2124 4058 secundum

538 4098 786 4154 ordinem
813 4105 935 4168 post
972 4097 1320 4169 presbyteros
1341 4097 1414 4152 ab
1443 4097 1697 4168 episcopo
1737 4095 1820 4151 vel
1845 4113 1874 4151 a
1903 4095 2126 4168 presby-

541 4203 656 4248 tero
707 4207 919 4248 sacram
969 4192 1428 4248 communionem.
1465 4191 1620 4259 Quod
1658 4191 1703 4246 si
1735 4207 1844 4246 non
1874 4188 2043 4246 fuerit
2069 4191 2124 4244 in

539 4283 794 4352 prmseuti
826 4281 915 4336 vel
947 4282 1233 4352 episcopus
1258 4281 1344 4336 vel
1371 4281 1684 4353 presbyter,
1716 4289 1844 4336 tunc
1871 4280 1974 4352 ipsi
1998 4295 2125 4350 pro-

538 4375 718 4430 ferant
744 4383 798 4428 et
825 4374 1005 4430 edant.
1037 4373 1146 4429 Sed
1183 4389 1283 4428 nec
1312 4373 1503 4429 sedere
1535 4372 1753 4443 quidem
1784 4372 1908 4427 licet
1935 4373 1989 4426 in
2016 4387 2126 4427 me-

539 4465 629 4521 dio
675 4465 1113 4535 presbyterorum
1167 4464 1443 4518 diacones.
1495 4463 1552 4517 Si
1601 4463 1725 4532 quis
1782 4471 1964 4517 autem
2014 4479 2125 4518 non

537 4557 653 4612 vult
680 4558 767 4613 his
799 4556 1071 4612 sulliciens
1103 4571 1242 4623 esse,
1269 4567 1390 4627 post
1423 4555 1566 4612 hanc
1606 4555 1976 4613 definitionem
2006 4570 2127 4610 ces-

538 4659 623 4704 set
645 4663 768 4705 esse
804 4649 1085 4704 diaconus.

612 4744 729 4800 XV.
771 4743 1002 4813 Propter
1032 4742 1232 4798 multas
1263 4743 1702 4814 perturbationes
1731 4750 1787 4799 et
1816 4741 2127 4812 lrequentes

530 4834 803 4891 tumultus
859 4834 1207 4901 seditionum,
1236 4849 1357 4904 qua)
1407 4836 1524 4889 lieri
1555 4834 1753 4899 solent,
1780 4834 1986 4903 placuit
2012 4847 2130 4888 om-

539 4927 759 4986 nimodo
801 4927 961 4982 istam
1002 4927 1246 4982 abscindi
1295 4926 1744 4982 consuetudinem
1775 4941 1897 4996 qua:
1935 4933 2128 4981 contra

540 5015 782 5086 regulam
806 5025 911 5082 est,
936 5016 1108 5073 sicubi
1137 5023 1318 5071 tamen
1339 5016 1432 5082 sit,
1458 5015 1510 5070 id
1531 5025 1700 5071 estne
1728 5017 1794 5071 de
1823 5015 2038 5070 civitate
2057 5014 2125 5068 ad

534 5107 815 5162 civitatem
848 5117 1088 5164 transeat
1115 5108 1197 5164 vel
1227 5107 1538 5180 episcopus,
1571 5107 1656 5160 vel
1696 5108 1999 5179 presbyter,
2041 5105 2126 5160 vel

541 5198 824 5253 diaconus.
864 5197 922 5254 Si
945 5200 1066 5269 quis
1091 5216 1221 5256 vero
1249 5197 1372 5274 post
1395 5201 1511 5256 hzec
1535 5208 1735 5255 statuta
1764 5200 1936 5255 sancti
1968 5198 2126 5268 hujus

541 5291 758 5349 concilii
811 5292 921 5348 tale
966 5293 1170 5364 aliquid
1208 5310 1370 5365 agere
1423 5295 1748 5359 tentavcrit,
1799 5278 2126 5364 infringetur

540 5385 690 5442 omni
749 5399 946 5458 genere
1005 5385 1374 5455 hujuscemodi
1424 5396 1650 5442 conatus
1699 5395 1756 5442 et
1808 5386 2129 5440 restituatur

540 5475 778 5549 propria:
807 5475 1062 5531 Ecclesia:
1091 5477 1278 5548 inqua
1301 5477 1584 5535 ordinatus
1605 5487 1714 5534 est.

615 5566 756 5623 XVI.
799 5567 859 5623 Si
886 5567 977 5638 qui
1008 5582 1139 5624 vero
1179 5569 1426 5626 timorem
1459 5570 1552 5624 Dei
1601 5578 1728 5626 ante
1774 5569 1962 5626 oculos
2018 5586 2123 5624 non

539 5659 828 5727 habentes,
869 5675 1046 5731 neque
1091 5661 1460 5716 ecclesiastica
1507 5671 1709 5718 statuta
1738 5664 2128 5729 custodientes,

544 5752 833 5807 recesserit
861 5753 928 5808 ab
953 5752 1192 5834 Ecclesia
1215 5769 1309 5808 sua
1338 5753 1451 5808 sive
1493 5758 1777 5827 presbyter
1805 5756 1919 5810 sive
1947 5755 2130 5811 diaco-

545 5851 673 5906 nus,
703 5841 788 5896 vel
827 5843 881 5898 in
931 5860 1254 5916 quocunque
1311 5845 1680 5903 ecclesiastico
1736 5847 1925 5906 ordine
1972 5849 2132 5920 positi

2223 1994 2352 2064 quid
2386 2001 2616 2049 conatus
2651 1993 2813 2050 fuerit
2847 1995 2916 2049 ad
2965 2002 3231 2064 quaestum
3268 1993 3545 2066 dejiciatur
3577 2008 3602 2047 a
3624 1992 3754 2057 clero,

2223 2095 2276 2140 et
2303 2084 2512 2140 alienus
2539 2086 2606 2141 ab
2628 2085 2998 2141 ecclesiastico
3027 2087 3298 2142 habeatur
3333 2085 3518 2157 gradu.

2295 2176 2437 2231 XIX.
2482 2177 2539 2232 Si
2565 2178 2685 2248 quis
2703 2177 2943 2250 confugit
2975 2179 3044 2234 ad
3076 2178 3372 2234 Ecclesiam
3394 2175 3686 2233 catholicam
3707 2175 3755 2229 de

2223 2267 2571 2323 Paulianistis
2604 2276 2660 2323 et
2691 2266 3034 2340 Catapbrigis
3063 2277 3326 2324 statutum
3368 2277 3451 2324 est
3483 2265 3755 2336 rebaptizari

2223 2371 2316 2413 eos
2359 2356 2573 2412 debere.
2609 2356 2666 2412 Si
2717 2357 2809 2429 qui
2844 2372 2974 2413 vero
3001 2357 3186 2414 clerici
3224 2343 3556 2426 erantapud
3591 2352 3756 2416 eos,si-

2223 2447 2440 2516 quidem
2486 2446 2742 2516 inculpati
2782 2447 3073 2503 fuerint-et
3103 2445 3614 2518 irreprehensibiles,
3638 2443 3758 2497 reba-

2221 2537 2409 2611 ptizati
2442 2555 2631 2594 rursus
2656 2539 2821 2594 etiam
2861 2539 3185 2595 ordinentur
3222 2539 3295 2594 ab
3335 2529 3576 2610 episcopo
3612 2533 3758 2588 Eccle-

2221 2631 2315 2687 sia:
2339 2629 2638 2685 catholicae.
2665 2627 2721 2684 Si
2751 2644 2879 2685 vero
2905 2629 3200 2685 examinati
3237 2629 3418 2684 minus
3469 2625 3650 2681 fuerint
3673 2621 3755 2691 apti

2221 2722 2563 2793 deprehensi,
2616 2722 2811 2793 deponi
2844 2735 2942 2778 eos
2987 2730 3221 2792 oportet.
3257 2719 3518 2776 Similiter
3541 2725 3696 2772 autem
3717 2720 3757 2763 ιιι

2220 2816 2366 2872 circa
2413 2815 2667 2871 diaconcs
2707 2821 2762 2870 et
2801 2813 2878 2869 de.
2912 2813 3164 2869 omnibus
3207 2813 3303 2882 qui
3346 2811 3399 2866 in
3437 2808 3612 2864 eodem
3635 2803 3750 2858 clero

2221 2908 2590 2973 inveniuntur,
2618 2907 2809 2963 eadem
2842 2904 3015 2962 forma
3046 2905 3376 2960 servabitur.
3403 2901 3751 2958 Commemora-

2220 2999 2396 3054 vimus
2430 3008 2610 3053 autem
2638 2997 2977 3053 diaconissas
3002 3011 3122 3065 quae
3154 2995 3208 3050 in
3232 2995 3340 3050 hoc
3364 2992 3544 3049 ordine
3567 2989 3754 3042 iuventae

2219 3098 2368 3154 sunt,
2390 3104 2509 3159 quae
2532 3103 2632 3143 nec
2654 3103 2848 3143 manus
2869 3087 3268 3158 impositionem
3301 3085 3526 3154 aliquam
3551 3077 3753 3134 habent.

2221 3189 2280 3236 ut
2308 3183 2622 3236 omnimodo
2642 3183 2784 3236 inter
2807 3180 2975 3235 laicas
2993 3179 3323 3234 habeantur.
3341 3170 3594 3232 Similiter
3609 3175 3754 3222 autem

2146 3267 2190 3327 C
2227 3273 2552 3329 diaconissaa
2576 3288 2702 3344 qua:
2739 3273 2792 3326 in
2831 3271 3099 3327 catholico
3139 3285 3351 3326 canone
3399 3281 3500 3322 non
3542 3261 3757 3317 habentur

2225 3370 2389 3426 simili
2436 3367 2575 3434 loco,
2630 3366 2682 3421 id
2721 3374 2804 3421 est
2824 3364 3045 3420 laicaret
3078 3372 3336 3434 tanquam
3360 3375 3462 3416 non
3485 3356 3756 3412 consecrata

2226 3463 2565 3532 deputentur.

2297 3528 2414 3608 XX.
2458 3553 2722 3620 Quoniam
2774 3559 2899 3606 sunt
2937 3551 2991 3605 in
3038 3549 3125 3605 die
3172 3547 3454 3604 Dominica
3490 3536 3677 3612 quidam
3709 3528 3758 3582 ad

2225 3646 2523 3702 orationem
2555 3659 2728 3714 genua
2750 3641 3049 3708 ﬂectentes,
3073 3649 3129 3696 et
3153 3642 3206 3695 in
3231 3641 3420 3695 diebus
3441 3634 3754 3689 Peutecostes

2225 3744 2510 3806 propterea
2543 3741 2628 3788 est
2660 3732 2847 3804 itaque
2877 3740 3140 3788 statutum
3173 3746 3204 3785 a
3228 3738 3416 3786 saneta
3439 3720 3632 3796 synodo
3657 3728 3757 3806 (μεθ’

2227 3827 2373 3882 niam
2412 3840 2650 3882 consona
2689 3833 2745 3881 et
2798 3824 3126 3881 conveniens
3173 3838 3276 3894 per
3331 3832 3513 3877 omnes
3549 3805 3758 3868 ecclesias

2224 3919 2578 3975 custodienda
2608 3917 2943 3974 consuetudo
2972 3923 3058 3972 est
3091 3923 3151 3972 ut
3176 3923 3384 3972 stantes
3416 3910 3480 3966 ad
3503 3902 3756 3964 orationem

2225 4012 2453 4068 Domino
2478 4019 2601 4066 vota
2631 4009 2939 4065 reddamus.

2481 4103 2784 4176 Symbolum
2809 4103 3043 4174 ejusdem
3090 4100 3302 4157 Nica’ni
3329 4095 3546 4156 concilii.

2295 4198 2580 4256 Credimus
2610 4198 2663 4252 in
2698 4211 2862 4252 unum
2904 4197 3074 4252 Deum
3111 4194 3330 4251 Patrem
3357 4185 3754 4256 omnipotentem.

2227 4289 2517 4347 visibilium
2561 4297 2616 4344 et
2653 4287 3006 4344 invisibilium
3045 4286 3404 4342 conditorem.
3447 4279 3510 4334 Et
3545 4275 3592 4329 in
3627 4275 3755 4323 unum

2227 4380 2511 4436 Dominum
2538 4379 2722 4435 Jesum
2771 4378 3071 4443 Christum,
3113 4376 3320 4432 Filium
3369 4371 3482 4435 Dei,
3523 4353 3756 4420 natumdc

2225 4474 2387 4530 Patre
2421 4473 2757 4545 unigenitum
2788 4513 2802 4539 ,
2845 4474 2948 4529 hoc
2996 4481 3104 4538 est,
3145 4473 3214 4527 de
3261 4463 3556 4528 substantia
3591 4449 3753 4545 Patris.

2227 4568 2395 4624 Deum
2425 4567 2490 4624 de
2519 4568 2648 4632 Deo,
2699 4565 2880 4620 lumen
2926 4565 2992 4621 de
3023 4564 3258 4630 lumine,
3303 4563 3468 4617 Deum
3508 4561 3671 4607 verum
3706 4537 3755 4590 (ιο

2149 4621 2204 4685 D
2228 4661 2340 4716 Deo
2365 4675 2513 4724 vero,
2547 4668 2754 4714 natum.
2779 4673 2885 4713 non
2909 4657 3132 4724 factum,
3163 4641 3653 4724 consubstantialem
3678 4633 3755 4724 Ρίις

2228 4751 2318 4816 tri,
2348 4750 2402 4806 id
2437 4723 2541 4815 est,
2567 4749 2728 4803 unius
2757 4748 3075 4804 substantiae
3098 4723 3222 4803 cum
3254 4746 3417 4802 Patre
3446 4728 3596 4810 (quod
3619 4723 3754 4816 δι’πῗί

2231 4843 2510 4896 omousion
2550 4839 2756 4912 dicunt)
2787 4855 2884 4910 per
2903 4854 3065 4910 quem
3094 4838 3277 4895 omnia
3300 4836 3438 4892 facta
3467 4820 3755 4887 suntquw'“

2229 4934 2367 4990 caelo
2387 4942 2440 4987 et
2471 4932 2522 4988 in
2554 4941 2718 4988 terra.
2742 4931 2843 4999 Qui
2893 4941 3114 5002 propter
3146 4947 3245 4988 nos
3274 4926 3514 4987 homines
3535 4957 3548 4983 ,
3594 4919 3639 5002 el
3660 4915 3757 4973 Ρτίν

2231 5035 2352 5097 Pter
2377 5033 2616 5080 nostram
2641 5023 2868 5080 salutem
2894 5000 3186 5079 descendit
3217 5024 3284 5079 de
3319 5017 3488 5077 cmlis,
3516 5015 3567 5063 et
3613 5000 3756 5097 ineat"-

2231 5126 2388 5171 natus
2419 5125 2522 5181 est,
2547 5125 2711 5186 atque
2760 5116 2924 5170 homo
2955 5115 3151 5181 factus,
3195 5126 3406 5184 passus,
3435 5103 3656 5160 mortuus
3675 5086 3755 5186 esl:

2231 5217 2286 5264 et
2315 5180 2802 5262 resurrexit-tertia
2833 5206 2941 5273 die,
2974 5180 3214 5262 ascendit
3245 5205 3312 5260 ad
3341 5197 3521 5257 caelos,
3543 5180 3755 5239 ventur“s

2225 5298 2473 5369 judicare
2500 5299 2651 5354 vivos
2676 5306 2732 5354 et
2752 5306 3016 5355 mortuos.
3055 5297 3120 5352 Et
3148 5297 3204 5354 in
3245 5293 3504 5367 Spiritum
3525 5273 3750 5369 εειηοξυηξ

2231 5391 2340 5446 Eos
2373 5400 2551 5446 autem
2586 5391 2678 5461 qui
2719 5389 2907 5446 dicunt
2935 5399 3073 5456 erat,
3103 5363 3316 5461 quando
3355 5395 3458 5438 non
3491 5366 3660 5461 cret“

2231 5493 2450 5554 tequam
2483 5491 2798 5537 nasceretur
2819 5497 2924 5538 non
2961 5489 3100 5546 erat,
3131 5491 3186 5536 et
3216 5477 3357 5551 quod
3397 5486 3482 5571 ex.
3503 5454 3755 5571 nauigii";

2233 5540 2500 5631 stentibus
2552 5573 2727 5630 factus
2772 5582 2875 5640 est,
2927 5582 3020 5628 aut
3065 5540 3132 5628 ex
3181 5540 3357 5640 aliqua
3407 5540 3740 5640 subslanliiiq‘f

2235 5677 2454 5734 natura,
2481 5682 2603 5722 eum
2631 5667 2873 5723 dicentes
2905 5681 3025 5722 esse
3051 5665 3378 5722 mutabilem.
3404 5661 3456 5708 θῐ
3479 5621 3755 5746 conﬁgi");

2235 5761 2340 5815 lem
2371 5758 2566 5814 Filium
2608 5758 2725 5823 Dei,
2770 5757 3104 5829 perhibendo
3156 5759 3254 5813 bos
3293 5719 3752 5832 anathemﬂfillj'fi:

2237 5853 2563 5910 condemnat
2586 5849 2853 5908 catholica
2891 5857 2946 5905 ct
2970 5849 3262 5920 apostolica
3294 5830 3542 5902 Ecclesia.
3570 5816 3672 5872 llaec
3695 5814 3740 5851 ε»
