3908 5434
97 389 172 445 261
1229 357 1640 418 DECRETALH

1757 352 2148 413 COLLECTIO.
3178 341 3286 394 :16!

99 507 204 563 ﬁdes
224 511 364 572 quam
393 495 746 562 exposuerunt
783 484 978 540 Patres
1013 480 1247 553 primum
1275 477 1492 548 quidem
1517 474 1610 528 ad-
1637 484 1685 543 Α
1716 469 1810 534 lia,
1839 467 2124 523 continens
2151 462 2332 521 omnia
2383 475 2501 532 quae
2535 457 2794 522 existunt,
2841 453 3009 508 Filius
3034 466 3193 506 verus
3222 453 3292 506 de

1709 559 1749 572 "
1792 568 1801 572 -
2075 558 2086 570 '
2167 558 2179 569 ·
2216 555 2346 572 ἰη’-
2391 555 2438 572 νι.
2471 549 2721 572 2,_-2-:I-:I:
2769 544 3192 572 :..--__.....:|.;|:,
3224 544 3292 572 Α,

97 544 253 651 versu;
266 582 842 652 Ariumblasphemum,
873 577 1140 632 dicentem
1161 580 1466 627 creaturam
1490 581 1608 621 esse
1709 559 1869 614 Patre
1895 573 2043 624 vero,
2075 555 2357 612 invisibilis
2380 555 2446 609 de
2470 549 2743 616 invisibili,
2769 544 3196 616 incorruptibilis
3223 544 3293 598 de

98 685 252 740 Filium
275 678 378 740 Dei,
407 683 458 728 et
499 633 753 726 adiersus
780 681 998 722 omnem
1043 662 1315 724 haeresim,
1361 656 1607 720 Sabellii,
1710 649 2121 720 incorruptibili,
2165 645 2484 703 immortalis
2529 644 2595 698 de
2639 638 2954 702 immortali,
2995 643 3050 690 et
3091 633 3292 704 sempi-

99 772 285 835 l’hotini,
323 732 465 822 Pauli
515 760 853 820 Samosateni
873 801 889 825 ,
947 755 1228 814 Manichaci
1249 795 1265 819 ,
1312 749 1605 814 Valentini,
1711 754 1899 800 teruus
1922 743 1989 798 de
2017 741 2369 811 sempiterno,
2402 747 2454 792 et
2484 749 2622 790 unus
2653 732 2885 804 Spiritus
2910 735 3294 796 sanctus,per-

99 860 347 924 Marcionis,
369 865 423 912 et
468 858 721 910 adversus
747 864 965 906 omnem
1011 847 1232 903 omnino
1262 845 1535 904 inermum,
1563 836 1609 892 si
1710 835 1908 901 fectus,
1948 833 2189 905 perfecta
2239 832 2374 896 vita,
2419 827 2714 884 viVentium
2750 822 3030 886 sanctitas,
3083 827 3138 872 et
3173 817 3297 872 fons

97 970 188 1026 qua
215 947 544 1006 insurrexerit
571 951 759 1002 contra
806 939 1130 998 catholicam
1173 943 1229 991 et
1261 930 1612 1004 apostolicam
1712 928 2037 992 sanctitatis,
2083 934 2140 982 et
2184 920 2558 980 aadificationis
2605 915 2964 980 ministrator,
3016 922 3112 981 per
3132 921 3296 978 quem

1280 1025 1333 1026 κη
1712 1021 1746 1026 __
1894 1021 1904 1026 -
2305 1013 2318 1026 1
2401 1021 2437 1026 .,
2520 1018 2560 1026 -.
2595 1021 2752 1026 _,,_-_
2790 1017 2972 1026 --μ-Α-
3027 1009 3078 1026 Α.
3129 998 3296 1026 Pilius

99 998 338 1100 Ecclesiam
364 1053 520 1109 quam
545 1050 735 1091 omnes
757 1032 1253 1088 condemnaverunt
1273 1025 1452 1080 Nicrea
1483 1037 1614 1077 cou-
1712 1021 1857 1076 Deus
1891 1021 1947 1074 in
1969 1031 2162 1073 omnes
2193 1013 2477 1070 credentes
2509 1018 2566 1066 et
2590 1021 2753 1077 super
2785 1017 2994 1068 omnes,
3024 1009 3079 1056 et
3129 998 3298 1053 Filius

99 1131 260 1205 gregali
281 1095 505 1200 episcopi
542 1125 766 1182 trecenti
792 1125 977 1180 decem
1005 1128 1061 1176 et
1085 1128 1227 1176 octo.
1497 1154 1500 1156 η
1713 1111 1804 1182 qui
1827 1125 1924 1181 per
1957 1121 2168 1164 omnes.
2201 1103 2463 1168 Trinitas,
2511 1098 2750 1171 perfecta
2778 1095 2970 1167 gloria,
2999 1101 3055 1148 et
3073 1105 3300 1159 regnum

1873 1200 1884 1205 -
2179 1197 2192 1205 .
2256 1195 2287 1205 ..
2329 1193 2342 1205 .
2367 1193 2380 1205 .
2619 1197 2632 1205 .
2697 1189 2708 1202 .
3109 1181 3294 1205 mm”

457 1181 899 1284 rFidcsGregorii
940 1211 1182 1283 majoris.
1714 1181 2122 1271 sempiternum,
2179 1193 2536 1260 individuum,
2583 1197 2638 1247 et
2695 1184 3058 1245 inalienabile.
3109 1181 3298 1253 Neque

151 1311 276 1367 Unus
317 1309 468 1380 Deus,
498 1272 842 1379 principium,
888 1310 944 1358 et
993 1272 1153 1357 P'ater
1170 1299 1336 1357 Verbi
1363 1296 1614 1362 viventis,
1715 1291 1881 1359 igitur
1901 1298 2146 1344 creatum
2200 1283 2426 1355 aliquid,
2465 1292 2521 1338 et
2561 1294 2778 1337 servum
2821 1291 2917 1332 seu
2962 1273 3221 1330 famulum
3245 1272 3302 1325 in

99 1401 323 1474 sapientia:
341 1365 640 1464 existentis,
671 1365 726 1452 et
748 1395 988 1460 virtutis,
1013 1391 1336 1464 etimaginis
1361 1389 1613 1462 propriae,
1717 1380 2002 1445 Trinitate,
2056 1389 2231 1447 neque
2278 1373 2654 1436 adventitium,
2699 1368 2787 1424 vel
2829 1365 3303 1424 subintroductum

98 1451 565 1564 peifectusperfecti
596 1487 829 1560 genitor,
869 1493 928 1541 et
947 1498 1087 1539 unus
1115 1451 1462 1538 Dominusex
1484 1494 1615 1546 uno,
1719 1482 1975 1541 tantulam
2012 1469 2155 1539 quod
2197 1474 2324 1521 ante
2364 1479 2472 1521 non
2521 1459 2815 1524 exstiterit.
2852 1465 2907 1512 el
2945 1451 3299 1510 HOViSSimum

2064 1561 2076 1564 _
2454 1557 2465 1564 .
2581 1555 2596 1564 .
2663 1554 2674 1564 .
2722 1553 2755 1564 ._
2836 1550 2868 1564 ..
3030 1546 3081 1564 .,
3129 1543 3299 1564 nan---

97 1543 222 1639 Pater
239 1582 322 1637 ﬁlii
344 1543 634 1652 bnigeniti:
661 1587 717 1634 et
753 1592 893 1633 unus
929 1570 1193 1631 Dominus
1218 1590 1284 1630 ex
1319 1587 1445 1637 uno,
1479 1543 1620 1627 Deus
1718 1561 2124 1624 subintraverit,
2180 1571 2356 1628 neque
2381 1557 2524 1613 enim
2565 1553 2762 1610 desiuit
2800 1546 3090 1619 aliquando
3127 1543 3302 1598 Filius

101 1675 152 1728 de
172 1675 281 1738 Deo,
321 1636 486 1744 figura
521 1636 841 1726 substantiae
879 1666 1077 1732 Patris,
1122 1665 1301 1735 imago
1328 1636 1444 1730 Dei,
1477 1663 1621 1717 Deus
1718 1654 1888 1721 Patri,
1916 1660 2010 1708 aut
2029 1651 2186 1716 Filio,
2233 1649 2470 1720 Spiritus
2491 1655 2730 1712 sanctus,
2765 1643 2859 1699 sed
2883 1636 3236 1697 immutabilis
3254 1642 3310 1690 et

103 1734 288 1818 Verbum
315 1734 589 1828 mundi,et
613 1761 781 1816 totius
821 1756 1139 1814 substantiae
1168 1734 1372 1826 opifex,
1404 1753 1621 1826 sapien-
1720 1745 2150 1807 inconvertibilis
2193 1734 2310 1800 haec
2349 1741 2537 1799 eadem
2569 1737 2810 1794 Trinitas
2859 1747 3093 1803 semper.

107 1890 3304 1945 ___________________________________—————-

927 2046 1272 2107 lNClPlUNT
1311 2044 1653 2103 CAPITULA
1692 2040 1986 2101 CONClLlI
2019 2035 2395 2095 ANCYIKANI.

155 2218 196 2272 l.
229 2212 644 2287 Depresbyteris
669 2209 838 2281 lapsis
864 2209 918 2264 in
949 2205 1346 2278 persecutione.
1650 2207 1698 2266 Β
1731 2198 1884 2267 1412.
1926 2196 2003 2253 De
2042 2195 2129 2250 his
2176 2193 2271 2265 qui
2307 2199 2433 2247 ante
2492 2190 2824 2260 baptismum
2863 2183 3316 2241 sacrificaverunt

151 2314 199 2367 Ξ.
232 2312 298 2367 De
323 2309 634 2368 diaconibus
657 2307 750 2378 qui
795 2303 1231 2361 immolaverunt.
1723 2291 1908 2349 idolis.

157 2407 201 2460 3.
233 2404 300 2459 De
317 2401 523 2459 clericis
553 2401 673 2456 sive
704 2398 860 2454 laicis
880 2411 1109 2468 quorum
1148 2407 1340 2448 manus
1367 2389 1456 2446 alii
1503 2402 1626 2446 cum
1795 2386 1884 2441 15.
1928 2384 2004 2438 De
2026 2378 2388 2452 coepiscopis.

104 2497 264 2568 injuria
286 2509 438 2565 super
468 2492 740 2549 idolorum
780 2460 1048 2546 sacrificia
1094 2489 1412 2556 posuerunt.
1797 2476 1888 2533 14.
1927 2475 2006 2530 De
2026 2470 2358 2544 presbyteris
2405 2484 2440 2524 a
2485 2481 2652 2523 carne
2697 2481 2755 2521 se
2804 2460 3232 2519 abstinentibus.

323 2548 403 2642 his
449 2585 546 2656 qui
601 2583 655 2637 in
687 2581 906 2652 templis
951 2548 1215 2634 idolorum
1249 2578 1629 2636 cmnaverunt,
1801 2568 1890 2624 15.
1933 2564 2052 2620 Non
2122 2563 2320 2619 debere
2381 2561 2726 2632 presbyteros
2778 2553 3143 2612 ecclesiastica
3191 2548 3313 2618 jura

107 2678 155 2732 de
179 2676 344 2748 quibus
363 2690 546 2747 supraw
1725 2660 1980 2716 vendere.

158 2741 206 2822 5:
231 2768 299 2824 De
353 2741 440 2824 his
485 2767 588 2838 qui
631 2765 824 2820 timore
883 2763 1020 2817 ritus
1067 2758 1352 2830 gentilium
1408 2769 1636 2826 perege-
1802 2751 1890 2808 16.
1933 2750 2008 2804 De
2027 2748 2114 2804 his
2139 2746 2231 2818 qui
2260 2741 2708 2800 irrationabiliter
2727 2741 3000 2795 vixerunt.

108 2868 219 2913 runt.
502 2829 519 2838 ”
1080 2829 1098 2830 7
1805 2843 1894 2898 17.
1936 2841 2011 2896 De
2036 2839 2122 2895 his
2148 2838 2241 2908 qui
2273 2837 2414 2892 sicut
2441 2843 2591 2890 muta
2628 2831 2881 2888 animalia
2902 2829 3177 2884 vixerunt.

161 2949 202 3002 6.
236 2949 303 3004 De
344 2950 423 3004 his
445 2949 544 3020 qui
580 2947 633 3001 in
676 2943 812 3000 locis
843 2941 1108 2998 idolorum
1153 2939 1636 2994 manducaverunt.
1807 2935 1896 2992 18.
1936 2935 2013 2990 De
2038 2931 2309 3004 episcopis
2337 2929 2429 3000 qui
2465 2926 2702 2982 ordinati
2728 2939 2836 2980 non
2863 2921 3247 2991 suscipiuntur.

159 3038 203 3093 7.
234 3041 300 3096 De
322 3041 404 3096 his
431 3018 523 3110 qui
565 3038 882 3108 frequenter
920 3033 1078 3088 idolis
1104 3029 1546 3085 immolaverunt.
1812 3031 1898 3086 19.
1939 3028 2016 3083 De
2041 3027 2127 3082 his
2152 3025 2243 3096 qui
2267 3023 2635 3095 virginitatem
2662 3018 3010 3091 proﬁtentur.

161 3129 204 3183 8.
235 3129 298 3185 De
340 3131 421 3186 his
447 3129 545 3200 qui
589 3127 762 3184 coacti
790 3125 866 3180 uti
900 3121 1056 3178 idolis
1092 3119 1526 3176 immolaverunt.
1813 3123 1903 3177 20.
1946 3121 2022 3176 De
2043 3118 2324 3174 adulteris.

109 3305 121 3358 ι
160 3219 202 3273 9-
235 3222 302 3276 De
352 3222 437 3276 his
486 3219 585 3291 qui
629 3218 751 3273 aliis
805 3211 1150 3272 sacriﬁcandi
1212 3224 1437 3266 causam
1499 3215 1646 3262 31111-
1813 3215 1905 3269 2l.
1947 3214 2022 3269 De
2063 3210 2381 3267 mulieribus
2429 3223 2552 3280 qure
2604 3205 2884 3261 fornicata:
2935 3209 3125 3274 partus
3201 3211 3326 3252 suos

124 3317 265 3358 erunt.
1749 3312 1964 3358 necant.

124 3317 265 3362 erunt.

1749 3312 1963 3360 necant.

165 3397 236 3450 l0.
273 3398 340 3455 De
363 3398 704 3456 diaconibus.
1821 3392 1912 3446 22.
1954 3392 2032 3446 De
2094 3389 2180 3444 his
2219 3386 2308 3459 qui
2356 3385 2601 3440 volentes
2649 3381 3004 3439 homicidium
3059 3378 3327 3434 fecerunt.

161 3487 230 3542 11.
269 3489 337 3545 De
384 3486 730 3560 desponsatis
786 3485 989 3557 puellis
1040 3491 1095 3540 et
1140 3483 1220 3538 ab
1279 3480 1403 3536 aliis
1468 3493 1654 3535 corru-
1823 3483 1915 3537 23.
1955 3481 2031 3535 De
2057 3481 2142 3535 his
2179 3480 2270 3549 qui
2296 3493 2448 3532 more
2483 3475 2758 3547 gentilium
2789 3474 2996 3527 vivunt.

113 3579 206 3646 illis.
1832 3573 1922 3627 24.
1963 3572 2041 3627 De
2076 3585 2142 3625 eo
2167 3570 2259 3640 qui
2287 3583 2529 3625 sororem
2559 3581 2770 3638 sponsa:
2791 3579 2902 3621 sua:
2921 3562 3153 3618 vitiavit.

899 3822 1008 3894 ει
1047 3819 1340 3884 INCIPIT
1382 3783 1823 3882 CONCILIUM
1870 3813 2394 3877 ANCYRANUM.

1413 3987 1594 4058 (Anno
1615 3985 1830 4043 Domini
1858 3985 1983 4042 600.
2341 3943 2370 4040 π)

154 4146 242 4238 isti
283 4148 496 4219 quidem
545 4161 815 4238 canones,
857 4161 952 4203 seu
1003 4147 1231 4220 regulae,
1277 4146 1488 4216 priores
1533 4153 1660 4200 sunt
1685 4149 1730 4211 α
1761 4143 1894 4215 prize
1934 4141 2209 4208 retinere,
2250 4139 2448 4197 offerre
2475 4146 2656 4193 autem
2693 4137 2796 4193 illis
2837 4144 2898 4192 et
2936 4151 3240 4193 sermonem
3277 4139 3344 4194 ad

113 4233 325 4304 NIcaenis,
350 4240 443 4295 sed
465 4239 588 4294 ideo
611 4236 816 4293 Mearm
839 4250 1078 4290 canones
1094 4236 1305 4306 priores
1327 4233 1654 4300 scribuntur,
1759 4233 2013 4303 populum
2041 4233 2222 4288 facere
2239 4272 2255 4299 ,
2285 4239 2378 4286 aut
2405 4228 2673 4300 aliquibus
2703 4227 3132 4304 sacerdotalibus
3157 4227 3348 4285 olﬁciis

113 4337 299 4396 propter
339 4328 720 4384 auctoritatem
756 4326 936 4397 magni
966 4334 1024 4380 et
1061 4301 1234 4381 sancti
1269 4322 1480 4379 concilii
1519 4323 1661 4394 apud
1760 4301 1908 4400 iungi
1937 4343 2045 4384 non
2077 4327 2254 4383 liceat.
2948 4301 2950 4304 r

115 4411 314 4472 Nicaeam
341 4417 533 4474 habiti.
1832 4420 1895 4475 11.
1938 4419 2201 4476 Diacones
2233 4417 2498 4482 similiter,
2535 4415 2625 4486 qui
2673 4413 3121 4480 immolaverunt,
3159 4424 3348 4483 postea

170 4504 532 4563 θθηνθθθτυηι
558 4517 742 4564 amem
771 4507 826 4561 ίη
855 4505 1117 4578 δΥηοάιιῐΠ
1145 4511 1519 4569 πιθιηοηιέιῐη,
1547 4503 1662 4557 ΑΠ’
1765 4521 1946 4568 autem
1986 4512 2184 4566 iterum
2229 4508 2476 4566 reluctati
2526 4514 2684 4571 sunt,
2728 4503 2846 4560 illos
2887 4505 3103 4574 quidem
3139 4503 3348 4557 honore

117 4608 270 4665 cyraIn
294 4599 603 4667 civitatem,
631 4599 710 4665 hi,
747 4598 842 4670 qui
871 4597 1011 4653 infra
1042 4597 1229 4669 scripti
1263 4607 1407 4663 sunt,
1435 4595 1660 4652 Marcel-

1805 4618 1952 4660 arere
1990 4609 2203 4673 oportet
2240 4614 2457 4656 cessare
2495 4615 2626 4656 vero
2659 4597 2854 4653 debere
2892 4598 2959 4651 ab
3007 4594 3149 4650 omni
3192 4607 3348 4647 sacro

118 4684 184 4740 lus
209 4688 540 4791 ancyranus,
563 4690 882 4762 Agricolaus
902 4689 1274 4755 Caesariensis,
1296 4686 1477 4759 Lupus
1497 4687 1661 4742 Thar—

1810 4694 2096 4760 Iinisterio,
2140 4693 2214 4748 ita
2245 4700 2305 4747 ut
2349 4705 2451 4747 nec
2477 4705 2672 4761 panem
2708 4703 2810 4743 nec
2851 4686 3075 4741 calicem
3103 4682 3353 4746 offerant,

118 4779 299 4880 scrisis,
338 4781 538 4837 Vitalio
581 4781 964 4838 Antiochensis
990 4821 1005 4845 ,
1046 4779 1278 4837 Basilius
1323 4779 1661 4841 Amasenus.

1914 4785 2280 4856 pronuntient,
2333 4783 2432 4839 nisi
2466 4782 2605 4839 forte
2634 4780 2796 4849 aliqui
2826 4779 3196 4848 episcoporum
3225 4790 3358 4830 con-
3453 4828 3457 4831 .

120 4867 470 4942 Philadelphus
494 4871 930 4946 JuliOpolitanus,
963 4871 1215 4928 Testulus
1241 4869 1663 4935 Nicomedensis,

1821 4877 1867 4932 :ii
1899 4877 2009 4931 sint
2038 4875 2241 4932 laboris
2270 4889 2458 4931 eorum
2497 4883 2553 4930 et
2596 4868 2934 4933 humilitatis,
2973 4877 3031 4924 et
3054 4874 3364 4922 mansuetuo

120 4957 369 5063 lleraclius
407 4964 756 5032 Zolonensis,
799 4965 994 5020 Petrus
1036 4964 1351 5026 lconiensis,
1398 4963 1663 5019 Munecius

1833 4967 1945 5032 nis,
1986 4977 2040 5023 et
2073 4967 2342 5023 voluerint
2372 4967 2451 5022 eis
2497 4962 2699 5036 aliquid
2741 4959 2972 5029 amplius
3019 4961 3253 5015 tribuere
3281 4954 3367 5009 vel

121 5044 788 5156 EiMiCEnSistPeI-‘gianus
819 5054 1202 5112 Antiochtenus
1232 5055 1506 5123 Phisidize,
1536 5053 1672 5108 Nar-
1775 5060 2036 5126 adimere,
2064 5073 2232 5130 penes
2258 5059 2404 5129 ipsos
2434 5071 2567 5128 ergo
2593 5058 2658 5111 de
2688 5051 2773 5106 his
2799 5050 2903 5105 erit
2931 5061 3191 5121 potestas.

120 5140 271 5196 cissus
295 5140 656 5204 Nerodiensis.

1847 5151 1933 5206 111.
1975 5152 2079 5220 Qui
2117 5151 2383 5221 fugientes
2422 5148 2619 5206 timore
2661 5145 3060 5215 persecutionis
3087 5187 3100 5209 ,
3131 5152 3377 5210 compre-

125 5317 134 5327 .
180 5227 298 5286 CAP.
336 5232 375 5287 1.
415 5233 787 5310 Presbyteros,
822 5237 915 5307 qui
958 5236 1373 5295 immolaverunt
1399 5246 1452 5294 ct
1494 5247 1668 5309 postea

1836 5240 1934 5296 Insi
1969 5250 2118 5307 sunt,
2147 5241 2232 5296 vel
2263 5257 2293 5295 a
2325 5238 2687 5296 familiaribus
2727 5249 2822 5290 seu
2857 5250 2887 5288 a
2919 5234 3229 5293 domesticis
3271 5239 3379 5282 tra-

123 5327 306 5434 llfl’uﬂ'l.
339 5335 602 5384 certamen
634 5331 900 5393 inierunt,
939 5329 981 5383 si
1013 5329 1111 5388 hoc
1144 5333 1320 5404 ipsum
1361 5346 1426 5386 ex
1469 5332 1594 5395 fide,
1625 5337 1679 5384 et
1782 5332 1903 5397 diti,
1931 5342 1985 5388 et
2004 5334 2089 5388 vel
2117 5334 2258 5387 bona
2285 5330 2506 5402 propria
2544 5329 2872 5390 amiserunt,
2895 5334 2986 5383 vel
3015 5322 3380 5385 sustinuerunt

3135 5428 3144 5434 .
3205 5413 3262 5434 If‘n
3297 5419 3344 5434 In
