3908 5434
521 317 624 375 265

1407 311 1698 367 Al-‘PEND.
1736 311 1827 365 AD
1876 309 2054 366 SEC.
2099 308 2188 365 IX.
2222 341 2290 352 —-
2324 311 2576 371 ISIDOBI
2605 315 3042 374 MERCATORIS
3674 324 3747 379 Sfi

526 434 670 489 tibus
704 434 756 487 in
794 430 918 496 ﬁde,
954 436 1009 484 et
1035 426 1372 485 Christianos
1411 440 1469 481 se
1493 439 1614 481 esse
1643 420 2067 483 vociferantibus
2093 462 2108 489 ,
2141 423 2188 483 A
2217 424 2394 483 minus
2437 428 2627 500 epulas
2668 429 2868 488 ibidem
2917 439 3269 502 portaverunt
3311 440 3367 489 et
3413 434 3749 491 comederuntv

525 527 629 582 hoc
660 538 790 596 ergo
828 520 971 594 quod
1000 522 1080 577 eis
1108 518 1291 575 invitis
1322 530 1378 574 et
1422 517 1543 573 aliis
1583 517 1904 588 cogentibus
1944 514 2119 571 conti-

524 618 625 688 git,
650 616 696 672 si
721 616 871 672 luctu
898 621 955 670 et
975 625 1208 669 maerore
1236 609 1403 666 animi
1431 609 1627 667 acerbe
1647 623 1707 665 se
1731 607 1874 664 ferre
1896 606 2120 662 demon-

525 715 741 776 strant,
785 705 997 777 ipsique
1042 701 1232 761 humili
1269 716 1367 773 per
1408 702 1607 757 bonam
1646 698 2120 756 conversationem

527 801 713 857 habitu
754 798 1064 855 incedentes
1099 795 1282 852 dolere
1322 809 1383 850 se
1414 792 1557 865 quod
1590 791 1743 847 inviti
1794 788 1968 846 coacti
1996 795 2122 845 sunt

526 893 775 956 doceant,
802 891 902 947 bos
932 896 1188 958 tanquam
1212 885 1518 955 inculpatos
1545 898 1575 939 a
1606 881 1986 939 communione
2011 894 2121 936 non

525 983 721 1040 vetari.
746 980 805 1038 Si
826 989 1005 1037 autem
1014 978 1126 1049 jam
1142 977 1396 1050 prohibiti
1409 976 1615 1032 suntab
1638 972 1907 1045 aliquibus
1929 987 1959 1026 a
1975 985 2124 1028 com-

525 1073 786 1131 munione
798 1071 1023 1143 majoris
1035 1069 1323 1139 diligentiae
1335 1065 1704 1137 inquisitionis
1716 1079 1902 1131 causa,
1920 1074 2013 1119 aut
2026 1076 2125 1135 per

528 1165 833 1236 aliquorum
878 1161 1240 1234 ignorantiam
1270 1160 1452 1217 statim
1501 1158 1667 1229 recipi
1698 1165 1950 1228 oportere
1975 1196 1990 1222 ,
2018 1156 2124 1211 hoc

530 1265 710 1312 autem
753 1253 1031 1312 observari
1059 1259 1291 1324 oportet,
1329 1259 1386 1306 et
1421 1250 1488 1305 de
1526 1248 1744 1307 clericis
1778 1259 1835 1303 et
1861 1249 1926 1304 de
1969 1247 2125 1303 laicis

530 1348 802 1404 omnibus.
854 1345 1047 1402 Laicos
1095 1359 1226 1400 sane
1263 1343 1357 1413 qui
1404 1342 1457 1396 in
1507 1340 1738 1397 similem
1785 1337 2127 1395 necessitatis

534 1454 757 1495 causam
797 1438 1143 1502 inciderunt,
1185 1443 1444 1505 tanquam
1488 1432 1536 1488 si
1581 1431 1714 1487 nihil
1760 1429 2126 1501 peccaverint,

537 1529 777 1585 maxime
801 1529 848 1584 si
887 1543 982 1583 eos
1006 1526 1302 1598 probabilis
1334 1524 1446 1580 vita
1485 1522 1847 1588 commendet,
1881 1521 1950 1576 ad
1984 1520 2131 1576 ordi-

535 1621 812 1677 nationem
842 1620 1009 1693 recipi
1036 1619 1257 1691 placuit.

2220 518 2426 588 placuit
2453 529 2514 576 ut
2540 530 2666 592 post
2691 522 2895 579 biennii
2922 525 3296 595 pmnitentiam
3335 526 3676 596 suscipiantur
3700 527 3749 583 ita

2223 619 2403 669 tamen
2430 623 2614 670 utrum
2647 623 2739 671 aut
2770 631 2893 672 eum
2932 616 3206 673 oblatione
3248 618 3542 687 recipiendi
3571 620 3681 684 sint,
3703 635 3749 675 an

2220 704 2288 759 ad
2329 705 2497 761 solam
2539 708 2976 763 communionem
3008 709 3217 765 admitti
3261 710 3494 766 debeant
3526 714 3753 783 unusquis

2221 809 2327 864 que
2355 796 2730 868 episcoporum
2754 799 3027 856 examinet
3055 799 3218 855 vitam
3250 814 3441 857 eorum
3462 841 3479 868 ,
3503 809 3558 856 et
3584 813 3753 872 prater-

2222 886 2297 943 ita
2346 903 2409 943 ac
2456 890 2745 960 praesentia
2791 892 2972 948 habita
3028 892 3463 948 consideratione
3494 897 3753 964 perpendat.

2294 976 2429 1033 Vlll.
2471 979 2536 1035 lli
2563 988 2744 1037 autem
2770 982 2863 1051 qui
2895 984 3134 1040 secundo
3161 983 3246 1040 vel
3274 985 3439 1041 tertio
3467 986 3754 1042 sacriﬁcave-

2224 1076 2353 1123 runt
2380 1069 2432 1124 vi
2458 1071 2669 1137 coacti,
2701 1081 2940 1143 quatuor
2982 1073 3142 1130 annis
3181 1089 3300 1131 sese
3322 1076 3390 1130 ad
3438 1076 3755 1146 pmuitentiam

2225 1158 2586 1227 submittant,
2617 1161 2828 1218 duobus
2856 1173 3037 1218 autem
3071 1164 3190 1220 aliis
3219 1165 3333 1220 sine
3368 1165 3633 1221 oblatione
3653 1181 3759 1221 com-

2226 1249 2524 1317 municent,
2546 1252 2777 1322 septimo
2797 1267 2939 1308 anno
2957 1252 3347 1324 perfectionem
3370 1255 3635 1326 recepturi
3653 1271 3758 1311 con-

2229 1354 2520 1395 mutnonts.
3296 1361 3300 1364 ‘

2299 1433 2388 1488 IX.
2432 1435 2705 1505 Quotquot
2751 1444 2933 1493 autem
2962 1451 3068 1493 non
3110 1436 3284 1493 solum
3312 1452 3343 1493 a
3385 1436 3496 1493 ﬁde
3541 1438 3759 1493 Dominis:

2228 1530 2531 1597 deviarunt,
2568 1532 2664 1589 sed
2703 1533 2868 1589 etiam
2900 1533 3315 1589 insurrexerunt
3348 1533 3403 1589 in
3437 1532 3593 1599 alios,
3618 1532 3759 1589 etfn~

2230 1623 2402 1679 tribus
2433 1632 2853 1695 persuaserunt,
2893 1634 2948 1681 et
2980 1626 3058 1681 rei
3092 1624 3219 1680 facti
3254 1634 3383 1681 sunt
3410 1623 3762 1695 persuasionis,

611 1710 703 1767 lV.
743 1711 821 1767 De
835 1712 975 1783 aliis,
996 1711 1089 1782 qui
1120 1710 1430 1767 sacriﬁcare
1456 1706 1631 1766 coacti
1658 1713 1802 1773 sunt,
1832 1706 2053 1775 insuper
2076 1704 2129 1760 in

2241 1715 2287 1771 hi
2317 1730 2412 1787 per
2436 1717 2723 1772 triennium
2744 1716 2961 1786 quidem
2988 1716 3129 1772 inter
3143 1717 3568 1773 catechumenos
3586 1715 3763 1770 habean-

538 1802 754 1873 templis
797 1780 1064 1858 idolorum
1105 1807 1492 1865 cmnaverunt,
1540 1798 1587 1853 si
1630 1797 1722 1868 qui
1769 1810 1960 1852 eorum
2006 1810 2129 1851 cum

2241 1813 2343 1872 tur,
2373 1821 2470 1877 per
2491 1806 2635 1862 aliud
2660 1816 2839 1863 autem
2866 1808 3181 1863 sexennium
3204 1807 3545 1878 poenitentiae
3567 1805 3764 1876 recipiant

539 1893 731 1949 habitu
762 1892 992 1950 cultiore
1033 1890 1341 1962 ad‘templa
1381 1888 1629 1960 producti
1660 1894 1808 1954 sunt,
1853 1896 2016 1957 atque
2058 1885 2130 1941 ibi

539 1984 851 2055 pretiosiori
881 1990 1032 2039 veste
1059 1982 1237 2037 adhuc
1278 1989 1693 2035 mutataccenae
1714 1978 2024 2050 ,participes
2050 1976 2137 2032 fa-

543 2077 620 2135 cti
650 2086 797 2143 sunt,
830 2075 1094 2131 idolorum
1142 2072 1511 2129 indifferenter
1538 2082 1814 2127 sumentes
1837 2071 2020 2127 omnia
2043 2069 2135 2141 qui

542 2169 761 2225 fuerant
800 2167 1067 2241 apposita,
1102 2166 1307 2239 placuit
1350 2167 1492 2223 inter
1528 2165 1810 2221 audientes
1846 2178 1953 2219 uno
1988 2177 2135 2219 anno

546 2266 825 2333 constitui,
874 2255 1049 2322 tribus
1090 2258 1273 2320 autem
1316 2261 1439 2318 aliis
1482 2258 1639 2316 annis
1670 2274 1831 2332 agere
1869 2259 2139 2330 paeniten-

554 2358 711 2425 tiam,
736 2357 833 2413 sed
853 2371 921 2412 ex
949 2355 1068 2427 ipso
1091 2354 1324 2410 triennio
1344 2368 1443 2424 per
1465 2351 1740 2410 biennium
1765 2347 2138 2406 tantummodo

545 2448 777 2505 orationi
819 2446 1255 2514 communicare,
1287 2444 1448 2501 tertio
1490 2452 1671 2499 autem
1702 2456 1851 2498 anno
1887 2438 2137 2496 reconci-

542 2542 686 2598 liare
714 2538 1090 2596 sacramentis.

619 2631 686 2690 V.
725 2631 1001 2702 Quotquot
1023 2637 1202 2684 autem
1226 2628 1595 2685 ascenderunt
1617 2625 1815 2696 templa
1843 2640 1966 2681 cum
1988 2632 2142 2680 veste

549 2725 793 2797 lugubri,
837 2731 896 2780 et
939 2721 1318 2778 recumbentes
1346 2721 1492 2777 inter
1525 2719 1660 2774 alios
1701 2715 2145 2773 manducaverint

548 2817 765 2880 ﬂentes,
795 2813 840 2868 si
864 2811 1255 2882 compleverint
1292 2809 1670 2885 paenitentiam
1686 2805 1919 2862 triennii
1943 2813 2148 2877 tempo-

551 2907 661 2974 ris,
683 2906 801 2962 sine
820 2903 1091 2962 oblatione
1118 2902 1483 2973 suscipientur
1504 2900 1571 2955 ad
1599 2898 2057 2968 communionem,
2092 2897 2147 2953 id

551 3006 639 3055 est
669 3004 730 3053 ut
758 2996 860 3068 ipsi
895 2993 1223 3052 oblationem
1253 3008 1362 3049 non
1405 2989 1655 3048 oderant.
1697 2990 1756 3046 Si
1800 3000 1982 3045 autem
2021 3003 2147 3059 per-

555 3089 704 3147 ducti
723 3088 792 3145 ad
811 3086 1008 3158 templa
1028 3101 1138 3143 non
1161 3085 1628 3150 manducaverint,
1651 3082 1872 3139 biennio
1890 3087 2145 3137 maneant

535 3183 615 3237 ain
653 3179 992 3253 poenitentia.
1035 3179 1219 3235 Tertio
1254 3192 1385 3233 vero
1412 3176 1845 3243 communicent,
1893 3174 1988 3230 sed
2022 3175 2147 3231 sine

557 3270 863 3337 oblatione,
906 3277 968 3324 ut
1011 3268 1213 3326 dictum
1242 3275 1356 3336 est,
1392 3268 1447 3324 in
1479 3276 1673 3339 quarto
1696 3264 1808 3335 jam
1854 3269 1997 3322 anno
2023 3280 2150 3336 per-

532 3363 850 3421 .fectioner’n
897 3376 1052 3418 suam
1090 3361 1377 3432 recipiant.
1418 3361 1740 3433 Episcopum
1781 3368 1961 3416 autem
2006 3358 2150 3415 hanc

561 3454 763 3511 habere
803 3442 1346 3522 licentiam'oportet,
1379 3460 1568 3522 utpro
1610 3451 1694 3506 his
1722 3458 1943 3520 peccata
1968 3450 2152 3520 singu-

560 3546 734 3601 lorum
759 3544 1105 3610 consideret,
1140 3554 1202 3599 et
1231 3551 1392 3615 prout
1429 3541 1626 3597 viderit
1664 3542 2149 3608 conversationem,

563 3654 840 3705 normam,
889 3637 1241 3711 regulamque
1294 3636 1725 3693 conversationis
1764 3636 2057 3701 attribuat,
2099 3634 2154 3690 id

564 3738 670 3795 est,
699 3736 761 3783 ut
786 3727 1081 3783 humanius
1104 3741 1269 3797 agens
1299 3725 1594 3782 secundum
1622 3725 1746 3779 vitae
1768 3724 1985 3779 modum
2019 3733 2155 3778 tem-

542 3835 667 3890 ,pus
712 3818 875 3875 alicui
914 3819 1188 3897 breviare,
1234 3826 1326 3872 aut
1358 3817 1523 3874 etiam
1566 3816 1828 3887 prolixius
1856 3817 1998 3887 quod
2039 3831 2156 3872 cor-

569 3912 823 3969 rectionis
867 3912 1233 3969 necessarium
1282 3909 1506 3976 viderit,
1558 3910 1776 3965 addere.
1825 3908 2157 3965 Discutiatur

566 4014 748 4061 autem
777 4004 1017 4061 omnium
1049 4004 1263 4069 horum,
1296 4013 1351 4059 et
1377 4001 1687 4073 prmcedens
1728 4002 1853 4069 vita,
1885 4009 1940 4057 et
1981 4011 2157 4073 poste-

568 4100 703 4165 rior,
737 4107 793 4156 et
832 4099 908 4155 ita
935 4099 1081 4156 circa
1125 4113 1220 4156 eos
1252 4097 1601 4155 sacerdotalis
1635 4097 1943 4154 humanitas
1971 4095 2155 4152 mode-

538 4239 546 4246 .
572 4198 745 4246 retur.
1466 4216 1471 4219 >

638 4280 727 4335 Vl.
770 4281 846 4336 De
873 4282 960 4339 his
985 4281 1077 4355 qui
1113 4283 1274 4339 minis
1302 4291 1510 4339 tantum
1547 4282 1835 4353 cesserint,
1871 4291 1965 4338 aut
1989 4285 2157 4340 bono-

534 4389 692 4429 .rum
735 4375 1035 4445 oblatione,
1068 4386 1162 4432 aut
1209 4377 1681 4448 transportationis
1706 4390 1865 4447 pmna
1911 4374 2156 4431 deterriti

2171 3132 2217 3196 C

2234 1899 2409 1955 locum
2432 1939 2447 1965 ,
2484 1898 2591 1953 alio
2619 1913 2749 1954 vero
2785 1914 2962 1965 anno,
3003 1899 3054 1955 id
3089 1907 3173 1955 est
3210 1898 3418 1954 decimo
3442 1938 3461 1964 ,
3493 1895 3764 1953 communio-

2236 2004 2360 2046 nem
2404 1990 2524 2045 sine
2552 1988 2827 2046 oblatione
2862 1989 3129 2061 recipiant
3156 1995 3217 2042 ut
3253 1986 3530 2057 completo
3570 1982 3767 2042 decennio

2234 2079 2566 2151 perfectione
2623 2079 2895 2135 fruantur.
2950 2079 3075 2135 ldeo
3135 2087 3314 2134 autem
3372 2077 3498 2147 ipso
3550 2085 3766 2146 tempore.

2235 2170 2397 2227 etiam
2429 2171 2539 2226 vita
2576 2185 2764 2227 eorum
2796 2179 2853 2226 et
2891 2168 3234 2225 conversatio
3261 2166 3651 2224 consideranda
3672 2172 3745 2219 est.

2308 2261 2377 2318 X.
2416 2262 2492 2319 De
2525 2263 2792 2330 diaconis,
2814 2262 3130 2333 quicunque
3157 2274 3281 2317 cum
3326 2260 3660 2325 ordinantur,
3683 2258 3768 2313 siin

2236 2353 2354 2425 ipsa
2396 2355 2738 2411 ordinatione
2775 2353 3060 2427 protestati
3101 2361 3265 2419 sunt,
3311 2351 3562 2408 dicentes
3594 2349 3705 2405 velle
3731 2362 3769 2403 se

2237 2447 2442 2502 habere
2465 2459 2685 2513 uxores,
2716 2459 2817 2501 nec
2840 2458 3005 2517 posse
3037 2459 3095 2500 se
3122 2443 3423 2509 continere,
3465 2442 3524 2498 bi
3550 2450 3720 2513 postea,
3739 2438 3769 2492 si

2233 2538 2310 2595 ad
2336 2538 2552 2610 nuptias
2570 2539 2841 2605 venerint,
2870 2546 3127 2594 maneant
3154 2538 3207 2592 in
3223 2535 3565 2599 ministerio,
3591 2543 3770 2606 propter-

2241 2643 2305 2685 ea
2332 2628 2476 2700 quod
2504 2628 2590 2684 his
2637 2628 2921 2700 episcopus
2949 2626 3219 2684 licentiam
3255 2627 3489 2684 dederit.
3525 2625 3772 2694 Quicunque

2236 2735 2376 2778 sane
2401 2728 2706 2787 tacuerunt,
2730 2730 2785 2776 et
2809 2728 3167 2792 susceperunt
3193 2733 3386 2774 manus
3410 2717 3771 2789 impositioneut.

2243 2811 2473 2885 professi
2510 2811 2932 2878 continentiam,
2972 2811 3016 2867 si
3058 2819 3245 2882 postea
3275 2810 3343 2865 ad
3380 2810 3602 2881 nuptias
3629 2820 3773 2865 conre-

2228 2907 2429 2962 nerint
2447 2945 2463 2972 ,
2490 2921 2521 2961 a
2545 2905 2849 2961 ministerio
2873 2919 3092 2961 cessare
3117 2904 3410 2960 debebunt.

2314 2996 2407 3052 Xl.
2451 2997 2814 3068 Desponsatas
2852 2995 3091 3067 puellas,
3132 3003 3188 3052 et
3225 3004 3412 3068 postea
3458 2993 3535 3050 ab
3569 2992 3675 3050 aliis
3688 3005 3777 3046 core

2247 3097 2454 3160 ruptas,
2486 3087 2688 3158 placuit
2714 3088 2853 3151 erui,
2885 3095 2939 3143 et
2966 3086 3051 3143 his
3090 3086 3239 3143 reddi
3271 3084 3476 3157 quibus
3516 3081 3778 3139 fuerantdc-

2245 3187 2546 3250 sponsam,
2579 3177 2743 3234 etiam
2780 3177 2826 3233 si
2863 3191 2958 3233 eas
2987 3191 3017 3231 a
3053 3175 3360 3246 raptoribus
3403 3172 3593 3231 florem
3618 3168 3778 3244 pudoris

2249 3272 2500 3328 amisisse
2528 3271 2864 3330 constiterit.

2320 3361 2433 3417 Xll.
2459 3361 2588 3429 Eos,
2603 3361 2695 3432 qui
2717 3369 2842 3415 ante
2862 3360 3189 3431 baptismum
3206 3356 3646 3415 sacrificaverunt
3657 3351 3778 3410 idolis

2236 3464 2308 3511 tet
2328 3462 2521 3525 postea
2549 3452 2874 3524 baptismum
2893 3451 3170 3508 consecuti
3198 3458 3349 3516 sunt,
3376 3449 3584 3519 placuit
3601 3444 3660 3501 ad
3682 3442 3781 3500 erili.

2253 3562 2377 3603 nem
2418 3544 2765 3616 promoveri,
2807 3552 3060 3615 tanquam
3100 3544 3167 3600 ab
3194 3541 3340 3598 omni
3369 3540 3602 3597 crimine
3632 3532 3783 3592 lavacri

2254 3640 2506 3696 salutaris
2535 3638 2965 3695 sanctiﬁcatione
2986 3645 3274 3710 purgatos.

2324 3732 2462 3789 Xlll.
2508 3731 2734 3789 Vicariis
2764 3732 3138 3803 episcoporum
3169 3730 3327 3804 (quos
3354 3730 3537 3787 Graeci
3567 3725 3783 3796 coepisco-

2253 3840 2353 3897 pos
2376 3825 2594 3896 vocant)
2625 3838 2731 3878 non
2757 3822 2942 3887 licere,
2970 3821 3053 3876 vel
3083 3821 3454 3892 presbyteros,
3481 3817 3570 3873 vel
3589 3816 3785 3871 diaconos

2255 3917 2524 3973 ordinare.
2563 3914 2670 3971 Sed
2701 3929 2801 3970 nec
2830 3912 3162 3985 presbyteris
3195 3910 3433 3967 civitatis
3463 3908 3583 3964 sine
3605 3897 3786 3976 epismpi

2255 4019 2523 4082 praecepto
2551 4008 2751 4080 aliquid
2794 4009 3081 4078 imperare,
3127 4019 3228 4060 nec
3256 4003 3372 4059 sine
3396 4000 3703 4057 auctoritate
3731 3992 3786 4045 lit-

2256 4114 2496 4160 terarum
2526 4101 2643 4171 ejus
2677 4101 2730 4156 in
2757 4111 3079 4169 unaquaque
3104 4095 3364 4168 parocbia
3399 4093 3605 4164 aliquid
3628 4101 3764 4159 agere.

2325 4193 2464 4250 XIV.
2505 4192 2581 4248 De
2605 4192 2692 4248 bis
2722 4191 2815 4262 qui
2849 4191 2901 4246 in
2936 4190 3083 4246 clero
3121 4197 3244 4244 sunt
3272 4185 3577 4258 presbyteri
3605 4180 3683 4237 vel
3710 4176 3788 4231 (ﬁa-

2255 4287 2399 4353 coni,
2428 4294 2483 4342 et
2511 4284 2783 4341 abstinent
2813 4296 2871 4338 se
2903 4297 2934 4337 a
2960 4280 3238 4347 carnibus,
3283 4280 3387 4334 hoc
3412 4275 3617 4347 placuit
3650 4266 3785 4328 statui.

2256 4389 2317 4435 ut
2361 4394 2467 4433 non
2517 4392 2611 4433 eas
2661 4384 2914 4444 tanquam
2964 4372 3273 4429 immundas
3316 4374 3688 4430 contemnant,
3724 4356 3786 4414 sed

536 4522 539 4525 .
569 4471 1046 4539 sacriﬁcaverunt,
1075 4480 1130 4528 et
1159 4487 1301 4526 nunc
1332 4486 1502 4543 usque
1528 4486 1633 4526 non
1666 4471 2029 4542 pcenitnerunt
2058 4483 2155 4525 ne-
2177 4469 2588 4547 D-contingant.
2627 4465 2674 4521 Α
2703 4464 2899 4535 quibus
2936 4464 3186 4534 quidem,
3213 4461 3306 4532 qui
3342 4474 3404 4515 se
3437 4457 3697 4515 abstinere
3723 4461 3788 4547 τιξ-

532 4577 674 4634 .que
721 4562 966 4619 conversi
1012 4572 1158 4627 sunt,
1203 4562 1362 4617 modo
1409 4538 1609 4627 autem,
1658 4538 1711 4615 id
1756 4568 1860 4627 est,
1911 4568 2154 4628 tempore
2177 4538 2224 4547 ⁷
2258 4562 2403 4628 lunt,
2432 4560 2671 4616 habeant
2707 4564 3053 4628 potestatem,
3082 4554 3158 4610 ita
3204 4562 3415 4617 tamen,
3452 4557 3513 4604 ut
3549 4548 3597 4604 si
3625 4538 3789 4615 quam?0

569 4654 731 4726 hujus
754 4654 971 4727 synodi,
1000 4669 1062 4710 se
1088 4653 1400 4723 obtulerunt
1440 4651 1815 4709 conversionis
1840 4666 1950 4707 suae
1976 4650 2156 4706 consi-

526 4794 543 4801 ..
567 4745 699 4801 lium
729 4746 1027 4817 capientes,
1057 4743 1258 4816 placuit
1286 4759 1380 4799 eos
1419 4759 1586 4813 usque
1616 4745 1683 4799 ad
1726 4757 1981 4815 magnum
2008 4742 2153 4797 dicm

523 4886 527 4890 .
571 4836 713 4891 inter
755 4835 1036 4892 audientes
1074 4834 1305 4904 suscipi,
1350 4833 1722 4903 pmnitentiam
1764 4839 1946 4889 autem
1993 4845 2155 4902 agere

540 4928 839 4996 .trienuio,
884 4936 1100 5000 etpost
1145 4929 1279 4985 duos
1326 4928 1460 4984 alios
1502 4942 1674 4983 annos
1722 4926 1840 4983 sine
1882 4926 2156 4984 oblatione

571 5017 1006 5086 communicare,
1032 5026 1088 5074 et
1115 5018 1189 5075 ita
1217 5019 1433 5074 demum
1464 5033 1559 5075 sex
1588 5017 1746 5072 annis
1778 5016 2060 5088 completis
2087 5018 2157 5074 ad

546 5105 872 5178 perfectum
919 5107 1222 5177 pervenire.
1255 5106 1407 5175 Quod
1438 5109 1483 5165 si
1518 5107 1686 5179 aliqui
1722 5117 1850 5165 ante
1895 5109 1999 5164 hoc
2026 5123 2156 5164 con-

550 5199 757 5244 .m‘linm
780 5199 1014 5244 stagnanti
1037 5207 1160 5244 sunt
1183 5200 1249 5244 ml
1274 5200 1665 5244 nmnilpnriam-
1698 5214 1760 5244 ex
1792 5201 1882 5244 illn
1914 5210 2157 5244 Iamnam

2258 4668 2383 4712 cum
2428 4652 2665 4709 oleribus
2705 4655 3035 4721 coquuntur,
3073 4647 3260 4702 eadem
3291 4653 3549 4713 tauquam
3591 4633 3790 4695 carnibus

2258 4747 2462 4818 polluta
2492 4760 2597 4801 non
2619 4742 2898 4812 judicent,
2947 4740 3044 4796 sed
3083 4754 3150 4795 ex
3190 4739 3273 4818 bis
3317 4736 3496 4792 cibum
3542 4731 3788 4788 assumant.

2262 4817 2509 4911 quamvis
2534 4850 2566 4891 a
2588 4834 2846 4891 carnibus
2871 4846 2930 4888 se
2956 4817 3278 4887 abstineant.
3303 4827 3455 4896 Quod
3478 4826 3527 4881 si
3552 4826 3607 4880 in
3632 4825 3788 4877 tantum

2262 4946 2356 4987 eas
2380 4927 2777 4984 immundas'et
2803 4922 3194 4980 abominabiles
3229 4919 3609 4990 iudicaverint,
3650 4915 3790 4965 utnec

2261 5018 2408 5075 olera
2447 5032 2568 5089 quae
2595 5032 2718 5073 cum
2746 5013 3002 5070 carnibus
3031 5019 3339 5082 coquuntur
3363 5007 3630 5063 aestiment
3656 5011 3791 5056 cumc-

2263 5110 2476 5176 denda,
2523 5115 2778 5178 tanquam
2825 5120 2931 5160 non
2979 5100 3384 5160 consentientes
3424 5098 3550 5155 huic
3596 5089 3787 5178 result:

2259 5171 2477 5244 nucem-4;.
2503 5214 2598 5244 ρης
2625 5171 2838 5244 ὁποι-ιρι
2861 5203 2915 5244 et
2941 5209 2970 5244 a
3003 5190 3305 5244 ministerio
3328 5198 3386 5244 et
3413 5186 3605 5244 ordine
3634 5193 3731 5237 δυο.
3750 5171 3789 5225 Si
