3926 6436
133 424 226 479 265
1395 415 1881 477 DECIIETALIUM
1911 403 2306 474 COLLECTIO.

3269 412 3372 471 9.86

130 537 366 609 episcopi,
395 537 440 592 si
469 537 820 593 constitutum
854 536 1082 606 pretium
1122 537 1279 592 debet
1309 538 1472 606 recipi
1502 552 1690 600 necne,
1723 540 1769 595 Α
1798 540 1925 588 tate.
1955 533 2106 598 Quod
2134 533 2177 586 si
2207 533 2372 586 etiam
2405 531 2476 586 ibi
2514 529 2805 610 seditiones
2841 530 3115 584 concitare
3149 530 3378 598 proban-

129 637 330 700 propter
375 629 521 698 quod
568 643 707 696 smpe
765 627 1030 697 contingit
1075 627 1454 680 distractarum
1512 642 1689 680 rerum

130 719 730 788 redditusgampliorem
780 735 1046 774 sununum
1098 734 1196 789 pro
1249 729 1470 788 accepto
1519 721 1690 789 pretio

127 810 282 864 reddi.

186 899 313 954 XVI.
354 899 412 954 In
443 900 550 954 hoc
576 901 729 956 titulo
773 905 938 958 verba
989 903 1177 960 Grmca
1222 905 1338 959 haec
1389 911 1542 968 sunt;
1574 916 1691 981 Περι

125 1000 210 1048 τῶν
259 991 448 1063 ἀλογῶς
479 990 753 1065 διαγόντῶν
791 1000 874 1048 καὶ
905 994 1160 1068 dtur/(ivra:
1181 1037 1194 1060 ,
1224 1011 1343 1063 qum
1375 1010 1470 1048 nos
1500 992 1690 1047 Latine

124 1099 384 1153 possumus
421 1084 608 1139 dicere
649 1085 716 1140 de
748 1086 834 1139 his
871 1087 961 1154 qui
1009 1087 1449 1140 irrationabiliter
1491 1086 1690 1140 versati

126 1185 232 1228 sunt
257 1175 365 1230 sive
390 1188 704 1232 versantur.
734 1178 938 1233 Sensus
965 1189 1143 1234 autem
1166 1221 1180 1244 ,
1213 1181 1262 1233 in
1296 1180 1396 1234 hac
1424 1180 1688 1234 sententia

126 1266 299 1334 duplex
328 1281 450 1322 esse
483 1277 689 1338 potest,
731 1269 822 1338 qui
863 1286 930 1323 ex
965 1271 1220 1339 subjectis
1253 1270 1558 1338 conjicitur,
1598 1280 1690 1324 aut

125 1355 275 1410 dehis
300 1357 390 1426 qui
420 1372 546 1412 cum
577 1359 863 1428 pecoribus
891 1360 1034 1414 coitu
1069 1361 1212 1416 miin
1243 1370 1389 1424 sunt,
1420 1371 1512 1415 aut
1540 1376 1690 1416 more

127 1447 361 1515 pecudum
405 1449 617 1504 incesta
661 1467 783 1506 cum
827 1453 1146 1521 propinquis
1188 1454 1507 1523 sanguinum
1539 1469 1689 1508 com-

126 1538 454 1596 miscuerunt.
496 1540 774 1610 Quotquot
801 1541 965 1610 igitur
995 1550 1121 1595 ante
1161 1543 1474 1612 vigesimum
1514 1544 1690 1598 anatis

127 1641 218 1682 sua:
242 1643 436 1682 annum
468 1630 578 1686 tale
605 1632 812 1686 crimen
837 1632 1173 1698 admiserint,
1201 1633 1507 1701 quindecim
1534 1635 1690 1688 annis

129 1717 170 1770 in
209 1720 520 1787 pcenitentia
570 1723 846 1790 peractis,
895 1723 1126 1777 orationi
1171 1733 1379 1778 tantum
1431 1724 1689 1794 incipiant
1747 1763 1752 1769 .

127 1810 520 1867 communicare.
576 1812 644 1866 Et
689 1813 1116 1883 quinquennium
1163 1817 1390 1869 alterum
1441 1816 1494 1869 in
1541 1830 1690 1870 como

1794 634 1910 688 tur,
1965 623 2233 692 episc0pis
2291 621 2487 676 ibidem
2540 621 2891 684 constitutis,
2953 621 3225 690 segregari
3284 636 3379 675 eos

1793 729 2018 770 necesse
2068 722 2194 778 est,
2243 721 2298 768 et
2343 711 2693 766 nihilominus
2741 710 3066 782 presbyterii
3118 710 3380 781 dignitate

1790 803 2014 873 privari.
2904 799 2906 802 ’

1862 892 2003 948 XIX.
2045 892 2320 962 Quotquot
2373 892 2734 961 virginitatem
2782 889 3074 961 pollicitam
3124 890 3384 961 przevari-i‘

1791 991 1924 1039 cata:
1954 991 2097 1046 sunt,
2127 981 2462 1052 professione
2493 989 2793 1050 contempta
2815 1021 2829 1047 ,
2868 980 3008 1033 inter
3034 978 3298 1050 bigamos,
3327 980 3383 1036 id

1789 1085 1872 1130 est
1894 1074 1983 1144 qui
2012 1074 2077 1128 ad
2099 1072 2366 1129 secundas
2389 1074 2602 1142 nuptias
2626 1071 2987 1137 transierunt,
3013 1071 3199 1125 haberi
3220 1071 3380 1125 debe-

1791 1167 1942 1222 bunt.
1973 1165 2220 1238 Virgines
2240 1175 2418 1220 autem
2443 1166 2646 1235 puellas
2674 1165 2781 1236 62
2807 1179 2924 1234 quas
2953 1173 3208 1235 tanquam
3229 1180 3382 1219 soro-

1792 1274 1879 1314 res
1915 1275 2035 1316 cum
2078 1259 2347 1314 nonnullis
2382 1259 2514 1314 viris
2559 1259 2804 1315 habitare
2839 1257 3063 1323 volunt,
3097 1258 3163 1312 ab
3191 1273 3390 1313 eorum

1790 1351 2066 1405 c0nsortio
2095 1350 2465 1420 prohibemus.

1860 1439 1976 1494 XX.
2039 1442 2094 1496 Si
2152 1443 2272 1510 quis
2339 1441 2663 1496 adulterium
2725 1439 3107 1504 commiserit,
3167 1447 3376 1509 septem

1792 1531 1950 1586 annis
1989 1531 2040 1584 in
2074 1533 2389 1602 poenitentia
2419 1531 2703 1601 completis
2731 1577 2746 1597 ,
2778 1529 3096 1602 perfectioni
3128 1529 3386 1585 reddatur

1791 1621 2085 1675 secundum
2121 1620 2377 1689 pristinos
2410 1621 2630 1690 gradus.

1865 1707 2004 1762 XXI.
2047 1709 2121 1763 De
2165 1707 2481 1762 mulieribus
2537 1724 2657 1777 quae
2707 1707 3082 1773 fornicantur,
3113 1716 3168 1762 et
3199 1713 3385 1778 partus

1790 1811 1920 1852 suos
1948 1807 2164 1860 necant,
2194 1796 2287 1850 sed
2310 1805 2367 1850 et
2389 1795 2456 1850 de
2486 1795 2571 1851 his
2597 1812 2717 1866 qua:
2739 1805 2907 1866 agunt
2933 1810 3117 1851 secum
3145 1805 3206 1849 ut
3231 1804 3384 1849 utero

127 1903 348 1956 munione
388 1904 658 1960 orationis
697 1905 865 1962 solius
909 1908 1287 1978 perdurantes.
1331 1908 1460 1964 Post
1498 1910 1687 1980 vigesi-

1812 1893 2087 1956 :onceptus
2155 1885 2504 1949 excutiatur,
2582 1885 2804 1954 antiqua
2871 1885 3088 1954 quidem
3144 1885 3386 1940 definitio

129 2005 249 2045 mum
275 2007 391 2047 cum
418 1994 701 2051 oblatione
736 1998 804 2053 ad
832 2000 1264 2054 communionem
1300 2001 1686 2070 suscipiantur,

131 2081 420 2138 discutiatur
438 2094 626 2140 autem
649 2094 705 2143 et
726 2097 834 2142 vita
855 2103 1040 2144 eorum
1063 2089 1241 2160 qualis
1263 2090 1424 2145 fuerit
1448 2099 1691 2162 tempore

131 2172 447 2240 ptruitentim.
480 2175 552 2231 Et
575 2177 732 2247 juxta
766 2177 907 2234 hanc
937 2180 1323 2237 humanitatem
1354 2198 1692 2254 consequan-

134 2270 220 2316 tur.
247 2263 390 2330 Quod
415 2266 462 2321 si
495 2268 623 2335 quis
657 2269 1093 2338 perseverantius
1119 2270 1320 2328 abusus
1349 2273 1545 2341 fuerit,
1591 2274 1692 2329 hoc

133 2350 327 2407 crimine
370 2355 640 2424 prolixius
690 2367 936 2428 tempus,
984 2357 1038 2416 id
1079 2369 1166 2417 est
1192 2363 1380 2432 viginti
1424 2379 1692 2420 annorum

135 2443 474 2512 pmoitentiam
516 2448 800 2520 suscipiat.
829 2450 931 2519 Qui
958 2466 1115 2520 vero,
1145 2465 1335 2512 exacta
1374 2457 1565 2530 viginti
1595 2473 1695 2514 an-

135 2555 295 2596 norum
321 2551 504 2612 aetate,
536 2553 592 2600 et
624 2560 820 2604 uxores
854 2548 1115 2606 habentes
1144 2551 1198 2606 in
1233 2552 1336 2608 hoc
1368 2553 1577 2609 crimen
1606 2555 1690 2609 in-

135 2630 358 2701 ciderint,
401 2645 529 2706 post
572 2638 758 2708 viginti
789 2647 845 2693 et
886 2639 1123 2709 quinque
1164 2657 1335 2698 annos
1373 2644 1690 2714 paenitentia

136 2734 233 2777 acta
273 2728 335 2781 ad
370 2730 811 2785 communionem
857 2734 1165 2788 orationum
1215 2735 1590 2803 admittantur,
1637 2737 1691 2794 in

136 2828 220 2882 qua
249 2819 624 2876 communione
651 2823 957 2879 orationum
985 2825 1156 2882 altero
1178 2827 1545 2898 quinquennio
1571 2845 1694 2900 per-

138 2906 360 2965 durantes
386 2911 607 2981 plenam
643 2917 1079 2972 communionem
1110 2932 1232 2974 cum
1264 2920 1512 2977 oratione
1555 2922 1696 2977 reci-

139 2996 276 3063 piant.
305 3001 454 3068 Quod
501 3003 552 3058 si
590 3004 752 3074 aliqui
797 3015 852 3062 et
883 3022 1080 3064 uxores
1119 3009 1408 3078 habentes,
1451 3021 1505 3070 et
1537 3028 1692 3070 exce-

139 3089 294 3147 dentes
317 3095 822 3168 quinquagesimum
861 3101 1038 3158 aetatis
1081 3118 1192 3159 sua:
1233 3119 1436 3161 annum
1467 3107 1536 3175 ,in
1590 3109 1693 3166 hoc

139 3182 337 3253 prolapsi
379 3198 507 3244 sunt
543 3189 746 3246 scelere
783 3192 851 3248 ad
885 3193 1090 3250 exitum
1133 3203 1338 3252 tantum
1373 3197 1498 3254 vitae
1539 3215 1690 3256 com-

139 3277 408 3336 tnunionem
446 3293 803 3340 mmreantur.

204 3365 344 3425 XVII.
400 3372 520 3428 llos
568 3378 785 3432 eosdem
815 3418 830 3444 ,
879 3392 1011 3436 sane
1060 3395 1167 3436 non
1221 3381 1396 3438 solum
1452 3383 1694 3455 leprosos

141 3457 332 3516 crimine
370 3463 744 3533 hujuscemodi
775 3468 962 3536 factos,
991 3471 1084 3526 sed
1121 3480 1176 3526 et
1211 3471 1344 3528 alios
1372 3474 1476 3530 isto
1506 3478 1694 3534 morbo

142 3549 371 3637 replentes
397 3596 413 3622 ,
462 3555 668 3626 placuit
711 3559 851 3614 inter
893 3576 988 3616 eos
1031 3578 1190 3618 orare
1231 3565 1325 3634 qui
1373 3574 1694 3637 tempestate

141 3635 386 3708 iactantur,
420 3647 518 3716 qui
549 3663 579 3700 a
610 3649 764 3704 nobis
791 3653 1137 3722 energumeni
1164 3635 1553 3726 intelliguntur.

200 3734 360 3793 XVIII.
399 3741 455 3796 Si
497 3743 589 3811 qui
635 3745 872 3815 episcopi
922 3748 1154 3817 suscepti
1201 3764 1307 3804 non
1356 3761 1482 3805 sunt
1516 3767 1548 3806 a
1597 3767 1693 3808 sua

145 3821 326 3883 diwcesi
351 3830 541 3902 in-qua
580 3830 794 3888 fuerant
830 3833 1181 3903 denominati,
1213 3839 1602 3910 compellantur
1625 3842 1694 3898 ad

144 3921 351 3976 eamdem
397 3923 600 3992 judicis
644 3927 822 3982 edicto
874 3930 1070 3985 redire.
1129 3929 1282 3998 Quod
1334 3934 1379 3988 si
1429 3933 1695 3990 voluerint

145 4007 255 4066 alias
281 4013 548 4073 Ecclesias
575 4032 861 4088 occupare,
896 4029 950 4076 et
978 4021 1086 4076 vim
1125 4020 1306 4078 facere
1333 4025 1454 4081 aliis
1482 4027 1694 4096 episco-

145 4101 212 4169 pis
240 4120 362 4175 quos
395 4111 469 4166 ibi
511 4111 833 4180 invenerint,
875 4114 1165 4171 seditiones
1192 4116 1478 4174 excitando
1510 4120 1699 4175 adver-

147 4206 220 4249 sus
250 4213 334 4256 eos
356 4243 370 4270 ,
415 4205 520 4260 hos
561 4220 848 4276 segregare
879 4217 1108 4278 oportet.
1142 4209 1292 4278 Quod
1341 4210 1386 4266 si
1427 4212 1614 4267 volunt
1642 4213 1696 4268 in

146 4291 442 4364 Presbyterio
492 4297 544 4352 in
588 4299 816 4355 ecclesia
854 4301 944 4354 ubi
987 4302 1136 4371 prius
1179 4301 1393 4358 fuerant
1440 4311 1695 4375 tanquam

147 4383 406 4454 Neshyteri
432 4390 696 4459 residere,
726 4407 832 4448 non
861 4392 1189 4463 repellantur
1217 4409 1244 4448 a
1277 4396 1494 4466 propria
1522 4397 1697 4470 digni-

1791 1993 1961 2048 usque
1989 1978 2059 2032 ad
2092 1977 2296 2032 exitum
2326 1978 2452 2033 vita:
2491 1993 2584 2033 eas
2625 1978 2694 2033 ab
2737 1978 2965 2034 ecclesia
2995 1985 3255 2042 removet,
3286 1979 3388 2032 hu.

1791 2071 1967 2126 manis
1997 2086 2138 2126 nunc
2163 2070 2474 2135 definimus,
2507 2079 2566 2126 ut
2593 2071 2672 2127 eis
2715 2073 2901 2127 decem
2943 2087 3209 2128 annorum
3254 2079 3390 2126 tem-

1790 2175 1892 2230 pus
1925 2161 2259 2229 poenitentiae
2286 2161 2575 2216 tribuatur.
3338 2162 3340 2164 ’

1863 2249 2027 2304 XXII.
2085 2249 2188 2317 Qui
2235 2249 2539 2305 voluntarie
2604 2251 2952 2306 homicidium
2998 2251 3266 2316 fecerint,
3318 2253 3388 2306 ad

1792 2339 2165 2410 paenitentiam
2211 2339 2430 2410 quidem
2472 2339 2678 2411 jugiter
2724 2354 2785 2394 se
2831 2341 3171 2395 submittant.
3219 2340 3378 2396 Circa

1798 2438 1982 2485 autem
2021 2431 2225 2485 exitum
2259 2431 2404 2496 vitae,
2446 2431 2828 2487 communione
2877 2432 3023 2502 digni
3061 2433 3384 2487 habeantur.

1793 2519 1900 2576 Eos
1945 2536 2076 2577 vero
2121 2520 2214 2590 qui
2260 2535 2366 2575 non
2410 2521 2708 2586 voluntate,
2752 2523 2848 2577 sed
2878 2537 3006 2577 casu
3037 2523 3387 2577 homicidium
3437 2591 3443 2598 δ

1791 2611 2042 2679 fecerint,
2095 2613 2246 2683 prior
2290 2611 2474 2683 regula
2509 2621 2632 2682 post
2673 2620 2882 2683 septem
2922 2627 3186 2667 annorum
3217 2614 3390 2682 poeni-

1793 2701 2060 2766 tentiam,
2119 2701 2486 2756 communioni
2543 2701 2772 2757 sociavit
2826 2703 3123 2758 secundum
3187 2704 3400 2775 gradus

1792 2791 2128 2848 constitutos.
2162 2790 2290 2846 Haec
2318 2806 2448 2847 vero
2479 2792 2768 2850 humanior
2797 2793 3040 2850 deﬁnitio
3080 2795 3373 2866 quinquen-

1792 2882 1870 2940 nii
1902 2891 2114 2954 tempus
2145 2883 2356 2938 tribuit.

1862 2972 2049 3029 XXIII.
2089 2974 2193 3042 Qui
2241 2976 2468 3046 auguria
2508 2977 2594 3032 vel
2626 2979 2868 3049 auspicia
2910 2978 3025 3035 sive
3054 2979 3263 3036 somnia
3305 2991 3391 3044 vel

1791 3066 2154 3124 divinationes
2192 3068 2460 3139 quaslibet
2516 3073 2811 3127 secundum
2867 3087 3074 3128 morem
3106 3071 3386 3143 gentilium

1793 3161 2100 3228 observant,
2149 3171 2242 3218 aut
2286 3164 2340 3218 in
2388 3163 2578 3220 domos
2626 3179 2754 3219 suas
2798 3163 3105 3235 hujusmodi
3136 3163 3384 3218 homines

1657 3246 1671 3323 μ
1721 3246 1766 3309 C
1798 3254 2150 3310 introducunt
2179 3254 2230 3309 in
2271 3255 2623 3325 exquirendis
2652 3254 2920 3325 aliquibus
2959 3263 3076 3310 arte
3118 3255 3386 3320 malefica,

1801 3351 1896 3400 aut
1941 3345 2134 3400 domus
2179 3345 2434 3410 lustrant,
2480 3345 2753 3409 confessi,
2805 3346 3171 3416 quinquennio
3218 3347 3392 3416 paeni—

1801 3434 2025 3490 tentiam
2070 3444 2234 3506 agant
2273 3436 2569 3492 secundum
2612 3435 2866 3504 antiquas
2918 3436 3134 3507 regulas
3187 3438 3390 3492 consti-

1802 3536 1968 3586 tutas.

1873 3619 2066 3680 XXIV.
2105 3621 2164 3678 Si
2191 3623 2315 3692 quis
2356 3637 2611 3692 sponsam
2657 3622 2886 3686 habens,
2932 3621 3104 3678 sorori
3131 3620 3247 3689 ejus
3276 3621 3394 3677 for-

1802 3712 1941 3768 sitan
2010 3714 2254 3770 intulerit
2301 3715 2513 3780 vitium,
2579 3715 2737 3784 eique
2804 3714 3081 3769 inlizeserit
3133 3723 3395 3783 tanquam

1801 3821 1913 3864 sum
1953 3817 2009 3863 et
2048 3809 2150 3865 sibi
2201 3811 2554 3879 expetendam
2603 3822 2725 3864 esse
2783 3805 3240 3876 conjunctionern,
3289 3804 3396 3858 hac

1803 3907 1984 3954 autem
2014 3899 2260 3970 decepta,
2285 3909 2469 3969 postea
2499 3913 2721 3952 uxorem
2745 3897 2959 3952 duxerit
2987 3897 3386 3968 desponsatam.

1799 3986 1894 4042 llla
1931 4003 2062 4043 vero
2088 4004 2208 4058 quae
2241 3989 2428 4044 vitium
2463 4003 2618 4059 passa
2647 3999 2751 4056 est,
2802 3989 2845 4044 si
2888 3987 3029 4044 forte
3071 4003 3257 4043 necem
3289 3987 3391 4041 sibi

1805 4077 2074 4144 intulerit,
2121 4095 2310 4135 omnes
2349 4080 2404 4134 hi
2439 4080 2530 4150 qui
2587 4080 2747 4147 hujus
2804 4079 2931 4137 facti
2985 4086 3111 4134 sunt
3165 4078 3390 4142 conscii,

1801 4170 1988 4227 decem
2032 4172 2188 4226 annis
2229 4171 2283 4226 in
2314 4173 2687 4241 ptenitentiam
2739 4172 3058 4244 redigantur
3095 4171 3386 4227 secundum

1800 4275 2036 4319 canones
2061 4265 2406 4319 constitutos.

2122 4356 2352 4427 Explicit
2385 4357 2670 4414 concilium
2697 4359 3062 4428 Ancyranum.

155 4584 3373 4633 ..Ἦ

928 4799 1277 4859 INCIPIUNT
1305 4803 1649 4860 CAPITULA
1681 4805 2303 4864 NEOCZESARIENSIS
2330 4805 2647 4864 CONCILII.

213 4995 256 5048 Ι.
291 4997 708 5071 Depreshyteris
730 5001 820 5072 qui
852 5015 1075 5057 uxorem
1100 5000 1300 5057 ducere
1322 5019 1425 5058 non
1451 5004 1697 5060 debeant.
1735 5007 1781 5066 D
1875 5007 1928 5063 9.
1973 5008 2048 5064 De
2115 5009 2447 5080 presbyteris
2509 5007 2779 5079 corporali
2846 5011 3068 5076 peccato
3120 5021 3398 5076 praeoccu-

210 5085 258 5137 ἓ.
297 5087 363 5144 De
389 5091 607 5146 muliere
637 5091 846 5147 duobus
868 5089 1128 5146 fratribus
1155 5093 1359 5148 nubere
1390 5109 1491 5147 non
1521 5098 1702 5150 licere.

215 5174 260 5227 5.
297 5178 363 5233 De
405 5181 490 5236 his
516 5181 606 5251 qui
639 5181 821 5236 multis
851 5181 1051 5251 nuptiis
1077 5184 1628 5240 communicaverunt.

215 5265 261 5318 4.
298 5268 366 5323 De
396 5272 827 5340 concupiscentia
856 5287 962 5327 non
990 5281 1384 5326 consummata.

219 5355 262 5409 5.
303 5359 371 5416 De
395 5364 791 5419 catechumenis
812 5364 1180 5434 peccantibus.

221 5451 266 5500 t5.
305 5451 372 5508 De
416 5456 812 5525 praegnantibus
841 5455 1197 5525 baptizandis.

224 5537 268 5591 ἲ.
303 5540 638 5615 Prcsbyteros
685 5547 737 5601 in
790 5547 1040 5602 secundis
1095 5547 1304 5618 nuptiis
1353 5564 1458 5605 non
1512 5548 1708 5604 debere

169 5635 244 5677 ora
253 5643 318 5681 re.

226 5717 268 5770 8.
308 5720 492 5783 Uxoris
542 5727 797 5784 adultera:
845 5729 1020 5785 virum
1049 5771 1062 5796 ,
1122 5731 1378 5788 clericum
1440 5733 1555 5788 fieri
1605 5749 1712 5786 non

175 5803 356 5868 debere.
404 5844 411 5850 -

1813 5101 1973 5170 patis.

1882 5192 1972 5248 10.
2009 5193 2086 5249 De
2148 5193 2467 5249 diaconibus
2528 5189 2792 5261 corporali
2851 5199 3068 5260 peccato
3113 5201 3378 5257 ρωπίαν

1809 5285 1968 5354 patis.

1881 5375 1966 5428 li.
2009 5371 2085 5429 De
2132 5377 2446 5446 presbytero
2491 5372 2667 5429 minus
2719 5373 2938 5446 triginta
2993 5388 3258 5430 annorum
3298 5369 3386 5429 ει

1813 5467 1956 5522 nime
1980 5467 2298 5523 ordinando.

1885 5558 1973 5613 12.
2011 5558 2087 5614 De
2116 5558 2199 5613 his
2227 5557 2317 5627 qui
2348 5557 2400 5611 in
2431 5556 2750 5627 aegritudine
2770 5565 2895 5612 sunt
2918 5553 3193 5627 bapt'yti.

1892 5649 1976 5702 15.
2019 5648 2094 5702 De
2123 5646 2456 5717 presbyteris
2482 5647 2705 5702 alterius
2730 5645 2972 5718 regionis

1896 5741 1978 5795 Η.
2021 5739 2094 5795 De
2126 5740 2438 5796 diacouibus
2477 5724 2704 5810 septem.
