3908 5434
524 351 629 408 ’267

1416 352 1704 409 ἉΡΡΕΝΠ.
1740 353 1831 407 AD
1868 349 2039 406 ΞίΕΟ.
2075 349 2164 403 IX.
2206 378 2276 388 —
2312 346 2563 403 lSlDORl
2605 342 3043 400 MERCATORIS

1445 487 1738 549 INCIPIT
1782 481 2220 546 CONCILIUM
2262 476 2958 542 NEOCIESABIENSE.

599 659 668 715 Et
692 660 746 716 bi
781 661 999 732 quidem
1038 673 1270 716 canones
1311 659 1534 715 secundi
1579 664 1704 712 sunt
1728 673 1916 714 eorum
1949 656 2039 726 qui
2068 655 2122 709 in

524 751 741 824 Ancyra
798 761 854 808 et
902 752 1150 808 Caesarea
1211 751 1442 822 expositi
1491 759 1654 817 sunt,
1707 750 1940 806 Nemnis
1987 763 2117 812 vero

521 845 735 914 priores
766 845 1137 902 inveniuntur.

595 937 973 992 Convcncrunt
1027 944 1204 992 autem
1255 937 1308 990 in
1360 937 1624 1008 synodum
1678 941 2033 990 memoratam
2065 930 2118 986 in

520 1028 962 1084 Neocaesariense
1014 1028 1235 1082 civitate
1288 1027 1340 1081 hi
1399 1026 1490 1095 qui
1529 1023 1668 1080 infra
1714 1024 1903 1094 scripti
1949 1029 2116 1078 sunt:

529 1120 731 1185 Vitalis,
787 1121 1113 1187 Germanus,
1159 1119 1354 1184 Sedus,
1385 1119 1657 1192 Hystrius,
1688 1118 1890 1189 Lupus,
1914 1117 2123 1172 Geron-

521 1211 650 1276 tius,
683 1211 1000 1277 Salamnus,
1030 1211 1309 1277 Leontius,
1343 1219 1565 1266 sanctus
1596 1209 1852 1274 Basilius,
1884 1206 2123 1263 Valenti-

522 1316 649 1365 nus,
694 1300 1024 1373 Stephanus,
1081 1301 1416 1373 Gregorius,
1467 1301 1761 1372 Longinus,
1808 1298 2118 1359 Narcissus,

520 1390 805 1459 Decasius,
856 1392 1147 1460 Leontius,
1201 1392 1507 1458 lleraclius,
1563 1392 1814 1463 Alipius,
1865 1407 1894 1444 a
1928 1388 2122 1460 quibus

521 1481 724 1552 regulae
751 1482 978 1553 prolatae
1007 1490 1134 1538 sunt
1161 1499 1282 1554 quae
1308 1482 1450 1538 infra
1483 1483 1698 1552 scriptae
1728 1489 1872 1537 sunt.

591 1571 1114 1645 Cap.l.'Presbyter
1139 1574 1186 1630 si
1245 1589 1468 1629 uxorem
1526 1572 1762 1639 duxerit,
1817 1570 1886 1626 ab
1931 1568 2124 1626 ordine

520 1661 672 1718 illum
709 1663 904 1734 deponi
953 1665 1169 1721 debere.
1199 1663 1351 1731 Qu'Od
1389 1664 1433 1720 si
1475 1663 1774 1719 fornicatus
1804 1659 2002 1726 fuerit,
2037 1657 2123 1713 vel

521 1755 846 1812 adulterium
874 1759 1240 1826 commiserit,
1267 1768 1425 1816 extra
1450 1758 1739 1815 ecclesiam
1789 1754 1948 1827 abjici
1979 1763 2035 1811 ct
2054 1755 2122 1810 ad

519 1850 896 1919 paenitentiam
928 1852 1070 1908 inter
1098 1852 1266 1922 laicos
1291 1853 1463 1924 redigi
1491 1859 1726 1923 oportet.

589 1942 653 1997 ll.
693 1943 906 2010 Mulier,
938 1945 982 2000 si
1033 1946 1250 2001 duobus.
1287 1946 1530 2015 nupserit
1573 1943 1857 2009 fratribus,
1905 1941 2122 2011 abjicia—

519 2041 610 2088 tur
642 2050 814 2106 usque
856 2037 924 2092 ad
955 2036 1098 2091 diem
1130 2037 1340 2092 mortis.
1377 2037 1484 2092 Sed
1509 2077 1525 2102 ,
1555 2045 1776 2107 propter
1804 2037 2114 2091 humanita-

518 2136 631 2180 tem
659 2128 712 2181 in
753 2128 1014 2184 extremis
1039 2129 1151 2185 suis
1186 2132 1544 2186 sacramentis
1591 2131 1928 2187 reconciliari
1955 2146 2114 2201 opor-

520 2228 620 2286 tet,
659 2221 733 2276 ita
765 2231 948 2279 tamen
995 2231 1054 2278 ut
1091 2223 1137 2279 si
1188 2223 1332 2280 forte
1369 2225 1658 2280 sanitatem
1690 2226 2110 2296 recuperaverit,

519 2314 874 2372 matrimonio
945 2315 1122 2371 soluto
1183 2317 1250 2371 ad
1326 2319 1700 2387 paenitentiam
1777 2319 2114 2373 admittatur.

505 2405 675 2474 Quod
722 2407 768 2463 si
796 2408 1050 2466 defuncta
1087 2409 1248 2465 fuerit
1277 2411 1475 2466 mulier
1530 2411 1584 2465 in
1639 2409 1943 2479 huiusmodi
1987 2424 2118 2465 con-

518 2501 688 2555 sortio
745 2501 1035 2556 constituta
1067 2542 1083 2568 ,
1131 2502 1366 2558 diﬂicilis
1419 2498 1522 2558 erit
1573 2501 1891 2573 poenitentia
1941 2514 2120 2555 rema-

519 2591 690 2658 nenti,
718 2607 838 2664 quae
865 2592 1137 2648 sententia
1162 2600 1272 2648 tam
1295 2592 1440 2649 viros
1462 2607 1625 2664 quam
1650 2593 1904 2648 mulieres
1932 2601 2118 2647 tenere

519 2682 698 2739 debet.

592 2772 678 2827 111.
720 2773 797 2830 De
833 2774 919 2830 his
961 2775 1052 2845 qui
1093 2774 1407 2846 frequenter
1450 2789 1650 2831 uxores
1691 2774 1917 2842 ducunt,
1963 2783 2018 2832 et
2049 2775 2118 2832 de

521 2861 610 2918 his
638 2863 727 2932 qui
766 2863 962 2934 saepius
993 2866 1227 2931 nubunt,
1257 2873 1468 2934 tempus
1493 2864 1710 2934 quidem
1741 2864 1828 2920 his
1855 2865 2124 2921 constitu-‘

521 2959 636 3006 tum
672 2952 1021 3008 manifestum
1050 2957 1154 3020 εει,
1201 2954 1297 3010 sed
1323 2953 1664 3010 conversatio
1690 2963 1743 3010 et
1768 2954 1901 3011 fides
1929 2969 2117 3011 eorum

522 3051 739 3114 tempus
767 3044 1070 3101 abbreviat.

595 3133 685 3189 ιν.
725 3133 782 3190 Si
812 3135 958 3206 quis,
998 3136 1286 3208 concupita
1332 3137 1580 3204 muliere,
1629 3137 1792 3194 etiam
1845 3139 1892 3195 si
1922 3154 2120 3196 concu-

521 3224 672 3282 bitus
699 3227 816 3297 ejus
859 3228 1190 3284 desiderium
1243 3229 1427 3296 habet,
1456 3246 1563 3286 non
1597 3238 1777 3287 autem
1822 3232 2120 3303 subsequa-

523 3326 616 3372 tur
640 3317 885 3385 eﬂ’ectus,
917 3319 1268 3378 manifestum
1293 3330 1376 3380 est
1399 3321 1545 3379 hunc
1565 3322 1730 3380 fuisse
1757 3338 1855 3395 per
1879 3323 2116 3381 divinam

522 3410 754 3480 gratiam
782 3410 1095 3468 liberatum.
2114 3418 2118 3422 ”

600 3501 664 3557 ν.
707 3501 1164 3572 Catechumenus,
1213 3505 1264 3560 id
1308 3515 1392 3562 est
1420 3507 1665 3572 audiens,
1694 3509 1786 3578 qui
1817 3506 2121 3580 ingreditur

525 3594 582 3650 in
612 3594 918 3662 ecclesiam,
948 3605 1002 3652 et
1029 3606 1136 3654 stat
1174 3615 1296 3656 cum
1322 3600 1748 3665 catechumenis,
1802 3601 1847 3656 si
1893 3615 2119 3671 peccare

524 3684 691 3742 fuerit
715 3687 864 3743 visus
894 3688 1062 3760 figens
1087 3707 1279 3762 genua,
1311 3692 1491 3748 audiat
1518 3693 1760 3758 verbum,
1789 3701 1848 3746 ut
1866 3707 1925 3748 se
1949 3692 2120 3748 absti-

525 3783 658 3832 neat
686 3777 754 3833 ab
784 3777 873 3833 illo
901 3791 1124 3848 peccato
1149 3782 1293 3852 quod
1325 3780 1468 3836 fecit.
1498 3780 1651 3848 Quod
1676 3781 1724 3837 si
1747 3781 1799 3836 in
1835 3795 1900 3838 eo
1922 3780 2122 3852 perdu-

524 3876 617 3922 rat
641 3867 801 3936 abjici
825 3870 1048 3925 omnino
1078 3871 1297 3927 debere.

601 3957 688 4013 Vl.
723 3959 798 4014 De
827 3963 1254 4032 praegnantibus,
1300 3963 1444 4033 quod
1469 3971 1686 4033 oportet
1715 3978 1808 4020 eas
1852 3963 2117 4034 baptizari

533 4049 752 4119 quando
830 4051 1061 4119 volunt,
1127 4053 1262 4108 nihil
1321 4054 1464 4110 enim
1521 4056 1574 4109 in
1623 4056 1727 4112 hoc
1778 4063 2118 4112 sacramento

529 4153 820 4196 commune
871 4150 956 4198 est
1001 4144 1258 4213 paritura:
1291 4153 1346 4200 et
1405 4145 1480 4200 illi
1527 4146 1619 4216 qui
1669 4145 1737 4201 de
1796 4145 1915 4218 ejus
1962 4156 2116 4203 utero

528 4230 697 4286 fuerit
725 4233 921 4299 editus,
953 4236 1079 4304 quia
1125 4235 1546 4308 uniuscujusque
1576 4238 1630 4295 in
1656 4237 1745 4294 illa
1773 4239 2118 4297 confessione

529 4320 754 4379 libertas
782 4325 993 4381 arbitrii
1019 4326 1345 4384 declaratur.

615 4414 724 4469 γη.
763 4415 1142 4490 Presbyterum
1173 4421 1417 4476 convivio
1444 4422 1780 4478 saecularium
1809 4423 2114 4493 nuptiarum

527 4505 796 4562 interesse
833 4522 938 4563 non
985 4509 1199 4576 debere,
1231 4511 1467 4566 maxime
1496 4527 1617 4567 cum
1657 4512 2004 4583 praecipiatur
2025 4527 2114 4567 se-

528 4595 722 4651 cundis
769 4599 972 4666 nuptiis
1001 4599 1374 4669 paenitentiam
1405 4601 1660 4668 tribuere,
1709 4603 1829 4673 quis
1862 4603 1966 4658 erit
1991 4617 2114 4671 pre-

529 4684 716 4757 sbyter
785 4689 876 4758 qui
949 4698 1170 4760 propter
1254 4694 1563 4748 convivium
1640 4694 1743 4750 illis
1813 4694 2114 4751 consentiat

531 4778 755 4847 nuptiis.

531 4919 1212 4948 Μ

2153 655 2196 714 Α
2296 667 2428 722 Ylll.
2453 665 2509 721 Si
2537 663 2691 734 cujus
2707 677 2931 720 uxorem
2957 659 3279 717 adulterium
3301 658 3665 724 commisisse,
3682 675 3790 715 cum

2218 765 2365 813 esset
2395 756 2590 820 laicus,
2639 753 2802 809 fuerit
2831 752 3262 822 comprobatum,
3311 750 3401 805 hic
3453 750 3521 803 ad
3567 749 3791 805 ministe-

2222 847 2368 902 rium
2395 844 2827 902 ecclesiasticum
2862 841 3074 898 admitti
3113 857 3221 897 non
3252 849 3450 912 potest.
3496 839 3652 908 Quod
3676 841 3720 894 si
3747 841 3790 894 in

2220 939 2483 995 clericatu
2509 938 2620 1009 jam
2651 936 2946 993 constituto
2972 949 3038 989 eo
3067 934 3409 999 adulteravit,
3438 933 3565 987 dato
3591 932 3795 1002 repudio

2221 1031 2490 1087 dimittere
2519 1044 2638 1084 eam
2670 1026 2850 1083 debet.
2902 1026 2958 1081 Si
3007 1041 3133 1081 vero
3165 1025 3399 1080 retinere
3426 1024 3547 1092 ejus
3591 1039 3792 1078 consor-

2222 1123 2356 1179 tium
2401 1121 2575 1188 velit,
2630 1135 2737 1177 non
2790 1127 2970 1189 potest
3016 1124 3268 1188 suscepto
3325 1113 3634 1170 ministerio
3685 1128 3792 1184 per-

2221 1215 2347 1272 frui.

2293 1307 2386 1364 IX.
2427 1306 2530 1373 Qui
2584 1302 2868 1361 admiserit
2913 1300 3195 1372 corporale
3246 1307 3530 1370 peccatum
3603 1306 3662 1350 et
3720 1295 3794 1352 hic

2221 1409 2407 1471 postea
2451 1398 2736 1470 presbyter
2759 1395 3042 1452 ordinatus
3085 1402 3188 1461 est,
3234 1392 3278 1448 si
3325 1390 3610 1447 confessus
3653 1387 3796 1443 fuerit

2221 1492 2365 1564 quod
2393 1498 2518 1547 ante
2538 1489 2936 1545 ordinationem
2983 1500 3135 1542 suam
3185 1483 3493 1556 peccaverit
3517 1522 3534 1546 ,
3563 1496 3674 1535 non
3700 1479 3795 1548 qui-

2222 1585 2345 1639 dem
2384 1580 2596 1646 offerat,
2628 1586 2847 1635 maneat
2891 1585 3075 1632 autem
3113 1576 3168 1631 in
3197 1575 3319 1630 aliis
3361 1572 3555 1628 oﬂiciis
3594 1578 3794 1641 propter

2222 1675 2340 1746 ejus
2370 1673 2538 1728 studii
2583 1671 2895 1728 utilitatem.
2929 1667 3064 1722 Nam
3095 1675 3288 1723 caetera
3319 1671 3543 1735 peccata
3587 1676 3795 1716 censue-

2222 1776 2348 1823 runt
2374 1765 2594 1836 plurimi
2638 1764 2805 1819 etiam
2843 1758 3187 1818 ordinatione
3212 1756 3434 1829 privari.
3461 1754 3617 1822 Quod
3659 1753 3706 1806 si
3741 1751 3795 1805 de

2221 1859 2308 1915 his
2355 1873 2464 1914 non
2510 1856 2677 1912 fuerit
2720 1852 3020 1918 confessus,
3064 1865 3165 1906 nec
3209 1850 3276 1906 ab
3319 1846 3594 1917 aliquibus
3638 1851 3797 1915 potest

2223 1947 2511 2004 manifeste
2559 1944 2855 2013 convinci,
2906 1943 3032 1999 huic
3071 1940 3177 2012 ipsi
3239 1939 3305 1996 de
3349 1953 3410 1995 se
3445 1946 3692 2010 potestas
3728 1943 3796 1990 est

2219 2040 2631 2098 committenda.

2283 2133 2353 2188 Χ.
2395 2131 2659 2188 Similiter
2703 2138 2759 2186 et
2809 2129 3069 2186 diaconus
3121 2127 3166 2183 si
3207 2125 3263 2180 in
3291 2124 3480 2180 eodem
3523 2120 3799 2192 culpeege

2217 2224 2363 2280 mine
2416 2223 2581 2280 fuerit
2651 2221 2966 2286 involutus,
3039 2233 3160 2274 sese
3213 2232 3244 2272 a
3303 2213 3606 2271 ministerio
3654 2210 3794 2267 cohi-

2215 2315 2383 2372 bebit.

2284 2408 2375 2464 Il.
2419 2407 2710 2479 Presbyter
2737 2413 2863 2460 ante
2893 2404 3116 2476 triginta
3149 2413 3419 2457 annomm
3446 2405 3662 2454 aetatem
3695 2410 3792 2450 non

2215 2502 2518 2568 ordinetur,
2553 2499 2803 2571 quamvis
2850 2499 2921 2554 sit
2968 2495 3266 2569 probabilis
3306 2495 3450 2559 vitaz,
3479 2492 3574 2548 sed
3616 2490 3793 2546 obser-

2216 2599 2375 2647 vetur
2408 2603 2579 2661 usque
2607 2589 2674 2644 ad
2718 2586 3046 2658 praefinitum
3091 2593 3341 2656 tempus;
3377 2582 3636 2638 Dominus
3665 2579 3797 2636 enim

2221 2683 2499 2754 trigesimo
2536 2696 2680 2737 anno
2711 2680 3021 2750 baptizatus
3049 2686 3134 2734 est
3159 2685 3214 2733 et
3249 2687 3376 2732 tunc
3406 2672 3740 2746 pra‘dicavit.

2289 2773 2404 2828 Xll.
2431 2772 2489 2828 Si
2514 2772 2658 2842 quis,
2675 2771 2730 2827 in
2746 2769 3067 2842 aegritudine
3089 2767 3436 2832 constitutus,
3455 2765 3620 2821 fuerit
3636 2762 3797 2832 bapti-

2219 2875 2396 2934 zatus,
2431 2867 2714 2938 presbyter
2736 2864 2980 2920 ordinari
3016 2879 3124 2919 non
3153 2861 3329 2918 debet.
3359 2858 3475 2915 Non
3503 2858 3647 2915 enim
3678 2855 3798 2910 ﬁdes

2219 2957 2362 3013 illius
2385 2955 2690 3014 voluntaria
2715 2996 2732 3022 ,
2775 2954 2871 3011 sed
2899 2970 2966 3010 ex
2994 2953 3322 3010 necessitate
3364 2960 3478 3015 est,
3526 2947 3632 3004 nisi
3671 2945 3798 3000 forte

2218 3057 2407 3118 postea
2437 3046 2609 3117 ipsius
2637 3045 2875 3100 studium
2903 3053 2960 3100 et
3003 3043 3140 3099 fides
3179 3039 3476 3113 probabilis
3507 3038 3694 3104 fuerit,
3719 3044 3798 3090 aut

2221 3139 2500 3195 hominum
2530 3137 2729 3193 raritas
2757 3145 2936 3208 cogat.

2290 3230 2428 3286 XIII.
2466 3229 2774 3301 Presbyteri
2815 3229 2908 3300 qui
2949 3225 3358 3299 conregionale
3403 3239 3513 3281 non
3557 3231 3712 3285 sunt,
3750 3218 3795 3282 in

2221 3321 2452 3378 ecclesia
2505 3319 2866 3390 praesentibus
2923 3318 3196 3391 episcopis
3243 3315 3326 3371 vel
3378 3311 3708 3386 presbyteris
3735 3309 3796 3363 ci-

2220 3412 2406 3468 vitatis
2431 3411 2628 3467 oll’erre
2655 3425 2763 3466 non
2791 3417 3041 3480 possunt,
3093 3423 3194 3464 nec
3224 3407 3357 3462 dare
3399 3418 3599 3476 panem
3621 3398 3783 3457 sancti

2220 3508 2477 3572 ficatum,
2533 3521 2634 3563 nec
2677 3506 2901 3562 calicem
2949 3505 3249 3576 porrigere.
3300 3501 3456 3570 Quod
3486 3501 3532 3564 si
3562 3500 3800 3555 absentes

2218 3606 2344 3654 sunt
2374 3596 2610 3654 civitatis
2646 3597 2981 3661 sacerdotes,
3029 3603 3084 3650 et
3112 3593 3317 3649 fuerint
3345 3590 3560 3647 invitati
3586 3589 3651 3644 ad
3676 3588 3793 3643 dan-

2216 3692 2342 3747 dam
2384 3689 2708 3757 orationem,
2754 3690 2852 3746 soli
2883 3688 3157 3746 debebunt
3201 3688 3350 3743 dare.
3391 3684 3595 3741 Vicarii
3633 3692 3799 3737 autem

2217 3784 2595 3853 episcoporum
2635 3782 2794 3855 (quos
2839 3781 3014 3839 Grazci
3040 3783 3396 3853 coepiscopos,
3427 3779 3646 3849 vocant)
3675 3791 3797 3832 con-

2219 3874 2393 3931 stituti
2421 3883 2550 3931 sunt
2575 3873 2794 3944 quidem
2823 3873 2892 3928 ad
2917 3874 3225 3946 exemplum
3255 3871 3602 3943 septuaginta
3630 3868 3796 3926 senio-

2217 3985 2358 4024 rum.
2391 3968 2497 4024 Sed
2547 3977 2803 4039 tanquam
2841 3969 3263 4026 consacerdotes
3305 3977 3533 4038 propter
3558 3963 3798 4020 sollicitu-

2217 4062 2398 4118 dinem
2421 4071 2476 4118 et
2505 4061 2742 4117 studium
2771 4061 2917 4132 quod
2947 4061 3000 4116 in
3027 4075 3294 4134 pauperes
3323 4064 3516 4130 agunt,
3562 4055 3795 4120 offerant,

2217 4161 2273 4210 et
2302 4153 2650 4210 honorabiles
2675 4153 3002 4209 habeantur.

2285 4243 2426 4302 XIV.
2465 4245 2686 4302 Diaconi
2710 4253 2916 4316 septem
2939 4258 3061 4300 esse
3089 4242 3289 4298 debent
3317 4241 3621 4304 secundum
3650 4253 3794 4310 regu-

2216 4339 2342 4404 lam,
2370 4338 2618 4410 quamvis
2643 4351 2836 4408 magna
2863 4336 2933 4391 sit
2957 4335 3171 4402 civitas,
3195 4334 3396 4406 regula:
3421 4342 3605 4389 tamen
3631 4339 3795 4386 aucto-

2217 4433 2352 4488 ritas
2381 4432 2483 4488 ista
2511 4440 2617 4499 est,
2667 4430 2810 4500 quod
2861 4437 2915 4486 et
2962 4429 3100 4485 liber
3151 4437 3400 4484 actorum
3449 4426 3792 4498 apostolorum

2217 4525 2476 4581 insinuat.

2287 4615 2522 4686 Explicit
2575 4613 2861 4670 concilium
2918 4607 3356 4668 Neocaesariense
3388 4651 3404 4675 ,
3467 4609 3613 4682 quod
3662 4607 3791 4666 fuit.

2220 4707 2377 4762 Anno
2408 4704 2619 4760 Domini
2643 4704 2746 4759 514
2772 4705 2826 4758 in
2856 4703 3028 4758 Ponto
3051 4702 3452 4758 Polemoniaco.

1412 5068 1760 5126 lNClPlUNT
1789 5071 2133 5128 CAPITULA
2169 5069 2610 5128 GANGRENSIS
2635 5067 2954 5126 CONCILII.

603 5219 654 5272 1.
699 5217 778 5273 De
807 5217 891 5276 bis
919 5222 1009 5290 qui
1050 5224 1261 5291 nuptias
1288 5224 1562 5280 damnant.

602 5306 658 5360 2.
701 5308 780 5362 De
809 5308 890 5364 bis
915 5310 1006 5374 qui
1037 5325 1231 5368 carnes
1257 5314 1646 5373 manducantes
1675 5317 1951 5373 damnant.

2149 5233 2200 5293 ι)
2297 5231 2347 5285 7.
2391 5232 2464 5286 De
2503 5232 2768 5287 fructibus
2800 5232 2851 5286 in
2884 5231 3166 5287 ecrlesram
3205 5240 3388 5287 etnon
3427 5230 3554 5284 alibi
3595 5229 3782 5282 dandis.

2295 5319 2350 5374 8.
2384 5320 2456 5373 De
2485 5321 2566 5374 bis
2596 5335 2718 5374 auze
2750 5321 2802 5374 in
2835 5335 2966 5374 usus
2991 5335 3284 5374 naunerum
3324 5318 3695 5373 conferuntur.
