3908 5434
492 353 589 404 17!
1336 356 1627 413 APPEND.
1669 358 1760 412 AD
1800 358 1970 414 SEC.
2013 357 2102 415 IX'.
2139 389 2210 401 —-
2247 357 2493 414 ISIDORI
2526 355 2963 414 MERCATORIS
3639 356 3744 412 272

489 466 672 520 niente
696 463 1178 535 prcsbyterojuxta
1201 465 1478 522 decretum
1499 469 1754 540 episcopi,
1787 471 2064 540 ipsamque
2093 475 2143 535 Α
2169 469 2354 524 venire
2379 483 2587 524 comam
2611 469 2713 524 sibi
2747 468 3124 536 amputaveri‘t,
3155 483 3314 538 quam
3345 469 3488 523 Deus
3514 469 3581 523 ad
3614 458 3744 524 vela.

491 552 778 609 ecclesiam
823 556 962 624 apud
993 571 1050 611 se
1107 558 1226 612 sine
1258 559 1487 618 consilio
1515 560 1752 630 episcopi
1781 577 1901 616 cum
1929 577 2070 632 prae-
2168 576 2293 616 men
2319 559 2460 628 ejus,
2490 571 2544 614 et
2596 561 2662 614 ad
2718 561 3032 614 memoriam
3062 558 3407 628 subjectionis
3440 559 3516 613 illi
3573 560 3744 624 dedit,

491 642 712 714 sbytero
738 653 883 714 agat,
917 647 1204 702 anathema
1225 647 1314 703 sit.

567 733 671 788 VII.
701 735 757 789 Si
816 737 937 804 quis
982 737 1285 792 oblationes
1352 739 1625 796 fructuum
1673 742 1762 795 vel
1804 741 2070 812 primitias

493 824 740 880 ecclesiae
791 827 1001 881 debitas
1024 828 1256 884 voluerit
1303 841 1456 886 extra
1504 831 1786 886 ecclesiam
1826 834 2070 902 accipere

491 924 585 971 aut
605 918 753 981 dare,
780 928 977 988 prater
1003 922 1389 977 conscientiam
1409 923 1668 994 episcopi,
1698 939 1781 979 vet
1806 922 1964 992 hujus
1984 923 2071 978 cui

487 1005 796 1072 huiusmodi
857 1008 1030 1064 cilicia
1089 1012 1378 1066 commissa
1427 1023 1592 1079 sunt,
1637 1021 1694 1068 et
1740 1029 1846 1069 non
1900 1013 2072 1086 magis

481 1111 613 1150 cum
647 1098 875 1155 consilio
913 1099 1157 1170 ejusdem
1204 1103 1566 1174 hazcoagenda
1616 1107 1909 1176 putaverit,
1940 1122 2072 1161 ana-

484 1185 673 1239 thema
699 1187 793 1241 sit.

565 1276 694 1330 VIlI.
728 1277 784 1332 Si
813 1280 935 1349 quis
962 1281 1168 1336 dederit
1199 1283 1281 1338 vel
1321 1284 1593 1355 acceperit
1631 1284 1904 1342 fructuum
1925 1286 2073 1341 obla-

489 1367 670 1423 tiones
694 1379 892 1438 prmter
943 1371 1278 1443 episcopum,
1309 1374 1396 1428 vel
1437 1389 1558 1428 cum
1603 1375 1695 1444 qui
1750 1377 2074 1431 constitutus

489 1466 577 1512 est
604 1459 672 1513 ab
698 1474 764 1514 co
787 1461 854 1514 ad
883 1461 1296 1532 dispensandam
1351 1465 1777 1521 misericordiam
1824 1468 2074 1537 pauperi-

491 1549 616 1612 bus,
657 1551 747 1618 qui
782 1551 874 1606 dat
900 1563 955 1607 et
985 1555 1075 1624 qui
1100 1556 1318 1625 accipit,
1341 1557 1625 1611 anathema
1647 1557 1732 1612 sit.

567 1641 657 1694 IX.
688 1641 745 1697 Si
779 1644 899 1712 quis
925 1645 1285 1715 virginitatem
1316 1647 1398 1701 vel
1435 1647 1824 1704 continentiam
1862 1649 2076 1720 profes-

496 1745 610 1795 sus,
644 1740 896 1802 tanquam
927 1735 1315 1792 abominabiles
1363 1739 1580 1807 nuptias
1624 1738 1856 1808 judicat,
1887 1749 2072 1794 etnon

2167 659 2424 717 tanquam
2451 649 2725 704 resolvens
2742 647 2829 717 jus
2851 647 3524 716 subjectienis,anathema
3549 649 3644 702 sit.

2239 738 2421 792 XVIII.
2454 738 2510 793 Si
2542 739 2684 807 quis,
2717 748 2970 808 tanquam
2999 739 3100 792 hoc
3140 739 3429 794 convenire
3468 737 3742 806 judicans,

2168 828 2258 884 die
2288 829 2563 882 Dominieo
2611 827 3012 896 jejunaveritin
3065 827 3306 898 ejusdem
3350 828 3459 884 diei
3501 836 3738 883 contem-

2168 927 2340 989 ptum,
2369 919 2654 973 anathema
2685 918 2777 973 sit.

2239 1007 2379 1063 XIX.
2411 1007 2468 1062 Si
2501 1009 2622 1078 quis
2647 1022 2834 1062 eorum
2866 1008 2957 1078 qui
2997 1009 3275 1080 proposito
3313 1017 3442 1064 sunt
3466 1009 3743 1065 continen-

2171 1099 2260 1155 tiae
2288 1106 2486 1170 praeter
2517 1099 2895 1154 necessitatem
2942 1097 3278 1169 corporalem
3333 1099 3641 1169 superbiat,
3694 1107 3742 1152 et

2162 1188 2366 1259 jejuuia
2392 1191 2695 1244 communia
2724 1189 2887 1243 totius
2914 1188 3169 1244 Ecclesiae
3197 1189 3475 1258 putaverit
3505 1197 3740 1243 contem-

2171 1281 2372 1345 nenda,
2398 1279 2693 1348 perfectam
2718 1280 2771 1334 in
2787 1294 2883 1335 sua
2907 1279 3133 1335 scientia
3154 1277 3432 1334 vindicans
3459 1279 3744 1342 rationem,

2172 1371 2465 1425 anathema
2493 1371 2583 1425 sit.

2242 1461 2361 1516 XX.
2405 1461 2459 1516 Si
2485 1461 2608 1531 quis
2633 1476 2730 1532 per
2751 1461 3055 1532 superbiam
3083 1469 3342 1531 tanquam
3369 1459 3673 1530 perfectum
3692 1473 3744 1513 se

2172 1553 2494 1608 existimans
2519 1561 2818 1607 conventus
2843 1552 2934 1620 qui
2973 1566 3072 1620 per
3092 1551 3208 1606 loca
3249 1558 3302 1605 et
3341 1548 3597 1604 basilicas
3634 1563 3745 1602 san-

2175 1652 2386 1698 ctorum
2439 1652 2735 1713 martyrum
2786 1641 2920 1695 ﬁunt
2950 1641 3035 1696 vel
3084 1639 3444 1707 accusaverit,
3473 1638 3562 1694 vel
3587 1639 3744 1692 etiam

2175 1733 2473 1788 oblationes
2498 1749 2617 1804 qua:
2641 1733 2837 1786 ibidem
2885 1731 3231 1788 celebrantur
3273 1729 3611 1801 spernendas
3638 1740 3745 1782 esse

493 1831 718 1892 propter
742 1826 846 1880 hoc
898 1827 1072 1882 solum
1103 1829 1244 1899 quod
1274 1831 1622 1886 continentia;
1671 1841 1727 1888 et
1751 1831 2074 1902 virginitatis
2102 1841 2149 1900 Β
2177 1824 2486 1888 crediderit,
2521 1825 2919 1894 memoriasque
2958 1830 3269 1880 sanctorum
3308 1819 3748 1884 contemnendas,

491 1912 691 1966 bonum
724 1923 969 1970 sanctum
997 1918 1332 1988 propositum
1364 1929 1474 1986 est,
1511 1921 1798 1976 anathema
1830 1923 1918 1976 sit.

565 2002 632 2057 Χ.
684 2005 742 2060 Si
796 2007 916 2077 quis
946 2017 1166 2078 propter
1224 2011 1507 2066 Dominum
1545 2013 1910 2084 virginitatem
1955 2030 2074 2084 pro-

493 2093 670 2152 fessus
702 2098 755 2151 in
779 2098 1029 2172 conjugio
1057 2103 1262 2172 positos
1290 2116 1387 2174 per
1415 2105 1777 2176 arrogantiam
1804 2105 2074 2176 vituperao

490 2186 651 2252 verit,
680 2189 965 2245 anathema
994 2192 1084 2247 sit.

579 2280 668 2336 XI.
701 2281 758 2336 Si
782 2282 904 2351 quis
936 2284 1359 2340 contemnendos
1390 2284 1606 2341 duxerit
1626 2300 1850 2357 agapem
1875 2285 2077 2342 facien-

495 2381 602 2436 tes,
651 2379 706 2425 et
748 2379 967 2440 propter
1001 2371 1261 2426 honorem
1300 2373 1511 2428 Domini
1569 2373 1766 2431 fratres
1813 2389 2078 2446 pauperes

493 2472 856 2518 convocantes
913 2462 1145 2517 noluerit
1198 2466 1642 2531 communicare,
1708 2466 2078 2523 vocationibus

491 2567 679 2608 eorum
710 2561 961 2623 tanquam
989 2553 1143 2608 nihili
1169 2563 1223 2610 et
1257 2555 1400 2625 quod
1429 2557 1491 2611 ﬁt
1533 2558 1760 2625 ducens,
1789 2559 2077 2614 anathema

491 2642 585 2698 sit.

567 2732 680 2787 XII.
706 2732 763 2789 Si
803 2734 927 2804 quis
963 2734 1204 2792 virorum
1233 2738 1504 2806 putaverit
1539 2747 1730 2794 sancto
1774 2739 2075 2810 proposito,

494 2825 549 2880 id
563 2835 644 2880 est
666 2826 1040 2894 continentiae,
1055 2831 1347 2884 convenire
1368 2837 1425 2884 ut
1445 2831 1607 2900 pallio
1625 2840 1808 2888 utatur
1822 2839 2080 2900 tanquam

495 2929 562 2970 ex
594 2931 659 2970 eo
682 2915 946 2986 justitiam
975 2917 1276 2983 habiturus,
1311 2929 1366 2974 et
1391 2921 1751 2988 reprehendat
1777 2919 2084 2991 veljudicet

496 3007 636 3063 alios
665 3008 756 3078 qui
783 3023 907 3064 cum
944 3011 1246 3066 reverentia
1289 3011 1450 3066 birris
1473 3020 1695 3092 utuntur
1721 3020 1776 3067 et
1803 3011 1910 3068 alia
1931 3020 2081 3070 veste

496 3099 771 3154 communi
802 3115 922 3170 quae
958 3101 1011 3155 in
1041 3117 1140 3156 usu
1159 3111 1264 3167 est,
1287 3103 1571 3158 anathema
1601 3105 1691 3159 sit.

2175 1918 2459 1972 anathema
2485 1917 2576 1971 sit.

2246 2008 2385 2063 XXI.
2415 2007 2539 2063 llaec
2567 2017 2746 2062 autem
2775 2007 3114 2078 scripsimus,
3141 2021 3245 2062 non
3259 2004 3642 2062 abscindentes
3664 2016 3750 2058 eos

2175 2100 2267 2169 qui
2299 2100 2350 2152 in
2400 2098 2640 2153 Ecclesia
2671 2098 2770 2153 Dei
2808 2098 3103 2154 secundum
3145 2095 3456 2168 Scripturas
3511 2104 3747 2150 sanctum

2174 2189 2510 2261 propositum
2539 2189 2886 2246 continentiae
2913 2188 3135 2260 eligunt,
3173 2190 3267 2244 sed
3319 2202 3415 2243 eos
3467 2185 3563 2256 qui
3589 2185 3749 2240 susci-

2175 2284 2330 2354 piunt
2359 2283 2607 2338 habitum
2653 2280 2788 2350 ejus,
2830 2292 2886 2336 et
2918 2282 2972 2337 in
3002 2281 3308 2352 superbiam
3342 2278 3644 2335 efferuntur
3666 2278 3748 2330 ad-

2177 2389 2368 2430 versus
2386 2388 2480 2429 cos
2502 2374 2593 2444 qui
2618 2373 2918 2444 simplicius
2937 2374 3141 2428 vivunt.
3168 2371 3273 2427 Sed
3297 2380 3352 2426 et
3375 2372 3478 2426 hos
3503 2369 3748 2424 condem-

2179 2479 2375 2520 namus
2407 2465 2499 2534 qui
2534 2479 2592 2519 se
2643 2463 2913 2520 extollunt
2945 2464 3203 2519 adversus
3232 2462 3551 2532 Seripturas
3576 2469 3630 2515 et
3671 2475 3748 2513 ec-

2179 2555 2517 2611 clesiasticos
2548 2570 2806 2623 canones,
2835 2565 2891 2609 et
2930 2569 3066 2610 nova
3091 2552 3442 2608 introducunt
3467 2559 3748 2621 praecepta.

2177 2656 2231 2703 et
2247 2662 2344 2702 nos
2356 2655 2535 2702 autem
2555 2646 2920 2717 virginitatem
2935 2660 3057 2700 cum
3081 2643 3382 2720 humilitate
3403 2641 3748 2702 admiramur,

2181 2747 2236 2793 et
2262 2738 2660 2794 continentiam
2688 2753 2811 2792 cum
2855 2735 3105 2791 castitate
3130 2744 3184 2789 et
3212 2732 3477 2801 religione
3510 2731 3619 2785 Deo
3668 2745 3745 2782 ac-

2179 2829 2544 2901 ceptissimam
2573 2829 2802 2884 dicimus
2820 2871 2833 2893 ,
2859 2835 2912 2882 et
2950 2825 3402 2882 reuuntiatiouem
3425 2820 3746 2876 saecularium

2182 2920 2522 2991 negotiorum
2547 2928 2707 2990 atque
2729 2929 2943 2974 actuum
2975 2931 3099 2972 cum
3121 2915 3427 2970 humilitate
3456 2911 3748 2983 approban-

2183 3011 2306 3066 dam
2330 3010 2639 3078 laudamus,
2666 3021 2721 3065 et
2747 3011 3051 3080 nuptiarum
3074 3007 3370 3070 vinculum,
3394 3006 3539 3074 quod
3571 3016 3746 3059 secun-

2186 3101 2315 3155 dum
2343 3102 2654 3156 castitatem
2685 3116 2867 3156 secum
2898 3101 3176 3170 perdurat,
3213 3097 3578 3158 honoramus,
3599 3103 3652 3147 et
3680 3092 3750 3145 di-

567 3187 704 3243 XIIL
736 3188 792 3244 Si
836 3205 942 3259 qua
970 3190 1186 3256 mulier,
1223 3207 1322 3246 suo
1365 3194 1639 3263 proposito
1677 3194 1805 3250 utile
1834 3193 2084 3264 judicans
2111 3195 2155 3258 ο
2186 3193 2325 3248 vites
2359 3208 2479 3248 cum
2503 3192 2716 3262 justitia
2740 3201 2795 3246 et
2817 3193 3074 3262 operibus
3098 3190 3255 3246 bonis
3300 3203 3410 3243 non
3456 3186 3749 3255 alijicimus,

499 3289 558 3334 ut
573 3281 879 3337 viriliveste
900 3284 1189 3351 utatur,ad
1212 3285 1314 3340 hoc
1340 3294 1399 3340 ut
1424 3285 1476 3341 in
1501 3286 1600 3341 viri
1629 3285 1872 3342 habitum
1903 3297 2080 3344 muta-

498 3379 612 3435 tur,
632 3372 916 3427 anathema
945 3373 1034 3428 sit.

573 3463 710 3521 XIV.
729 3465 785 3520 Si
806 3482 908 3537 qua
924 3467 1385 3526 mulierderelicto
1398 3471 1515 3528 viro
1535 3472 1813 3530 discedere
1833 3473 2085 3540 voluerit,

500 3553 678 3610 soluto
701 3557 912 3613 vinculo
939 3557 1226 3630 coniugali,
1260 3563 1472 3632 nuptias
1505 3564 1932 3632 condemnando,
1965 3580 2088 3621 ana-

501 3647 683 3701 thema
721 3649 812 3704 sit.

574 3736 690 3794 XV.
724 3738 783 3794 Si
825 3741 946 3811 quis
996 3741 1347 3812 dereliquerit
1392 3745 1641 3814 proprios
1690 3745 1830 3802 ﬁlios
1857 3761 2006 3813 suos,
2034 3754 2090 3802 et

503 3844 611 3885 non
636 3843 731 3900 eos
755 3829 974 3898 aluerit,
1000 3839 1054 3886 et
1080 3832 1222 3900 quod
1249 3833 1468 3902 pietatis
1497 3844 1580 3888 est
1623 3835 1938 3892 necessaria
1981 3851 2088 3894 non

504 3921 816 3989 praebuerit,
846 3920 942 3977 sed
981 3923 1081 3977 sub
1106 3924 1394 3980 occasione
1428 3925 1776 3982 continentia:
1817 3927 2091 4000 negligen-

506 4011 604 4065 dos
629 4011 923 4080 putaverit,
955 4013 1240 4070 anathema
1261 4015 1352 4070 sit.

579 4088 719 4157 XVI.
750 4100 804 4155 Si
829 4102 920 4171 qui
967 4103 1058 4157 ﬁlii
1087 4115 1340 4174 parentes
1365 4108 1599 4162 maxime
1627 4107 1810 4164 ﬁdeles
1835 4109 2090 4166 deserue-

507 4189 618 4246 rint
641 4190 928 4246 occasione
950 4192 1040 4246 Dei
1065 4193 1259 4258 cultus,
1284 4195 1384 4250 hoc
1405 4196 1610 4265 justum
1629 4197 1935 4268 judicantes
1949 4215 2089 4265 esse,

509 4287 566 4334 et
588 4294 693 4334 non
718 4280 898 4350 potius
923 4281 1164 4337 debitum
1195 4284 1453 4340 honorem
1489 4287 1805 4355 parentibus
1848 4289 2094 4344 reddide-

510 4369 643 4435 rint,
668 4379 726 4424 ut
741 4372 843 4427 hoc
868 4373 1042 4445 ipsum
1059 4374 1214 4430 in'eis
1236 4387 1561 4433 venerentur
1578 4378 1721 4449 quod
1746 4378 1930 4435 ﬁdeles
1946 4390 2090 4448 sunt,

512 4463 803 4518 anathema
825 4464 915 4519 sit.

588 4553 746 4608 XVII.
777 4554 1120 4630 Quaecunque
1164 4559 1360 4615 mulier
1388 4561 1632 4633 religioni
1676 4560 1927 4631 judicans
1963 4579 2092 4620 con-
2117 4559 2170 4618 D

2186 3292 2242 3339 et
2265 3283 2654 3354 parcimoniam
2678 3298 2802 3338 cum
2827 3292 2978 3336 veste
3010 3280 3200 3336 humili
3251 3293 3358 3334 non
3389 3277 3750 3347 reprobamus,

2185 3375 2326 3430 sicut
2364 3374 2527 3430 etiam
2573 3382 2849 3438 ornatum,
2885 3381 3082 3442 praeter
3127 3371 3369 3440 corporis
3408 3367 3751 3439 diligentiam,

2186 3465 2483 3521 iufucatum
2515 3465 2820 3522 laudamus.
2849 3464 3148 3520 Dissolutos
3175 3471 3356 3517 autem
3387 3470 3445 3517 et
3469 3460 3669 3514 fractos
3705 3457 3752 3510 in

2185 3564 2426 3619 vestibus
2453 3563 2698 3618 incessus
2723 3576 2828 3616 non
2855 3559 3160 3630 recipimus,
3184 3566 3239 3613 et
3257 3557 3452 3612 domos
3475 3554 3572 3609 Dei
3606 3554 3753 3608 hono-

2187 3669 2391 3720 ramus,
2407 3663 2461 3710 et
2476 3662 2776 3710 conventus
2795 3651 2885 3722 qui
2910 3651 2962 3705 iu
2989 3651 3070 3706 his
3091 3650 3244 3714 ﬁunt,
3270 3660 3531 3717 tanquam
3555 3655 3753 3702 sanctas

2187 3755 2244 3803 et
2289 3747 2452 3802 utiles
2498 3746 2808 3817 recipimus,
2832 3744 3219 3815 proprietatem
3250 3741 3302 3795 in
3334 3740 3572 3810 privatis
3601 3739 3752 3793 domi-

2187 3838 2289 3894 bas
2318 3852 2423 3893 non
2465 3836 2868 3902 concludentes,
2908 3844 2963 3890 et
2989 3848 3205 3890 omnem
3238 3831 3418 3887 locum
3475 3831 3530 3884 in
3557 3828 3753 3883 nomine

2189 3929 2285 3984 Dei
2335 3929 2656 3983 :ediﬁcatum
2705 3927 3056 3992 honoramus,
3088 3933 3145 3980 et
3188 3920 3662 3993 congregationem
3706 3917 3752 3969 in

2188 4017 2416 4073 ecclesia
2448 4015 2645 4072 factam
2671 4017 2738 4070 ad
2762 4015 3048 4070 utilitatem
3078 4025 3422 4069 communem
3447 4008 3750 4079 recipimus,

2189 4119 2245 4166 et
2274 4111 2415 4166 bona
2445 4124 2630 4178 opera,
2659 4122 2778 4177 qua:
2815 4107 2972 4176 juxta
3015 4105 3161 4160 vires
3193 4104 3246 4158 in
3276 4102 3478 4156 fratres
3509 4110 3753 4170 pauperes

2190 4211 2535 4266 exercentur,
2563 4200 2853 4256 secundum
2874 4197 3272 4255 ecclesiasticas
3300 4195 3624 4249 traditiones
3646 4192 3752 4246 bea-

2193 4291 2482 4356 tiﬁcamus,
2522 4298 2578 4346 et
2624 4290 2805 4345 omnia
2851 4305 2970 4360 qua:
3018 4288 3342 4344 conveniunt
3395 4283 3752 4340 traditionibus

2192 4380 2503 4450 apostolicis
2526 4391 2581 4436 et
2601 4390 2912 4436 sanctarum
2952 4378 3358 4456 Scripturarum
3388 4373 3671 4466 praccegtis
3708 4370 3752 4422 in

2191 4471 2418 4528 ecclesia
2442 4473 2554 4527 ﬁeri
2579 4480 2920 4542 exoptamus.
3151 4476 3159 4483 '

2525 4566 2759 4636 Explicit
2778 4563 3066 4620 concilium
3085 4562 3420 4634 Cangrense.

1373 4712 3735 4756 ,ἪΜέ

1393 4871 1736 4928 INCIPIUNT
1763 4872 2105 4931 CAPITULA
2134 4873 2426 4931 CONCILII
2466 4872 2936 4930 SARDICENSIS.

591 5029 646 5084 I.
671 5027 1002 5100 Episc0pum
1014 5048 1125 5087 non
1137 5031 1332 5087 debere
1354 5033 1418 5086 ad
1437 5030 1597 5086 aliam
1621 5032 1898 5088 civitatem
1927 5041 2102 5088 trans-

516 5121 670 5181 ferri.

587 5215 622 5246 0
689 5214 1011 5248 πιιῖοΛΛῇηηιι
1081 5215 1147 5250 λα
1190 5217 1467 5250 nuntii-mnia
1513 5217 1577 5252 ηδ
1636 5218 1940 5252 ηνηνῖηηῖηο
1994 5233 2100 5254 nnn

2274 5035 2325 5086 7.
2359 5035 2434 5088 De
2463 5032 2734 5102 episcopis
2772 5031 3062 5087 accusatis.

2271 5124 2323 5181 8.
2355 5124 2428 5180 Ut
2449 5123 2682 5193 episcopi
2714 5123 2912 5191 passim
2959 5122 3026 5177 ad
3051 5117 3365 5177 comitatum
3395 5129 3500 5172 non
3533 5116 3748 5184 pergant.

2271 5215 2304 5254 0
2357 5217 2430 5254 nn
2455 5216 2649 5254 nnilulc

2680 5229 2860 5254 ωιτη-ει-
