3926 6462
141 405 239 460 273

1324 410 1812 472 DECRETALIUM
1850 413 2247 473 COLLECTIO.

3294 419 3399 478 ειη

330 518 404 626 D‘c
429 517 706 590 episcopis
727 520 780 576 in
810 521 986 578 aliena
1034 525 1316 594 provincia
1349 527 1722 626 possessiones
1748 532 1801 592 Δ
1896 533 1981 588 19.
2017 535 2094 592 De
2117 552 2311 607 quibus
2338 555 2517 610 supra.

145 609 484 666 habentibus.

210 698 294 752 16.
324 700 400 754 De
427 701 751 759 clericorum
780 708 1360 766 excommunicatione.

210 795 293 848 17.
325 796 526 853 Licere
559 799 788 865 clericis,
816 801 860 855 si
892 801 1091 872 injuste
1121 802 1325 859 fuerint
1350 803 1723 859 excommuni-

144 886 261 951 cati,
287 887 502 942 vicinos
539 890 689 944 adire
713 891 1014 960 episcopos.

211 974 293 1029 18.
323 976 440 1032 Non
474 978 645 1036 licere
684 983 938 1051 episcooo
966 982 1191 1041 alterius
1223 983 1481 1040 clericum
1521 983 1576 1040 in
1623 998 1722 1039 sua

149 1067 358 1122 ecclesia
390 1070 674 1127 ordinare.

1892 625 1983 680 20.
2011 627 2082 683 Ut
2120 632 2363 686 extranei
2407 631 2589 688 clerici
2642 629 2781 702 apud
2811 628 3248 687 Thessalonicam
3294 642 3406 683 non

1823 714 2056 772 tradent.

1893 805 1983 860 21.
2007 806 2322 867 Clericivim
2345 814 2510 884 passi,
2527 822 2619 868 aut
2638 814 3082 884 persecutionem,
3099 813 3142 869 si
3160 812 3225 868 ad
3243 812 3406 868 aliam

1825 900 2156 955 accesserint
2176 903 2481 971 civitatem,
2496 921 2604 961 non
2629 913 2884 962 vetentur
2904 904 2978 960 ibi
3002 903 3203 962 morari
3239 915 3384 973 quan
3401 938 3404 941 -

1825 985 1916 1041 diu
1947 992 2220 1058 potuerint
2247 993 2442 1049 redire.

413 1287 528 1361 61¢
573 1289 864 1352 INCIPIT
909 1290 1348 1357 CONCILIUM
1393 1294 1882 1358 SARDICENSE
1923 1292 2520 1356 TRECENTORUM
2563 1291 3142 1354 EPISCOPORUM.

1348 1459 1524 1531 (Anno
1551 1460 1767 1518 Domini
1788 1459 1888 1517 551
1922 1459 1976 1515 in
2003 1458 2280 1531 Thracia.)

213 1638 362 1695 Anno
389 1647 553 1694 sexto
592 1637 929 1694 Constantini
965 1637 1335 1709 imperatoris,
1377 1637 1604 1695 Leontio
1665 1645 1720 1696 et

154 1729 388 1784 Sallustio
433 1728 776 1793 consulibus,
799 1743 906 1784 aera
955 1729 1082 1792 571,
1120 1729 1457 1784 Sardicensis
1483 1730 1722 1801 syno‘dus

155 1828 458 1891 congregata
506 1829 630 1887 est,
684 1821 776 1876 ubi
821 1835 1010 1876 omnes
1061 1837 1161 1892 per
1211 1819 1490 1876 Orientem
1535 1821 1723 1876 Ariani

153 1911 368 1980 episcopi
410 1911 766 1965 condemnati
804 1919 964 1976 sunt,
1000 1911 1090 1980 qui
1133 1910 1384 1966 conventi
1429 1910 1498 1966 ad
1538 1911 1723 1968 conci-

1830 1639 2131 1696 decreverit
2156 1639 2433 1696 Romanus
2463 1640 2773 1712 episcopus,
2794 1640 3114 1698 conﬁrmata
3142 1651 3332 1705 erunt,
3363 1640 3412 1696 si

1829 1743 1958 1800 ergo
1993 1729 2244 1784 omnibus
2275 1729 2468 1799 placet,
2501 1739 2792 1786 statuatur.
2822 1729 3072 1802 Synodus
3093 1731 3369 1787 respondit
3395 1747 3410 1784 :

1829 1816 2036 1873 Placet.

1901 1906 1970 1964 γ.
2001 1907 2334 1965 Gaudentius
2355 1909 2640 1980 episcopus
2665 1909 2802 1966 dixit
2845 1926 2860 1964 :
2904 1909 3223 1966 Addendum
3255 1919 3336 1965 est
3363 1910 3409 1965 si

156 2001 269 2055 lium
294 2015 592 2057 occurrere
614 2009 800 2057 reatus
829 2001 1156 2056 conscientia
1186 2001 1474 2057 noluerunt
1495 2042 1510 2068 ,
1535 2002 1591 2057 in
1617 2018 1726 2072 quo
1754 2032 1801 2093 Β
1829 1999 2005 2071 placet
2045 2003 2171 2057 huic.
2205 2003 2486 2058 sententiae
2520 2017 2679 2072 quam
2712 2002 2927 2073 plenam
2967 2003 3260 2058 sanctitate
3284 2017 3412 2071 pro-

160 2090 369 2146 concilio
418 2091 571 2146 inter
619 2099 812 2145 caetera
850 2090 932 2144 hae
966 2089 1164 2162 regulae
1196 2105 1297 2162 pro
1323 2090 1606 2161 disciplina
1633 2105 1724 2148 ec-

161 2181 443 2237 clesiastica
472 2181 739 2236 institutae
760 2189 906 2236 sunt.

213 2272 334 2328 Car.
379 2273 421 2327 1.
468 2270 638 2329 Osius
673 2271 960 2342 episcopus
993 2271 1131 2328 dixit
1169 2285 1184 2324 :
1216 2271 1334 2327 Non
1368 2272 1548 2326 minus
1581 2270 1722 2327 mala

158 2362 468 2416 consuetudo
534 2376 698 2430 quam
753 2360 1058 2431 perniciosa
1117 2360 1420 2430 corruptela
1482 2360 1725 2416 funditus

160 2451 458 2507 eradicanda
484 2460 598 2516 est,
626 2466 694 2508 ne
723 2452 807 2508 cui
831 2451 991 2507 liceat
1011 2451 1264 2522 episcopo
1287 2452 1353 2506 de
1377 2452 1596 2507 civitate
1623 2467 1720 2507 sua

160 2539 216 2594 ad
262 2539 415 2596 aliam
469 2540 753 2596 civitatem
811 2539 1060 2595 transire.
1109 2539 1392 2595 Manifesta
1446 2548 1530 2597 est
1578 2541 1722 2595 enim

162 2644 302 2685 causa
334 2645 436 2700 qua
466 2629 582 2686 hoc
608 2630 789 2686 facere
815 2638 1049 2695 tentant,
1077 2645 1201 2686 cum
1232 2629 1410 2686 nullus
1437 2630 1491 2685 in
1529 2632 1631 2687 hac
1660 2646 1721 2688 re

165 2721 389 2779 inventus
428 2724 504 2780 sit
555 2723 838 2793 episcopus
881 2722 972 2792 qui
1034 2722 1101 2778 de
1147 2721 1353 2790 majore
1393 2721 1611 2777 civitate
1655 2723 1724 2778 ad

164 2812 400 2870 minorem
423 2815 707 2881 transiret,
733 2813 877 2870 unde
896 2821 1122 2884 apparet
1143 2814 1387 2870 avaritias
1413 2829 1507 2870 eos
1528 2814 1726 2871 ardore

165 2902 460 2960 inﬂammari
479 2913 544 2962 et
570 2904 849 2961 ambitioni
880 2904 1106 2970 servire,
1132 2912 1189 2958 et
1214 2912 1273 2959 ut
1301 2903 1722 2970 dominationem

168 3004 445 3052 exerceant.
492 2997 561 3054 Si
608 3009 738 3069 ergo
785 2995 1037 3052 omnibus
1087 2995 1264 3066 placet
1309 3004 1371 3051 ut
1417 2994 1723 3066 huiusmodi

167 3087 404 3153 pernicies
423 3087 704 3144 austerius
730 3086 1050 3150 vindicetur,
1065 3101 1166 3142 nec
1180 3085 1378 3142 laicam
1391 3086 1726 3142 communio-

168 3191 272 3233 nem
295 3179 510 3246 haheat,
546 3179 638 3250 qui
668 3179 790 3234 talis
827 3187 912 3234 est
946 3179 1182 3234 universi
1221 3179 1510 3245 dixerunt,
1546 3178 1726 3248 placet

168 3267 308 3322 etiam
336 3270 378 3324 si
407 3270 539 3326 talis
567 3269 762 3340 aliquis
794 3269 1066 3324 exstiterit
1098 3270 1447 3333 temerarius,
1481 3278 1540 3323 ut
1566 3267 1729 3324 forsi-

1829 2093 2028 2149 tulistis
2066 2102 2125 2148 ut
2167 2109 2289 2149 cum
2334 2094 2530 2165 aliquis
2563 2095 2846 2164 episcopus
2893 2094 3170 2166 depositus
3220 2093 3408 2156 fuerit,

1824 2199 2012 2240 eorum
2079 2185 2456 2255 episcoporum
2513 2183 2718 2254 judicio
2767 2184 2860 2254 qui
2905 2184 2960 2239 in
3009 2182 3207 2240 vicinis
3263 2199 3413 2238 com-

1822 2285 2110 2331 morantur
2169 2277 2300 2332 locis
2361 2285 2414 2332 et
2468 2277 2919 2346 proclamaverit,
2984 2276 3250 2346 agendum
3307 2274 3413 2329 sibi

1824 2369 2101 2438 negotium
2145 2367 2200 2421 in
2228 2367 2364 2423 urbe
2386 2367 2576 2422 Roma.
2608 2367 2761 2422 Alter
2791 2367 3108 2437 episeOpus,
3138 2366 3192 2419 in
3222 2363 3414 2419 eadem

1824 2459 2081 2515 cathedra
2117 2467 2238 2529 post
2275 2458 2688 2528 appellationem
2729 2459 2845 2529 ejus
2887 2458 2979 2528 qui
3022 2455 3239 2510 videtur
3284 2467 3410 2509 esse

1824 2547 2104 2618 depositus
2127 2588 2140 2611 ,
2165 2547 2387 2602 omnino
2429 2561 2532 2602 non
2567 2547 2886 2610 ordinetur,-
2911 2545 3014 2601 nisi
3059 2559 3221 2600 causa
3250 2542 3416 2597 fuerit

1825 2637 1880 2692 in
1904 2638 2109 2708 judicio
2140 2638 2367 2692 Romani
2402 2638 2638 2708 episcopi
2669 2639 3048 2693 determinata.

1894 2727 1983 2785 Vl.
2014 2727 2172 2784 Osius
2217 2728 2502 2799 episcopus
2539 2728 2676 2784 dixit
2708 2745 2722 2783 :
2760 2727 2817 2783 Si
2847 2727 3178 2800 contigerit,
3219 2726 3271 2782 in
3303 2741 3411 2782 una

1822 2820 2102 2890 provincia
2163 2819 2218 2874 in
2280 2835 2385 2888 qua
2438 2819 2640 2876 fuerint
2694 2819 2911 2890 plurimi
2955 2821 3195 2892 episc0pi
3243 2835 3411 2874 unum

1825 2912 1968 2967 forte
1993 2927 2278 2968 remanere
2295 2911 2630 2983 episcopum,
2658 2913 2746 2967 ille
2765 2927 2894 2969 vero
2913 2927 3012 2983 per
3031 2912 3412 2986 negligentiam

1824 3001 2063 3060 noluerit
2101 3002 2355 3059 ordinare
2395 3003 2703 3074 episcopum
2738 3013 2793 3060 et
2831 3004 3014 3074 populi
3053 3003 3414 3060 convenerint

1824 3095 2109 3164 episcopos
2129 3094 2321 3150 vicina:
2343 3095 2660 3165 provinciae,
2680 3094 2891 3151 debent
2925 3096 3074 3152 illum
3101 3095 3252 3166 prius
3277 3109 3410 3151 con-

1821 3183 2010 3239 venire
2039 3184 2370 3255 episcopum,
2401 3185 2494 3256 qui
2530 3185 2585 3240 in
2611 3187 2798 3242 eadem
2835 3187 3111 3256 provincia
3141 3194 3408 3253 moratur,

1825 3284 1881 3332 et
1909 3278 2200 3333 ostendere
2231 3277 2395 3348 quod
2439 3277 2619 3348 populi
2663 3286 2850 3348 petant
2893 3279 2993 3335 sibi
3045 3286 3333 3344 rectorem,
3358 3287 3415 3333 et

170 3366 248 3414 tan
284 3363 689 3418 excusationem
721 3359 972 3428 aﬁ'errat,
1003 3361 1145 3431 quod
1174 3361 1354 3430 populi
1396 3361 1605 3416 litteras
1631 3376 1724 3416 ac-
1753 3383 1798 3445 ρ
1828 3367 1933 3423 hoc
1957 3367 2161 3438 justum
2191 3382 2334 3434 esse,
2365 3376 2499 3422 utet
2527 3367 2624 3437 ipsi
2652 3367 2905 3434 veniant,
2935 3378 2991 3424 et
3016 3384 3138 3423 cum
3169 3383 3234 3423 eo
3260 3368 3411 3422 ordi-

170 3453 378 3521 ceperit,
427 3470 557 3511 cum
601 3452 944 3508 manifestum
994 3455 1066 3509 sit
1115 3453 1338 3523 praemio
1375 3461 1432 3508 et
1481 3453 1728 3508 mercede

172 3551 343 3607 paucos
382 3544 474 3614 qui
531 3543 799 3598 sinceram
853 3543 1012 3599 ﬁdem
1066 3559 1173 3600 non
1227 3543 1428 3598 habent
1487 3542 1728 3613 potuisse

174 3635 410 3704 corrumpi
439 3644 507 3691 ut
538 3635 838 3691 clamarent
880 3636 936 3690 in
975 3635 1214 3692 Ecclesia
1247 3644 1302 3691 et
1339 3635 1511 3706 ipsum
1543 3642 1728 3705 petere

175 3722 452 3784 viderentur
500 3729 842 3799 episcopum,
896 3729 1118 3786 omnino
1162 3730 1260 3784 has
1298 3727 1517 3784 fraudes
1551 3743 1728 3784 remo-

176 3819 348 3874 vendas
371 3834 494 3877 esse
519 3821 863 3889 damnamus,
891 3823 963 3876 ita
988 3830 1046 3876 ut
1069 3838 1167 3877 nec
1187 3821 1378 3877 laicam
1396 3821 1729 3876 communio-

177 3918 277 3960 nem
309 3909 357 3964 in
391 3910 558 3967 ﬁnem
596 3912 827 3982 accipiat
869 3912 1018 3973 talis,
1047 3911 1189 3981 quod
1220 3911 1266 3967 si
1306 3911 1458 3966 vobis
1479 3910 1728 3966 omnibus

178 3993 342 4062 placet,
377 4000 620 4056 statuite.
646 3999 896 4056 Universi
933 4002 1185 4056 dixerunt
1223 4018 1236 4053 :
1268 3999 1472 4054 Placet.

235 4083 288 4138 Il.
317 4086 470 4144 Osius
509 4089 793 4161 episcopus
833 4091 971 4146 dixit
1005 4108 1017 4144 :
1050 4091 1181 4144 Illud
1217 4105 1430 4160 quoque
1467 4097 1728 4144 statutum

183 4173 256 4240 δίιν
277 4186 334 4232 ut
359 4182 643 4251 episcopus
678 4182 744 4236 de
787 4195 880 4237 sua
922 4180 1198 4251 provincia
1225 4179 1291 4233 ad
1321 4179 1484 4233 aliam
1512 4178 1728 4248 provin-

183 4265 296 4322 ciam
329 4272 378 4326 in
406 4288 518 4344 qua
555 4282 682 4329 sunt
721 4273 956 4344 episcOpi
988 4289 1093 4327 non
1128 4279 1367 4327 transeat
1398 4271 1499 4326 nisi
1530 4271 1668 4328 forte
1696 4287 1728 4326 a

187 4356 404 4419 fratribus
442 4365 706 4421 invitatus
727 4406 743 4433 ,
775 4380 847 4422 ne
884 4364 1166 4419 videamur
1187 4362 1410 4432 januam
1443 4362 1728 4418 charitatis

187 4444 418 4508 claudere.

241 4537 314 4593 111.
340 4543 495 4599 Osius
515 4545 801 4615 episcopus
825 4544 961 4598 dixit
993 4560 1007 4598 :
1035 4542 1435 4598 Providendum
1458 4548 1544 4597 est
1562 4541 1728 4597 etiam

188 4633 235 4679 ut
275 4631 313 4685 si
351 4634 400 4690 in
440 4637 622 4707 aliqua
677 4635 955 4706 provincia
1006 4633 1147 4690 forte
1195 4632 1389 4702 aliquis
1441 4632 1726 4702 episcopus

1831 3466 1963 3512 nent
1986 3457 2316 3527 episcopum,
2349 3459 2489 3529 quod
2525 3458 2569 3513 si
2601 3466 2897 3513 conventus
2926 3458 3122 3513 litteris
3152 3457 3411 3521 tacuerit,

1827 3554 1884 3602 et
1910 3547 2361 3609 dissimulaverit.
2391 3545 2631 3616 nihilque
2669 3547 3053 3616 responderit,
3086 3556 3213 3602 tunc
3248 3545 3411 3601 satis-

1827 3635 2132 3694 faciendum
2173 3652 2294 3694 esse
2338 3638 2570 3709 populis,
2599 3646 2660 3692 ut
2688 3639 2912 3694 veniant
2950 3653 3015 3693 ex
3057 3636 3249 3692 vicinis
3281 3651 3410 3706 pro-

1827 3728 2062 3794 vinciis,
2123 3737 2179 3784 et
2232 3729 2484 3784 ordinent
2547 3730 2879 3800 episcopum.
2940 3729 3138 3783 Iterum
3193 3727 3410 3783 licentia

1828 3819 2114 3874 ordinandi
2141 3819 2452 3890 episcopum
2484 3820 2661 3874 danda
2691 3822 2892 3890 passim
2921 3835 3025 3874 non
3066 3827 3167 3884 est,
3193 3819 3237 3874 si
3261 3819 3407 3874 enim

1827 3909 2006 3965 subito
2024 3921 2117 3964 aut
2144 3911 2294 3966 vicus
2320 3910 2517 3981 aliquis
2555 3919 2647 3964 aut
2675 3912 2884 3968 modica
2915 3911 3107 3966 civitas
3147 3911 3232 3967 cui
3276 3911 3411 3966 satis

1819 4007 1912 4056 .est
1932 4015 2071 4054 unus
2098 4001 2382 4072 presbyter
2422 4001 2653 4056 voluerit
2683 4002 2783 4056 sibi
2821 4003 3129 4072 episcopum
3166 4001 3409 4056 ordinari

1828 4091 2044 4156 adhoc,
2066 4102 2128 4146 ut
2151 4092 2375 4148 vilescat
2399 4107 2591 4148 nomen
2623 4093 2859 4163 episcopi
2890 4104 2945 4148 et
2971 4094 3164 4149 summi
3189 4093 3410 4148 honoris

1828 4181 2143 4248 auctoritas,
2169 4197 2276 4238 non
2315 4181 2510 4238 debent
2541 4183 2616 4238 illi
2654 4198 2721 4238 ex
2763 4185 2864 4240 alia
2895 4184 3169 4253 provincia
3197 4184 3409 4238 invitati

1827 4267 2008 4324 facere
2024 4270 2356 4341 episcopum,
2377 4272 2478 4326 nisi
2495 4281 2586 4327 aut
2602 4273 2654 4326 in
2674 4273 2984 4328 civitatibus
2999 4287 3116 4342 quae
3128 4273 3410 4343 episcopos

1828 4357 2154 4426 habuerunt,
2207 4369 2300 4416 aut
2353 4361 2526 4433 siqua
2586 4370 2693 4416 tam
2740 4363 2997 4433 populosa
3044 4372 3128 4418 est
3174 4363 3407 4428 civitas,

1821 4449 1914 4505 .vel
1944 4449 2095 4506 locus
2121 4451 2214 4521 qui
2245 4462 2516 4507 mereatur
2552 4453 2752 4509 habere
2789 4455 3124 4524 episcopum.
3159 4453 3410 4526 Synodus

1828 4541 2107 4610 respondit
2135 4555 2150 4595 :
2176 4541 2380 4597 Placet.

1898 4630 2008 4686 VII.
2037 4629 2200 4687 Osius
2225 4632 2509 4702 episcopus
2535 4632 2712 4687 dixit:
2755 4631 2822 4687 Et
2863 4632 2966 4688 hoc
3003 4632 3238 4704 placuit,
3277 4631 3406 4688 utsi

190 4729 345 4777 contra
373 4723 594 4782 fratrem
623 4741 780 4782 suum
809 4727 1118 4796 episcopum
1151 4725 1301 4780 litem
1337 4724 1622 4789 habuerit,
1660 4738 1728 4778 ne
1757 4730 1806 4789 1)
1831 4722 2115 4792 episcopus
2153 4731 2436 4778 accusatus
2466 4719 2668 4787 fuerit,
2713 4731 2768 4777 et
2813 4737 3004 4777 omnes
3042 4722 3410 4792 judicaverint

191 4819 304 4865 unus
331 4827 360 4867 c
387 4817 591 4873 duobus
627 4831 695 4871 ex
731 4815 836 4870 alia
871 4815 1147 4885 provincia
1191 4814 1418 4870 advocet
1449 4805 1732 4884 episcopos

193 4899 244 4950 ad
273 4901 540 4970 judicium.

248 4990 321 5047 IV.
359 4996 512 5054 Osius
553 4999 836 5069 episcOpns
868 4997 1007 5053 dixit
1049 5017 1062 5052 :
1105 4997 1256 5064 Quod
1301 4996 1347 5052 si
1383 4995 1579 5067 aliquis
1617 4996 1732 5066 epi-

193 5091 353 5152 SCOpus
375 5091 707 5162 adjudicatus
733 5091 897 5146 fuerit
923 5093 976 5146 in
1003 5090 1180 5161 aliqua
1207 5105 1392 5156 causa,
1415 5098 1469 5144 et
1490 5098 1646 5160 putat
1671 5103 1730 5144 se

195 5168 354 5232 bonam
389 5197 604 5238 causam
643 5183 872 5252 habere,
915 5191 976 5238 ut
1009 5183 1203 5238 iterum
1246 5183 1509 5254 judicium
1547 5196 1728 5237 remo-

196 5271 339 5333 vetur,
363 5273 403 5326 si
443 5275 592 5330 vobis
628 5275 842 5346 placet,
879 5275 1052 5330 sancti
1082 5274 1228 5329 Petri
1253 5274 1478 5346 apostoli
1528 5289 1731 5329 memo-

199 5351 307 5410 riam
331 5361 669 5429 honoremus,
697 5374 757 5421 ut
802 5366 1092 5431 scribatur,
1123 5365 1208 5420 vel
1243 5366 1311 5420 ab
1355 5366 1441 5420 his
1479 5365 1569 5434 qui
1603 5379 1731 5418 cau-

201 5458 292 5503 sam
317 5460 776 5527 examinaverunt,
815 5458 901 5513 vel
950 5460 1112 5514 etiam
1159 5458 1226 5514 ab
1268 5458 1389 5512 aliis
1417 5456 1726 5527 episcopis,

202 5539 273 5603 qui
320 5545 366 5600 in
409 5552 679 5619 provincia
708 5591 723 5616 ,
792 5551 1093 5621 propinqua
1145 5558 1428 5605 morantur
1480 5547 1727 5603 Romano

203 5629 426 5705 episcopo.
443 5641 504 5695 Et
522 5641 564 5695 si
576 5641 901 5711 iudicaverit
921 5642 1287 5697 renovandum
1307 5655 1427 5695 esse
1441 5638 1726 5707 judicium,

205 5728 442 5784 revocetur
467 5742 520 5787 et
549 5733 642 5787 det
667 5731 898 5802 judices.
929 5731 986 5787 Si
1023 5741 1204 5788 autem
1231 5731 1541 5803 probaverit
1567 5729 1725 5784 talem

206 5818 405 5887 “usam,
425 5831 480 5878 ut
503 5839 566 5882 ea
596 5840 701 5882 non
731 5824 1056 5881 refricentur
1089 5839 1210 5895 quae
1255 5833 1375 5880 acta
1405 5830 1530 5879 sunt
1557 5861 1571 5889 ,
1605 5835 1725 5890 quae

1835 4813 2144 4886 congregati
2171 4813 2404 4883 episcopi
2448 4813 2683 4883 regionis
2716 4813 2902 4884 ipsius,
2931 4820 2987 4867 et
3014 4812 3082 4867 de
3110 4813 3278 4883 gradu
3297 4827 3409 4867 suo

1821 4904 2092 4974 .cjecerint
2130 4919 2274 4969 cum,
2313 4904 2360 4959 si
2392 4903 2738 4974 appellaverit
2771 4904 2863 4973 qui
2907 4901 3145 4971 dejectus
3174 4900 3406 4967 videtur,

1827 5005 1890 5052 et
1944 4995 2249 5065 confugerit
2296 4995 2364 5049 ad
2418 4994 2789 5050 beatissimum
2843 4992 3098 5046 Romana:
3151 4991 3410 5046 Ecclesia:

1833 5087 2168 5158 episcopum,
2189 5095 2246 5142 et
2271 5085 2501 5140 voluerit
2522 5099 2581 5139 se
2601 5083 2798 5149 audiri,
2825 5082 2868 5138 si
2888 5081 3093 5150 justum
3117 5083 3405 5152 putaverit,

1831 5185 1893 5232 ut
1940 5185 2261 5239 renovetur,
2309 5189 2536 5230 examen
2575 5174 2814 5230 scribere
2852 5172 3120 5242 episcopis
3157 5172 3409 5242 dignetur

1832 5271 2108 5327 Romanus
2143 5269 2430 5340 episcOpus
2468 5267 2554 5321 his
2600 5265 2693 5335 qui
2735 5265 2788 5318 in
2821 5263 3049 5318 ﬁnitima
3084 5272 3140 5319 et
3179 5264 3406 5334 propin-

1829 5377 1935 5432 qua
1966 5361 2135 5416 altera
2161 5359 2438 5431 provincia
2466 5364 2622 5421 sunt,
2657 5363 2716 5409 ut
2756 5355 2858 5425 ipsi
2897 5354 3183 5424 diligenter
3223 5352 3406 5410 omnia

1827 5453 2130 5522 requirant,
2161 5460 2216 5506 et
2250 5450 2404 5519 juxta
2449 5449 2603 5502 ﬁdem
2647 5446 2894 5502 veritatis
2921 5447 3102 5502 omnia
3125 5445 3401 5509 deﬁniant,

1829 5543 1971 5614 quod
2006 5543 2051 5596 si
2109 5543 2158 5598 is
2199 5541 2296 5610 qui
2341 5547 2494 5608 rogat
2539 5552 2756 5592 causam
2801 5553 2954 5592 suam
2993 5538 3184 5591 iterum
3230 5533 3404 5589 audiri

1837 5631 2219 5703 deprecatione
2255 5645 2350 5685 sua
2380 5627 2608 5682 moverit
2635 5628 2942 5696 episcopum
2968 5625 3267 5678 Romanum
3289 5661 3304 5686 ,
3346 5629 3408 5675 ut

1835 5725 1901 5780 de
1928 5725 2096 5780 latere
2122 5737 2220 5778 suo
2260 5722 2607 5791 presbyteros
2651 5718 2862 5781 mittat,
2887 5717 2992 5771 erit
3040 5715 3091 5769 in
3136 5721 3406 5782 potestate

1835 5815 2002 5885 ipsius
2034 5813 2165 5886 quid
2187 5811 2316 5872 velit
2343 5851 2358 5880 ,
2386 5819 2438 5867 et
2469 5808 2595 5884 quid
2619 5808 2882 5874 aestimet,
2921 5813 2973 5861 ct
3017 5804 3060 5859 si
3104 5801 3405 5860 decreverit
