3908 5434
494 253 600 310 εὶτό
1333 247 1626 306 APPEND.
1667 247 1760 304 AD
1791 245 1965 304 SEC.
2005 243 2099 300 IX.
2131 273 2202 284 —
2229 240 2478 299 ISIDORI
2515 239 2960 300 MERCATOBIS
3684 240 3778 294 276

497 366 794 427 mittendos
854 379 977 422 esse
1019 406 1035 432 ,
1114 363 1208 436 qui
1271 374 1567 435 praesentes
1627 378 1751 419 cum
1815 360 2087 434 episcopis
2113 363 2168 424 Α
2262 357 2328 412 X.
2363 357 2611 428 Aliphius
2655 356 2940 428 episcopus
2988 355 3250 414 dixit:Si
3283 365 3510 428 prOpter
3552 356 3778 428 pupillos

495 455 1164 534 iudicent,'ut'habeant
1202 457 1363 513 etiam
1413 456 1794 513 auctoritatem
1838 467 2086 525 personae
2185 458 2242 508 et
2269 451 2459 508 viduas
2509 449 2594 506 vel
2639 449 2984 516 laborantes,
3033 450 3126 519 qui
3173 463 3364 505 causas
3413 464 3524 504 non
3573 448 3780 517 iniquas

500 551 645 609 illius
672 567 829 623 aquo
852 549 1107 606 destinati
1136 556 1280 615 sunt,
1322 549 1428 605 erit
1479 548 1534 602 in
1578 547 1698 618 ejus
1741 545 1991 602 arbitrio.
2025 542 2088 600 Si
2189 542 2428 606 habent,
2483 539 2825 610 susceperint
2870 539 3325 610 peregrinationis
3385 539 3739 594 incommoda
3765 579 3778 602 ,

498 656 633 700 vero
665 641 956 699 crediderit
984 639 1233 696 sufﬁcere
1255 639 1541 711 episcopos
1576 634 2084 707 comprovinciales,

500 744 562 792 ut
583 735 800 807 negotio
831 733 1118 790 terminum
1147 734 1462 803 imponant,
1507 729 1668 786 faciet
1695 729 1838 802 quod
1873 729 2088 798 sapien-

508 827 716 883 tissimo
741 825 967 882 consilio
1001 839 1099 881 suo
1130 824 1480 894 iudicaverit.

577 917 704 972 VIII.
739 915 899 973 Osius
921 916 1208 988 episcopus
1232 915 1368 970 dixit
1399 933 1411 970 :
1442 913 1868 986 lmportunitatis
1891 922 2089 968 nostrae

503 1005 670 1062 nimia
700 1006 1028 1077 frequentia,
1056 1015 1112 1062 et
1149 1005 1361 1078 iniustae
1389 1008 1682 1077 petitiones
1713 1004 1962 1061 fecerunt
1991 1019 2090 1060 nos

503 1111 610 1152 non
642 1106 850 1152 tantam
878 1097 1081 1153 habere
1114 1098 1342 1167 gratiam
1386 1106 1477 1152 aut
1503 1096 1780 1163 Iiduciam,
1817 1097 1943 1150 dum
1968 1096 2089 1164 qui-

504 1187 630 1242 dam
653 1205 759 1243 non
783 1195 1002 1244 cessant
1023 1188 1090 1242 ad
1111 1187 1428 1243 comitatum
1473 1189 1552 1244 ire
1589 1187 1827 1258 episcopi
1859 1187 2091 1242 maxime

509 1282 668 1348 Afri,
717 1283 809 1354 qui
870 1282 1031 1338 sicuti
1086 1283 1466 1351 cognovimus,
1516 1281 1843 1338 sanctissimi
1905 1280 2092 1336 fratris

508 1375 813 1446 coepiscopi
849 1373 1018 1430 nostri
1049 1375 1186 1445 grati
1222 1373 1445 1430 consilia
1492 1373 1747 1429 salutaria
1787 1383 2050 1442 spernunt
2075 1411 2092 1437 ,

511 1473 674 1532 atque
729 1471 1121 1527 contemnunt,
1171 1471 1225 1519 et
1281 1478 1385 1518 non
1444 1463 1617 1518 solum
1665 1461 1732 1517 ad
1778 1461 2093 1517 comitatum

511 1555 712 1609 multas
759 1563 814 1609 et
853 1554 1096 1610 diversas
1141 1554 1398 1610 Ecclesia
1441 1570 1545 1610 non
1589 1553 1906 1624 profuturas
1956 1567 2094 1623 prre-

510 1645 692 1699 ferunt
717 1659 931 1711 causas,
964 1654 1025 1700 ut
1050 1644 1166 1700 fieri
1195 1645 1330 1701 solet
1355 1653 1447 1700 aut
1472 1653 1715 1715 oportet,
1754 1652 1933 1699 utaut
1964 1659 2094 1714 pau-

2189 631 2466 687 habebunt
2493 630 2696 700 aliquid
2715 630 2876 701 iustae
2901 630 3126 686 rationis
3149 671 3165 696 ,
3202 646 3346 686 nunc
3385 645 3526 686 vero
3569 645 3700 686 cum
3724 645 3780 684 ea

2187 724 2480 797 postulent,
2511 739 2630 793 qua:
2659 723 2782 779 sine
2805 724 3004 778 invidia
3051 723 3327 790 omnium,
3381 733 3441 779 et
3487 723 3780 792 reprehen-

2190 815 2344 870 sione
2365 829 2487 870 esse
2517 828 2625 870 non
2655 824 2914 883 possunt,
2965 828 3073 869 non
3118 829 3342 871 necesse
3368 829 3467 870 eos
3495 814 3582 869 ire
3605 814 3676 869 ad
3703 828 3780 869 co-

2195 905 2468 959 mitatum.

2264 1016 2354 1072 XI.
2381 1017 2712 1074 Gaudentius
2742 1019 3025 1088 episcopus
3053 1017 3188 1073 dixit
3213 1036 3226 1072 :
3253 1017 3326 1072 Ea
3349 1033 3472 1088 qua:
3494 1017 3784 1073 salubriter

2193 1109 2504 1178 providistis
2530 1109 2872 1164 convenieuti
2909 1109 3269 1163 aestimatione
3293 1109 3660 1178 omniumque
3686 1107 3783 1162 Deo

2195 1197 2454 1270 placitura
2486 1207 2542 1254 et
2573 1198 2880 1254 hominibus
2911 1207 3096 1254 tenere
3117 1199 3378 1254 hactenus
3404 1198 3781 1254 fortitudinem

2194 1299 2438 1361 possunt,
2457 1289 2502 1345 si
2529 1299 2705 1345 metus
2727 1290 2853 1344 huic
2872 1291 3153 1345 sententize
3179 1289 3574 1360 coniungatur,
3592 1290 3784 1345 scimus

2196 1380 2340 1434 enim
2384 1380 2547 1434 etiam
2593 1380 2693 1450 ipsi
2734 1379 3034 1450 sepissime
3081 1389 3304 1451 propter
3334 1396 3651 1450 paucorum
3687 1381 3780 1434 im-

2195 1471 2537 1541 prudentiam
2571 1485 2785 1526 sacrum
2811 1485 2876 1526 ac
2896 1470 3204 1542 religiosum
3228 1472 3576 1529 sacerdotale
3600 1488 3784 1529 nomen

2199 1558 2368 1614 fuisse
2407 1561 2817 1629 reprehensum.
2849 1561 2908 1616 Si
2951 1561 3116 1633 igitur
3156 1572 3349 1618 contra
3389 1563 3643 1619 omnium
3679 1579 3786 1620 sen-

2201 1652 2424 1706 tentiam
2468 1651 2663 1721 aliquis
2699 1653 2848 1708 visus
2881 1651 3042 1708 fuerit
3068 1653 3348 1712 ambitioni
3373 1654 3603 1724 placere
3629 1653 3788 1725 magis

455 1722 467 1738 ’
510 1737 760 1808 perihns,
791 1746 885 1792 aut
909 1737 1086 1793 viduis
1109 1777 1122 1804 ,
1155 1747 1244 1793 aut
1277 1737 1492 1808 pupillis
1513 1737 1882 1802 subveniatur,
1915 1737 2008 1792 sed
2043 1744 2097 1790 et
2125 1717 2172 1776 Β
2199 1761 2362 1815 quam
2389 1746 2515 1809 Deo,
2541 1717 2699 1803 debet
2719 1748 2860 1803 scire
2885 1747 3065 1803 causis
3085 1747 3309 1806 redditis
3327 1717 3600 1804 ιιδηοτεω
3637 1717 3788 1817 aqvae

513 1828 802 1899 dignitates
845 1829 1163 1898 saeculares,
1221 1839 1276 1885 et
1327 1830 1828 1886 administrationes
1870 1828 2096 1898 quihus-

513 1934 674 1990 quam
697 1920 992 1990 postulant,
1014 1923 1130 1976 haec
1163 1923 1345 1992 itaque
1367 1922 1608 1993 pravitas
1632 1921 1760 1977 olim
1791 1936 1899 1976 non
1925 1919 2097 1975 solum

515 2010 996 2076 murmurationes,
1036 2011 1130 2066 sed
1170 2019 1226 2067 ct
1257 2010 1510 2067 scandala
1539 2010 1762 2066 excitat.
1801 2009 2096 2065 Honestum

520 2107 603 2153 est
624 2107 806 2153 autem
836 2100 1193 2170 utepiscopus
1217 2101 1660 2156 intercessionem
1681 2115 1833 2155 suam
1850 2098 1933 2154 his
1963 2113 2103 2169 pra:-

527 2194 633 2241 stet
660 2187 750 2256 qui
801 2187 978 2258 aliqua
1033 2189 1216 2260 iniqua
1254 2191 1304 2244 vi
1333 2190 1730 2261 opprimuntur,
1757 2198 1851 2243 aut
1872 2191 1916 2245 si
1942 2188 2100 2243 vidua

517 2273 820 2346 allligatur,
854 2287 949 2332 aut
996 2278 1230 2349 pupillus
1270 2277 1619 2348 exspolietur,
1666 2286 1847 2334 tamen
1893 2287 1949 2334 et
1996 2278 2100 2333 ista

515 2367 696 2420 omnia
727 2367 772 2422 si
815 2368 1019 2438 justam
1065 2369 1300 2425 habeant
1352 2383 1569 2424 causam
1601 2378 1655 2424 et
1675 2370 2013 2440 petitionem.
2043 2368 2100 2424 Si

513 2458 669 2513 vobis
704 2474 850 2529 ergo,
883 2459 1076 2516 fratres
1110 2461 1440 2527 charissimi,
1472 2460 1670 2531 placet,
1702 2461 2000 2528 decernite,
2033 2477 2105 2518 ne

514 2549 750 2619 episcopi
788 2549 854 2604 ad
886 2551 1204 2606 comitatum
1233 2552 1526 2618 accedant,
1560 2552 1662 2607 nisi
1710 2551 1850 2608 forte
1892 2552 1947 2607 hi
2009 2550 2103 2623 qui

513 2640 906 2712 religiosissimi
943 2643 1286 2713 imperatoris
1310 2644 1525 2710 litteris,
1550 2644 1637 2700 vel
1661 2645 1872 2701 invitati
1902 2645 2106 2701 fuerint

513 2729 601 2786 vel
625 2731 824 2798 vocati,
855 2733 946 2786 sed
969 2734 1221 2804 quoniam
1254 2749 1404 2805 saepe
1417 2736 1705 2807 contingit,
1727 2744 1786 2790 ut
1806 2737 1874 2792 ad
1894 2735 2108 2793 miseri.

515 2822 760 2878 cordiam
825 2823 1080 2880 Ecclesiae
1144 2825 1500 2898 confugiant,
1546 2827 1639 2898 qui
1701 2827 1953 2897 iniuriam
2010 2842 2107 2899 pa-

519 2917 755 2983 tiuntur,
791 2925 846 2973 et
881 2917 973 2989 qui
1027 2928 1316 2989 peccantes
1361 2919 1414 2974 in
1461 2920 1710 2976 exsilium
1735 2959 1752 2986 ,
1785 2919 1869 2977 vel
1901 2919 2105 2977 insulas

519 3006 867 3076 damnantur,
898 3018 994 3065 aut
1017 3018 1168 3067 certe
1183 3025 1564 3082 quamcunque
1583 3011 1908 3068 sententiam
1931 3010 2099 3067 susci-

517 3098 704 3170 piunt,
733 3099 966 3172 ideoque
1001 3101 1428 3159 subveniendum
1457 3111 1542 3159 est
1572 3103 1658 3160 his
1681 3144 1697 3170 ,
1721 3112 1776 3160 et
1803 3104 1921 3161 sine
1951 3104 2104 3161 dubii-

520 3193 726 3248 tatione
771 3194 850 3249 eis
896 3196 1122 3263 petenda
1161 3211 1260 3266 per
1297 3197 1595 3254 Ecclesiam
1641 3199 1996 3272 indulgentia.
2043 3199 2104 3257 Si

518 3298 650 3338 vero
678 3284 780 3340 hoc
805 3286 958 3342 vobis
981 3285 1176 3357 placet,
1205 3298 1500 3346 statuatur.
1528 3291 1774 3350 Uuiversi
1798 3293 2053 3350 dixerunt
2086 3311 2104 3349 :

518 3371 724 3440 Placet,
758 3383 815 3430 et
843 3377 1226 3434 constituatur.

588 3465 677 3520 IX.
709 3467 870 3524 Osius
897 3470 1182 3540 episcopus
1206 3471 1344 3527 dixit
1370 3488 1386 3527 :
1416 3471 1544 3530 meo
1569 3488 1787 3544 quoque
1811 3475 2102 3545 prudentia

518 3565 700 3613 vestra
717 3568 964 3616 tractare
983 3561 1164 3630 debet,
1187 3564 1318 3634 quia
1341 3575 1401 3618 ut
1425 3563 1751 3622 decrevistis
1771 3583 1841 3623 ne
1865 3568 2106 3639 episcopi

520 3649 837 3720 improbitas
867 3660 1084 3707 notetur
1110 3652 1178 3709 ad
1207 3655 1522 3710 comitatum
1559 3658 1894 3728 pergendum
1913 3698 1930 3724 ,
1958 3673 2105 3728 quae;

522 3755 735 3810 cunque
763 3755 894 3810 ergo
936 3742 1122 3812 quales
1164 3744 1413 3813 superius
1450 3747 1873 3803 memoravimus
1916 3762 2108 3817 preces

524 3832 826 3896 habuerint,
850 3833 934 3889 vel
955 3837 1264 3906 acceperint
1291 3851 1388 3908 per
1413 3837 1700 3894 diaconum
1721 3854 1877 3894 suum
1903 3841 2111 3909 mittat,

523 3922 649 3991 quia
686 3937 916 3992 persona
947 3925 1181 3982 ministri
1212 3941 1318 3982 non
1349 3928 1456 3983 erit
1487 3928 1752 3985 invidiosa
1773 3971 1788 3995 ,
1819 3945 1940 4000 quae
1967 3931 2109 3989 cele—

524 4014 640 4070 rius
666 4015 864 4084 poterit
891 4031 1012 4086 quae
1036 4016 1410 4088 impetraverit
1438 4020 1662 4078 referre.
1691 4021 1760 4078 Et
1785 4023 1890 4080 hoc
1917 4039 2108 4082 conse-

526 4120 699 4173 quens
748 4121 870 4162 esse
908 4108 1142 4177 videtur,
1215 4119 1276 4166 ut
1340 4114 1709 4184 unusquisque
1775 4117 1870 4186 qui
1917 4133 2106 4187 preces

523 4195 775 4252 habuerit
811 4212 905 4254 eas
937 4199 1004 4254 ad
1035 4199 1232 4256 fratres
1265 4211 1322 4257 et
1367 4205 1714 4276 coepiscopos
1759 4217 1974 4264 nostros
2013 4209 2107 4278 qui

526 4285 580 4338 in
617 4287 852 4343 maxima
899 4289 1122 4359 civitate
1147 4332 1160 4358 ,
1195 4292 1248 4347 id
1303 4301 1414 4357 est,
1474 4295 1567 4365 qui
1607 4297 1893 4368 metropoli
1929 4299 2108 4354 consi-

526 4383 693 4438 stunt,
736 4377 985 4445 mittant,
1012 4389 1064 4434 ct
1093 4381 1168 4436 illi
1199 4397 1297 4452 per
1336 4399 1465 4440 suos
1503 4385 1758 4442 diaconos
1795 4387 2104 4455 destinent,

526 4467 814 4524 tribuendo
841 4474 1311 4530 c'ommendatitias
1341 4476 1594 4546 epistolas
1625 4478 1741 4548 pari
1785 4480 1998 4535 ratione
2038 4480 2104 4535 ad

524 4557 722 4615 fratres
750 4569 804 4615 et
829 4562 1178 4633 coepiscopos
1201 4576 1415 4623 nostros
1439 4567 1529 4637 qui
1560 4568 1612 4623 in
1637 4569 1728 4624 illo
1770 4579 2011 4640 tempore
2050 4571 2106 4625 in

523 4651 610 4706 his
671 4653 984 4722 regionibus
1050 4665 1106 4710 et
1174 4658 1396 4713 urbibus
1440 4667 1746 4726 morantur,
1793 4661 1848 4714 in
1908 4661 2107 4730 quibus

524 4742 654 4796 felix
697 4745 752 4798 et
797 4744 990 4804 beatus
1029 4745 1365 4818 Augustinus
1407 4750 1792 4818 rempublicam
1819 4751 2104 4821 gubernat.

525 4834 582 4888 Si
615 4851 742 4890 vero
770 4837 931 4892 habet
963 4838 1085 4908 quis
1113 4839 1490 4909 episcoporum
1533 4843 1736 4898 amicos
1781 4843 1834 4897 in
1884 4841 2102 4911 palatio,

523 4926 616 4995 qui
641 4928 790 4996 cupit
809 4929 1012 4998 aliquid
1034 4932 1176 4999 quod
1203 4941 1381 4987 tamen
1409 4932 1696 4988 honestum
1717 4943 1795 4987 est
1815 4933 2109 5002 impetrare

525 5033 633 5073 non
682 5021 1032 5086 prohibeatur
1082 5039 1181 5092 per
1230 5025 1517 5082 diaconum
1572 5039 1730 5080 suum
1780 5039 2015 5094 rogare,
2056 5033 2112 5079 et

528 5109 834 5180 signiﬁcare
865 5115 943 5167 eis
989 5130 1123 5183 quos
1154 5117 1256 5172 scit
1294 5117 1526 5189 benigna
1576 5118 1967 5174 intercessione
2005 5118 2110 5172 sibi

525 5203 735 5257 absenti
785 5219 942 5272 posse
977 5217 1252 5274 przestare.
1299 5211 1399 5277 Qui
1430 5227 1558 5266 vero
1605 5211 1831 5266 Romam
1878 5211 2110 5276 venerit,

526 5295 670 5349 sicut
697 5295 900 5348 dictum
937 5306 1046 5358 est,
1099 5301 1439 5355 sanctissimo
1484 5301 1638 5356 fratri
1680 5310 1734 5356 et
1787 5300 2111 5370 coepiscopo

530 5395 724 5434 nostra
753 5385 1017 5434 Romamn
1047 5387 1297 5434 Ecclesim
1325 5408 1510 5434 nrnppa
1538 5409 1671 5434 nilne
1696 5393 1872 5434 Imhof.
1907 5391 2108 5434 tradat-

2200 1837 2515 1909 dignitatem
2541 1851 2601 1893 se
2623 1837 2974 1904 amissurum,
3003 1837 3108 1893 hoc
3135 1847 3317 1893 autem
3348 1838 3513 1904 sciri,
3547 1847 3608 1894 et
3652 1853 3787 1893 com-

2201 1927 2366 1996 periri
2395 1927 2596 1996 poterit
2625 1926 2672 1983 si
2696 1929 3066 1998 unusquisque
3091 1937 3334 1983 nostrum
3377 1927 3472 1997 qui
3521 1927 3578 1983 in
3611 1927 3785 1984 canali

2201 2018 2528 2074 constitutus
2576 2026 2662 2074 est
2702 2034 2826 2074 cum
2877 2019 3312 2091 progredientem
3365 2021 3692 2091 episcopum
3719 2021 3790 2074 vi-

2200 2110 2364 2176 derit,
2391 2110 2633 2180 inquirat
2685 2112 2973 2167 transitum
3023 2111 3140 2184 eius
3166 2151 3184 2179 ,
3224 2127 3420 2168 causas
3448 2113 3662 2181 videat,
3688 2129 3785 2184 quo

2205 2202 2394 2270 tendit,
2424 2211 2703 2274 agnoscat.
2741 2203 2877 2284 Etsi
2909 2203 3124 2273 quidem
3148 2219 3271 2260 eum
3300 2205 3588 2277 agnoverit
3612 2206 3701 2262 ire
3726 2206 3785 2259 ad

2202 2294 2517 2351 comitatum
2543 2335 2558 2359 ,
2607 2296 2850 2365 requirat
2891 2295 3021 2351 illud
3057 2297 3203 2366 quod
3242 2297 3496 2368 superius
3541 2312 3786 2368 compre-

2204 2388 2431 2442 heusum
2462 2395 2567 2454 est,
2617 2402 2686 2442 ne
2725 2386 2866 2443 forte
2910 2388 3171 2444 invitatus
3219 2388 3320 2454 sit,
3352 2396 3415 2444 ut
3460 2391 3511 2445 ei
3563 2389 3787 2445 facultas

2202 2479 2366 2534 eundi
2411 2479 2777 2549 permittatur,
2831 2478 2879 2534 si
2923 2493 3053 2535 vero
3105 2488 3167 2535 ut
3216 2481 3466 2550 superius
3535 2482 3779 2536 meminit

2203 2571 2467 2626 sanctitas
2491 2579 2677 2627 vestra
2720 2581 2942 2650 propter
2981 2571 3248 2628 desideria
3278 2581 3336 2628 ct
3363 2573 3695 2629 ambitiones
3718 2575 3785 2628 ire

2203 2667 2272 2724 ad
2339 2668 2652 2724 comitatum
2737 2665 3026 2724 tentaverit
3057 2706 3073 2735 ,
3144 2681 3322 2738 neque
3394 2667 3598 2725 litteris
3669 2667 3778 2736 eius

2204 2760 2617 2827 subscribatur,
2656 2775 2830 2832 neque
2877 2760 2932 2815 in
2981 2760 3359 2817 communione
3391 2760 3708 2831 recipiatur.
3735 2759 3783 2814 Si

2203 2853 2358 2910 vobis
2405 2852 2607 2924 placet,
2646 2852 2807 2909 debet
2845 2852 3088 2908 omnium
3138 2851 3406 2907 sententia
3451 2851 3783 2907 conﬁrmari.

2210 2944 2458 3002 Universi
2497 2944 2751 3000 dixerunt
2794 2963 2808 3000 :
2854 2943 2969 3002 lloc
2994 2944 3283 3000 honestum
3318 2957 3462 3008 esse,
3495 2951 3554 2998 et
3584 2942 3784 3014 placere

2130 3075 2176 3139 Ο
2207 3033 2311 3090 sibi
2342 3034 2809 3091 constitutionem.

2277 3146 2391 3204 XII.
2427 3146 2586 3204 Osius
2611 3148 2896 3220 episcopus
2925 3146 3102 3202 dixit:
3134 3145 3240 3202 Sed
3283 3154 3338 3202 et
3376 3145 3679 3200 moderatio
3713 3151 3784 3198 cst

2205 3241 2544 3308 necessaria,
2578 3240 2916 3297 dilectissimi
2958 3239 3193 3303 fratres,
3235 3253 3303 3294 ne
3348 3237 3535 3293 subito
3594 3236 3782 3297 adhuc,

2205 3335 2423 3406 quidam
2467 3333 2768 3390 nescientes
2813 3332 2943 3403 quid
2991 3331 3270 3387 decretum
3305 3321 3395 3386 dsit
3437 3329 3493 3383 in
3548 3328 3780 3401 synodo,

2204 3423 2454 3480 venerint
2488 3423 2664 3480 subito
2690 3421 2756 3478 ad
2785 3421 3032 3477 civitates
3058 3434 3170 3485 eas,
3195 3434 3313 3490 qua:
3337 3419 3391 3473 in
3429 3419 3614 3473 eauali
3644 3426 3779 3477 sunt,

2207 3515 2366 3569 debet
2389 3513 2674 3585 episcopus
2689 3511 2925 3567 civitatis
2948 3510 3115 3580 ipsius
3136 3509 3429 3563 admonere
3450 3519 3508 3563 et
3532 3509 3787 3563 instruere

2208 3604 2358 3660 illum
2379 3646 2394 3672 ,
2420 3612 2474 3660 et
2494 3619 2559 3660 ex
2586 3617 2650 3659 eo
2671 3602 2795 3658 loco
2811 3601 2901 3658 ille
2923 3601 3102 3656 mittat
3126 3600 3411 3656 diaconum
3438 3639 3454 3666 ,
3487 3601 3786 3656 admOnilus

2209 3703 2390 3753 tamen
2420 3697 2535 3766 ipse
2562 3696 2750 3751 redeat
2777 3693 2842 3749 ad
2869 3692 3182 3764 parochiam
3212 3707 3386 3747 suam.

2277 3808 2414 3864 XIII.
2429 3807 2590 3865 Osius
2611 3806 2896 3878 episcopus
2915 3803 3083 3859 dixit:
3105 3797 3513 3868 Necessarium,
3540 3801 3781 3862 arbitror,

2207 3911 2269 3958 ut
2297 3901 2708 3974 diligentissime
2742 3898 3022 3964 tractetis,
3063 3898 3108 3952 si
3160 3894 3301 3951 forte
3345 3904 3441 3950 aut
3480 3895 3635 3950 dives
3661 3935 3675 3959 ,
3703 3902 3783 3946 aut

2207 3993 2564 4050 scholasticus
2587 3993 2652 4048 de
2669 3991 2809 4058 foro,
2831 3999 2999 4046 autex
3023 3987 3491 4044 administratione
3510 3988 3780 4058 episcopus

2208 4081 2372 4138 fuerit
2398 4081 2737 4154 postulatus,
2768 4094 2874 4136 non
2909 4079 3059 4150 prius
3095 4079 3406 4141 ordinetur,
3449 4077 3558 4132 nisi
3597 4087 3649 4132 et
3675 4083 3783 4130 ante

2207 4172 2431 4229 lectoris
2455 4184 2696 4237 munere,
2719 4178 2774 4226 et
2793 4168 2971 4226 otlicio
2992 4167 3202 4224 diaconi
3224 4175 3279 4221 et
3302 4166 3614 4236 presbyteri
3638 4162 3780 4218 fuerit

2209 4265 2544 4336 perfunctus.
2575 4263 2644 4318 Et
2694 4263 2769 4317 ita
2813 4275 2913 4332 per
2963 4259 3203 4332 singulos
3253 4258 3486 4330 gradus,
3516 4258 3564 4314 si
3604 4258 3782 4327 dignus

2213 4355 2403 4420 fuerit,
2427 4352 2686 4410 ascendat
2713 4354 2780 4408 ad
2803 4351 3015 4408 culmen
3041 4351 3408 4421 episcopatus,
3443 4358 3627 4418 potest
3653 4347 3778 4401 enim

2134 4436 2184 4496 Ι)
2209 4462 2307 4518 per
2328 4447 2447 4513 has,
2491 4444 2857 4515 promotiones
2902 4456 3023 4512 quia:
3063 4441 3265 4497 habent
3308 4440 3498 4509 utique
3527 4439 3782 4509 prolixum

2211 4549 2426 4610 tempus
2466 4536 2685 4609 probari
2711 4576 2728 4603 ,
2773 4549 2880 4606 qua
2910 4533 3019 4589 fide
3051 4533 3161 4597 sit,
3193 4546 3368 4602 quave
3403 4529 3668 4586 modestia
3691 4568 3704 4592 ,
3735 4536 3781 4580 et

2213 4629 2478 4700 gravitate
2499 4636 2554 4682 et
2571 4625 2912 4683 verecundia.
2939 4623 3027 4690 Et,
3048 4623 3093 4678 si
3119 4623 3309 4693 dignus
3329 4620 3514 4685 fuerit,
3540 4621 3781 4691 probatus

2214 4721 2394 4775 divino
2433 4717 2736 4774 sacerdotio
2772 4715 3092 4771 illustretur.
3135 4712 3269 4768 Nam
3315 4727 3415 4767 nec
3467 4710 3782 4790 conveniens

2214 4821 2317 4876 est,
2371 4825 2473 4865 nec
2519 4808 2746 4864 rationis
2795 4804 3077 4876 disciplina
3129 4803 3354 4874 patitur,
3402 4809 3464 4855 ut
3497 4809 3701 4856 temere
3730 4811 3783 4851 ac

2213 4903 2405 4957 leviter
2457 4901 2736 4954 ordinetur
2793 4897 3118 4968 episcOpus,
3178 4901 3272 4948 aut
3320 4891 3612 4962 presbyter
3640 4929 3655 4956 ,
3704 4895 3782 4941 aut

2214 4993 2494 5054 diaconus,
2521 4990 2612 5058 qui
2651 4988 2954 5057 ncophytns
2996 4994 3079 5040 est
3103 5025 3117 5048 ,
3151 4982 3384 5038 maxime
3421 4995 3546 5035 cum
3593 4977 3780 5034 beatis—

2215 5083 2383 5137 simus
2419 5078 2707 5150 Apostolus
2750 5075 3010 5146 magister
3050 5071 3331 5143 gentium,
3378 5084 3447 5123 ne
3491 5069 3598 5123 hoc
3646 5066 3782 5121 ﬁeret

2215 5172 2556 5226 denuntiasse
2601 5177 2657 5224 et
2693 5167 3034 5238 prohibuisse
3071 5161 3340 5226 videatur,
3365 5161 3462 5215 sed
3489 5161 3543 5214 hi
3568 5173 3782 5230 quorum

2217 5278 2313 5332 per
2344 5262 2560 5332 longum
2606 5269 2814 5329 tempus
2859 5257 3168 5311 examinata
3222 5252 3292 5307 sit
3335 5253 3447 5304 vita
3500 5262 3555 5305 et
3604 5250 3782 5304 merita

2217 5355 2586 5424 cmuprobata.
2616 5349 2863 5406 Univcrsi
2891 5349 3147 5404 dixerunt
3169 5344 3382 5414 placere
3413 5342 3518 5397 sibi
3544 5343 3680 5396 haec.
