3926 6432
166 377 253 432 ιη
1279 373 1776 436 DECRETALIUM
1809 372 2221 432 COLLECTIO.
3283 375 3391 434 278

170 487 410 546 levotioni
436 527 454 554 ,
499 487 572 544 ita
624 494 686 544 ut
727 489 774 544 si
835 487 1069 546 voluerit
1127 487 1184 546 in
1245 489 1424 547 aliena
1487 490 1709 547 civitate
1734 487 1785 548 Α
1812 488 2178 544 exterminare
2213 503 2336 545 eum
2364 487 2432 546 de
2453 487 2686 546 ecclesia
2725 487 2974 555 voluerit,
3003 485 3392 558 providendum

167 576 312 635 miilto
367 587 598 650 tempore
663 580 942 649 residere,
1005 590 1062 638 et
1127 582 1406 654 contingat
1468 591 1530 638 ut
1587 582 1706 654 epi-
1808 591 1998 639 estne
2045 582 2301 639 innocens
2343 583 2650 648 damnetur,
2694 590 2788 636 aut
2831 581 3022 652 perdat
3057 580 3394 636 communio-

166 686 336 740 scopus
373 671 603 726 civitatis
649 670 818 741 ipsius
861 688 968 728 non
994 681 1106 728 tam
1149 673 1446 730 instructus
1486 675 1576 739 sit,
1606 688 1710 731 nec
1807 691 1957 732 nem.
1981 675 2049 731 Et
2077 675 2198 732 ideo
2222 674 2418 730 habeat
2444 682 2766 744 potestatem
2790 674 2882 741 qui
2927 671 3168 741 deiectus
3205 679 3309 736 est,
3337 681 3396 726 ut

163 770 255 816 tam
279 761 479 828 doctus,
509 761 553 816 is
576 777 704 817 vero
731 762 825 833 qui
862 765 1083 819 advenit
1107 765 1333 836 incipiat
1361 774 1710 823 contemnere
1807 765 2069 824 finitimos
2097 765 2378 837 episcopos
2407 763 2736 835 interpellet,
2771 771 2830 819 et
2872 778 3036 820 causa
3061 761 3179 831 ejus
3207 760 3396 817 audia-

161 867 286 917 eum,
307 861 359 907 et
389 851 697 923 frequenter
737 853 918 912 facere
941 871 1265 923 sermonem,
1302 866 1362 912 ut
1392 858 1714 915 dehonestet

160 949 206 997 et
225 940 478 997 deformet
504 942 646 998 illius
669 945 1095 1018 personam.65
1117 946 1231 1013 Qua
1255 947 1540 1003 occasione
1559 948 1637 1014 iit,
1652 956 1713 1004 ut

159 1050 252 1091 non
299 1035 506 1093 dubitet
552 1037 862 1109 relinquere
906 1041 1009 1094 sibi
1048 1044 1374 1110 assignatam
1401 1044 1706 1106 ecclesiam,

159 1136 202 1182 et
227 1129 452 1184 transire
476 1131 542 1185 ad
569 1130 824 1196 alienam,
848 1131 1066 1187 deﬁnite
1091 1147 1220 1204 ergo
1249 1140 1480 1203 tempus,
1505 1135 1629 1206 quia
1657 1143 1712 1190 et

157 1231 246 1272 non
269 1219 504 1288 recipere
538 1220 851 1290 episcopum
887 1223 1237 1278 inhumanum
1274 1234 1379 1290 est,
1419 1233 1476 1280 et
1511 1226 1714 1284 diutius

158 1307 372 1362 residere
393 1310 759 1378 perniciosum
789 1323 893 1369 est.
923 1313 1002 1369 Ne
1024 1314 1116 1369 fiat
1142 1330 1270 1386 ergo
1301 1316 1403 1371 hoc
1429 1318 1715 1386 providen-

157 1396 264 1452 dum
307 1408 406 1454 est.
451 1400 672 1457 Memini
713 1411 894 1459 autem
936 1406 1202 1476 superiori
1243 1407 1470 1464 consilio
1514 1407 1714 1464 fratres

155 1494 344 1544 nostros
371 1491 743 1558 constituisse,
766 1501 825 1548 ut
849 1494 892 1549 si
921 1495 1042 1566 quis
1076 1494 1245 1551 laicus
1268 1496 1321 1550 in
1344 1511 1407 1550 ea
1431 1513 1535 1568 qua
1557 1512 1710 1554 como

155 1589 372 1632 moratur
392 1581 614 1637 civitate
640 1590 749 1638 tres
769 1583 1100 1651 Dominicas,
1123 1585 1176 1641 id
1193 1594 1297 1653 est,
1313 1600 1410 1656 per
1432 1597 1542 1644 tres
1553 1590 1716 1660 septi-

156 1681 319 1723 manas
345 1684 452 1726 non
483 1672 813 1730 celebrasset
839 1685 1166 1731 conventum
1195 1679 1571 1736 communione
1601 1680 1714 1751 pri-

154 1769 364 1815 varetur.
395 1762 454 1818 Si
501 1779 632 1836 ergo
671 1766 786 1822 haec
826 1767 970 1823 circa
1012 1768 1182 1826 laicos
1211 1771 1506 1827 constituta
1549 1781 1709 1838 sunt,

1811 864 1921 923 tur,
1951 866 2007 913 et
2038 857 2350 926 diligentius
2378 864 2662 921 tractetur,
2693 855 2815 924 quia
2855 869 2962 910 non
2982 861 3196 924 oportet
3220 853 3270 909 ei
3303 865 3397 908 ne-

1810 950 1922 1022 gari
1962 949 2290 1004 audientiam
2322 949 2555 1019 roganti.
2601 947 2669 1002 Et
2707 946 2796 1002 ille
2824 945 3128 1016 episcopus,
3165 943 3258 1013 qui
3301 950 3398 997 aut

1805 1040 1973 1110 juste,
2009 1049 2103 1094 aut
2141 1039 2340 1110 injuste
2371 1053 2494 1092 eum
2534 1035 2751 1106 abjecit,
2789 1036 3054 1106 patienter
3085 1033 3315 1103 accipiat
3341 1040 3400 1086 ut

1810 1129 2086 1202 negotium
2137 1129 2480 1193 discutiatur,
2520 1135 2581 1182 ut
2622 1125 2708 1181 vel
2753 1125 3004 1196 probetur
3051 1123 3319 1179 sententia
3364 1135 3398 1175 a

1810 1221 2080 1293 plurimis,
2121 1220 2210 1276 vel
2238 1220 2571 1275 emendetur.
2618 1217 2820 1272 Tamen
2855 1216 3167 1286 priusquam
3213 1212 3398 1268 omnia

1810 1318 2096 1388 diligenter
2143 1324 2200 1371 et
2248 1314 2478 1370 fideliter
2521 1311 2720 1368 fuerint
2755 1309 3095 1373 examinata,
3143 1321 3268 1362 eum
3305 1304 3396 1375 qui

1809 1403 1976 1462 fuerit
2013 1420 2043 1460 a
2081 1405 2461 1460 communione
2486 1411 2787 1471 separatus,
2837 1401 3016 1457 nullus
3060 1399 3198 1454 alius
3239 1397 3401 1452 debet

1809 1512 2136 1571 praesumere
2159 1504 2219 1551 ut
2245 1495 2473 1566 recipiat
2501 1502 2552 1550 et
2577 1491 2942 1549 communioni
2971 1489 3160 1546 societ.
3182 1486 3283 1555 Qui
3308 1501 3401 1542 au~

1812 1599 1919 1643 tem
1950 1586 2303 1644 convenerint
2349 1585 2413 1640 ad
2457 1581 2805 1648 audiendum,
2839 1580 2886 1635 si
2927 1579 3251 1635 clericorum
3279 1589 3401 1632 esse

1811 1675 2081 1746 fastigium
2108 1675 2340 1731 viderint
2359 1682 2413 1729 et
2443 1672 2777 1741 superbiam,
2803 1684 2910 1730 non
2933 1669 3087 1724 decet
3111 1675 3170 1722 ut
3192 1665 3401 1736 episco-

1808 1783 1909 1839 pus
1932 1776 2024 1822 aut
2047 1765 2296 1835 injuriam
2327 1771 2421 1819 aut
2453 1761 2832 1819 contumeliam
2849 1760 3106 1830 patiatur,
3130 1757 3399 1813 austerio-

154 1859 330 1917 quanto
368 1854 541 1924 magis
567 1870 670 1910 nec
712 1857 842 1913 licet
885 1873 987 1914 nec
1041 1859 1196 1916 decet
1248 1872 1305 1916 ut
1342 1863 1627 1933 episcopus
1665 1863 1710 1919 si
1739 1847 1787 1906 Β
1815 1860 1966 1916 ribus
1993 1857 2293 1914 eosverbis
2320 1855 2609 1926 castigent,
2631 1861 2691 1908 ut
2717 1852 2976 1933 obediant
3004 1852 3230 1906 honesta
3256 1864 3400 1919 pra:-

156 1937 292 1992 ullam
343 1950 450 1996 tam
500 1960 724 2028 gravem
769 1948 968 2004 habeat
1021 1951 1404 2008 necessitatem
1453 1969 1554 2010 nec
1599 1963 1714 2010 tam

154 2029 387 2088 difﬁcilem
448 2037 754 2105 rationem,
809 2049 868 2096 ut
914 2044 1100 2100 tandiu
1167 2045 1308 2100 desit
1357 2045 1427 2102 ab
1485 2046 1714 2104 ecclesia

153 2126 485 2270 nipopnlum
538 2132 841 2189 contristet.
893 2133 1142 2192 Uuiversi
1188 2137 1442 2194 dixerunt
1497 2139 1714 2211 placere

153 2229 187 2270 si
223 2233 257 2270 ι.

152 2229 257 2271 SIDI.

210 2308 312 2363 XV.
341 2310 501 2370 Osius
529 2314 816 2386 cpiscopus
840 2317 976 2373 dixit
1001 2335 1014 2372 :
1044 2318 1178 2387 Quia
1214 2319 1346 2376 nihil
1374 2323 1714 2392 praetermitti

152 2408 354 2505 oportet,
398 2414 528 2460 sunt
567 2406 786 2477 quidam
838 2407 1037 2466 fratres
1075 2419 1128 2466 et
1173 2413 1474 2484 coepiscopi
1519 2416 1711 2483 nostri,

154 2497 228 2561 qui
267 2511 364 2552 non
391 2497 446 2552 in
476 2512 548 2553 ea
585 2497 806 2556 civitate
852 2502 1112 2568 resident,
1145 2505 1197 2560 in
1241 2520 1347 2575 qua
1373 2508 1610 2578 episcopi
1638 2507 1715 2563 vi-

153 2582 320 2639 dentur
351 2601 471 2644 esse
512 2585 817 2659 constituti,
865 2591 950 2648 vel
993 2603 1138 2649 certe
1187 2609 1410 2664 parvam
1456 2612 1569 2652 rem
1618 2598 1714 2666 ibi,

153 2676 256 2732 alibi
283 2687 457 2736 autem
498 2681 696 2739 idonea
731 2685 929 2756 pratdia
966 2686 1165 2743 habere
1194 2697 1489 2745 noscuntur
1514 2691 1599 2746 vel
1630 2692 1712 2747 ai-

151 2765 382 2829 iectiones
409 2775 786 2845 proximorum
829 2779 1026 2849 quibus
1074 2780 1406 2852 indulgeant,
1453 2783 1716 2844 hactenus

152 2871 306 2920 autem
329 2867 407 2924 eis
431 2869 679 2938 permitti
710 2880 944 2943 oportet,
983 2883 1046 2928 ut
1089 2875 1351 2932 accedant
1392 2876 1461 2932 ad
1494 2891 1715 2948 posses-

152 2957 306 3018 siones
323 2978 470 3033 suas,
499 2975 557 3020 et
576 2967 864 3045 disponant
882 2969 968 3025 vel
986 2971 1237 3028 ordinent
1260 2970 1495 3028 fructum
1513 2972 1716 3031 laboris

152 3051 239 3120 sui,
263 3063 335 3123 ut,
368 3070 495 3128 post
525 3057 834 3117 Dominicas
882 3070 1014 3128 tres,
1047 3062 1100 3118 id
1127 3071 1213 3118 est
1254 3073 1376 3135 post
1405 3074 1516 3122 tres
1544 3066 1713 3137 septi-

1813 1949 2033 2022 cipienti
2063 1949 2333 2018 episcopo,
2377 1946 2502 2016 quia
2548 1943 2688 2000 sicut
2730 1931 3133 1998 ille’sincerum
3159 1951 3400 1992 amorem

1815 2041 1975 2098 debet
2007 2037 2220 2094 clericis
2247 2036 2505 2091 exhibere
2530 2031 2833 2096 charitatis,
2875 2030 2950 2085 ita
2998 2043 3214 2098 quoque
3233 2027 3382 2082 «vicis

1814 2134 1916 2190 sim
1949 2130 2183 2188 ministri
2213 2127 2455 2184 infucata
2489 2125 2687 2182 debent
2728 2122 2982 2193 episcopo
3019 2133 3118 2177 suo
3141 2115 3400 2189 obsequia

1814 2223 2094 2278 exhibere.

1886 2315 2069 2372 XVIII.
2123 2309 2412 2369 Ianuarius
2459 2307 2744 2380 episcopus
2789 2301 3126 2362 dixitzlllud
3180 2312 3400 2373 quoque

1813 2408 2074 2466 sanctitas
2101 2413 2284 2460 vestra
2309 2409 2532 2467 statuat,
2575 2409 2634 2456 ut
2674 2399 2807 2454 nulli
2847 2398 3099 2468 episcopo
3135 2394 3298 2450 liceat
3323 2392 3398 2448 al-

1814 2501 1982 2558 terius
2030 2495 2270 2568 episcopi
2319 2478 2556 2550 civitatis
2612 2489 2919 2546 ministrum
2974 2485 3398 2544 ecclesiasticum

1812 2593 2128 2652 sollicitare,
2176 2596 2236 2644 ut
2281 2587 2335 2642 in
2390 2601 2488 2641 sua
2539 2583 2759 2640 dimcesi
2809 2581 3063 2638 ordinare
3117 2578 3397 2646 clericum.

1813 2687 1943 2757 quia
1961 2700 2028 2741 ex
2057 2683 2144 2739 his
2164 2679 2596 2738 contentionibus
2621 2676 2797 2734 solent
2817 2674 2966 2731 nasci
2995 2671 3300 2730 discordizc.
3331 2669 3395 2724 Et

1813 2779 1936 2843 ideo
1963 2775 2252 2849 prohibeat
2269 2771 2510 2830 omnium
2539 2768 2832 2836 sententia,
2857 2781 2926 2824 ne
2949 2765 3071 2838 quis
3090 2765 3194 2820 hoc
3222 2762 3395 2818 facere

1813 2873 2030 2928 audeat.

1881 2963 2024 3019 XIX.
2048 2960 2209 3018 Osius
2236 2957 2523 3030 episcOpus
2557 2952 2735 3010 dixit:
2762 2951 2829 3007 Et
2857 2950 2962 3006 hoc
2997 2945 3236 3002 universi
3268 2958 3390 3000 con-

1813 3054 2107 3121 stituimus,
2153 3059 2212 3105 ut
2255 3049 2562 3120 quicunque
2601 3059 2671 3101 ex
2707 3042 2814 3098 alia
2861 3039 3122 3112 parochia
3167 3035 3400 3093 volueri'

152 3158 332 3215 manas,
363 3150 408 3206 si
451 3153 660 3208 morari
690 3169 912 3211 necesse
949 3165 1053 3221 est,
1085 3156 1140 3212 in
1171 3128 1284 3212 suis
1311 3159 1491 3228 potius
1530 3128 1712 3216 fundis
1747 3219 1781 3228 _
1815 3145 2052 3200 alienum
2077 3142 2384 3198 ῐηῖιιίδιῑυω
2423 3139 2541 3194 Sine
2561 3147 2829 3192 0005835“
2870 3129 3108 3201 episcopi
3136 3128 3326 3198 ἱρείης),
3348 3136 3399 3181 θ’

151 3251 414 3298 ιιιοι-εηιυιι,
443 3243 520 3300 Et
555 3245 600 3301 εί
628 3254 713 3303 εει
751 3249 995 3318 proxima
1039 3214 1235 3305 avitas
1264 3214 1328 3306 in.
1346 3267 1452 3322 qua
1475 3214 1713 3324 vpreshy;
1738 3219 1783 3284 C
1813 3234 1933 3288 sine
1955 3233 2232 3290 voluntate
2259 3228 2535 3294 ordinare,
2580 3241 2687 3281 non
2716 3223 2788 3279 sit
2816 3230 2938 3324 rata
2965 3219 3234 3324 ordinatio
3262 3214 3380 3285 ejus

154 3337 220 3386 ter
240 3343 334 3400 est,
369 3353 436 3392 ne
463 3337 588 3394 sine
624 3340 850 3397 ecclesia
901 3340 1081 3398 facere
1126 3344 1372 3399 videatur
1405 3346 1492 3400 die
1532 3346 1710 3401 Domi-

152 3419 274 3488 nico,
303 3424 425 3482 illuc
453 3428 684 3484 accedat
721 3438 781 3484 ut
821 3444 922 3486 nec
973 3446 1062 3488 res
1109 3431 1228 3503 ejus
1266 3433 1577 3490 domesticae
1613 3451 1712 3505 per

151 3510 418 3573 absentiam
453 3517 576 3588 ejus
603 3521 983 3578 detrimentum
1021 3523 1341 3579 sustineant.
1371 3524 1438 3579 Et
1470 3541 1575 3580 non
1605 3527 1713 3582 Ire-

152 3614 350 3670 quenter
377 3609 646 3665 veniendo
671 3612 737 3666 ad
769 3612 927 3668 aliam
956 3613 1250 3677 civitatem,
1280 3613 1334 3667 in
1361 3629 1466 3683 qua
1489 3626 1573 3671 est
1597 3617 1711 3686 epi-

150 3704 317 3763 scopas
345 3699 657 3770 suspicione
684 3701 961 3772 jactantiae
1000 3712 1055 3759 et
1094 3703 1406 3761 ambitionis
1443 3705 1707 3762 incurrat.

151 3779 374 3842 Universi
409 3791 669 3846 dixerunt
696 3793 912 3863 placere
941 3793 1063 3848 sibi.

205 3871 330 3931 XVI.
363 3878 531 3937 Osius
558 3883 842 3954 episcopus
879 3885 1050 3940 dixit:
1085 3883 1144 3942 Si
1187 3887 1290 3944 hoc
1336 3903 1552 3960 quoque
1593 3906 1710 3947 om-

149 3963 282 4022 nibus
321 3969 523 4040 placet,
553 3981 612 4027 ut
645 3975 758 4030 sive
797 3975 1076 4043 diaconus,
1107 3976 1222 4033 sive
1249 3981 1556 4053 presbyter,
1595 3983 1711 4040 sive

150 4057 253 4158 quis
276 4059 596 4120 clericorum
626 4066 696 4122 ab
719 4068 972 4140 episcopo
1000 4085 1098 4128 suo
1134 4072 1299 4132 fuerit
1328 4076 1708 4132 communione

149 4155 389 4251 privatus,
443 4161 506 4209 et
541 4155 611 4212 ad
657 4155 887 4214 alterum
940 4166 1241 4231 perrexerit
1283 4166 1611 4237 episcopum,
1654 4175 1710 4222 et

149 4243 305 4342 scierit
333 4246 419 4342 ille
442 4247 518 4302 ad
551 4263 714 4319 quem
750 4252 1050 4324 confugerit
1077 4274 1201 4314 eum
1232 4259 1300 4316 ab
1327 4261 1582 4332 episcOpo
1611 4275 1710 4316 suo

148 4329 290 4394 fuisse
318 4338 610 4409 abjectum,
639 4358 748 4398 non
775 4346 1075 4416 oportuerit
1113 4365 1256 4416 eum,
1297 4329 1441 4408 utiei
1469 4329 1710 4409 commu-

149 4428 334 4488 nionem
362 4433 664 4508 indulgeat.
697 4436 850 4505 Quod
877 4439 924 4495 si
955 4439 1164 4509 fecerit,
1192 4443 1328 4499 sciat
1357 4459 1415 4501 se
1442 4460 1710 4502 convoca-

1812 3324 2132 3394 Quicunque
2182 3329 2360 3376 autem
2420 3319 2524 3375 hoc
2570 3313 2915 3386 usurpaverit
2961 3327 2993 3366 a
3039 3309 3304 3365 fratribus
3340 3317 3397 3363 et

1811 3414 2144 3486 coepiscopis
2169 3411 2372 3467 nostris
2401 3408 2683 3464 admoneri
2703 3415 2759 3462 et
2794 3402 2994 3474 corrigi
3021 3401 3201 3458 debet.

1880 3505 2001 3562 XX.
2051 3502 2297 3561 Cletitius
2351 3499 2638 3571 episcopus
2693 3496 2828 3552 dixit
2875 3511 2889 3548 :
2945 3491 3062 3548 Non
3138 3487 3398 3562 ignoratis

1809 3605 2010 3670 quanta
2035 3605 2090 3652 et
2110 3594 2287 3666 qualis
2324 3593 2394 3647 sit
2424 3586 2985 3646 Thessalonicensium
3015 3582 3232 3646 civitas,
3259 3595 3397 3650 sirpe

1809 3669 1953 3746 enim
1979 3687 2047 3742 ad
2077 3701 2199 3742 eam
2222 3683 2446 3738 veniunt
2482 3696 2549 3735 ex
2582 3679 2702 3734 aliis
2744 3674 3052 3748 regionibus
3095 3669 3398 3743 presbyteri

1811 3789 1865 3837 et
1890 3778 2127 3843 diaconi,
2170 3785 2227 3832 et
2275 3790 2382 3830 non
2412 3782 2538 3829 sunt
2584 3769 2846 3833 contenti,
2879 3775 2937 3821 ut
2972 3763 3125 3820 brevi
3156 3772 3396 3830 tempore

1809 3876 2172 3934 remorentur,
2226 3872 2321 3920 aut
2368 3863 2643 3920 resideant
2687 3859 2785 3925 ibi,
2835 3865 2929 3912 aut
2959 3865 3111 3912 certe
3148 3853 3240 3907 vix
3277 3859 3400 3923 post

1809 3962 1968 4034 longa
1997 3960 2168 4031 spatia
2206 3958 2274 4014 ad
2306 3973 2404 4013 sua
2441 3955 2619 4012 redire
2659 3959 2946 4022 coguntur.
2976 3945 3225 4004 Universi
3251 3943 3392 3999 dixe-

1810 4064 1972 4110 runt:
2007 4055 2075 4109 Et
2104 4064 2346 4122 tempora
2369 4063 2490 4120 quae
2518 4046 2811 4102 constituta
2857 4049 2985 4098 sunt
3018 4041 3161 4095 circa
3191 4037 3390 4109 episco-

1811 4161 1927 4218 pos,
1954 4154 2010 4200 ct
2029 4161 2154 4216 erga
2185 4144 2379 4199 horum
2405 4153 2666 4212 personas
2698 4132 2977 4192 observari
3005 4131 3223 4187 debent.

1879 4260 2020 4316 XXI.
2055 4259 2218 4316 Osius
2248 4257 2533 4328 episcopus
2560 4255 2697 4310 dixit
2728 4271 2742 4309 ε
2773 4253 3107 4322 Suggerente
3146 4248 3315 4302 fratre
3345 4255 3399 4302 ct

1811 4355 2129 4425 coepiscopo
2155 4359 2344 4407 nostro
2371 4349 2638 4421 Olympio,
2669 4347 2774 4401 hoc
2815 4345 2979 4400 etiam
3010 4340 3230 4413 placuit,
3265 4348 3323 4395 ut
3351 4339 3398 4396 si

1811 4447 2008 4518 aliquis
2043 4447 2151 4501 vim
2181 4458 2471 4517 perpessus
2493 4451 2578 4498 est
2607 4449 2662 4496 et
2689 4439 2872 4508 inique
2901 4436 3142 4508 pulsatus
3163 4449 3262 4506 pro
3291 4434 3399 4488 dis-

150 4526 492 4628 lfgepis‘copis
539 4543 734 4586 causas
775 4545 894 4586 esse
941 4533 1230 4590 dicturum.
1277 4535 1526 4593 Univ‘ersi
1559 4537 1711 4594 dixe—
1736 4567 1788 4628 Β
1813 4537 2010 4608 ciplina
2041 4536 2124 4592 vel
2152 4534 2417 4591 catholica
2451 4531 2788 4594 defensione,
2830 4528 2916 4584 vel
2942 4525 3281 4584 confessione
3312 4537 3393 4576 ve-

150 4614 425 4674 runtziioc
468 4627 732 4688 statutum
775 4631 833 4677 et
862 4635 1054 4695 pacem
1097 4624 1353 4690 servabit,
1396 4633 1451 4680 et
1483 4641 1710 4682 concor-

153 4698 271 4758 diam
300 4711 582 4766 custodiet.

208 4794 352 4856 XVII.
385 4803 546 4860 Osius
574 4805 857 4876 episcopus
881 4807 1057 4863 dixit:
1090 4807 1243 4877 Quod
1267 4820 1356 4866 me
1387 4807 1566 4865 adhuc
1593 4823 1710 4866 mo-

152 4895 226 4938 vet
250 4891 473 4952 reticere
499 4910 608 4960 non
632 4895 820 4952 debeo.
864 4897 924 4954 Si
947 4897 1233 4970 episcopus
1269 4900 1562 4971 quisrforte
1592 4901 1704 4956 ira-

154 4981 334 5036 cundus
361 4985 527 5057 (quod
565 5001 686 5044 esse
709 5004 816 5044 non
840 4989 1024 5062 debet)
1053 4991 1181 5058 cito,
1221 5001 1317 5047 aut
1347 5008 1538 5064 aspere
1563 5008 1708 5050 coma

154 5078 404 5130 moveatur
421 5077 681 5134 adversus
704 5080 1100 5150 presbyterum,
1115 5091 1210 5138 aut
1233 5083 1517 5141 diaconum
1547 5102 1709 5142 suum

1814 4630 1990 4684 ritatis
2039 4627 2250 4698 fugiens
2281 4623 2520 4696 pericula
2570 4623 2848 4686 innocens,
2898 4627 2955 4675 et
3001 4618 3284 4674 devolutus
3329 4613 3398 4668 ad

1813 4721 1975 4776 aliam
2009 4719 2220 4775 venerit
2259 4718 2535 4774 civitatem
2575 4730 2680 4770 non
2717 4712 3068 4786 prohibeatur
3096 4705 3396 4770 immorari,

1813 4811 2051 4881 quandiu
2106 4819 2200 4864 aut
2243 4809 2422 4865 redire
2467 4807 2705 4878 potuerit
2733 4805 2826 4860 abt
2850 4801 3044 4872 injuria
3074 4798 3191 4868 ejus
3218 4811 3399 4852 reme-

1813 4903 1962 4959 dium
1993 4901 2282 4972 acceperit.
2325 4899 2528 4955 Durum
2563 4909 2649 4955 est
2681 4898 2824 4954 enim
2860 4895 2953 4965 qui
2994 4889 3398 4963 persecutiones

1816 4996 2018 5067 patitur
2060 5010 2168 5051 non
2214 4993 2402 5063 recipi.
2451 4991 2628 5046 Etiam
2657 4999 2713 5044 et
2754 4987 2902 5058 larga
2937 4981 3311 5041 benevolentia
3343 4988 3400 5036 et

1816 5085 2128 5143 humanitas
2145 5093 2228 5141 est
2249 5084 2299 5141 ei
2325 5083 2649 5140 exhibenda.

179 5223 3384 5262 W

1035 5346 1379 5406 INCIPIUNT
1409 5348 1755 5408 CAPITULA
1793 5349 2089 5410 CONCILII
2115 5348 2569 5408 ANTIOCHENI.’

216 5509 263 5564 I.
286 5509 400 5571 Non
428 5505 589 5576 licere
618 5517 828 5575 Pascha
864 5519 1079 5577 diverso
1117 5530 1358 5594 tempore
1383 5522 1583 5591 facere,
1612 5539 1710 5582 ne-

161 5611 250 5667 que
268 5614 384 5664 cum’
407 5608 602 5671 Iudaeis
624 5614 917 5671 celebrare.

217 5694 266 5749 2.
293 5696 405 5755 Non
430 5702 588 5762 licere
605 5707 1043 5765 communionem
1071 5710 1314 5771 ecclesia:
1335 5721 1704 5781 contemnere,

163 5794 240 5841 aut
261 5798 726 5858 excommunicatis
752 5800 1173 5859 communicare.

1883 5527 1938 5583 3.
1969 5524 2088 5583 Non
2113 5525 2310 5581 debere
2338 5522 2595 5580 clericum
2634 5523 2702 5579 ad
2745 5520 3030 5580 ecclesiam
3071 5518 3397 5589 migrantem

1812 5619 1885 5676 ibi
1921 5633 2289 5689 perseverare.

1884 5711 1941 5766 4.
1968 5709 2086 5766 Νοη
2115 5709 2279 5765 licere
2307 5709 2560 5781 episcopo
2588 5709 2672 5765 vel
2699 5711 2946 5781 cuiquam
2970 5703 3188 5770 clerico,
3225 5702 3278 5758 si
3301 5715 3394 5758 exs

1815 5809 2129 5859 auctoratus
2153 5800 2334 5867 fuerit,
2359 5801 2689 5858 ministrare.
3385 5818 3388 5821 ·
