  <div class='ocr_page' id='page_1' title='image "/cluster/home/n/w/nwhite01/storage/ocr_20150623/130/hvd.32044015471717/170.png"; bbox 0 0 3926 6466; ppageno 0'>
   <div class='ocr_carea' id='block_1_1' title="bbox 209 431 2270 500">
    <p class='ocr_par' dir='ltr' id='par_1_1' title="bbox 209 431 2270 500">
     <span class='ocr_line' id='line_1_1' title="bbox 209 431 2270 500; baseline -0.003 -2"><span class='ocrx_word' id='word_1_1' title='bbox 209 443 291 500; x_wconf 72' lang='lat'><strong>281</strong></span> <span class='ocrx_word' id='word_1_2' title='bbox 1356 431 1836 495; x_wconf 58' lang='lat' dir='ltr'><strong>DECRETALIUM</strong></span> <span class='ocrx_word' id='word_1_3' title='bbox 1878 434 2270 492; x_wconf 48' lang='lat' dir='ltr'><strong>COLIJ‘ZCTIO.</strong></span> 
     </span>
    </p>
   </div>
   <div class='ocr_carea' id='block_1_2' title="bbox 3335 432 3440 489">
    <p class='ocr_par' dir='ltr' id='par_1_2' title="bbox 3335 432 3440 489">
     <span class='ocr_line' id='line_1_2' title="bbox 3335 432 3440 489; baseline 0.01 -1"><span class='ocrx_word' id='word_1_4' title='bbox 3335 432 3440 489; x_wconf 67' lang='lat'><strong>282</strong></span> 
     </span>
    </p>
   </div>
   <div class='ocr_carea' id='block_1_3' title="bbox 205 547 3436 622">
    <p class='ocr_par' dir='ltr' id='par_1_3' title="bbox 205 547 3436 622">
     <span class='ocr_line' id='line_1_3' title="bbox 205 547 3436 622; baseline -0.002 -13"><span class='ocrx_word' id='word_1_5' title='bbox 205 555 485 615; x_wconf 88' lang='lat' dir='ltr'><strong>demnatus,</strong></span> <span class='ocrx_word' id='word_1_6' title='bbox 509 556 566 604; x_wconf 91' lang='lat' dir='ltr'><strong>et</strong></span> <span class='ocrx_word' id='word_1_7' title='bbox 596 548 998 620; x_wconf 70' lang='lat' dir='ltr'><strong>prtesttmpserit</strong></span> <span class='ocrx_word' id='word_1_8' title='bbox 1032 550 1320 605; x_wconf 77' lang='lat' dir='ltr'><strong>sacerdotii</strong></span> <span class='ocrx_word' id='word_1_9' title='bbox 1361 567 1452 605; x_wconf 82' lang='lat' dir='ltr'><strong>seu</strong></span> <span class='ocrx_word' id='word_1_10' title='bbox 1472 553 1620 606; x_wconf 71' lang='lat' dir='ltr'><strong>sacri</strong></span> <span class='ocrx_word' id='word_1_11' title='bbox 1645 567 1757 622; x_wconf 81' lang='lat' dir='ltr'><strong>tny-</strong></span> <span class='ocrx_word' id='word_1_12' title='bbox 1785 554 1832 612; x_wconf 80' lang='grc' dir='ltr'><strong>Α</strong></span> <span class='ocrx_word' id='word_1_13' title='bbox 1861 550 2057 619; x_wconf 79' lang='lat' dir='ltr'><strong>quibus</strong></span> <span class='ocrx_word' id='word_1_14' title='bbox 2081 551 2308 606; x_wconf 85' lang='lat' dir='ltr'><strong>sulliciat</strong></span> <span class='ocrx_word' id='word_1_15' title='bbox 2355 551 2576 606; x_wconf 90' lang='lat' dir='ltr'><strong>istorum</strong></span> <span class='ocrx_word' id='word_1_16' title='bbox 2620 556 2830 606; x_wconf 86' lang='lat' dir='ltr'><strong>tantum</strong></span> <span class='ocrx_word' id='word_1_17' title='bbox 2860 549 3124 620; x_wconf 88' lang='lat' dir='ltr'><strong>graduum</strong></span> <span class='ocrx_word' id='word_1_18' title='bbox 3162 547 3436 604; x_wconf 91' lang='lat' dir='ltr'><strong>licentiam</strong></span> 
     </span>
    </p>
   </div>
   <div class='ocr_carea' id='block_1_4' title="bbox 203 639 1756 712">
    <p class='ocr_par' dir='ltr' id='par_1_4' title="bbox 203 639 1756 712">
     <span class='ocr_line' id='line_1_4' title="bbox 203 639 1756 712; baseline -0.001 -14"><span class='ocrx_word' id='word_1_19' title='bbox 203 642 336 698; x_wconf 90' lang='lat' dir='ltr'><strong>sterii</strong></span> <span class='ocrx_word' id='word_1_20' title='bbox 362 639 656 712; x_wconf 89' lang='lat' dir='ltr'><strong>quippiam,</strong></span> <span class='ocrx_word' id='word_1_21' title='bbox 688 652 793 693; x_wconf 91' lang='lat' dir='ltr'><strong>non</strong></span> <span class='ocrx_word' id='word_1_22' title='bbox 833 639 882 694; x_wconf 91' lang='lat' dir='ltr'><strong>ei</strong></span> <span class='ocrx_word' id='word_1_23' title='bbox 911 639 1140 708; x_wconf 86' lang='lat' dir='ltr'><strong>amplius</strong></span> <span class='ocrx_word' id='word_1_24' title='bbox 1163 639 1338 704; x_wconf 90' lang='lat' dir='ltr'><strong>liceat,</strong></span> <span class='ocrx_word' id='word_1_25' title='bbox 1362 656 1536 710; x_wconf 88' lang='lat' dir='ltr'><strong>neque</strong></span> <span class='ocrx_word' id='word_1_26' title='bbox 1572 641 1624 696; x_wconf 92' lang='lat' dir='ltr'><strong>in</strong></span> <span class='ocrx_word' id='word_1_27' title='bbox 1653 641 1756 696; x_wconf 88' lang='lat' dir='ltr'><strong>alia</strong></span> 
     </span>
    </p>
   </div>
   <div class='ocr_carea' id='block_1_5' title="bbox 201 729 1759 805">
    <p class='ocr_par' dir='ltr' id='par_1_5' title="bbox 201 729 1759 805">
     <span class='ocr_line' id='line_1_5' title="bbox 201 729 1759 805; baseline 0 -17"><span class='ocrx_word' id='word_1_28' title='bbox 201 733 383 805; x_wconf 85' lang='lat' dir='ltr'><strong>synodo</strong></span> <span class='ocrx_word' id='word_1_29' title='bbox 408 745 557 801; x_wconf 87' lang='lat' dir='ltr'><strong>spem</strong></span> <span class='ocrx_word' id='word_1_30' title='bbox 586 729 946 785; x_wconf 91' lang='lat' dir='ltr'><strong>restitutionis</strong></span> <span class='ocrx_word' id='word_1_31' title='bbox 983 730 1206 794; x_wconf 90' lang='lat' dir='ltr'><strong>habere,</strong></span> <span class='ocrx_word' id='word_1_32' title='bbox 1238 746 1414 800; x_wconf 89' lang='lat' dir='ltr'><strong>neque</strong></span> <span class='ocrx_word' id='word_1_33' title='bbox 1443 733 1759 788; x_wconf 90' lang='lat' dir='ltr'><strong>assertionis</strong></span> 
     </span>
    </p>
   </div>
   <div class='ocr_carea' id='block_1_6' title="bbox 199 819 1759 891">
    <p class='ocr_par' dir='ltr' id='par_1_6' title="bbox 199 819 1759 891">
     <span class='ocr_line' id='line_1_6' title="bbox 199 819 1759 891; baseline -0.001 -13"><span class='ocrx_word' id='word_1_34' title='bbox 199 823 401 890; x_wconf 81' lang='lat' dir='ltr'><strong>alicujus</strong></span> <span class='ocrx_word' id='word_1_35' title='bbox 427 821 624 885; x_wconf 89' lang='lat' dir='ltr'><strong>locum,</strong></span> <span class='ocrx_word' id='word_1_36' title='bbox 659 819 751 874; x_wconf 90' lang='lat' dir='ltr'><strong>sed</strong></span> <span class='ocrx_word' id='word_1_37' title='bbox 778 827 834 874; x_wconf 92' lang='lat' dir='ltr'><strong>et</strong></span> <span class='ocrx_word' id='word_1_38' title='bbox 869 819 1333 874; x_wconf 58' lang='lat' dir='ltr'><strong>communicantes</strong></span> <span class='ocrx_word' id='word_1_39' title='bbox 1361 822 1407 875; x_wconf 93' lang='lat' dir='ltr'><strong>ei</strong></span> <span class='ocrx_word' id='word_1_40' title='bbox 1438 821 1597 891; x_wconf 86' lang='lat' dir='ltr'><strong>abjici</strong></span> <span class='ocrx_word' id='word_1_41' title='bbox 1641 837 1759 891; x_wconf 80' lang='lat' dir='ltr'><strong>om-</strong></span> 
     </span>
    </p>
   </div>
   <div class='ocr_carea' id='block_1_7' title="bbox 197 910 1756 982">
    <p class='ocr_par' dir='ltr' id='par_1_7' title="bbox 197 910 1756 982">
     <span class='ocr_line' id='line_1_7' title="bbox 197 910 1756 982; baseline -0.001 -15"><span class='ocrx_word' id='word_1_42' title='bbox 197 927 280 968; x_wconf 87' lang='lat' dir='ltr'><strong>nes</strong></span> <span class='ocrx_word' id='word_1_43' title='bbox 316 912 380 966; x_wconf 89' lang='lat' dir='ltr'><strong>ab</strong></span> <span class='ocrx_word' id='word_1_44' title='bbox 421 911 668 976; x_wconf 86' lang='lat' dir='ltr'><strong>ecclesia,</strong></span> <span class='ocrx_word' id='word_1_45' title='bbox 703 910 939 964; x_wconf 82' lang='lat' dir='ltr'><strong>maxime</strong></span> <span class='ocrx_word' id='word_1_46' title='bbox 980 910 1025 964; x_wconf 89' lang='lat' dir='ltr'><strong>si</strong></span> <span class='ocrx_word' id='word_1_47' title='bbox 1067 919 1351 980; x_wconf 81' lang='lat' dir='ltr'><strong>postquam</strong></span> <span class='ocrx_word' id='word_1_48' title='bbox 1389 920 1756 982; x_wconf 84' lang='lat' dir='ltr'><strong>cognoverunt</strong></span> 
     </span>
    </p>
   </div>
   <div class='ocr_carea' id='block_1_8' title="bbox 197 1001 1756 1072">
    <p class='ocr_par' dir='ltr' id='par_1_8' title="bbox 197 1001 1756 1072">
     <span class='ocr_line' id='line_1_8' title="bbox 197 1001 1756 1072; baseline 0.002 -14"><span class='ocrx_word' id='word_1_49' title='bbox 197 1004 492 1058; x_wconf 85' lang='lat' dir='ltr'><strong>sententiam</strong></span> <span class='ocrx_word' id='word_1_50' title='bbox 525 1001 785 1058; x_wconf 87' lang='lat' dir='ltr'><strong>adversus</strong></span> <span class='ocrx_word' id='word_1_51' title='bbox 813 1017 936 1057; x_wconf 93' lang='lat' dir='ltr'><strong>cum</strong></span> <span class='ocrx_word' id='word_1_52' title='bbox 971 1001 1138 1057; x_wconf 85' lang='lat' dir='ltr'><strong>fuisse</strong></span> <span class='ocrx_word' id='word_1_53' title='bbox 1166 1003 1447 1072; x_wconf 86' lang='lat' dir='ltr'><strong>prolatum,</strong></span> <span class='ocrx_word' id='word_1_54' title='bbox 1476 1014 1756 1061; x_wconf 87' lang='lat' dir='ltr'><strong>contuma-</strong></span> 
     </span>
    </p>
   </div>
   <div class='ocr_carea' id='block_1_9' title="bbox 195 1094 906 1149">
    <p class='ocr_par' dir='ltr' id='par_1_9' title="bbox 195 1094 906 1149">
     <span class='ocr_line' id='line_1_9' title="bbox 195 1094 906 1149; baseline -0.004 0"><span class='ocrx_word' id='word_1_55' title='bbox 195 1097 314 1149; x_wconf 88' lang='lat' dir='ltr'><strong>citer</strong></span> <span class='ocrx_word' id='word_1_56' title='bbox 347 1094 906 1148; x_wconf 80' lang='lat' dir='ltr'><strong>communicaverunt.</strong></span> 
     </span>
    </p>
   </div>
   <div class='ocr_carea' id='block_1_10' title="bbox 251 1181 1754 1255">
    <p class='ocr_par' dir='ltr' id='par_1_10' title="bbox 251 1181 1754 1255">
     <span class='ocr_line' id='line_1_10' title="bbox 251 1181 1754 1255; baseline 0.003 -20"><span class='ocrx_word' id='word_1_57' title='bbox 251 1183 353 1253; x_wconf 78' lang='lat'><strong>66</strong></span> <span class='ocrx_word' id='word_1_58' title='bbox 375 1183 436 1236; x_wconf 73' lang='grc' dir='ltr'><strong>γ.</strong></span> <span class='ocrx_word' id='word_1_59' title='bbox 460 1181 521 1236; x_wconf 91' lang='lat' dir='ltr'><strong>Si</strong></span> <span class='ocrx_word' id='word_1_60' title='bbox 565 1182 690 1251; x_wconf 86' lang='lat' dir='ltr'><strong>quis</strong></span> <span class='ocrx_word' id='word_1_61' title='bbox 719 1181 1003 1253; x_wconf 84' lang='lat' dir='ltr'><strong>presbyter</strong></span> <span class='ocrx_word' id='word_1_62' title='bbox 1031 1183 1112 1237; x_wconf 88' lang='lat' dir='ltr'><strong>vel</strong></span> <span class='ocrx_word' id='word_1_63' title='bbox 1141 1184 1400 1239; x_wconf 87' lang='lat' dir='ltr'><strong>diaconus</strong></span> <span class='ocrx_word' id='word_1_64' title='bbox 1431 1193 1754 1255; x_wconf 91' lang='lat' dir='ltr'><strong>comtempto</strong></span> 
     </span>
    </p>
   </div>
   <div class='ocr_carea' id='block_1_11' title="bbox 193 1271 1754 1344">
    <p class='ocr_par' dir='ltr' id='par_1_11' title="bbox 193 1271 1754 1344">
     <span class='ocr_line' id='line_1_11' title="bbox 193 1271 1754 1344; baseline -0.001 -16"><span class='ocrx_word' id='word_1_65' title='bbox 193 1276 420 1344; x_wconf 86' lang='lat' dir='ltr'><strong>episcopo</strong></span> <span class='ocrx_word' id='word_1_66' title='bbox 457 1271 695 1341; x_wconf 87' lang='lat' dir='ltr'><strong>seipsum</strong></span> <span class='ocrx_word' id='word_1_67' title='bbox 727 1271 796 1325; x_wconf 88' lang='lat' dir='ltr'><strong>ab</strong></span> <span class='ocrx_word' id='word_1_68' title='bbox 825 1271 1057 1326; x_wconf 85' lang='lat' dir='ltr'><strong>ecclesia</strong></span> <span class='ocrx_word' id='word_1_69' title='bbox 1085 1274 1454 1344; x_wconf 84' lang='lat' dir='ltr'><strong>segregaverit</strong></span> <span class='ocrx_word' id='word_1_70' title='bbox 1490 1283 1544 1326; x_wconf 94' lang='lat' dir='ltr'><strong>et</strong></span> <span class='ocrx_word' id='word_1_71' title='bbox 1573 1274 1754 1343; x_wconf 81' lang='lat' dir='ltr'><strong>priva-</strong></span> 
     </span>
    </p>
   </div>
   <div class='ocr_carea' id='block_1_12' title="bbox 191 1360 1752 1433">
    <p class='ocr_par' dir='ltr' id='par_1_12' title="bbox 191 1360 1752 1433">
     <span class='ocr_line' id='line_1_12' title="bbox 191 1360 1752 1433; baseline 0 -16"><span class='ocrx_word' id='word_1_72' title='bbox 191 1375 286 1417; x_wconf 92' lang='lat' dir='ltr'><strong>tum</strong></span> <span class='ocrx_word' id='word_1_73' title='bbox 317 1361 452 1432; x_wconf 78' lang='lat' dir='ltr'><strong>apud</strong></span> <span class='ocrx_word' id='word_1_74' title='bbox 480 1376 541 1416; x_wconf 90' lang='lat' dir='ltr'><strong>se</strong></span> <span class='ocrx_word' id='word_1_75' title='bbox 583 1360 827 1416; x_wconf 85' lang='lat' dir='ltr'><strong>collectis</strong></span> <span class='ocrx_word' id='word_1_76' title='bbox 864 1361 1078 1430; x_wconf 90' lang='lat' dir='ltr'><strong>populis</strong></span> <span class='ocrx_word' id='word_1_77' title='bbox 1108 1361 1280 1416; x_wconf 89' lang='lat' dir='ltr'><strong>altare</strong></span> <span class='ocrx_word' id='word_1_78' title='bbox 1332 1363 1539 1433; x_wconf 93' lang='lat' dir='ltr'><strong>erigere</strong></span> <span class='ocrx_word' id='word_1_79' title='bbox 1588 1378 1752 1417; x_wconf 92' lang='lat' dir='ltr'><strong>ausus</strong></span> 
     </span>
    </p>
   </div>
   <div class='ocr_carea' id='block_1_13' title="bbox 190 1451 1751 1522">
    <p class='ocr_par' dir='ltr' id='par_1_13' title="bbox 190 1451 1751 1522">
     <span class='ocr_line' id='line_1_13' title="bbox 190 1451 1751 1522; baseline 0 -13"><span class='ocrx_word' id='word_1_80' title='bbox 190 1454 350 1518; x_wconf 84' lang='lat' dir='ltr'><strong>fuerit,</strong></span> <span class='ocrx_word' id='word_1_81' title='bbox 381 1462 434 1508; x_wconf 91' lang='lat' dir='ltr'><strong>et</strong></span> <span class='ocrx_word' id='word_1_82' title='bbox 461 1451 816 1506; x_wconf 88' lang='lat' dir='ltr'><strong>nihilominus</strong></span> <span class='ocrx_word' id='word_1_83' title='bbox 858 1452 1112 1522; x_wconf 89' lang='lat' dir='ltr'><strong>episcopo</strong></span> <span class='ocrx_word' id='word_1_84' title='bbox 1159 1468 1260 1508; x_wconf 91' lang='lat' dir='ltr'><strong>suo</strong></span> <span class='ocrx_word' id='word_1_85' title='bbox 1308 1455 1660 1522; x_wconf 79' lang='lat' dir='ltr'><strong>exhortante,</strong></span> <span class='ocrx_word' id='word_1_86' title='bbox 1696 1464 1751 1509; x_wconf 90' lang='lat' dir='ltr'><strong>et</strong></span> 
     </span>
    </p>
   </div>
   <div class='ocr_carea' id='block_1_14' title="bbox 188 1543 1746 1610">
    <p class='ocr_par' dir='ltr' id='par_1_14' title="bbox 188 1543 1746 1610">
     <span class='ocr_line' id='line_1_14' title="bbox 188 1543 1746 1610; baseline -0.001 -10"><span class='ocrx_word' id='word_1_87' title='bbox 188 1544 330 1600; x_wconf 90' lang='lat' dir='ltr'><strong>semel</strong></span> <span class='ocrx_word' id='word_1_88' title='bbox 367 1552 423 1597; x_wconf 92' lang='lat' dir='ltr'><strong>et</strong></span> <span class='ocrx_word' id='word_1_89' title='bbox 473 1545 672 1596; x_wconf 86' lang='lat' dir='ltr'><strong>iterum</strong></span> <span class='ocrx_word' id='word_1_90' title='bbox 721 1552 1009 1597; x_wconf 83' lang='lat' dir='ltr'><strong>revocante</strong></span> <span class='ocrx_word' id='word_1_91' title='bbox 1065 1543 1380 1599; x_wconf 89' lang='lat' dir='ltr'><strong>inobediens</strong></span> <span class='ocrx_word' id='word_1_92' title='bbox 1437 1545 1746 1610; x_wconf 83' lang='lat' dir='ltr'><strong>exstiterit;</strong></span> 
     </span>
    </p>
   </div>
   <div class='ocr_carea' id='block_1_15' title="bbox 187 1633 1750 1706">
    <p class='ocr_par' dir='ltr' id='par_1_15' title="bbox 187 1633 1750 1706">
     <span class='ocr_line' id='line_1_15' title="bbox 187 1633 1750 1706; baseline -0.001 -14"><span class='ocrx_word' id='word_1_93' title='bbox 187 1637 308 1692; x_wconf 84' lang='lat' dir='ltr'><strong>hunc</strong></span> <span class='ocrx_word' id='word_1_94' title='bbox 345 1635 521 1691; x_wconf 88' lang='lat' dir='ltr'><strong>modis</strong></span> <span class='ocrx_word' id='word_1_95' title='bbox 565 1633 822 1689; x_wconf 84' lang='lat' dir='ltr'><strong>omnibus</strong></span> <span class='ocrx_word' id='word_1_96' title='bbox 874 1634 1274 1704; x_wconf 83' lang='lat' dir='ltr'><strong>deponendum,</strong></span> <span class='ocrx_word' id='word_1_97' title='bbox 1322 1650 1421 1689; x_wconf 87' lang='lat' dir='ltr'><strong>nec</strong></span> <span class='ocrx_word' id='word_1_98' title='bbox 1459 1636 1750 1706; x_wconf 83' lang='lat' dir='ltr'><strong>aliquando</strong></span> 
     </span>
    </p>
   </div>
   <div class='ocr_carea' id='block_1_16' title="bbox 186 1725 1750 1794">
    <p class='ocr_par' dir='ltr' id='par_1_16' title="bbox 186 1725 1750 1794">
     <span class='ocr_line' id='line_1_16' title="bbox 186 1725 1750 1794; baseline 0 -13"><span class='ocrx_word' id='word_1_99' title='bbox 186 1726 413 1794; x_wconf 83' lang='lat' dir='ltr'><strong>consequi</strong></span> <span class='ocrx_word' id='word_1_100' title='bbox 452 1725 817 1788; x_wconf 86' lang='lat' dir='ltr'><strong>curationem,</strong></span> <span class='ocrx_word' id='word_1_101' title='bbox 865 1733 958 1778; x_wconf 91' lang='lat' dir='ltr'><strong>aut</strong></span> <span class='ocrx_word' id='word_1_102' title='bbox 988 1725 1264 1794; x_wconf 89' lang='lat' dir='ltr'><strong>proprium</strong></span> <span class='ocrx_word' id='word_1_103' title='bbox 1311 1726 1574 1781; x_wconf 83' lang='lat' dir='ltr'><strong>honorem</strong></span> <span class='ocrx_word' id='word_1_104' title='bbox 1612 1727 1750 1781; x_wconf 90' lang='lat' dir='ltr'><strong>reci-</strong></span> 
     </span>
    </p>
   </div>
   <div class='ocr_carea' id='block_1_17' title="bbox 185 1813 1748 1886">
    <p class='ocr_par' dir='ltr' id='par_1_17' title="bbox 185 1813 1748 1886">
     <span class='ocr_line' id='line_1_17' title="bbox 185 1813 1748 1886; baseline -0.001 -16"><span class='ocrx_word' id='word_1_105' title='bbox 185 1831 294 1885; x_wconf 83' lang='lat' dir='ltr'><strong>pere</strong></span> <span class='ocrx_word' id='word_1_106' title='bbox 318 1822 515 1886; x_wconf 83' lang='lat' dir='ltr'><strong>speret.</strong></span> <span class='ocrx_word' id='word_1_107' title='bbox 563 1813 716 1880; x_wconf 82' lang='lat' dir='ltr'><strong>Quod</strong></span> <span class='ocrx_word' id='word_1_108' title='bbox 745 1813 793 1866; x_wconf 88' lang='lat' dir='ltr'><strong>si</strong></span> <span class='ocrx_word' id='word_1_109' title='bbox 843 1815 1009 1868; x_wconf 89' lang='lat' dir='ltr'><strong>etiam</strong></span> <span class='ocrx_word' id='word_1_110' title='bbox 1059 1815 1510 1882; x_wconf 88' lang='lat' dir='ltr'><strong>perseveraverit,</strong></span> <span class='ocrx_word' id='word_1_111' title='bbox 1535 1824 1748 1884; x_wconf 87' lang='lat' dir='ltr'><strong>pertur-</strong></span> 
     </span>
    </p>
   </div>
   <div class='ocr_carea' id='block_1_18' title="bbox 1865 641 3438 713">
    <p class='ocr_par' dir='ltr' id='par_1_18' title="bbox 1865 641 3438 713">
     <span class='ocr_line' id='line_1_18' title="bbox 1865 641 3438 713; baseline -0.002 -17"><span class='ocrx_word' id='word_1_112' title='bbox 1865 642 2164 712; x_wconf 85' lang='lat' dir='ltr'><strong>accepissc.</strong></span> <span class='ocrx_word' id='word_1_113' title='bbox 2212 641 2329 696; x_wconf 81' lang='lat' dir='ltr'><strong>Non</strong></span> <span class='ocrx_word' id='word_1_114' title='bbox 2363 651 2541 696; x_wconf 89' lang='lat' dir='ltr'><strong>autem</strong></span> <span class='ocrx_word' id='word_1_115' title='bbox 2586 641 2984 713; x_wconf 76' lang='lat' dir='ltr'><strong>presbyterum,</strong></span> <span class='ocrx_word' id='word_1_116' title='bbox 3015 655 3121 694; x_wconf 90' lang='lat' dir='ltr'><strong>non</strong></span> <span class='ocrx_word' id='word_1_117' title='bbox 3152 641 3438 695; x_wconf 88' lang='lat' dir='ltr'><strong>diaconum</strong></span> 
     </span>
    </p>
   </div>
   <div class='ocr_carea' id='block_1_19' title="bbox 1860 729 3441 801">
    <p class='ocr_par' dir='ltr' id='par_1_19' title="bbox 1860 729 3441 801">
     <span class='ocr_line' id='line_1_19' title="bbox 1860 729 3441 801; baseline -0.001 -16"><span class='ocrx_word' id='word_1_118' title='bbox 1860 733 2096 786; x_wconf 88' lang='lat' dir='ltr'><strong>audeant</strong></span> <span class='ocrx_word' id='word_1_119' title='bbox 2140 733 2394 787; x_wconf 88' lang='lat' dir='ltr'><strong>ordinare</strong></span> <span class='ocrx_word' id='word_1_120' title='bbox 2439 741 2637 801; x_wconf 77' lang='lat' dir='ltr'><strong>pneter</strong></span> <span class='ocrx_word' id='word_1_121' title='bbox 2683 731 3071 787; x_wconf 88' lang='lat' dir='ltr'><strong>conscientiam</strong></span> <span class='ocrx_word' id='word_1_122' title='bbox 3097 729 3333 800; x_wconf 91' lang='lat' dir='ltr'><strong>episcopi</strong></span> <span class='ocrx_word' id='word_1_123' title='bbox 3364 730 3441 784; x_wconf 90' lang='lat' dir='ltr'><strong>ei-</strong></span> 
     </span>
    </p>
   </div>
   <div class='ocr_carea' id='block_1_20' title="bbox 1857 819 3440 892">
    <p class='ocr_par' dir='ltr' id='par_1_20' title="bbox 1857 819 3440 892">
     <span class='ocr_line' id='line_1_20' title="bbox 1857 819 3440 892; baseline -0.003 -17"><span class='ocrx_word' id='word_1_124' title='bbox 1857 823 2062 886; x_wconf 83' lang='lat' dir='ltr'><strong>vitatis,</strong></span> <span class='ocrx_word' id='word_1_125' title='bbox 2101 823 2183 877; x_wconf 85' lang='lat' dir='ltr'><strong>vel</strong></span> <span class='ocrx_word' id='word_1_126' title='bbox 2217 823 2460 877; x_wconf 71' lang='lat' dir='ltr'><strong>eeclesire</strong></span> <span class='ocrx_word' id='word_1_127' title='bbox 2498 823 2582 876; x_wconf 92' lang='lat' dir='ltr'><strong>cui</strong></span> <span class='ocrx_word' id='word_1_128' title='bbox 2611 823 2864 892; x_wconf 87' lang='lat' dir='ltr'><strong>adjacens</strong></span> <span class='ocrx_word' id='word_1_129' title='bbox 2889 821 3182 885; x_wconf 85' lang='lat' dir='ltr'><strong>invenitur,</strong></span> <span class='ocrx_word' id='word_1_130' title='bbox 3207 835 3298 874; x_wconf 91' lang='lat' dir='ltr'><strong>seu</strong></span> <span class='ocrx_word' id='word_1_131' title='bbox 3324 819 3440 887; x_wconf 89' lang='lat' dir='ltr'><strong>ipse</strong></span> 
     </span>
    </p>
   </div>
   <div class='ocr_carea' id='block_1_21' title="bbox 1856 907 3438 982">
    <p class='ocr_par' dir='ltr' id='par_1_21' title="bbox 1856 907 3438 982">
     <span class='ocr_line' id='line_1_21' title="bbox 1856 907 3438 982; baseline -0.003 -15"><span class='ocrx_word' id='word_1_132' title='bbox 1856 927 1950 967; x_wconf 81' lang='lat' dir='ltr'><strong>seu</strong></span> <span class='ocrx_word' id='word_1_133' title='bbox 1976 913 2125 981; x_wconf 84' lang='lat' dir='ltr'><strong>regio</strong></span> <span class='ocrx_word' id='word_1_134' title='bbox 2157 913 2209 966; x_wconf 93' lang='lat' dir='ltr'><strong>in</strong></span> <span class='ocrx_word' id='word_1_135' title='bbox 2253 927 2359 981; x_wconf 91' lang='lat' dir='ltr'><strong>qua</strong></span> <span class='ocrx_word' id='word_1_136' title='bbox 2399 927 2629 981; x_wconf 66' lang='lat' dir='ltr'><strong>prmesse</strong></span> <span class='ocrx_word' id='word_1_137' title='bbox 2668 911 3024 982; x_wconf 81' lang='lat' dir='ltr'><strong>dignoscitur.</strong></span> <span class='ocrx_word' id='word_1_138' title='bbox 3051 908 3204 975; x_wconf 89' lang='lat' dir='ltr'><strong>Quod</strong></span> <span class='ocrx_word' id='word_1_139' title='bbox 3243 908 3287 963; x_wconf 93' lang='lat' dir='ltr'><strong>si</strong></span> <span class='ocrx_word' id='word_1_140' title='bbox 3315 907 3438 976; x_wconf 89' lang='lat' dir='ltr'><strong>quis</strong></span> 
     </span>
    </p>
   </div>
   <div class='ocr_carea' id='block_1_22' title="bbox 1854 997 3432 1071">
    <p class='ocr_par' dir='ltr' id='par_1_22' title="bbox 1854 997 3432 1071">
     <span class='ocr_line' id='line_1_22' title="bbox 1854 997 3432 1071; baseline -0.004 -17"><span class='ocrx_word' id='word_1_141' title='bbox 1854 1002 2200 1071; x_wconf 72' lang='lat' dir='ltr'><strong>prmvaricari</strong></span> <span class='ocrx_word' id='word_1_142' title='bbox 2250 1017 2414 1056; x_wconf 88' lang='lat' dir='ltr'><strong>ausus</strong></span> <span class='ocrx_word' id='word_1_143' title='bbox 2459 1001 2621 1056; x_wconf 81' lang='lat' dir='ltr'><strong>fuerit</strong></span> <span class='ocrx_word' id='word_1_144' title='bbox 2659 1001 2985 1064; x_wconf 82' lang='lat' dir='ltr'><strong>constituta,</strong></span> <span class='ocrx_word' id='word_1_145' title='bbox 3037 997 3233 1065; x_wconf 88' lang='lat' dir='ltr'><strong>deponi</strong></span> <span class='ocrx_word' id='word_1_146' title='bbox 3285 1011 3432 1059; x_wconf 91' lang='lat' dir='ltr'><strong>eum,</strong></span> 
     </span>
    </p>
   </div>
   <div class='ocr_carea' id='block_1_23' title="bbox 1855 1084 3440 1163">
    <p class='ocr_par' dir='ltr' id='par_1_23' title="bbox 1855 1084 3440 1163">
     <span class='ocr_line' id='line_1_23' title="bbox 1855 1084 3440 1163; baseline -0.006 -16"><span class='ocrx_word' id='word_1_147' title='bbox 1855 1102 1910 1148; x_wconf 92' lang='lat' dir='ltr'><strong>ct</strong></span> <span class='ocrx_word' id='word_1_148' title='bbox 1942 1093 2208 1163; x_wconf 85' lang='lat' dir='ltr'><strong>dignitate</strong></span> <span class='ocrx_word' id='word_1_149' title='bbox 2239 1108 2342 1162; x_wconf 88' lang='lat' dir='ltr'><strong>qua</strong></span> <span class='ocrx_word' id='word_1_150' title='bbox 2372 1091 2630 1162; x_wconf 68' lang='lat' dir='ltr'><strong>praeditus</strong></span> <span class='ocrx_word' id='word_1_151' title='bbox 2655 1098 2738 1144; x_wconf 89' lang='lat' dir='ltr'><strong>est</strong></span> <span class='ocrx_word' id='word_1_152' title='bbox 2763 1089 2963 1144; x_wconf 85' lang='lat' dir='ltr'><strong>debere</strong></span> <span class='ocrx_word' id='word_1_153' title='bbox 2987 1086 3211 1158; x_wconf 87' lang='lat' dir='ltr'><strong>privari.</strong></span> <span class='ocrx_word' id='word_1_154' title='bbox 3245 1084 3440 1153; x_wconf 73' lang='lat' dir='ltr'><strong>Coepi-</strong></span> 
     </span>
    </p>
   </div>
   <div class='ocr_carea' id='block_1_24' title="bbox 1855 1175 3432 1254">
    <p class='ocr_par' dir='ltr' id='par_1_24' title="bbox 1855 1175 3432 1254">
     <span class='ocr_line' id='line_1_24' title="bbox 1855 1175 3432 1254; baseline -0.008 -15"><span class='ocrx_word' id='word_1_155' title='bbox 1855 1199 2048 1254; x_wconf 90' lang='lat' dir='ltr'><strong>scopus</strong></span> <span class='ocrx_word' id='word_1_156' title='bbox 2077 1192 2254 1238; x_wconf 90' lang='lat' dir='ltr'><strong>autem</strong></span> <span class='ocrx_word' id='word_1_157' title='bbox 2280 1184 2346 1237; x_wconf 87' lang='lat' dir='ltr'><strong>ab</strong></span> <span class='ocrx_word' id='word_1_158' title='bbox 2367 1183 2623 1252; x_wconf 85' lang='lat' dir='ltr'><strong>episcopo</strong></span> <span class='ocrx_word' id='word_1_159' title='bbox 2653 1180 2889 1235; x_wconf 87' lang='lat' dir='ltr'><strong>civitatis</strong></span> <span class='ocrx_word' id='word_1_160' title='bbox 2915 1178 3000 1233; x_wconf 89' lang='lat' dir='ltr'><strong>vel</strong></span> <span class='ocrx_word' id='word_1_161' title='bbox 3024 1176 3128 1233; x_wconf 90' lang='lat' dir='ltr'><strong>loci</strong></span> <span class='ocrx_word' id='word_1_162' title='bbox 3160 1176 3246 1232; x_wconf 93' lang='lat' dir='ltr'><strong>eui</strong></span> <span class='ocrx_word' id='word_1_163' title='bbox 3289 1175 3432 1230; x_wconf 87' lang='lat' dir='ltr'><strong>idem</strong></span> 
     </span>
    </p>
   </div>
   <div class='ocr_carea' id='block_1_25' title="bbox 1854 1275 2555 1345">
    <p class='ocr_par' dir='ltr' id='par_1_25' title="bbox 1854 1275 2555 1345">
     <span class='ocr_line' id='line_1_25' title="bbox 1854 1275 2555 1345; baseline -0.003 -15"><span class='ocrx_word' id='word_1_164' title='bbox 1854 1275 2068 1345; x_wconf 76' lang='lat' dir='ltr'><strong>adiacet</strong></span> <span class='ocrx_word' id='word_1_165' title='bbox 2087 1276 2423 1330; x_wconf 90' lang='lat' dir='ltr'><strong>ordinandus</strong></span> <span class='ocrx_word' id='word_1_166' title='bbox 2451 1283 2555 1329; x_wconf 90' lang='lat' dir='ltr'><strong>est.</strong></span> 
     </span>
    </p>
   </div>
   <div class='ocr_carea' id='block_1_26' title="bbox 1910 1359 3436 1437">
    <p class='ocr_par' dir='ltr' id='par_1_26' title="bbox 1910 1359 3436 1437">
     <span class='ocr_line' id='line_1_26' title="bbox 1910 1359 3436 1437; baseline -0.006 -17"><span class='ocrx_word' id='word_1_167' title='bbox 1910 1367 1998 1420; x_wconf 92' lang='lat' dir='ltr'><strong>XI.</strong></span> <span class='ocrx_word' id='word_1_168' title='bbox 2018 1367 2072 1421; x_wconf 89' lang='lat' dir='ltr'><strong>Si</strong></span> <span class='ocrx_word' id='word_1_169' title='bbox 2092 1367 2212 1436; x_wconf 88' lang='lat' dir='ltr'><strong>quis</strong></span> <span class='ocrx_word' id='word_1_170' title='bbox 2229 1367 2531 1437; x_wconf 89' lang='lat' dir='ltr'><strong>episcopus,</strong></span> <span class='ocrx_word' id='word_1_171' title='bbox 2551 1363 2632 1418; x_wconf 88' lang='lat' dir='ltr'><strong>vel</strong></span> <span class='ocrx_word' id='word_1_172' title='bbox 2653 1364 2955 1435; x_wconf 82' lang='lat' dir='ltr'><strong>presbyter,</strong></span> <span class='ocrx_word' id='word_1_173' title='bbox 2973 1361 3058 1416; x_wconf 91' lang='lat' dir='ltr'><strong>vel</strong></span> <span class='ocrx_word' id='word_1_174' title='bbox 3075 1359 3250 1416; x_wconf 90' lang='lat' dir='ltr'><strong>omnis</strong></span> <span class='ocrx_word' id='word_1_175' title='bbox 3265 1359 3436 1413; x_wconf 80' lang='lat' dir='ltr'><strong>omni-</strong></span> 
     </span>
    </p>
   </div>
   <div class='ocr_carea' id='block_1_27' title="bbox 1851 1453 3436 1527">
    <p class='ocr_par' dir='ltr' id='par_1_27' title="bbox 1851 1453 3436 1527">
     <span class='ocr_line' id='line_1_27' title="bbox 1851 1453 3436 1527; baseline -0.006 -15"><span class='ocrx_word' id='word_1_176' title='bbox 1851 1473 1922 1512; x_wconf 92' lang='lat' dir='ltr'><strong>no</strong></span> <span class='ocrx_word' id='word_1_177' title='bbox 1952 1458 2042 1527; x_wconf 88' lang='lat' dir='ltr'><strong>qui</strong></span> <span class='ocrx_word' id='word_1_178' title='bbox 2067 1467 2150 1513; x_wconf 88' lang='lat' dir='ltr'><strong>est</strong></span> <span class='ocrx_word' id='word_1_179' title='bbox 2188 1461 2288 1513; x_wconf 88' lang='lat' dir='ltr'><strong>sub</strong></span> <span class='ocrx_word' id='word_1_180' title='bbox 2316 1456 2681 1512; x_wconf 91' lang='lat' dir='ltr'><strong>ecclesiastica</strong></span> <span class='ocrx_word' id='word_1_181' title='bbox 2714 1455 2895 1525; x_wconf 82' lang='lat' dir='ltr'><strong>regula</strong></span> <span class='ocrx_word' id='word_1_182' title='bbox 2927 1453 3272 1515; x_wconf 88' lang='lat' dir='ltr'><strong>constitutus,</strong></span> <span class='ocrx_word' id='word_1_183' title='bbox 3296 1465 3436 1518; x_wconf 77' lang='lat' dir='ltr'><strong>pra:-</strong></span> 
     </span>
    </p>
   </div>
   <div class='ocr_carea' id='block_1_28' title="bbox 1853 1542 3436 1614">
    <p class='ocr_par' dir='ltr' id='par_1_28' title="bbox 1853 1542 3436 1614">
     <span class='ocr_line' id='line_1_28' title="bbox 1853 1542 3436 1614; baseline -0.006 -13"><span class='ocrx_word' id='word_1_184' title='bbox 1853 1558 1933 1601; x_wconf 90' lang='lat' dir='ltr'><strong>ter</strong></span> <span class='ocrx_word' id='word_1_185' title='bbox 1948 1547 2231 1602; x_wconf 91' lang='lat' dir='ltr'><strong>consilium</strong></span> <span class='ocrx_word' id='word_1_186' title='bbox 2249 1547 2331 1601; x_wconf 89' lang='lat' dir='ltr'><strong>vel</strong></span> <span class='ocrx_word' id='word_1_187' title='bbox 2355 1547 2564 1601; x_wconf 89' lang='lat' dir='ltr'><strong>litteras</strong></span> <span class='ocrx_word' id='word_1_188' title='bbox 2582 1561 2768 1600; x_wconf 90' lang='lat' dir='ltr'><strong>eorum</strong></span> <span class='ocrx_word' id='word_1_189' title='bbox 2786 1545 3161 1614; x_wconf 89' lang='lat' dir='ltr'><strong>episcoporum</strong></span> <span class='ocrx_word' id='word_1_190' title='bbox 3189 1542 3280 1611; x_wconf 90' lang='lat' dir='ltr'><strong>qui</strong></span> <span class='ocrx_word' id='word_1_191' title='bbox 3308 1548 3436 1595; x_wconf 89' lang='lat' dir='ltr'><strong>sunt</strong></span> 
     </span>
    </p>
   </div>
   <div class='ocr_carea' id='block_1_29' title="bbox 1851 1632 3435 1706">
    <p class='ocr_par' dir='ltr' id='par_1_29' title="bbox 1851 1632 3435 1706">
     <span class='ocr_line' id='line_1_29' title="bbox 1851 1632 3435 1706; baseline -0.004 -14"><span class='ocrx_word' id='word_1_192' title='bbox 1851 1637 1992 1692; x_wconf 85' lang='lat' dir='ltr'><strong>intra</strong></span> <span class='ocrx_word' id='word_1_193' title='bbox 2035 1637 2394 1706; x_wconf 84' lang='lat' dir='ltr'><strong>provinciam,</strong></span> <span class='ocrx_word' id='word_1_194' title='bbox 2416 1647 2470 1690; x_wconf 89' lang='lat' dir='ltr'><strong>et</strong></span> <span class='ocrx_word' id='word_1_195' title='bbox 2491 1637 2724 1690; x_wconf 55' lang='lat' dir='ltr'><strong>maxime</strong></span> <span class='ocrx_word' id='word_1_196' title='bbox 2747 1633 3147 1704; x_wconf 84' lang='lat' dir='ltr'><strong>metropolitani</strong></span> <span class='ocrx_word' id='word_1_197' title='bbox 3172 1633 3239 1686; x_wconf 89' lang='lat' dir='ltr'><strong>ad</strong></span> <span class='ocrx_word' id='word_1_198' title='bbox 3266 1632 3435 1701; x_wconf 91' lang='lat' dir='ltr'><strong>impe-</strong></span> 
     </span>
    </p>
   </div>
   <div class='ocr_carea' id='block_1_30' title="bbox 1850 1722 3429 1797">
    <p class='ocr_par' dir='ltr' id='par_1_30' title="bbox 1850 1722 3429 1797">
     <span class='ocr_line' id='line_1_30' title="bbox 1850 1722 3429 1797; baseline -0.006 -12"><span class='ocrx_word' id='word_1_199' title='bbox 1850 1739 2084 1784; x_wconf 83' lang='lat' dir='ltr'><strong>ratorem</strong></span> <span class='ocrx_word' id='word_1_200' title='bbox 2120 1729 2445 1797; x_wconf 87' lang='lat' dir='ltr'><strong>perrexerit,</strong></span> <span class='ocrx_word' id='word_1_201' title='bbox 2469 1727 2612 1782; x_wconf 89' lang='lat' dir='ltr'><strong>hunc</strong></span> <span class='ocrx_word' id='word_1_202' title='bbox 2635 1726 2872 1780; x_wconf 88' lang='lat' dir='ltr'><strong>abdicari</strong></span> <span class='ocrx_word' id='word_1_203' title='bbox 2891 1734 2946 1779; x_wconf 89' lang='lat' dir='ltr'><strong>et</strong></span> <span class='ocrx_word' id='word_1_204' title='bbox 2973 1724 3098 1793; x_wconf 85' lang='lat' dir='ltr'><strong>ejici</strong></span> <span class='ocrx_word' id='word_1_205' title='bbox 3123 1738 3228 1778; x_wconf 91' lang='lat' dir='ltr'><strong>non</strong></span> <span class='ocrx_word' id='word_1_206' title='bbox 3255 1722 3429 1777; x_wconf 90' lang='lat' dir='ltr'><strong>solum</strong></span> 
     </span>
    </p>
   </div>
   <div class='ocr_carea' id='block_1_31' title="bbox 1848 1815 3429 1888">
    <p class='ocr_par' dir='ltr' id='par_1_31' title="bbox 1848 1815 3429 1888">
     <span class='ocr_line' id='line_1_31' title="bbox 1848 1815 3429 1888; baseline -0.004 -12"><span class='ocrx_word' id='word_1_207' title='bbox 1848 1821 1914 1876; x_wconf 91' lang='lat' dir='ltr'><strong>de</strong></span> <span class='ocrx_word' id='word_1_208' title='bbox 1941 1818 2452 1884; x_wconf 91' lang='lat' dir='ltr'><strong>communione,sed</strong></span> <span class='ocrx_word' id='word_1_209' title='bbox 2481 1819 2646 1874; x_wconf 89' lang='lat' dir='ltr'><strong>etiam</strong></span> <span class='ocrx_word' id='word_1_210' title='bbox 2677 1817 2892 1888; x_wconf 88' lang='lat' dir='ltr'><strong>propria</strong></span> <span class='ocrx_word' id='word_1_211' title='bbox 2919 1817 3183 1886; x_wconf 77' lang='lat' dir='ltr'><strong>dignitate</strong></span> <span class='ocrx_word' id='word_1_212' title='bbox 3203 1815 3429 1885; x_wconf 86' lang='lat' dir='ltr'><strong>privari,</strong></span> 
     </span>
    </p>
   </div>
   <div class='ocr_carea' id='block_1_32' title="bbox 185 1901 3432 1985">
    <p class='ocr_par' dir='ltr' id='par_1_32' title="bbox 185 1901 3432 1985">
     <span class='ocr_line' id='line_1_32' title="bbox 185 1901 3432 1985; baseline -0.003 -26"><span class='ocrx_word' id='word_1_213' title='bbox 185 1906 296 1960; x_wconf 87' lang='lat' dir='ltr'><strong>bans</strong></span> <span class='ocrx_word' id='word_1_214' title='bbox 338 1913 591 1960; x_wconf 88' lang='lat' dir='ltr'><strong>cunctam</strong></span> <span class='ocrx_word' id='word_1_215' title='bbox 641 1901 941 1957; x_wconf 70' lang='lat' dir='ltr'><strong>Ecclesiam</strong></span> <span class='ocrx_word' id='word_1_216' title='bbox 988 1919 1108 1973; x_wconf 70' lang='lat' dir='ltr'><strong>qua:</strong></span> <span class='ocrx_word' id='word_1_217' title='bbox 1137 1903 1272 1959; x_wconf 77' lang='lat' dir='ltr'><strong>foris</strong></span> <span class='ocrx_word' id='word_1_218' title='bbox 1301 1913 1403 1972; x_wconf 89' lang='lat' dir='ltr'><strong>est,</strong></span> <span class='ocrx_word' id='word_1_219' title='bbox 1452 1906 1594 1961; x_wconf 89' lang='lat' dir='ltr'><strong>hunc</strong></span> <span class='ocrx_word' id='word_1_220' title='bbox 1629 1916 1744 1960; x_wconf 73' lang='grc' dir='ltr'><strong>ωηο</strong></span> <span class='ocrx_word' id='word_1_221' title='bbox 1773 1917 1817 1976; x_wconf 82' lang='grc' dir='ltr'><strong><em>Β</em></strong></span> <span class='ocrx_word' id='word_1_222' title='bbox 1849 1922 2101 1985; x_wconf 66' lang='lat' dir='ltr'><strong>tanquam</strong></span> <span class='ocrx_word' id='word_1_223' title='bbox 2131 1914 2415 1970; x_wconf 64' lang='lat' dir='ltr'><strong>molestum</strong></span> <span class='ocrx_word' id='word_1_224' title='bbox 2455 1923 2508 1969; x_wconf 67' lang='lat' dir='ltr'><strong>et</strong></span> <span class='ocrx_word' id='word_1_225' title='bbox 2539 1913 2904 1982; x_wconf 73' lang='lat' dir='ltr'><strong>imporlunum</strong></span> <span class='ocrx_word' id='word_1_226' title='bbox 2942 1911 3308 1980; x_wconf 66' lang='lat' dir='ltr'><strong>imperialibus</strong></span> <span class='ocrx_word' id='word_1_227' title='bbox 3337 1919 3432 1963; x_wconf 67' lang='lat' dir='ltr'><strong>au-</strong></span> 
     </span>
    </p>
   </div>
   <div class='ocr_carea' id='block_1_33' title="bbox 184 1993 1186 2064">
    <p class='ocr_par' dir='ltr' id='par_1_33' title="bbox 184 1993 1186 2064">
     <span class='ocr_line' id='line_1_33' title="bbox 184 1993 1186 2064; baseline 0.001 -14"><span class='ocrx_word' id='word_1_228' title='bbox 184 2010 319 2064; x_wconf 89' lang='lat' dir='ltr'><strong>quam</strong></span> <span class='ocrx_word' id='word_1_229' title='bbox 347 1995 666 2050; x_wconf 86' lang='lat' dir='ltr'><strong>seditiosum</strong></span> <span class='ocrx_word' id='word_1_230' title='bbox 695 1993 899 2062; x_wconf 87' lang='lat' dir='ltr'><strong>corripi</strong></span> <span class='ocrx_word' id='word_1_231' title='bbox 945 2003 1186 2063; x_wconf 89' lang='lat' dir='ltr'><strong>oportet.</strong></span> 
     </span>
    </p>
   </div>
   <div class='ocr_carea' id='block_1_34' title="bbox 239 2086 1741 2156">
    <p class='ocr_par' dir='ltr' id='par_1_34' title="bbox 239 2086 1741 2156">
     <span class='ocr_line' id='line_1_34' title="bbox 239 2086 1741 2156; baseline 0.002 -16"><span class='ocrx_word' id='word_1_232' title='bbox 239 2086 315 2140; x_wconf 73' lang='lat' dir='ltr'><strong>\‘l.</strong></span> <span class='ocrx_word' id='word_1_233' title='bbox 347 2086 401 2142; x_wconf 88' lang='lat' dir='ltr'><strong>Si</strong></span> <span class='ocrx_word' id='word_1_234' title='bbox 428 2087 558 2156; x_wconf 88' lang='lat' dir='ltr'><strong>quis</strong></span> <span class='ocrx_word' id='word_1_235' title='bbox 605 2101 635 2139; x_wconf 90' lang='lat' dir='ltr'><strong>a</strong></span> <span class='ocrx_word' id='word_1_236' title='bbox 668 2086 890 2156; x_wconf 90' lang='lat' dir='ltr'><strong>proprio</strong></span> <span class='ocrx_word' id='word_1_237' title='bbox 939 2087 1197 2155; x_wconf 88' lang='lat' dir='ltr'><strong>episcopo</strong></span> <span class='ocrx_word' id='word_1_238' title='bbox 1244 2088 1741 2143; x_wconf 79' lang='lat' dir='ltr'><strong>excommunicatus</strong></span> 
     </span>
    </p>
   </div>
   <div class='ocr_carea' id='block_1_35' title="bbox 181 2173 1741 2246">
    <p class='ocr_par' dir='ltr' id='par_1_35' title="bbox 181 2173 1741 2246">
     <span class='ocr_line' id='line_1_35' title="bbox 181 2173 1741 2246; baseline -0.003 -13"><span class='ocrx_word' id='word_1_239' title='bbox 181 2187 266 2240; x_wconf 83' lang='lat' dir='ltr'><strong>est,</strong></span> <span class='ocrx_word' id='word_1_240' title='bbox 289 2192 388 2231; x_wconf 92' lang='lat' dir='ltr'><strong>non</strong></span> <span class='ocrx_word' id='word_1_241' title='bbox 422 2191 548 2231; x_wconf 89' lang='lat' dir='ltr'><strong>cum</strong></span> <span class='ocrx_word' id='word_1_242' title='bbox 579 2176 731 2246; x_wconf 83' lang='lat' dir='ltr'><strong>prius</strong></span> <span class='ocrx_word' id='word_1_243' title='bbox 757 2175 829 2229; x_wconf 89' lang='lat' dir='ltr'><strong>ab</strong></span> <span class='ocrx_word' id='word_1_244' title='bbox 856 2173 977 2229; x_wconf 88' lang='lat' dir='ltr'><strong>aliis</strong></span> <span class='ocrx_word' id='word_1_245' title='bbox 1020 2175 1219 2231; x_wconf 88' lang='lat' dir='ltr'><strong>debere</strong></span> <span class='ocrx_word' id='word_1_246' title='bbox 1257 2177 1476 2246; x_wconf 90' lang='lat' dir='ltr'><strong>suscipi,</strong></span> <span class='ocrx_word' id='word_1_247' title='bbox 1513 2177 1614 2231; x_wconf 90' lang='lat' dir='ltr'><strong>nisi</strong></span> <span class='ocrx_word' id='word_1_248' title='bbox 1647 2185 1741 2230; x_wconf 83' lang='lat' dir='ltr'><strong>aut</strong></span> 
     </span>
    </p>
   </div>
   <div class='ocr_carea' id='block_1_36' title="bbox 180 2266 1748 2336">
    <p class='ocr_par' dir='ltr' id='par_1_36' title="bbox 180 2266 1748 2336">
     <span class='ocr_line' id='line_1_36' title="bbox 180 2266 1748 2336; baseline 0.001 -14"><span class='ocrx_word' id='word_1_249' title='bbox 180 2283 206 2322; x_wconf 84' lang='lat' dir='ltr'><strong>a</strong></span> <span class='ocrx_word' id='word_1_250' title='bbox 234 2283 322 2322; x_wconf 90' lang='lat' dir='ltr'><strong>suo</strong></span> <span class='ocrx_word' id='word_1_251' title='bbox 354 2266 522 2322; x_wconf 79' lang='lat' dir='ltr'><strong>fuerit</strong></span> <span class='ocrx_word' id='word_1_252' title='bbox 561 2274 810 2336; x_wconf 88' lang='lat' dir='ltr'><strong>receptus</strong></span> <span class='ocrx_word' id='word_1_253' title='bbox 860 2267 1137 2335; x_wconf 90' lang='lat' dir='ltr'><strong>episcopo,</strong></span> <span class='ocrx_word' id='word_1_254' title='bbox 1169 2277 1263 2322; x_wconf 89' lang='lat' dir='ltr'><strong>aut</strong></span> <span class='ocrx_word' id='word_1_255' title='bbox 1319 2267 1552 2322; x_wconf 92' lang='lat' dir='ltr'><strong>concilio</strong></span> <span class='ocrx_word' id='word_1_256' title='bbox 1594 2266 1748 2323; x_wconf 80' lang='lat' dir='ltr'><strong>facto</strong></span> 
     </span>
    </p>
   </div>
   <div class='ocr_carea' id='block_1_37' title="bbox 184 2357 1741 2428">
    <p class='ocr_par' dir='ltr' id='par_1_37' title="bbox 184 2357 1741 2428">
     <span class='ocr_line' id='line_1_37' title="bbox 184 2357 1741 2428; baseline 0.003 -18"><span class='ocrx_word' id='word_1_257' title='bbox 184 2358 425 2428; x_wconf 90' lang='lat' dir='ltr'><strong>episcopis</strong></span> <span class='ocrx_word' id='word_1_258' title='bbox 466 2364 728 2412; x_wconf 86' lang='lat' dir='ltr'><strong>occurrat</strong></span> <span class='ocrx_word' id='word_1_259' title='bbox 755 2365 812 2411; x_wconf 89' lang='lat' dir='ltr'><strong>et</strong></span> <span class='ocrx_word' id='word_1_260' title='bbox 858 2357 1204 2425; x_wconf 88' lang='lat' dir='ltr'><strong>respondeat,</strong></span> <span class='ocrx_word' id='word_1_261' title='bbox 1233 2358 1357 2412; x_wconf 89' lang='lat' dir='ltr'><strong>etsi</strong></span> <span class='ocrx_word' id='word_1_262' title='bbox 1398 2358 1605 2428; x_wconf 86' lang='lat' dir='ltr'><strong>synodo</strong></span> <span class='ocrx_word' id='word_1_263' title='bbox 1652 2375 1741 2414; x_wconf 87' lang='lat' dir='ltr'><strong>sa-</strong></span> 
     </span>
    </p>
   </div>
   <div class='ocr_carea' id='block_1_38' title="bbox 183 2451 1737 2526">
    <p class='ocr_par' dir='ltr' id='par_1_38' title="bbox 183 2451 1737 2526">
     <span class='ocr_line' id='line_1_38' title="bbox 183 2451 1737 2526; baseline 0.003 -21"><span class='ocrx_word' id='word_1_264' title='bbox 183 2452 432 2518; x_wconf 79' lang='lat' dir='ltr'><strong>tisfecerit,</strong></span> <span class='ocrx_word' id='word_1_265' title='bbox 460 2452 755 2508; x_wconf 85' lang='lat' dir='ltr'><strong>statuimus</strong></span> <span class='ocrx_word' id='word_1_266' title='bbox 797 2451 896 2507; x_wconf 91' lang='lat' dir='ltr'><strong>sub</strong></span> <span class='ocrx_word' id='word_1_267' title='bbox 947 2451 1052 2507; x_wconf 88' lang='lat' dir='ltr'><strong>alia</strong></span> <span class='ocrx_word' id='word_1_268' title='bbox 1089 2454 1354 2509; x_wconf 87' lang='lat' dir='ltr'><strong>sententia</strong></span> <span class='ocrx_word' id='word_1_269' title='bbox 1381 2469 1504 2509; x_wconf 90' lang='lat' dir='ltr'><strong>eum</strong></span> <span class='ocrx_word' id='word_1_270' title='bbox 1549 2456 1737 2526; x_wconf 90' lang='lat' dir='ltr'><strong>recipi,</strong></span> 
     </span>
    </p>
   </div>
   <div class='ocr_carea' id='block_1_39' title="bbox 184 2542 1740 2614">
    <p class='ocr_par' dir='ltr' id='par_1_39' title="bbox 184 2542 1740 2614">
     <span class='ocr_line' id='line_1_39' title="bbox 184 2542 1740 2614; baseline 0.005 -18"><span class='ocrx_word' id='word_1_271' title='bbox 184 2545 302 2612; x_wconf 85' lang='lat' dir='ltr'><strong>quod</strong></span> <span class='ocrx_word' id='word_1_272' title='bbox 329 2545 490 2599; x_wconf 90' lang='lat' dir='ltr'><strong>etiam</strong></span> <span class='ocrx_word' id='word_1_273' title='bbox 524 2543 673 2598; x_wconf 91' lang='lat' dir='ltr'><strong>circa</strong></span> <span class='ocrx_word' id='word_1_274' title='bbox 705 2542 894 2608; x_wconf 89' lang='lat' dir='ltr'><strong>laicos,</strong></span> <span class='ocrx_word' id='word_1_275' title='bbox 925 2551 981 2598; x_wconf 92' lang='lat' dir='ltr'><strong>et</strong></span> <span class='ocrx_word' id='word_1_276' title='bbox 1005 2545 1370 2614; x_wconf 85' lang='lat' dir='ltr'><strong>presbyteros,</strong></span> <span class='ocrx_word' id='word_1_277' title='bbox 1399 2554 1453 2600; x_wconf 92' lang='lat' dir='ltr'><strong>et</strong></span> <span class='ocrx_word' id='word_1_278' title='bbox 1481 2547 1740 2604; x_wconf 87' lang='lat' dir='ltr'><strong>diaconos</strong></span> 
     </span>
    </p>
   </div>
   <div class='ocr_carea' id='block_1_40' title="bbox 179 2633 1594 2704">
    <p class='ocr_par' dir='ltr' id='par_1_40' title="bbox 179 2633 1594 2704">
     <span class='ocr_line' id='line_1_40' title="bbox 179 2633 1594 2704; baseline 0.002 -16"><span class='ocrx_word' id='word_1_279' title='bbox 179 2642 224 2688; x_wconf 87' lang='lat' dir='ltr'><strong>et</strong></span> <span class='ocrx_word' id='word_1_280' title='bbox 248 2650 421 2689; x_wconf 89' lang='lat' dir='ltr'><strong>omnes</strong></span> <span class='ocrx_word' id='word_1_281' title='bbox 464 2635 563 2704; x_wconf 89' lang='lat' dir='ltr'><strong>qui</strong></span> <span class='ocrx_word' id='word_1_282' title='bbox 609 2635 660 2687; x_wconf 94' lang='lat' dir='ltr'><strong>in</strong></span> <span class='ocrx_word' id='word_1_283' title='bbox 697 2633 841 2688; x_wconf 88' lang='lat' dir='ltr'><strong>clero</strong></span> <span class='ocrx_word' id='word_1_284' title='bbox 868 2643 994 2688; x_wconf 91' lang='lat' dir='ltr'><strong>sunt</strong></span> <span class='ocrx_word' id='word_1_285' title='bbox 1021 2636 1269 2689; x_wconf 84' lang='lat' dir='ltr'><strong>convenit</strong></span> <span class='ocrx_word' id='word_1_286' title='bbox 1297 2637 1594 2692; x_wconf 81' lang='lat' dir='ltr'><strong>observari.</strong></span> 
     </span>
    </p>
   </div>
   <div class='ocr_carea' id='block_1_41' title="bbox 235 2723 1731 2798">
    <p class='ocr_par' dir='ltr' id='par_1_41' title="bbox 235 2723 1731 2798">
     <span class='ocr_line' id='line_1_41' title="bbox 235 2723 1731 2798; baseline 0.002 -19"><span class='ocrx_word' id='word_1_287' title='bbox 235 2726 329 2779; x_wconf 75' lang='lat' dir='ltr'><strong>VII.</strong></span> <span class='ocrx_word' id='word_1_288' title='bbox 357 2726 577 2780; x_wconf 83' lang='lat' dir='ltr'><strong>Nullum</strong></span> <span class='ocrx_word' id='word_1_289' title='bbox 610 2726 814 2794; x_wconf 84' lang='lat' dir='ltr'><strong>absque</strong></span> <span class='ocrx_word' id='word_1_290' title='bbox 839 2723 1070 2780; x_wconf 79' lang='lat' dir='ltr'><strong>formata</strong></span> <span class='ocrx_word' id='word_1_291' title='bbox 1117 2725 1280 2796; x_wconf 92' lang='lat' dir='ltr'><strong>(quod</strong></span> <span class='ocrx_word' id='word_1_292' title='bbox 1328 2726 1498 2782; x_wconf 73' lang='lat' dir='ltr'><strong>Grzeci</strong></span> <span class='ocrx_word' id='word_1_293' title='bbox 1529 2729 1731 2798; x_wconf 62' lang='lat' dir='ltr'><strong>episto-</strong></span> 
     </span>
    </p>
   </div>
   <div class='ocr_carea' id='block_1_42' title="bbox 174 2815 1736 2890">
    <p class='ocr_par' dir='ltr' id='par_1_42' title="bbox 174 2815 1736 2890">
     <span class='ocr_line' id='line_1_42' title="bbox 174 2815 1736 2890; baseline 0.003 -21"><span class='ocrx_word' id='word_1_294' title='bbox 174 2816 263 2871; x_wconf 85' lang='lat' dir='ltr'><strong>lam</strong></span> <span class='ocrx_word' id='word_1_295' title='bbox 297 2817 503 2888; x_wconf 89' lang='lat' dir='ltr'><strong>dicunt)</strong></span> <span class='ocrx_word' id='word_1_296' title='bbox 556 2817 964 2888; x_wconf 81' lang='lat' dir='ltr'><strong>peregrinorum</strong></span> <span class='ocrx_word' id='word_1_297' title='bbox 995 2815 1314 2871; x_wconf 87' lang='lat' dir='ltr'><strong>clericorum</strong></span> <span class='ocrx_word' id='word_1_298' title='bbox 1346 2819 1545 2890; x_wconf 89' lang='lat' dir='ltr'><strong>suscipi</strong></span> <span class='ocrx_word' id='word_1_299' title='bbox 1578 2835 1736 2890; x_wconf 83' lang='lat' dir='ltr'><strong>Opor-</strong></span> 
     </span>
    </p>
   </div>
   <div class='ocr_carea' id='block_1_43' title="bbox 175 2915 251 2962">
    <p class='ocr_par' dir='ltr' id='par_1_43' title="bbox 175 2915 251 2962">
     <span class='ocr_line' id='line_1_43' title="bbox 175 2915 251 2962; baseline 0 0"><span class='ocrx_word' id='word_1_300' title='bbox 175 2915 251 2962; x_wconf 84' lang='lat' dir='ltr'><strong>tet.</strong></span> 
     </span>
    </p>
   </div>
   <div class='ocr_carea' id='block_1_44' title="bbox 230 2997 1730 3072">
    <p class='ocr_par' dir='ltr' id='par_1_44' title="bbox 230 2997 1730 3072">
     <span class='ocr_line' id='line_1_44' title="bbox 230 2997 1730 3072; baseline 0.003 -19"><span class='ocrx_word' id='word_1_301' title='bbox 230 2997 347 3053; x_wconf 78' lang='lat' dir='ltr'><strong>Vlll.</strong></span> <span class='ocrx_word' id='word_1_302' title='bbox 377 2998 570 3070; x_wconf 85' lang='lat' dir='ltr'><strong>Neque</strong></span> <span class='ocrx_word' id='word_1_303' title='bbox 622 2999 911 3070; x_wconf 81' lang='lat' dir='ltr'><strong>presbyter</strong></span> <span class='ocrx_word' id='word_1_304' title='bbox 961 2999 1027 3052; x_wconf 88' lang='lat' dir='ltr'><strong>ad</strong></span> <span class='ocrx_word' id='word_1_305' title='bbox 1086 3000 1336 3068; x_wconf 80' lang='lat' dir='ltr'><strong>regiones</strong></span> <span class='ocrx_word' id='word_1_306' title='bbox 1394 2999 1730 3072; x_wconf 84' lang='lat' dir='ltr'><strong>longinquas,</strong></span> 
     </span>
    </p>
   </div>
   <div class='ocr_carea' id='block_1_45' title="bbox 173 3085 1736 3157">
    <p class='ocr_par' dir='ltr' id='par_1_45' title="bbox 173 3085 1736 3157">
     <span class='ocr_line' id='line_1_45' title="bbox 173 3085 1736 3157; baseline 0.005 -20"><span class='ocrx_word' id='word_1_307' title='bbox 173 3085 428 3149; x_wconf 73' lang='lat' dir='ltr'><strong>tot-malas,</strong></span> <span class='ocrx_word' id='word_1_308' title='bbox 461 3088 520 3141; x_wconf 85' lang='lat' dir='ltr'><strong>id</strong></span> <span class='ocrx_word' id='word_1_309' title='bbox 563 3097 647 3141; x_wconf 88' lang='lat' dir='ltr'><strong>est</strong></span> <span class='ocrx_word' id='word_1_310' title='bbox 687 3089 976 3142; x_wconf 91' lang='lat' dir='ltr'><strong>canonieas</strong></span> <span class='ocrx_word' id='word_1_311' title='bbox 1002 3087 1280 3157; x_wconf 87' lang='lat' dir='ltr'><strong>epistolas,</strong></span> <span class='ocrx_word' id='word_1_312' title='bbox 1328 3088 1430 3142; x_wconf 89' lang='lat' dir='ltr'><strong>nisi</strong></span> <span class='ocrx_word' id='word_1_313' title='bbox 1474 3091 1538 3143; x_wconf 88' lang='lat' dir='ltr'><strong>ad</strong></span> <span class='ocrx_word' id='word_1_314' title='bbox 1570 3090 1736 3144; x_wconf 80' lang='lat' dir='ltr'><strong>ﬁniti-</strong></span> 
     </span>
    </p>
   </div>
   <div class='ocr_carea' id='block_1_46' title="bbox 172 3179 1728 3251">
    <p class='ocr_par' dir='ltr' id='par_1_46' title="bbox 172 3179 1728 3251">
     <span class='ocr_line' id='line_1_46' title="bbox 172 3179 1728 3251; baseline 0.005 -22"><span class='ocrx_word' id='word_1_315' title='bbox 172 3191 270 3231; x_wconf 86' lang='lat' dir='ltr'><strong>mos</strong></span> <span class='ocrx_word' id='word_1_316' title='bbox 298 3179 582 3248; x_wconf 83' lang='lat' dir='ltr'><strong>episcopos</strong></span> <span class='ocrx_word' id='word_1_317' title='bbox 605 3179 875 3248; x_wconf 90' lang='lat' dir='ltr'><strong>simplices</strong></span> <span class='ocrx_word' id='word_1_318' title='bbox 901 3179 1158 3248; x_wconf 90' lang='lat' dir='ltr'><strong>epistolas</strong></span> <span class='ocrx_word' id='word_1_319' title='bbox 1189 3181 1402 3235; x_wconf 87' lang='lat' dir='ltr'><strong>mittere</strong></span> <span class='ocrx_word' id='word_1_320' title='bbox 1423 3193 1728 3251; x_wconf 80' lang='lat' dir='ltr'><strong>praesumat,</strong></span> 
     </span>
    </p>
   </div>
   <div class='ocr_carea' id='block_1_47' title="bbox 1845 2003 3428 2061">
    <p class='ocr_par' dir='ltr' id='par_1_47' title="bbox 1845 2003 3428 2061">
     <span class='ocr_line' id='line_1_47' title="bbox 1845 2003 3428 2061; baseline -0.004 0"><span class='ocrx_word' id='word_1_321' title='bbox 1845 2005 1995 2061; x_wconf 84' lang='lat' dir='ltr'><strong>ribus</strong></span> <span class='ocrx_word' id='word_1_322' title='bbox 2040 2016 2229 2061; x_wconf 87' lang='lat' dir='ltr'><strong>contra</strong></span> <span class='ocrx_word' id='word_1_323' title='bbox 2262 2004 2627 2060; x_wconf 89' lang='lat' dir='ltr'><strong>ecclesiastica</strong></span> <span class='ocrx_word' id='word_1_324' title='bbox 2665 2004 2974 2058; x_wconf 86' lang='lat' dir='ltr'><strong>constituta.</strong></span> <span class='ocrx_word' id='word_1_325' title='bbox 3011 2003 3066 2057; x_wconf 93' lang='lat' dir='ltr'><strong>Si</strong></span> <span class='ocrx_word' id='word_1_326' title='bbox 3099 2011 3278 2057; x_wconf 90' lang='lat' dir='ltr'><strong>autem</strong></span> <span class='ocrx_word' id='word_1_327' title='bbox 3327 2016 3428 2055; x_wconf 88' lang='lat' dir='ltr'><strong>ne-</strong></span> 
     </span>
    </p>
   </div>
   <div class='ocr_carea' id='block_1_48' title="bbox 1842 2097 3428 2168">
    <p class='ocr_par' dir='ltr' id='par_1_48' title="bbox 1842 2097 3428 2168">
     <span class='ocr_line' id='line_1_48' title="bbox 1842 2097 3428 2168; baseline -0.007 -13"><span class='ocrx_word' id='word_1_328' title='bbox 1842 2099 2066 2165; x_wconf 85' lang='lat' dir='ltr'><strong>cessitas</strong></span> <span class='ocrx_word' id='word_1_329' title='bbox 2101 2097 2246 2168; x_wconf 80' lang='lat' dir='ltr'><strong>cogit</strong></span> <span class='ocrx_word' id='word_1_330' title='bbox 2296 2097 2363 2151; x_wconf 90' lang='lat' dir='ltr'><strong>ad</strong></span> <span class='ocrx_word' id='word_1_331' title='bbox 2419 2098 2806 2167; x_wconf 87' lang='lat' dir='ltr'><strong>imperatorem</strong></span> <span class='ocrx_word' id='word_1_332' title='bbox 2862 2109 3156 2150; x_wconf 79' lang='lat' dir='ltr'><strong>excurrere</strong></span> <span class='ocrx_word' id='word_1_333' title='bbox 3203 2100 3428 2163; x_wconf 86' lang='lat' dir='ltr'><strong>propter</strong></span> 
     </span>
    </p>
   </div>
   <div class='ocr_carea' id='block_1_49' title="bbox 1841 2180 3430 2258">
    <p class='ocr_par' dir='ltr' id='par_1_49' title="bbox 1841 2180 3430 2258">
     <span class='ocr_line' id='line_1_49' title="bbox 1841 2180 3430 2258; baseline -0.006 -15"><span class='ocrx_word' id='word_1_334' title='bbox 1841 2189 2076 2258; x_wconf 88' lang='lat' dir='ltr'><strong>aliquam</strong></span> <span class='ocrx_word' id='word_1_335' title='bbox 2117 2187 2427 2252; x_wconf 83' lang='lat' dir='ltr'><strong>actionem,</strong></span> <span class='ocrx_word' id='word_1_336' title='bbox 2482 2202 2605 2240; x_wconf 89' lang='lat' dir='ltr'><strong>cum</strong></span> <span class='ocrx_word' id='word_1_337' title='bbox 2652 2184 3042 2241; x_wconf 69' lang='lat' dir='ltr'><strong>deliberatione</strong></span> <span class='ocrx_word' id='word_1_338' title='bbox 3095 2193 3151 2237; x_wconf 92' lang='lat' dir='ltr'><strong>et</strong></span> <span class='ocrx_word' id='word_1_339' title='bbox 3200 2180 3430 2236; x_wconf 90' lang='lat' dir='ltr'><strong>consilio</strong></span> 
     </span>
    </p>
   </div>
   <div class='ocr_carea' id='block_1_50' title="bbox 1841 2272 3428 2348">
    <p class='ocr_par' dir='ltr' id='par_1_50' title="bbox 1841 2272 3428 2348">
     <span class='ocr_line' id='line_1_50' title="bbox 1841 2272 3428 2348; baseline -0.008 -14"><span class='ocrx_word' id='word_1_340' title='bbox 1841 2278 2240 2348; x_wconf 86' lang='lat' dir='ltr'><strong>metropolitani</strong></span> <span class='ocrx_word' id='word_1_341' title='bbox 2291 2277 2464 2348; x_wconf 91' lang='lat' dir='ltr'><strong>ipsius</strong></span> <span class='ocrx_word' id='word_1_342' title='bbox 2510 2277 2798 2346; x_wconf 61' lang='lat' dir='ltr'><strong>provincia:</strong></span> <span class='ocrx_word' id='word_1_343' title='bbox 2825 2272 3086 2344; x_wconf 86' lang='lat' dir='ltr'><strong>episcopi,</strong></span> <span class='ocrx_word' id='word_1_344' title='bbox 3119 2279 3174 2325; x_wconf 93' lang='lat' dir='ltr'><strong>et</strong></span> <span class='ocrx_word' id='word_1_345' title='bbox 3205 2277 3428 2324; x_wconf 74' lang='lat' dir='ltr'><strong>cmtero-</strong></span> 
     </span>
    </p>
   </div>
   <div class='ocr_carea' id='block_1_51' title="bbox 1841 2357 3428 2436">
    <p class='ocr_par' dir='ltr' id='par_1_51' title="bbox 1841 2357 3428 2436">
     <span class='ocr_line' id='line_1_51' title="bbox 1841 2357 3428 2436; baseline -0.007 -13"><span class='ocrx_word' id='word_1_346' title='bbox 1841 2384 1958 2423; x_wconf 86' lang='lat' dir='ltr'><strong>rum</strong></span> <span class='ocrx_word' id='word_1_347' title='bbox 1987 2367 2323 2423; x_wconf 89' lang='lat' dir='ltr'><strong>conscientia</strong></span> <span class='ocrx_word' id='word_1_348' title='bbox 2366 2367 2742 2436; x_wconf 82' lang='lat' dir='ltr'><strong>episcOporum</strong></span> <span class='ocrx_word' id='word_1_349' title='bbox 2772 2364 2862 2432; x_wconf 85' lang='lat' dir='ltr'><strong>qui</strong></span> <span class='ocrx_word' id='word_1_350' title='bbox 2901 2363 2953 2417; x_wconf 91' lang='lat' dir='ltr'><strong>in</strong></span> <span class='ocrx_word' id='word_1_351' title='bbox 2978 2361 3166 2416; x_wconf 88' lang='lat' dir='ltr'><strong>eadem</strong></span> <span class='ocrx_word' id='word_1_352' title='bbox 3203 2357 3428 2429; x_wconf 87' lang='lat' dir='ltr'><strong>provin-</strong></span> 
     </span>
    </p>
   </div>
   <div class='ocr_carea' id='block_1_52' title="bbox 1838 2451 3235 2528">
    <p class='ocr_par' dir='ltr' id='par_1_52' title="bbox 1838 2451 3235 2528">
     <span class='ocr_line' id='line_1_52' title="bbox 1838 2451 3235 2528; baseline -0.008 -14"><span class='ocrx_word' id='word_1_353' title='bbox 1838 2459 1922 2514; x_wconf 88' lang='lat' dir='ltr'><strong>cia</strong></span> <span class='ocrx_word' id='word_1_354' title='bbox 1953 2471 2076 2514; x_wconf 91' lang='lat' dir='ltr'><strong>sunt</strong></span> <span class='ocrx_word' id='word_1_355' title='bbox 2101 2467 2263 2528; x_wconf 89' lang='lat' dir='ltr'><strong>atque</strong></span> <span class='ocrx_word' id='word_1_356' title='bbox 2291 2473 2414 2513; x_wconf 91' lang='lat' dir='ltr'><strong>cum</strong></span> <span class='ocrx_word' id='word_1_357' title='bbox 2442 2456 2640 2511; x_wconf 87' lang='lat' dir='ltr'><strong>litteris</strong></span> <span class='ocrx_word' id='word_1_358' title='bbox 2673 2470 2860 2509; x_wconf 90' lang='lat' dir='ltr'><strong>eorum</strong></span> <span class='ocrx_word' id='word_1_359' title='bbox 2893 2455 2971 2508; x_wconf 90' lang='lat' dir='ltr'><strong>ire</strong></span> <span class='ocrx_word' id='word_1_360' title='bbox 2999 2451 3235 2506; x_wconf 91' lang='lat' dir='ltr'><strong>debebit.</strong></span> 
     </span>
    </p>
   </div>
   <div class='ocr_carea' id='block_1_53' title="bbox 1909 2541 3425 2620">
    <p class='ocr_par' dir='ltr' id='par_1_53' title="bbox 1909 2541 3425 2620">
     <span class='ocr_line' id='line_1_53' title="bbox 1909 2541 3425 2620; baseline -0.009 -14"><span class='ocrx_word' id='word_1_361' title='bbox 1909 2549 2019 2606; x_wconf 85' lang='lat' dir='ltr'><strong>XII.</strong></span> <span class='ocrx_word' id='word_1_362' title='bbox 2045 2549 2102 2604; x_wconf 90' lang='lat' dir='ltr'><strong>Si</strong></span> <span class='ocrx_word' id='word_1_363' title='bbox 2132 2550 2253 2620; x_wconf 85' lang='lat' dir='ltr'><strong>quis</strong></span> <span class='ocrx_word' id='word_1_364' title='bbox 2278 2564 2307 2602; x_wconf 92' lang='lat' dir='ltr'><strong>a</strong></span> <span class='ocrx_word' id='word_1_365' title='bbox 2338 2548 2557 2618; x_wconf 87' lang='lat' dir='ltr'><strong>proprio</strong></span> <span class='ocrx_word' id='word_1_366' title='bbox 2597 2547 2852 2616; x_wconf 88' lang='lat' dir='ltr'><strong>episcopo</strong></span> <span class='ocrx_word' id='word_1_367' title='bbox 2883 2544 3164 2615; x_wconf 86' lang='lat' dir='ltr'><strong>depositus</strong></span> <span class='ocrx_word' id='word_1_368' title='bbox 3202 2541 3425 2610; x_wconf 82' lang='lat' dir='ltr'><strong>presby-</strong></span> 
     </span>
    </p>
   </div>
   <div class='ocr_carea' id='block_1_54' title="bbox 1838 2633 3424 2707">
    <p class='ocr_par' dir='ltr' id='par_1_54' title="bbox 1838 2633 3424 2707">
     <span class='ocr_line' id='line_1_54' title="bbox 1838 2633 3424 2707; baseline -0.008 -9"><span class='ocrx_word' id='word_1_369' title='bbox 1838 2648 1942 2706; x_wconf 76' lang='lat' dir='ltr'><strong>ter,</strong></span> <span class='ocrx_word' id='word_1_370' title='bbox 1976 2641 2059 2696; x_wconf 87' lang='lat' dir='ltr'><strong>vel</strong></span> <span class='ocrx_word' id='word_1_371' title='bbox 2110 2643 2393 2707; x_wconf 86' lang='lat' dir='ltr'><strong>diaconus,</strong></span> <span class='ocrx_word' id='word_1_372' title='bbox 2441 2638 2736 2694; x_wconf 87' lang='lat' dir='ltr'><strong>autetiam</strong></span> <span class='ocrx_word' id='word_1_373' title='bbox 2787 2637 2885 2691; x_wconf 89' lang='lat' dir='ltr'><strong>sia</strong></span> <span class='ocrx_word' id='word_1_374' title='bbox 2940 2635 3145 2706; x_wconf 88' lang='lat' dir='ltr'><strong>synodo</strong></span> <span class='ocrx_word' id='word_1_375' title='bbox 3196 2633 3424 2703; x_wconf 87' lang='lat' dir='ltr'><strong>quilibet</strong></span> 
     </span>
    </p>
   </div>
   <div class='ocr_carea' id='block_1_55' title="bbox 1837 2721 3414 2801">
    <p class='ocr_par' dir='ltr' id='par_1_55' title="bbox 1837 2721 3414 2801">
     <span class='ocr_line' id='line_1_55' title="bbox 1837 2721 3414 2801; baseline -0.008 -14"><span class='ocrx_word' id='word_1_376' title='bbox 1837 2732 2123 2801; x_wconf 88' lang='lat' dir='ltr'><strong>episcopus</strong></span> <span class='ocrx_word' id='word_1_377' title='bbox 2153 2731 2316 2786; x_wconf 80' lang='lat' dir='ltr'><strong>fuerit</strong></span> <span class='ocrx_word' id='word_1_378' title='bbox 2366 2737 2766 2791; x_wconf 81' lang='lat' dir='ltr'><strong>exauctoratus,</strong></span> <span class='ocrx_word' id='word_1_379' title='bbox 2805 2724 3107 2780; x_wconf 89' lang='lat' dir='ltr'><strong>molestiam</strong></span> <span class='ocrx_word' id='word_1_380' title='bbox 3157 2721 3414 2794; x_wconf 89' lang='lat' dir='ltr'><strong>imperia-</strong></span> 
     </span>
    </p>
   </div>
   <div class='ocr_carea' id='block_1_56' title="bbox 1837 2814 3422 2888">
    <p class='ocr_par' dir='ltr' id='par_1_56' title="bbox 1837 2814 3422 2888">
     <span class='ocr_line' id='line_1_56' title="bbox 1837 2814 3422 2888; baseline -0.003 -15"><span class='ocrx_word' id='word_1_381' title='bbox 1837 2819 1976 2877; x_wconf 90' lang='lat' dir='ltr'><strong>libus</strong></span> <span class='ocrx_word' id='word_1_382' title='bbox 2009 2821 2231 2876; x_wconf 89' lang='lat' dir='ltr'><strong>auribus</strong></span> <span class='ocrx_word' id='word_1_383' title='bbox 2282 2820 2485 2876; x_wconf 83' lang='lat' dir='ltr'><strong>inferre</strong></span> <span class='ocrx_word' id='word_1_384' title='bbox 2515 2836 2622 2874; x_wconf 92' lang='lat' dir='ltr'><strong>non</strong></span> <span class='ocrx_word' id='word_1_385' title='bbox 2667 2824 2982 2888; x_wconf 70' lang='lat' dir='ltr'><strong>prmsumat,</strong></span> <span class='ocrx_word' id='word_1_386' title='bbox 3015 2815 3109 2871; x_wconf 90' lang='lat' dir='ltr'><strong>sed</strong></span> <span class='ocrx_word' id='word_1_387' title='bbox 3144 2816 3211 2869; x_wconf 92' lang='lat' dir='ltr'><strong>ad</strong></span> <span class='ocrx_word' id='word_1_388' title='bbox 3258 2814 3422 2884; x_wconf 84' lang='lat' dir='ltr'><strong>majo-</strong></span> 
     </span>
    </p>
   </div>
   <div class='ocr_carea' id='block_1_57' title="bbox 1838 2913 3420 2985">
    <p class='ocr_par' dir='ltr' id='par_1_57' title="bbox 1838 2913 3420 2985">
     <span class='ocr_line' id='line_1_57' title="bbox 1838 2913 3420 2985; baseline -0.003 -19"><span class='ocrx_word' id='word_1_389' title='bbox 1838 2928 1955 2968; x_wconf 92' lang='lat' dir='ltr'><strong>rem</strong></span> <span class='ocrx_word' id='word_1_390' title='bbox 1980 2913 2359 2982; x_wconf 88' lang='lat' dir='ltr'><strong>episcoporum</strong></span> <span class='ocrx_word' id='word_1_391' title='bbox 2389 2913 2652 2985; x_wconf 85' lang='lat' dir='ltr'><strong>synodum</strong></span> <span class='ocrx_word' id='word_1_392' title='bbox 2678 2923 2796 2964; x_wconf 84' lang='lat' dir='ltr'><strong>sese</strong></span> <span class='ocrx_word' id='word_1_393' title='bbox 2836 2914 3420 2977; x_wconf 73' lang='lat' dir='ltr'><strong>convertat,etqu:ese</strong></span> 
     </span>
    </p>
   </div>
   <div class='ocr_carea' id='block_1_58' title="bbox 1834 2999 3413 3075">
    <p class='ocr_par' dir='ltr' id='par_1_58' title="bbox 1834 2999 3413 3075">
     <span class='ocr_line' id='line_1_58' title="bbox 1834 2999 3413 3075; baseline -0.001 -19"><span class='ocrx_word' id='word_1_394' title='bbox 1834 3013 1984 3075; x_wconf 90' lang='lat' dir='ltr'><strong>putat</strong></span> <span class='ocrx_word' id='word_1_395' title='bbox 2011 3005 2230 3069; x_wconf 72' lang='lat' dir='ltr'><strong>habere,</strong></span> <span class='ocrx_word' id='word_1_396' title='bbox 2247 3002 2391 3072; x_wconf 83' lang='lat' dir='ltr'><strong>justa</strong></span> <span class='ocrx_word' id='word_1_397' title='bbox 2418 3005 2470 3058; x_wconf 91' lang='lat' dir='ltr'><strong>in</strong></span> <span class='ocrx_word' id='word_1_398' title='bbox 2497 3018 2684 3058; x_wconf 84' lang='lat' dir='ltr'><strong>eorum</strong></span> <span class='ocrx_word' id='word_1_399' title='bbox 2714 3000 2945 3056; x_wconf 91' lang='lat' dir='ltr'><strong>concilio</strong></span> <span class='ocrx_word' id='word_1_400' title='bbox 2967 2999 3197 3070; x_wconf 83' lang='lat' dir='ltr'><strong>alleget,</strong></span> <span class='ocrx_word' id='word_1_401' title='bbox 3249 3009 3413 3068; x_wconf 87' lang='lat' dir='ltr'><strong>atque</strong></span> 
     </span>
    </p>
   </div>
   <div class='ocr_carea' id='block_1_59' title="bbox 1835 3092 3416 3164">
    <p class='ocr_par' dir='ltr' id='par_1_59' title="bbox 1835 3092 3416 3164">
     <span class='ocr_line' id='line_1_59' title="bbox 1835 3092 3416 3164; baseline -0.003 -15"><span class='ocrx_word' id='word_1_402' title='bbox 1835 3095 1902 3149; x_wconf 87' lang='lat' dir='ltr'><strong>ab</strong></span> <span class='ocrx_word' id='word_1_403' title='bbox 1927 3096 2008 3149; x_wconf 88' lang='lat' dir='ltr'><strong>his</strong></span> <span class='ocrx_word' id='word_1_404' title='bbox 2035 3095 2099 3148; x_wconf 86' lang='lat' dir='ltr'><strong>de</strong></span> <span class='ocrx_word' id='word_1_405' title='bbox 2124 3109 2182 3149; x_wconf 91' lang='lat' dir='ltr'><strong>se</strong></span> <span class='ocrx_word' id='word_1_406' title='bbox 2210 3101 2486 3163; x_wconf 78' lang='lat' dir='ltr'><strong>exspectet</strong></span> <span class='ocrx_word' id='word_1_407' title='bbox 2510 3109 2629 3164; x_wconf 66' lang='lat' dir='ltr'><strong>qua:</strong></span> <span class='ocrx_word' id='word_1_408' title='bbox 2657 3092 2820 3145; x_wconf 76' lang='lat' dir='ltr'><strong>fuerit</strong></span> <span class='ocrx_word' id='word_1_409' title='bbox 2848 3093 3164 3160; x_wconf 87' lang='lat' dir='ltr'><strong>deprompta</strong></span> <span class='ocrx_word' id='word_1_410' title='bbox 3197 3099 3416 3145; x_wconf 82' lang='lat' dir='ltr'><strong>senten-</strong></span> 
     </span>
    </p>
   </div>
   <div class='ocr_carea' id='block_1_60' title="bbox 1839 3179 3420 3253">
    <p class='ocr_par' dir='ltr' id='par_1_60' title="bbox 1839 3179 3420 3253">
     <span class='ocr_line' id='line_1_60' title="bbox 1839 3179 3420 3253; baseline -0.003 -15"><span class='ocrx_word' id='word_1_411' title='bbox 1839 3186 1932 3238; x_wconf 82' lang='lat' dir='ltr'><strong>tia.</strong></span> <span class='ocrx_word' id='word_1_412' title='bbox 1963 3184 2115 3251; x_wconf 85' lang='lat' dir='ltr'><strong>Quod</strong></span> <span class='ocrx_word' id='word_1_413' title='bbox 2155 3184 2200 3240; x_wconf 93' lang='lat' dir='ltr'><strong>si</strong></span> <span class='ocrx_word' id='word_1_414' title='bbox 2246 3183 2504 3238; x_wconf 83' lang='lat' dir='ltr'><strong>deﬁciens</strong></span> <span class='ocrx_word' id='word_1_415' title='bbox 2543 3183 2982 3253; x_wconf 89' lang='lat' dir='ltr'><strong>pusillanimitate</strong></span> <span class='ocrx_word' id='word_1_416' title='bbox 3031 3181 3132 3235; x_wconf 91' lang='lat' dir='ltr'><strong>hoc</strong></span> <span class='ocrx_word' id='word_1_417' title='bbox 3187 3179 3420 3234; x_wconf 87' lang='lat' dir='ltr'><strong>noluerit</strong></span> 
     </span>
    </p>
   </div>
   <div class='ocr_carea' id='block_1_61' title="bbox 170 3263 3418 3342">
    <p class='ocr_par' dir='ltr' id='par_1_61' title="bbox 170 3263 3418 3342">
     <span class='ocr_line' id='line_1_61' title="bbox 170 3263 3418 3342; baseline 0.002 -26"><span class='ocrx_word' id='word_1_418' title='bbox 170 3266 361 3320; x_wconf 83' lang='lat' dir='ltr'><strong>vicariis</strong></span> <span class='ocrx_word' id='word_1_419' title='bbox 401 3283 537 3322; x_wconf 86' lang='lat' dir='ltr'><strong>vero</strong></span> <span class='ocrx_word' id='word_1_420' title='bbox 565 3267 832 3337; x_wconf 88' lang='lat' dir='ltr'><strong>episcopis</strong></span> <span class='ocrx_word' id='word_1_421' title='bbox 862 3268 954 3339; x_wconf 92' lang='lat' dir='ltr'><strong>qui</strong></span> <span class='ocrx_word' id='word_1_422' title='bbox 987 3283 1018 3322; x_wconf 94' lang='lat' dir='ltr'><strong>a</strong></span> <span class='ocrx_word' id='word_1_423' title='bbox 1048 3267 1252 3324; x_wconf 59' lang='lat' dir='ltr'><strong>Graecis</strong></span> <span class='ocrx_word' id='word_1_424' title='bbox 1301 3271 1604 3342; x_wconf 83' lang='lat' dir='ltr'><strong>cocpiscopi</strong></span> <span class='ocrx_word' id='word_1_425' title='bbox 1638 3289 1731 3329; x_wconf 89' lang='lat' dir='ltr'><strong>vo-</strong></span> <span class='ocrx_word' id='word_1_426' title='bbox 1760 3263 1804 3326; x_wconf 88' lang='lat' dir='ltr'><strong>C</strong></span> <span class='ocrx_word' id='word_1_427' title='bbox 1836 3273 2031 3333; x_wconf 77' lang='lat' dir='ltr'><strong>facere,</strong></span> <span class='ocrx_word' id='word_1_428' title='bbox 2089 3271 2181 3326; x_wconf 83' lang='lat' dir='ltr'><strong>sed</strong></span> <span class='ocrx_word' id='word_1_429' title='bbox 2229 3273 2541 3341; x_wconf 90' lang='lat' dir='ltr'><strong>Imperatori</strong></span> <span class='ocrx_word' id='word_1_430' title='bbox 2595 3271 2757 3326; x_wconf 80' lang='lat' dir='ltr'><strong>fuerit</strong></span> <span class='ocrx_word' id='word_1_431' title='bbox 2807 3272 3166 3340; x_wconf 87' lang='lat' dir='ltr'><strong>importunus,</strong></span> <span class='ocrx_word' id='word_1_432' title='bbox 3228 3269 3418 3338; x_wconf 84' lang='lat' dir='ltr'><strong>hujus-</strong></span> 
     </span>
    </p>
   </div>
   <div class='ocr_carea' id='block_1_62' title="bbox 170 3360 1070 3426">
    <p class='ocr_par' dir='ltr' id='par_1_62' title="bbox 170 3360 1070 3426">
     <span class='ocr_line' id='line_1_62' title="bbox 170 3360 1070 3426; baseline 0.003 -12"><span class='ocrx_word' id='word_1_433' title='bbox 170 3371 355 3426; x_wconf 89' lang='lat' dir='ltr'><strong>cantur,</strong></span> <span class='ocrx_word' id='word_1_434' title='bbox 382 3360 654 3416; x_wconf 80' lang='lat' dir='ltr'><strong>formatas</strong></span> <span class='ocrx_word' id='word_1_435' title='bbox 681 3362 860 3418; x_wconf 78' lang='lat' dir='ltr'><strong>facere</strong></span> <span class='ocrx_word' id='word_1_436' title='bbox 887 3363 1070 3418; x_wconf 87' lang='lat' dir='ltr'><strong>liceat.</strong></span> 
     </span>
    </p>
   </div>
   <div class='ocr_carea' id='block_1_63' title="bbox 237 3451 1735 3526">
    <p class='ocr_par' dir='ltr' id='par_1_63' title="bbox 237 3451 1735 3526">
     <span class='ocr_line' id='line_1_63' title="bbox 237 3451 1735 3526; baseline 0.005 -22"><span class='ocrx_word' id='word_1_437' title='bbox 237 3451 317 3506; x_wconf 81' lang='lat' dir='ltr'><strong>IX.</strong></span> <span class='ocrx_word' id='word_1_438' title='bbox 369 3452 474 3508; x_wconf 87' lang='lat' dir='ltr'><strong>Per</strong></span> <span class='ocrx_word' id='word_1_439' title='bbox 525 3453 766 3523; x_wconf 88' lang='lat' dir='ltr'><strong>singulas</strong></span> <span class='ocrx_word' id='word_1_440' title='bbox 803 3454 1110 3524; x_wconf 87' lang='lat' dir='ltr'><strong>provincias</strong></span> <span class='ocrx_word' id='word_1_441' title='bbox 1155 3455 1439 3526; x_wconf 90' lang='lat' dir='ltr'><strong>episcopos</strong></span> <span class='ocrx_word' id='word_1_442' title='bbox 1495 3455 1735 3524; x_wconf 88' lang='lat' dir='ltr'><strong>singulos</strong></span> 
     </span>
    </p>
   </div>
   <div class='ocr_carea' id='block_1_64' title="bbox 169 3541 1731 3616">
    <p class='ocr_par' dir='ltr' id='par_1_64' title="bbox 169 3541 1731 3616">
     <span class='ocr_line' id='line_1_64' title="bbox 169 3541 1731 3616; baseline 0.003 -20"><span class='ocrx_word' id='word_1_443' title='bbox 169 3541 288 3598; x_wconf 81' lang='lat' dir='ltr'><strong>scire</strong></span> <span class='ocrx_word' id='word_1_444' title='bbox 310 3551 547 3614; x_wconf 89' lang='lat' dir='ltr'><strong>oportet,</strong></span> <span class='ocrx_word' id='word_1_445' title='bbox 587 3544 898 3614; x_wconf 91' lang='lat' dir='ltr'><strong>episcopum</strong></span> <span class='ocrx_word' id='word_1_446' title='bbox 925 3545 1424 3616; x_wconf 87' lang='lat' dir='ltr'><strong>metropolitanum,</strong></span> <span class='ocrx_word' id='word_1_447' title='bbox 1455 3546 1546 3616; x_wconf 85' lang='lat' dir='ltr'><strong>qui</strong></span> <span class='ocrx_word' id='word_1_448' title='bbox 1593 3561 1731 3616; x_wconf 70' lang='lat' dir='ltr'><strong>prm-</strong></span> 
     </span>
    </p>
   </div>
   <div class='ocr_carea' id='block_1_65' title="bbox 167 3634 1730 3706">
    <p class='ocr_par' dir='ltr' id='par_1_65' title="bbox 167 3634 1730 3706">
     <span class='ocr_line' id='line_1_65' title="bbox 167 3634 1730 3706; baseline 0.006 -22"><span class='ocrx_word' id='word_1_449' title='bbox 167 3642 236 3685; x_wconf 89' lang='lat' dir='ltr'><strong>est</strong></span> <span class='ocrx_word' id='word_1_450' title='bbox 254 3650 431 3689; x_wconf 89' lang='lat' dir='ltr'><strong>curam</strong></span> <span class='ocrx_word' id='word_1_451' title='bbox 459 3643 522 3689; x_wconf 87' lang='lat' dir='ltr'><strong>et</strong></span> <span class='ocrx_word' id='word_1_452' title='bbox 553 3634 973 3691; x_wconf 89' lang='lat' dir='ltr'><strong>sollicitudinem</strong></span> <span class='ocrx_word' id='word_1_453' title='bbox 1010 3636 1176 3691; x_wconf 90' lang='lat' dir='ltr'><strong>totius</strong></span> <span class='ocrx_word' id='word_1_454' title='bbox 1206 3637 1502 3706; x_wconf 74' lang='lat' dir='ltr'><strong>provincia:</strong></span> <span class='ocrx_word' id='word_1_455' title='bbox 1546 3652 1730 3692; x_wconf 86' lang='lat' dir='ltr'><strong>susce-</strong></span> 
     </span>
    </p>
   </div>
   <div class='ocr_carea' id='block_1_66' title="bbox 168 3723 1731 3797">
    <p class='ocr_par' dir='ltr' id='par_1_66' title="bbox 168 3723 1731 3797">
     <span class='ocr_line' id='line_1_66' title="bbox 168 3723 1731 3797; baseline 0.003 -23"><span class='ocrx_word' id='word_1_456' title='bbox 168 3723 310 3788; x_wconf 87' lang='lat' dir='ltr'><strong>pisse.</strong></span> <span class='ocrx_word' id='word_1_457' title='bbox 341 3725 573 3796; x_wconf 86' lang='lat' dir='ltr'><strong>Propter</strong></span> <span class='ocrx_word' id='word_1_458' title='bbox 617 3725 760 3794; x_wconf 90' lang='lat' dir='ltr'><strong>quod</strong></span> <span class='ocrx_word' id='word_1_459' title='bbox 806 3725 874 3779; x_wconf 89' lang='lat' dir='ltr'><strong>ad</strong></span> <span class='ocrx_word' id='word_1_460' title='bbox 923 3725 1403 3797; x_wconf 84' lang='lat' dir='ltr'><strong>metropolitanam</strong></span> <span class='ocrx_word' id='word_1_461' title='bbox 1459 3727 1731 3781; x_wconf 83' lang='lat' dir='ltr'><strong>civitatem</strong></span> 
     </span>
    </p>
   </div>
   <div class='ocr_carea' id='block_1_67' title="bbox 167 3813 1732 3887">
    <p class='ocr_par' dir='ltr' id='par_1_67' title="bbox 167 3813 1732 3887">
     <span class='ocr_line' id='line_1_67' title="bbox 167 3813 1732 3887; baseline 0.004 -22"><span class='ocrx_word' id='word_1_462' title='bbox 167 3813 222 3866; x_wconf 87' lang='lat' dir='ltr'><strong>ab</strong></span> <span class='ocrx_word' id='word_1_463' title='bbox 263 3814 340 3868; x_wconf 90' lang='lat' dir='ltr'><strong>his</strong></span> <span class='ocrx_word' id='word_1_464' title='bbox 368 3816 461 3884; x_wconf 92' lang='lat' dir='ltr'><strong>qui</strong></span> <span class='ocrx_word' id='word_1_465' title='bbox 497 3829 688 3869; x_wconf 86' lang='lat' dir='ltr'><strong>causas</strong></span> <span class='ocrx_word' id='word_1_466' title='bbox 737 3814 941 3870; x_wconf 89' lang='lat' dir='ltr'><strong>habent</strong></span> <span class='ocrx_word' id='word_1_467' title='bbox 990 3826 1368 3871; x_wconf 89' lang='lat' dir='ltr'><strong>concurratur.</strong></span> <span class='ocrx_word' id='word_1_468' title='bbox 1399 3816 1732 3887; x_wconf 82' lang='lat' dir='ltr'><strong>Quapmpter</strong></span> 
     </span>
    </p>
   </div>
   <div class='ocr_carea' id='block_1_68' title="bbox 167 3901 1729 3975">
    <p class='ocr_par' dir='ltr' id='par_1_68' title="bbox 167 3901 1729 3975">
     <span class='ocr_line' id='line_1_68' title="bbox 167 3901 1729 3975; baseline 0.006 -23"><span class='ocrx_word' id='word_1_469' title='bbox 167 3901 342 3969; x_wconf 85' lang='lat' dir='ltr'><strong>placuit</strong></span> <span class='ocrx_word' id='word_1_470' title='bbox 389 3919 542 3968; x_wconf 90' lang='lat' dir='ltr'><strong>eum,</strong></span> <span class='ocrx_word' id='word_1_471' title='bbox 581 3912 637 3959; x_wconf 90' lang='lat' dir='ltr'><strong>et</strong></span> <span class='ocrx_word' id='word_1_472' title='bbox 682 3904 886 3960; x_wconf 88' lang='lat' dir='ltr'><strong>honore</strong></span> <span class='ocrx_word' id='word_1_473' title='bbox 946 3906 1276 3975; x_wconf 68' lang='lat' dir='ltr'><strong>prazccllere,</strong></span> <span class='ocrx_word' id='word_1_474' title='bbox 1324 3914 1381 3961; x_wconf 91' lang='lat' dir='ltr'><strong>ct</strong></span> <span class='ocrx_word' id='word_1_475' title='bbox 1418 3906 1551 3961; x_wconf 89' lang='lat' dir='ltr'><strong>nihil</strong></span> <span class='ocrx_word' id='word_1_476' title='bbox 1590 3905 1729 3961; x_wconf 92' lang='lat' dir='ltr'><strong>ultra</strong></span> 
     </span>
    </p>
   </div>
   <div class='ocr_carea' id='block_1_69' title="bbox 168 3993 1726 4068">
    <p class='ocr_par' dir='ltr' id='par_1_69' title="bbox 168 3993 1726 4068">
     <span class='ocr_line' id='line_1_69' title="bbox 168 3993 1726 4068; baseline 0.004 -24"><span class='ocrx_word' id='word_1_477' title='bbox 168 3993 268 4048; x_wconf 89' lang='lat' dir='ltr'><strong>sine</strong></span> <span class='ocrx_word' id='word_1_478' title='bbox 291 3995 548 4064; x_wconf 91' lang='lat' dir='ltr'><strong>episcopo</strong></span> <span class='ocrx_word' id='word_1_479' title='bbox 600 3996 836 4066; x_wconf 89' lang='lat' dir='ltr'><strong>reliquos</strong></span> <span class='ocrx_word' id='word_1_480' title='bbox 893 3997 1176 4068; x_wconf 89' lang='lat' dir='ltr'><strong>episcopos</strong></span> <span class='ocrx_word' id='word_1_481' title='bbox 1218 4011 1378 4067; x_wconf 89' lang='lat' dir='ltr'><strong>agere</strong></span> <span class='ocrx_word' id='word_1_482' title='bbox 1431 3998 1726 4052; x_wconf 88' lang='lat' dir='ltr'><strong>secundum</strong></span> 
     </span>
    </p>
   </div>
   <div class='ocr_carea' id='block_1_70' title="bbox 166 4088 1730 4156">
    <p class='ocr_par' dir='ltr' id='par_1_70' title="bbox 166 4088 1730 4156">
     <span class='ocr_line' id='line_1_70' title="bbox 166 4088 1730 4156; baseline 0.007 -20"><span class='ocrx_word' id='word_1_483' title='bbox 166 4089 420 4156; x_wconf 88' lang='lat' dir='ltr'><strong>antiquum</strong></span> <span class='ocrx_word' id='word_1_484' title='bbox 477 4088 693 4143; x_wconf 85' lang='lat' dir='ltr'><strong>Patrum</strong></span> <span class='ocrx_word' id='word_1_485' title='bbox 753 4098 1061 4144; x_wconf 85' lang='lat' dir='ltr'><strong>nostrorum</strong></span> <span class='ocrx_word' id='word_1_486' title='bbox 1115 4105 1400 4152; x_wconf 90' lang='lat' dir='ltr'><strong>canoncm,</strong></span> <span class='ocrx_word' id='word_1_487' title='bbox 1465 4090 1567 4145; x_wconf 87' lang='lat' dir='ltr'><strong>nisi</strong></span> <span class='ocrx_word' id='word_1_488' title='bbox 1626 4090 1730 4146; x_wconf 84' lang='lat' dir='ltr'><strong>hoc</strong></span> 
     </span>
    </p>
   </div>
   <div class='ocr_carea' id='block_1_71' title="bbox 167 4177 1726 4249">
    <p class='ocr_par' dir='ltr' id='par_1_71' title="bbox 167 4177 1726 4249">
     <span class='ocr_line' id='line_1_71' title="bbox 167 4177 1726 4249; baseline 0.006 -24"><span class='ocrx_word' id='word_1_489' title='bbox 167 4180 348 4230; x_wconf 85' lang='lat' dir='ltr'><strong>tantum</strong></span> <span class='ocrx_word' id='word_1_490' title='bbox 377 4177 528 4246; x_wconf 90' lang='lat' dir='ltr'><strong>quod</strong></span> <span class='ocrx_word' id='word_1_491' title='bbox 559 4177 848 4247; x_wconf 89' lang='lat' dir='ltr'><strong>unicuique</strong></span> <span class='ocrx_word' id='word_1_492' title='bbox 869 4178 1112 4233; x_wconf 77' lang='lat' dir='ltr'><strong>ecclesize</strong></span> <span class='ocrx_word' id='word_1_493' title='bbox 1152 4193 1250 4249; x_wconf 92' lang='lat' dir='ltr'><strong>per</strong></span> <span class='ocrx_word' id='word_1_494' title='bbox 1273 4192 1427 4233; x_wconf 90' lang='lat' dir='ltr'><strong>suam</strong></span> <span class='ocrx_word' id='word_1_495' title='bbox 1449 4177 1726 4234; x_wconf 71' lang='lat' dir='ltr'><strong>dioecesim</strong></span> 
     </span>
    </p>
   </div>
   <div class='ocr_carea' id='block_1_72' title="bbox 165 4269 1724 4343">
    <p class='ocr_par' dir='ltr' id='par_1_72' title="bbox 165 4269 1724 4343">
     <span class='ocr_line' id='line_1_72' title="bbox 165 4269 1724 4343; baseline 0.006 -25"><span class='ocrx_word' id='word_1_496' title='bbox 165 4270 415 4338; x_wconf 85' lang='lat' dir='ltr'><strong>competit.</strong></span> <span class='ocrx_word' id='word_1_497' title='bbox 474 4269 922 4340; x_wconf 85' lang='lat' dir='ltr'><strong>Unumquemque</strong></span> <span class='ocrx_word' id='word_1_498' title='bbox 955 4272 1099 4326; x_wconf 92' lang='lat' dir='ltr'><strong>enim</strong></span> <span class='ocrx_word' id='word_1_499' title='bbox 1153 4280 1366 4343; x_wconf 91' lang='lat' dir='ltr'><strong>oportet</strong></span> <span class='ocrx_word' id='word_1_500' title='bbox 1413 4273 1724 4342; x_wconf 90' lang='lat' dir='ltr'><strong>episcopum</strong></span> 
     </span>
    </p>
   </div>
   <div class='ocr_carea' id='block_1_73' title="bbox 165 4355 1726 4434">
    <p class='ocr_par' dir='ltr' id='par_1_73' title="bbox 165 4355 1726 4434">
     <span class='ocr_line' id='line_1_73' title="bbox 165 4355 1726 4434; baseline 0.006 -26"><span class='ocrx_word' id='word_1_501' title='bbox 165 4355 341 4414; x_wconf 87' lang='lat' dir='ltr'><strong>habere</strong></span> <span class='ocrx_word' id='word_1_502' title='bbox 375 4377 493 4416; x_wconf 72' lang='lat' dir='ltr'><strong>sua:</strong></span> <span class='ocrx_word' id='word_1_503' title='bbox 521 4362 771 4416; x_wconf 74' lang='lat' dir='ltr'><strong>dimcesis</strong></span> <span class='ocrx_word' id='word_1_504' title='bbox 797 4370 1123 4431; x_wconf 89' lang='lat' dir='ltr'><strong>potestatem</strong></span> <span class='ocrx_word' id='word_1_505' title='bbox 1166 4371 1225 4416; x_wconf 92' lang='lat' dir='ltr'><strong>ut</strong></span> <span class='ocrx_word' id='word_1_506' title='bbox 1257 4370 1410 4432; x_wconf 85' lang='lat' dir='ltr'><strong>regat</strong></span> <span class='ocrx_word' id='word_1_507' title='bbox 1441 4372 1496 4417; x_wconf 91' lang='lat' dir='ltr'><strong>et</strong></span> <span class='ocrx_word' id='word_1_508' title='bbox 1533 4364 1726 4434; x_wconf 86' lang='lat' dir='ltr'><strong>guber-</strong></span> 
     </span>
    </p>
   </div>
   <div class='ocr_carea' id='block_1_74' title="bbox 167 4453 1720 4523">
    <p class='ocr_par' dir='ltr' id='par_1_74' title="bbox 167 4453 1720 4523">
     <span class='ocr_line' id='line_1_74' title="bbox 167 4453 1720 4523; baseline 0.003 -23"><span class='ocrx_word' id='word_1_509' title='bbox 167 4459 244 4502; x_wconf 86' lang='lat' dir='ltr'><strong>net</strong></span> <span class='ocrx_word' id='word_1_510' title='bbox 268 4453 562 4505; x_wconf 86' lang='lat' dir='ltr'><strong>secundum</strong></span> <span class='ocrx_word' id='word_1_511' title='bbox 611 4461 1012 4522; x_wconf 88' lang='lat' dir='ltr'><strong>eompetentem</strong></span> <span class='ocrx_word' id='word_1_512' title='bbox 1066 4453 1290 4523; x_wconf 82' lang='lat' dir='ltr'><strong>singulis</strong></span> <span class='ocrx_word' id='word_1_513' title='bbox 1338 4453 1720 4517; x_wconf 86' lang='lat' dir='ltr'><strong>reverentiam,</strong></span> 
     </span>
    </p>
   </div>
   <div class='ocr_carea' id='block_1_75' title="bbox 167 4542 1720 4613">
    <p class='ocr_par' dir='ltr' id='par_1_75' title="bbox 167 4542 1720 4613">
     <span class='ocr_line' id='line_1_75' title="bbox 167 4542 1720 4613; baseline 0.006 -24"><span class='ocrx_word' id='word_1_514' title='bbox 167 4547 212 4590; x_wconf 87' lang='lat' dir='ltr'><strong>et</strong></span> <span class='ocrx_word' id='word_1_515' title='bbox 258 4542 646 4608; x_wconf 86' lang='lat' dir='ltr'><strong>providentiam</strong></span> <span class='ocrx_word' id='word_1_516' title='bbox 699 4551 852 4612; x_wconf 75' lang='lat' dir='ltr'><strong>gerat</strong></span> <span class='ocrx_word' id='word_1_517' title='bbox 915 4544 1092 4599; x_wconf 92' lang='lat' dir='ltr'><strong>omnis</strong></span> <span class='ocrx_word' id='word_1_518' title='bbox 1159 4543 1395 4613; x_wconf 86' lang='lat' dir='ltr'><strong>regionis</strong></span> <span class='ocrx_word' id='word_1_519' title='bbox 1453 4558 1572 4612; x_wconf 72' lang='lat' dir='ltr'><strong>qua:</strong></span> <span class='ocrx_word' id='word_1_520' title='bbox 1621 4544 1720 4598; x_wconf 90' lang='lat' dir='ltr'><strong>sub</strong></span> 
     </span>
    </p>
   </div>
   <div class='ocr_carea' id='block_1_76' title="bbox 1834 3358 3417 3430">
    <p class='ocr_par' dir='ltr' id='par_1_76' title="bbox 1834 3358 3417 3430">
     <span class='ocr_line' id='line_1_76' title="bbox 1834 3358 3417 3430; baseline -0.001 -16"><span class='ocrx_word' id='word_1_521' title='bbox 1834 3361 1976 3414; x_wconf 89' lang='lat' dir='ltr'><strong>modi</strong></span> <span class='ocrx_word' id='word_1_522' title='bbox 2010 3359 2209 3414; x_wconf 89' lang='lat' dir='ltr'><strong>nullam</strong></span> <span class='ocrx_word' id='word_1_523' title='bbox 2261 3361 2473 3414; x_wconf 88' lang='lat' dir='ltr'><strong>veniam</strong></span> <span class='ocrx_word' id='word_1_524' title='bbox 2526 3360 2760 3425; x_wconf 88' lang='lat' dir='ltr'><strong>habeat,</strong></span> <span class='ocrx_word' id='word_1_525' title='bbox 2821 3373 2994 3430; x_wconf 88' lang='lat' dir='ltr'><strong>neque</strong></span> <span class='ocrx_word' id='word_1_526' title='bbox 3039 3358 3214 3413; x_wconf 91' lang='lat' dir='ltr'><strong>locum</strong></span> <span class='ocrx_word' id='word_1_527' title='bbox 3272 3359 3417 3413; x_wconf 90' lang='lat' dir='ltr'><strong>illius</strong></span> 
     </span>
    </p>
   </div>
   <div class='ocr_carea' id='block_1_77' title="bbox 1835 3447 3418 3520">
    <p class='ocr_par' dir='ltr' id='par_1_77' title="bbox 1835 3447 3418 3520">
     <span class='ocr_line' id='line_1_77' title="bbox 1835 3447 3418 3520; baseline -0.001 -15"><span class='ocrx_word' id='word_1_528' title='bbox 1835 3451 2151 3505; x_wconf 76' lang='lat' dir='ltr'><strong>asset-tionis</strong></span> <span class='ocrx_word' id='word_1_529' title='bbox 2178 3465 2311 3516; x_wconf 63' lang='lat' dir='ltr'><strong>suae,</strong></span> <span class='ocrx_word' id='word_1_530' title='bbox 2343 3464 2442 3505; x_wconf 91' lang='lat' dir='ltr'><strong>nec</strong></span> <span class='ocrx_word' id='word_1_531' title='bbox 2470 3463 2620 3519; x_wconf 88' lang='lat' dir='ltr'><strong>spem</strong></span> <span class='ocrx_word' id='word_1_532' title='bbox 2667 3449 2965 3519; x_wconf 89' lang='lat' dir='ltr'><strong>recipiendi</strong></span> <span class='ocrx_word' id='word_1_533' title='bbox 2992 3449 3190 3520; x_wconf 83' lang='lat' dir='ltr'><strong>gradus</strong></span> <span class='ocrx_word' id='word_1_534' title='bbox 3220 3447 3418 3504; x_wconf 84' lang='lat' dir='ltr'><strong>habeat</strong></span> 
     </span>
    </p>
   </div>
   <div class='ocr_carea' id='block_1_78' title="bbox 1833 3541 2194 3596">
    <p class='ocr_par' dir='ltr' id='par_1_78' title="bbox 1833 3541 2194 3596">
     <span class='ocr_line' id='line_1_78' title="bbox 1833 3541 2194 3596; baseline 0 0"><span class='ocrx_word' id='word_1_535' title='bbox 1833 3541 1887 3596; x_wconf 89' lang='lat' dir='ltr'><strong>in</strong></span> <span class='ocrx_word' id='word_1_536' title='bbox 1936 3541 2194 3596; x_wconf 83' lang='lat' dir='ltr'><strong>futurum.</strong></span> 
     </span>
    </p>
   </div>
   <div class='ocr_carea' id='block_1_79' title="bbox 1903 3629 3413 3703">
    <p class='ocr_par' dir='ltr' id='par_1_79' title="bbox 1903 3629 3413 3703">
     <span class='ocr_line' id='line_1_79' title="bbox 1903 3629 3413 3703; baseline 0.001 -17"><span class='ocrx_word' id='word_1_537' title='bbox 1903 3629 2036 3687; x_wconf 84' lang='lat' dir='ltr'><strong>Xlll.</strong></span> <span class='ocrx_word' id='word_1_538' title='bbox 2073 3631 2288 3688; x_wconf 85' lang='lat' dir='ltr'><strong>Nullum</strong></span> <span class='ocrx_word' id='word_1_539' title='bbox 2317 3633 2630 3703; x_wconf 87' lang='lat' dir='ltr'><strong>episcopum</strong></span> <span class='ocrx_word' id='word_1_540' title='bbox 2685 3632 2886 3688; x_wconf 88' lang='lat' dir='ltr'><strong>audere</strong></span> <span class='ocrx_word' id='word_1_541' title='bbox 2943 3633 3141 3688; x_wconf 86' lang='lat' dir='ltr'><strong>debere</strong></span> <span class='ocrx_word' id='word_1_542' title='bbox 3196 3646 3264 3687; x_wconf 80' lang='lat' dir='ltr'><strong>ex</strong></span> <span class='ocrx_word' id='word_1_543' title='bbox 3305 3631 3413 3687; x_wconf 88' lang='lat' dir='ltr'><strong>alia</strong></span> 
     </span>
    </p>
   </div>
   <div class='ocr_carea' id='block_1_80' title="bbox 1831 3721 3415 3793">
    <p class='ocr_par' dir='ltr' id='par_1_80' title="bbox 1831 3721 3415 3793">
     <span class='ocr_line' id='line_1_80' title="bbox 1831 3721 3415 3793; baseline 0 -17"><span class='ocrx_word' id='word_1_544' title='bbox 1831 3723 2108 3793; x_wconf 88' lang='lat' dir='ltr'><strong>provincia</strong></span> <span class='ocrx_word' id='word_1_545' title='bbox 2144 3723 2211 3777; x_wconf 91' lang='lat' dir='ltr'><strong>ad</strong></span> <span class='ocrx_word' id='word_1_546' title='bbox 2263 3721 2425 3778; x_wconf 89' lang='lat' dir='ltr'><strong>aliam</strong></span> <span class='ocrx_word' id='word_1_547' title='bbox 2471 3722 2760 3778; x_wconf 86' lang='lat' dir='ltr'><strong>transitum</strong></span> <span class='ocrx_word' id='word_1_548' title='bbox 2809 3721 3028 3789; x_wconf 80' lang='lat' dir='ltr'><strong>facere,</strong></span> <span class='ocrx_word' id='word_1_549' title='bbox 3059 3730 3114 3777; x_wconf 90' lang='lat' dir='ltr'><strong>et</strong></span> <span class='ocrx_word' id='word_1_550' title='bbox 3160 3721 3415 3777; x_wconf 88' lang='lat' dir='ltr'><strong>ordinare</strong></span> 
     </span>
    </p>
   </div>
   <div class='ocr_carea' id='block_1_81' title="bbox 1831 3815 3415 3888">
    <p class='ocr_par' dir='ltr' id='par_1_81' title="bbox 1831 3815 3415 3888">
     <span class='ocr_line' id='line_1_81' title="bbox 1831 3815 3415 3888; baseline -0.002 -17"><span class='ocrx_word' id='word_1_551' title='bbox 1831 3817 2041 3888; x_wconf 88' lang='lat' dir='ltr'><strong>aliquos</strong></span> <span class='ocrx_word' id='word_1_552' title='bbox 2093 3816 2350 3874; x_wconf 90' lang='lat' dir='ltr'><strong>Ecclesiis</strong></span> <span class='ocrx_word' id='word_1_553' title='bbox 2398 3827 2493 3870; x_wconf 89' lang='lat' dir='ltr'><strong>aut</strong></span> <span class='ocrx_word' id='word_1_554' title='bbox 2540 3815 2748 3872; x_wconf 78' lang='lat' dir='ltr'><strong>referre</strong></span> <span class='ocrx_word' id='word_1_555' title='bbox 2786 3815 2855 3870; x_wconf 91' lang='lat' dir='ltr'><strong>ad</strong></span> <span class='ocrx_word' id='word_1_556' title='bbox 2899 3830 3113 3871; x_wconf 87' lang='lat' dir='ltr'><strong>sacrum</strong></span> <span class='ocrx_word' id='word_1_557' title='bbox 3165 3815 3415 3869; x_wconf 84' lang='lat' dir='ltr'><strong>ministe-</strong></span> 
     </span>
    </p>
   </div>
   <div class='ocr_carea' id='block_1_82' title="bbox 1833 3903 3414 3976">
    <p class='ocr_par' dir='ltr' id='par_1_82' title="bbox 1833 3903 3414 3976">
     <span class='ocr_line' id='line_1_82' title="bbox 1833 3903 3414 3976; baseline 0 -15"><span class='ocrx_word' id='word_1_558' title='bbox 1833 3909 1996 3972; x_wconf 90' lang='lat' dir='ltr'><strong>rium,</strong></span> <span class='ocrx_word' id='word_1_559' title='bbox 2026 3923 2126 3963; x_wconf 91' lang='lat' dir='ltr'><strong>nec</strong></span> <span class='ocrx_word' id='word_1_560' title='bbox 2155 3906 2289 3962; x_wconf 90' lang='lat' dir='ltr'><strong>alios</strong></span> <span class='ocrx_word' id='word_1_561' title='bbox 2335 3905 2462 3961; x_wconf 91' lang='lat' dir='ltr'><strong>illuc</strong></span> <span class='ocrx_word' id='word_1_562' title='bbox 2503 3906 2742 3961; x_wconf 87' lang='lat' dir='ltr'><strong>attrahat</strong></span> <span class='ocrx_word' id='word_1_563' title='bbox 2779 3905 3083 3976; x_wconf 90' lang='lat' dir='ltr'><strong>episcopos,</strong></span> <span class='ocrx_word' id='word_1_564' title='bbox 3115 3903 3220 3959; x_wconf 91' lang='lat' dir='ltr'><strong>nisi</strong></span> <span class='ocrx_word' id='word_1_565' title='bbox 3272 3903 3414 3961; x_wconf 80' lang='lat' dir='ltr'><strong>forte</strong></span> 
     </span>
    </p>
   </div>
   <div class='ocr_carea' id='block_1_83' title="bbox 1829 3999 3413 4072">
    <p class='ocr_par' dir='ltr' id='par_1_83' title="bbox 1829 3999 3413 4072">
     <span class='ocr_line' id='line_1_83' title="bbox 1829 3999 3413 4072; baseline -0.002 -16"><span class='ocrx_word' id='word_1_566' title='bbox 1829 4017 1925 4072; x_wconf 86' lang='lat' dir='ltr'><strong>per</strong></span> <span class='ocrx_word' id='word_1_567' title='bbox 1954 4001 2162 4056; x_wconf 90' lang='lat' dir='ltr'><strong>litteras</strong></span> <span class='ocrx_word' id='word_1_568' title='bbox 2186 4013 2406 4070; x_wconf 79' lang='lat' dir='ltr'><strong>rogatus</strong></span> <span class='ocrx_word' id='word_1_569' title='bbox 2434 3999 2649 4065; x_wconf 89' lang='lat' dir='ltr'><strong>abierit,</strong></span> <span class='ocrx_word' id='word_1_570' title='bbox 2683 4013 2789 4054; x_wconf 90' lang='lat' dir='ltr'><strong>non</strong></span> <span class='ocrx_word' id='word_1_571' title='bbox 2825 3999 2997 4054; x_wconf 88' lang='lat' dir='ltr'><strong>solum</strong></span> <span class='ocrx_word' id='word_1_572' title='bbox 3027 4005 3203 4053; x_wconf 90' lang='lat' dir='ltr'><strong>autem</strong></span> <span class='ocrx_word' id='word_1_573' title='bbox 3239 4013 3269 4051; x_wconf 88' lang='lat' dir='ltr'><strong>a</strong></span> <span class='ocrx_word' id='word_1_574' title='bbox 3298 4012 3413 4053; x_wconf 88' lang='lat' dir='ltr'><strong>me-</strong></span> 
     </span>
    </p>
   </div>
   <div class='ocr_carea' id='block_1_84' title="bbox 1830 4089 3414 4161">
    <p class='ocr_par' dir='ltr' id='par_1_84' title="bbox 1830 4089 3414 4161">
     <span class='ocr_line' id='line_1_84' title="bbox 1830 4089 3414 4161; baseline 0 -17"><span class='ocrx_word' id='word_1_575' title='bbox 1830 4092 2175 4161; x_wconf 88' lang='lat' dir='ltr'><strong>tropolitano,</strong></span> <span class='ocrx_word' id='word_1_576' title='bbox 2199 4092 2293 4147; x_wconf 89' lang='lat' dir='ltr'><strong>sed</strong></span> <span class='ocrx_word' id='word_1_577' title='bbox 2333 4099 2388 4146; x_wconf 90' lang='lat' dir='ltr'><strong>et</strong></span> <span class='ocrx_word' id='word_1_578' title='bbox 2425 4092 2492 4146; x_wconf 90' lang='lat' dir='ltr'><strong>ab</strong></span> <span class='ocrx_word' id='word_1_579' title='bbox 2515 4091 2601 4146; x_wconf 89' lang='lat' dir='ltr'><strong>bis</strong></span> <span class='ocrx_word' id='word_1_580' title='bbox 2634 4090 2724 4160; x_wconf 87' lang='lat' dir='ltr'><strong>qui</strong></span> <span class='ocrx_word' id='word_1_581' title='bbox 2760 4107 2881 4145; x_wconf 93' lang='lat' dir='ltr'><strong>cum</strong></span> <span class='ocrx_word' id='word_1_582' title='bbox 2909 4105 2976 4146; x_wconf 88' lang='lat' dir='ltr'><strong>eo</strong></span> <span class='ocrx_word' id='word_1_583' title='bbox 3003 4099 3130 4146; x_wconf 91' lang='lat' dir='ltr'><strong>sunt</strong></span> <span class='ocrx_word' id='word_1_584' title='bbox 3160 4089 3414 4144; x_wconf 86' lang='lat' dir='ltr'><strong>omnibus</strong></span> 
     </span>
    </p>
   </div>
   <div class='ocr_carea' id='block_1_85' title="bbox 1830 4179 3412 4253">
    <p class='ocr_par' dir='ltr' id='par_1_85' title="bbox 1830 4179 3412 4253">
     <span class='ocr_line' id='line_1_85' title="bbox 1830 4179 3412 4253; baseline -0.001 -17"><span class='ocrx_word' id='word_1_585' title='bbox 1830 4183 1996 4252; x_wconf 90' lang='lat' dir='ltr'><strong>ipsius</strong></span> <span class='ocrx_word' id='word_1_586' title='bbox 2027 4183 2319 4253; x_wconf 77' lang='lat' dir='ltr'><strong>provinciae</strong></span> <span class='ocrx_word' id='word_1_587' title='bbox 2359 4182 2648 4252; x_wconf 77' lang='lat' dir='ltr'><strong>epis00pis.</strong></span> <span class='ocrx_word' id='word_1_588' title='bbox 2699 4182 2853 4249; x_wconf 86' lang='lat' dir='ltr'><strong>Quod</strong></span> <span class='ocrx_word' id='word_1_589' title='bbox 2885 4183 2928 4236; x_wconf 92' lang='lat' dir='ltr'><strong>si</strong></span> <span class='ocrx_word' id='word_1_590' title='bbox 2957 4181 3105 4236; x_wconf 92' lang='lat' dir='ltr'><strong>nullo</strong></span> <span class='ocrx_word' id='word_1_591' title='bbox 3146 4179 3412 4235; x_wconf 70' lang='lat' dir='ltr'><strong>invitante</strong></span> 
     </span>
    </p>
   </div>
   <div class='ocr_carea' id='block_1_86' title="bbox 1828 4270 3408 4344">
    <p class='ocr_par' dir='ltr' id='par_1_86' title="bbox 1828 4270 3408 4344">
     <span class='ocr_line' id='line_1_86' title="bbox 1828 4270 3408 4344; baseline -0.003 -16"><span class='ocrx_word' id='word_1_592' title='bbox 1828 4275 2133 4329; x_wconf 88' lang='lat' dir='ltr'><strong>inordinate</strong></span> <span class='ocrx_word' id='word_1_593' title='bbox 2160 4273 2528 4344; x_wconf 88' lang='lat' dir='ltr'><strong>superveniat,</strong></span> <span class='ocrx_word' id='word_1_594' title='bbox 2558 4282 2612 4328; x_wconf 91' lang='lat' dir='ltr'><strong>et</strong></span> <span class='ocrx_word' id='word_1_595' title='bbox 2641 4271 2852 4340; x_wconf 89' lang='lat' dir='ltr'><strong>aliquos</strong></span> <span class='ocrx_word' id='word_1_596' title='bbox 2879 4270 2960 4323; x_wconf 89' lang='lat' dir='ltr'><strong>vel</strong></span> <span class='ocrx_word' id='word_1_597' title='bbox 2984 4270 3240 4325; x_wconf 89' lang='lat' dir='ltr'><strong>ordinare</strong></span> <span class='ocrx_word' id='word_1_598' title='bbox 3266 4284 3408 4339; x_wconf 76' lang='lat' dir='ltr'><strong>pra:-</strong></span> 
     </span>
    </p>
   </div>
   <div class='ocr_carea' id='block_1_87' title="bbox 1825 4361 3411 4434">
    <p class='ocr_par' dir='ltr' id='par_1_87' title="bbox 1825 4361 3411 4434">
     <span class='ocr_line' id='line_1_87' title="bbox 1825 4361 3411 4434; baseline -0.003 -14"><span class='ocrx_word' id='word_1_599' title='bbox 1825 4365 2138 4434; x_wconf 88' lang='lat' dir='ltr'><strong>smnpserit,</strong></span> <span class='ocrx_word' id='word_1_600' title='bbox 2187 4364 2271 4418; x_wconf 90' lang='lat' dir='ltr'><strong>vel</strong></span> <span class='ocrx_word' id='word_1_601' title='bbox 2300 4363 2570 4433; x_wconf 85' lang='lat' dir='ltr'><strong>quoslibet</strong></span> <span class='ocrx_word' id='word_1_602' title='bbox 2599 4373 2754 4417; x_wconf 88' lang='lat' dir='ltr'><strong>actus</strong></span> <span class='ocrx_word' id='word_1_603' title='bbox 2796 4362 2871 4416; x_wconf 93' lang='lat' dir='ltr'><strong>illi</strong></span> <span class='ocrx_word' id='word_1_604' title='bbox 2919 4361 3162 4416; x_wconf 75' lang='lat' dir='ltr'><strong>ecclesia:</strong></span> <span class='ocrx_word' id='word_1_605' title='bbox 3191 4375 3411 4429; x_wconf 84' lang='lat' dir='ltr'><strong>compe-</strong></span> 
     </span>
    </p>
   </div>
   <div class='ocr_carea' id='block_1_88' title="bbox 1827 4453 3408 4524">
    <p class='ocr_par' dir='ltr' id='par_1_88' title="bbox 1827 4453 3408 4524">
     <span class='ocr_line' id='line_1_88' title="bbox 1827 4453 3408 4524; baseline -0.002 -15"><span class='ocrx_word' id='word_1_606' title='bbox 1827 4464 1997 4510; x_wconf 89' lang='lat' dir='ltr'><strong>tentes</strong></span> <span class='ocrx_word' id='word_1_607' title='bbox 2021 4471 2138 4524; x_wconf 60' lang='lat' dir='ltr'><strong>quae</strong></span> <span class='ocrx_word' id='word_1_608' title='bbox 2165 4453 2230 4507; x_wconf 91' lang='lat' dir='ltr'><strong>ad</strong></span> <span class='ocrx_word' id='word_1_609' title='bbox 2276 4470 2333 4508; x_wconf 92' lang='lat' dir='ltr'><strong>se</strong></span> <span class='ocrx_word' id='word_1_610' title='bbox 2363 4453 2582 4507; x_wconf 91' lang='lat' dir='ltr'><strong>minime</strong></span> <span class='ocrx_word' id='word_1_611' title='bbox 2613 4453 2906 4523; x_wconf 84' lang='lat' dir='ltr'><strong>pertinent,</strong></span> <span class='ocrx_word' id='word_1_612' title='bbox 2936 4466 3202 4521; x_wconf 90' lang='lat' dir='ltr'><strong>usurpare</strong></span> <span class='ocrx_word' id='word_1_613' title='bbox 3235 4461 3408 4506; x_wconf 86' lang='lat' dir='ltr'><strong>tenta-</strong></span> 
     </span>
    </p>
   </div>
   <div class='ocr_carea' id='block_1_89' title="bbox 1827 4543 3410 4614">
    <p class='ocr_par' dir='ltr' id='par_1_89' title="bbox 1827 4543 3410 4614">
     <span class='ocr_line' id='line_1_89' title="bbox 1827 4543 3410 4614; baseline 0.001 -16"><span class='ocrx_word' id='word_1_614' title='bbox 1827 4547 1989 4608; x_wconf 83' lang='lat' dir='ltr'><strong>verit,</strong></span> <span class='ocrx_word' id='word_1_615' title='bbox 2019 4561 2184 4600; x_wconf 91' lang='lat' dir='ltr'><strong>vacua</strong></span> <span class='ocrx_word' id='word_1_616' title='bbox 2210 4546 2425 4614; x_wconf 89' lang='lat' dir='ltr'><strong>quidem</strong></span> <span class='ocrx_word' id='word_1_617' title='bbox 2451 4553 2506 4598; x_wconf 90' lang='lat' dir='ltr'><strong>et</strong></span> <span class='ocrx_word' id='word_1_618' title='bbox 2531 4545 2712 4598; x_wconf 89' lang='lat' dir='ltr'><strong>inania</strong></span> <span class='ocrx_word' id='word_1_619' title='bbox 2744 4553 2902 4599; x_wconf 89' lang='lat' dir='ltr'><strong>erunt</strong></span> <span class='ocrx_word' id='word_1_620' title='bbox 2925 4543 3108 4598; x_wconf 88' lang='lat' dir='ltr'><strong>omnia</strong></span> <span class='ocrx_word' id='word_1_621' title='bbox 3134 4559 3254 4614; x_wconf 78' lang='lat' dir='ltr'><strong>qua:</strong></span> <span class='ocrx_word' id='word_1_622' title='bbox 3284 4560 3410 4613; x_wconf 66' lang='lat' dir='ltr'><strong>geso-</strong></span> 
     </span>
    </p>
   </div>
   <div class='ocr_carea' id='block_1_90' title="bbox 168 4605 3409 4705">
    <p class='ocr_par' dir='ltr' id='par_1_90' title="bbox 168 4605 3409 4705">
     <span class='ocr_line' id='line_1_90' title="bbox 168 4605 3409 4705; baseline 0.003 -27"><span class='ocrx_word' id='word_1_623' title='bbox 168 4626 312 4695; x_wconf 82' lang='lat' dir='ltr'><strong>ipsius</strong></span> <span class='ocrx_word' id='word_1_624' title='bbox 344 4641 425 4686; x_wconf 91' lang='lat' dir='ltr'><strong>est</strong></span> <span class='ocrx_word' id='word_1_625' title='bbox 454 4633 696 4696; x_wconf 88' lang='lat' dir='ltr'><strong>civitate,</strong></span> <span class='ocrx_word' id='word_1_626' title='bbox 743 4633 815 4686; x_wconf 91' lang='lat' dir='ltr'><strong>ita</strong></span> <span class='ocrx_word' id='word_1_627' title='bbox 845 4641 904 4688; x_wconf 90' lang='lat' dir='ltr'><strong>ut</strong></span> <span class='ocrx_word' id='word_1_628' title='bbox 929 4633 1090 4688; x_wconf 87' lang='lat' dir='ltr'><strong>etiam</strong></span> <span class='ocrx_word' id='word_1_629' title='bbox 1133 4634 1389 4687; x_wconf 88' lang='lat' dir='ltr'><strong>ordinare</strong></span> <span class='ocrx_word' id='word_1_630' title='bbox 1416 4633 1464 4687; x_wconf 93' lang='lat' dir='ltr'><strong>ei</strong></span> <span class='ocrx_word' id='word_1_631' title='bbox 1499 4633 1722 4703; x_wconf 84' lang='lat' dir='ltr'><strong>presby-</strong></span> <span class='ocrx_word' id='word_1_632' title='bbox 1754 4605 1800 4663; x_wconf 70' lang='grc' dir='ltr'><strong>ί)</strong></span> <span class='ocrx_word' id='word_1_633' title='bbox 1826 4638 1975 4701; x_wconf 89' lang='lat' dir='ltr'><strong>serit,</strong></span> <span class='ocrx_word' id='word_1_634' title='bbox 2001 4638 2115 4705; x_wconf 89' lang='lat' dir='ltr'><strong>ipse</strong></span> <span class='ocrx_word' id='word_1_635' title='bbox 2140 4652 2270 4690; x_wconf 71' lang='lat' dir='ltr'><strong>vero</strong></span> <span class='ocrx_word' id='word_1_636' title='bbox 2299 4634 2458 4704; x_wconf 84' lang='lat' dir='ltr'><strong>hujus</strong></span> <span class='ocrx_word' id='word_1_637' title='bbox 2491 4636 2874 4705; x_wconf 88' lang='lat' dir='ltr'><strong>iudisciplinati</strong></span> <span class='ocrx_word' id='word_1_638' title='bbox 2921 4651 3084 4691; x_wconf 89' lang='lat' dir='ltr'><strong>ausus</strong></span> <span class='ocrx_word' id='word_1_639' title='bbox 3121 4635 3409 4690; x_wconf 85' lang='lat' dir='ltr'><strong>irrationa-</strong></span> 
     </span>
    </p>
   </div>
   <div class='ocr_carea' id='block_1_91' title="bbox 168 4723 1721 4793">
    <p class='ocr_par' dir='ltr' id='par_1_91' title="bbox 168 4723 1721 4793">
     <span class='ocr_line' id='line_1_91' title="bbox 168 4723 1721 4793; baseline 0.005 -24"><span class='ocrx_word' id='word_1_640' title='bbox 168 4725 322 4784; x_wconf 88' lang='lat' dir='ltr'><strong>teros,</strong></span> <span class='ocrx_word' id='word_1_641' title='bbox 351 4730 406 4777; x_wconf 91' lang='lat' dir='ltr'><strong>et</strong></span> <span class='ocrx_word' id='word_1_642' title='bbox 441 4723 700 4778; x_wconf 90' lang='lat' dir='ltr'><strong>diaconos</strong></span> <span class='ocrx_word' id='word_1_643' title='bbox 747 4723 1009 4792; x_wconf 88' lang='lat' dir='ltr'><strong>probabili</strong></span> <span class='ocrx_word' id='word_1_644' title='bbox 1058 4723 1262 4793; x_wconf 90' lang='lat' dir='ltr'><strong>judicio</strong></span> <span class='ocrx_word' id='word_1_645' title='bbox 1315 4723 1474 4777; x_wconf 90' lang='lat' dir='ltr'><strong>liceat</strong></span> <span class='ocrx_word' id='word_1_646' title='bbox 1500 4763 1515 4788; x_wconf 93' lang='lat'><strong>,</strong></span> <span class='ocrx_word' id='word_1_647' title='bbox 1559 4732 1614 4778; x_wconf 90' lang='lat' dir='ltr'><strong>et</strong></span> <span class='ocrx_word' id='word_1_648' title='bbox 1655 4723 1721 4777; x_wconf 93' lang='lat' dir='ltr'><strong>dc</strong></span> 
     </span>
    </p>
   </div>
   <div class='ocr_carea' id='block_1_92' title="bbox 167 4810 1722 4887">
    <p class='ocr_par' dir='ltr' id='par_1_92' title="bbox 167 4810 1722 4887">
     <span class='ocr_line' id='line_1_92' title="bbox 167 4810 1722 4887; baseline 0.005 -24"><span class='ocrx_word' id='word_1_649' title='bbox 167 4810 368 4882; x_wconf 88' lang='lat' dir='ltr'><strong>singulis</strong></span> <span class='ocrx_word' id='word_1_650' title='bbox 415 4816 559 4870; x_wconf 91' lang='lat' dir='ltr'><strong>illius</strong></span> <span class='ocrx_word' id='word_1_651' title='bbox 593 4816 827 4887; x_wconf 84' lang='lat' dir='ltr'><strong>regionis</strong></span> <span class='ocrx_word' id='word_1_652' title='bbox 856 4817 1035 4871; x_wconf 89' lang='lat' dir='ltr'><strong>causis</strong></span> <span class='ocrx_word' id='word_1_653' title='bbox 1071 4815 1444 4871; x_wconf 89' lang='lat' dir='ltr'><strong>moderatione</strong></span> <span class='ocrx_word' id='word_1_654' title='bbox 1487 4824 1542 4871; x_wconf 90' lang='lat' dir='ltr'><strong>et</strong></span> <span class='ocrx_word' id='word_1_655' title='bbox 1587 4831 1722 4885; x_wconf 85' lang='lat' dir='ltr'><strong>pon-</strong></span> 
     </span>
    </p>
   </div>
   <div class='ocr_carea' id='block_1_93' title="bbox 167 4904 1720 4979">
    <p class='ocr_par' dir='ltr' id='par_1_93' title="bbox 167 4904 1720 4979">
     <span class='ocr_line' id='line_1_93' title="bbox 167 4904 1720 4979; baseline 0.004 -23"><span class='ocrx_word' id='word_1_656' title='bbox 167 4904 276 4960; x_wconf 88' lang='lat' dir='ltr'><strong>dere</strong></span> <span class='ocrx_word' id='word_1_657' title='bbox 300 4908 621 4979; x_wconf 87' lang='lat' dir='ltr'><strong>disceptare,</strong></span> <span class='ocrx_word' id='word_1_658' title='bbox 650 4909 790 4964; x_wconf 90' lang='lat' dir='ltr'><strong>ultra</strong></span> <span class='ocrx_word' id='word_1_659' title='bbox 817 4919 996 4964; x_wconf 89' lang='lat' dir='ltr'><strong>autem</strong></span> <span class='ocrx_word' id='word_1_660' title='bbox 1027 4907 1162 4962; x_wconf 91' lang='lat' dir='ltr'><strong>nihil</strong></span> <span class='ocrx_word' id='word_1_661' title='bbox 1196 4923 1356 4977; x_wconf 85' lang='lat' dir='ltr'><strong>agere</strong></span> <span class='ocrx_word' id='word_1_662' title='bbox 1383 4908 1720 4976; x_wconf 89' lang='lat' dir='ltr'><strong>permittitur</strong></span> 
     </span>
    </p>
   </div>
   <div class='ocr_carea' id='block_1_94' title="bbox 167 4995 1719 5072">
    <p class='ocr_par' dir='ltr' id='par_1_94' title="bbox 167 4995 1719 5072">
     <span class='ocr_line' id='line_1_94' title="bbox 167 4995 1719 5072; baseline 0.005 -25"><span class='ocrx_word' id='word_1_663' title='bbox 167 4995 284 5052; x_wconf 89' lang='lat' dir='ltr'><strong>citra</strong></span> <span class='ocrx_word' id='word_1_664' title='bbox 316 5000 709 5071; x_wconf 90' lang='lat' dir='ltr'><strong>metropolitani</strong></span> <span class='ocrx_word' id='word_1_665' title='bbox 738 5001 975 5072; x_wconf 90' lang='lat' dir='ltr'><strong>episcopi</strong></span> <span class='ocrx_word' id='word_1_666' title='bbox 1002 4998 1413 5065; x_wconf 91' lang='lat' dir='ltr'><strong>conscientiam,</strong></span> <span class='ocrx_word' id='word_1_667' title='bbox 1458 5014 1558 5054; x_wconf 89' lang='lat' dir='ltr'><strong>nec</strong></span> <span class='ocrx_word' id='word_1_668' title='bbox 1601 5015 1719 5054; x_wconf 88' lang='lat' dir='ltr'><strong>me-</strong></span> 
     </span>
    </p>
   </div>
   <div class='ocr_carea' id='block_1_95' title="bbox 1824 4725 3404 4798">
    <p class='ocr_par' dir='ltr' id='par_1_95' title="bbox 1824 4725 3404 4798">
     <span class='ocr_line' id='line_1_95' title="bbox 1824 4725 3404 4798; baseline -0.003 -16"><span class='ocrx_word' id='word_1_669' title='bbox 1824 4728 1946 4784; x_wconf 88' lang='lat' dir='ltr'><strong>bilis</strong></span> <span class='ocrx_word' id='word_1_670' title='bbox 1991 4729 2151 4798; x_wconf 85' lang='lat' dir='ltr'><strong>ccepti</strong></span> <span class='ocrx_word' id='word_1_671' title='bbox 2182 4730 2372 4798; x_wconf 88' lang='lat' dir='ltr'><strong>dignas</strong></span> <span class='ocrx_word' id='word_1_672' title='bbox 2401 4743 2596 4782; x_wconf 91' lang='lat' dir='ltr'><strong>causas</strong></span> <span class='ocrx_word' id='word_1_673' title='bbox 2627 4729 2906 4798; x_wconf 76' lang='lat' dir='ltr'><strong>expediat,</strong></span> <span class='ocrx_word' id='word_1_674' title='bbox 2941 4737 3196 4795; x_wconf 88' lang='lat' dir='ltr'><strong>tanquam</strong></span> <span class='ocrx_word' id='word_1_675' title='bbox 3236 4725 3404 4794; x_wconf 80' lang='lat' dir='ltr'><strong>depo-</strong></span> 
     </span>
    </p>
   </div>
   <div class='ocr_carea' id='block_1_96' title="bbox 1823 4818 3407 4892">
    <p class='ocr_par' dir='ltr' id='par_1_96' title="bbox 1823 4818 3407 4892">
     <span class='ocr_line' id='line_1_96' title="bbox 1823 4818 3407 4892; baseline -0.002 -19"><span class='ocrx_word' id='word_1_676' title='bbox 1823 4820 1959 4874; x_wconf 92' lang='lat' dir='ltr'><strong>situs</strong></span> <span class='ocrx_word' id='word_1_677' title='bbox 1996 4835 2025 4872; x_wconf 90' lang='lat' dir='ltr'><strong>a</strong></span> <span class='ocrx_word' id='word_1_678' title='bbox 2065 4821 2268 4892; x_wconf 88' lang='lat' dir='ltr'><strong>synodo</strong></span> <span class='ocrx_word' id='word_1_679' title='bbox 2295 4829 2503 4882; x_wconf 88' lang='lat' dir='ltr'><strong>saneta,</strong></span> <span class='ocrx_word' id='word_1_680' title='bbox 2559 4829 2615 4875; x_wconf 90' lang='lat' dir='ltr'><strong>et</strong></span> <span class='ocrx_word' id='word_1_681' title='bbox 2663 4829 2885 4890; x_wconf 87' lang='lat' dir='ltr'><strong>propter</strong></span> <span class='ocrx_word' id='word_1_682' title='bbox 2923 4818 3226 4886; x_wconf 72' lang='lat' dir='ltr'><strong>huiusmodi</strong></span> <span class='ocrx_word' id='word_1_683' title='bbox 3270 4833 3407 4887; x_wconf 79' lang='lat' dir='ltr'><strong>pra:-</strong></span> 
     </span>
    </p>
   </div>
   <div class='ocr_carea' id='block_1_97' title="bbox 1821 4909 2769 4979">
    <p class='ocr_par' dir='ltr' id='par_1_97' title="bbox 1821 4909 2769 4979">
     <span class='ocr_line' id='line_1_97' title="bbox 1821 4909 2769 4979; baseline -0.004 -15"><span class='ocrx_word' id='word_1_684' title='bbox 1821 4910 2179 4979; x_wconf 87' lang='lat' dir='ltr'><strong>sumptionem</strong></span> <span class='ocrx_word' id='word_1_685' title='bbox 2208 4909 2319 4978; x_wconf 87' lang='lat' dir='ltr'><strong>jam</strong></span> <span class='ocrx_word' id='word_1_686' title='bbox 2350 4911 2769 4979; x_wconf 65' lang='lat' dir='ltr'><strong>praedamnatus.</strong></span> 
     </span>
    </p>
   </div>
   <div class='ocr_carea' id='block_1_98' title="bbox 1891 4994 3400 5067">
    <p class='ocr_par' dir='ltr' id='par_1_98' title="bbox 1891 4994 3400 5067">
     <span class='ocr_line' id='line_1_98' title="bbox 1891 4994 3400 5067; baseline -0.001 -15"><span class='ocrx_word' id='word_1_687' title='bbox 1891 4997 2029 5053; x_wconf 87' lang='lat' dir='ltr'><strong>XIV.</strong></span> <span class='ocrx_word' id='word_1_688' title='bbox 2069 4997 2124 5053; x_wconf 91' lang='lat' dir='ltr'><strong>Si</strong></span> <span class='ocrx_word' id='word_1_689' title='bbox 2155 5000 2275 5067; x_wconf 88' lang='lat' dir='ltr'><strong>quis</strong></span> <span class='ocrx_word' id='word_1_690' title='bbox 2302 5000 2367 5054; x_wconf 91' lang='lat' dir='ltr'><strong>de</strong></span> <span class='ocrx_word' id='word_1_691' title='bbox 2397 4999 2668 5067; x_wconf 89' lang='lat' dir='ltr'><strong>aliquibus</strong></span> <span class='ocrx_word' id='word_1_692' title='bbox 2712 4997 2893 5052; x_wconf 87' lang='lat' dir='ltr'><strong>causis</strong></span> <span class='ocrx_word' id='word_1_693' title='bbox 2933 4994 3308 5052; x_wconf 90' lang='lat' dir='ltr'><strong>criminalibus</strong></span> <span class='ocrx_word' id='word_1_694' title='bbox 3343 4995 3400 5050; x_wconf 89' lang='lat' dir='ltr'><strong>in</strong></span> 
     </span>
    </p>
   </div>
   <div class='ocr_carea' id='block_1_99' title="bbox 167 5087 3406 5161">
    <p class='ocr_par' dir='ltr' id='par_1_99' title="bbox 167 5087 3406 5161">
     <span class='ocr_line' id='line_1_99' title="bbox 167 5087 3406 5161; baseline 0 -20"><span class='ocrx_word' id='word_1_695' title='bbox 167 5090 504 5158; x_wconf 89' lang='lat' dir='ltr'><strong>tropolitanus</strong></span> <span class='ocrx_word' id='word_1_696' title='bbox 541 5093 659 5148; x_wconf 89' lang='lat' dir='ltr'><strong>sine</strong></span> <span class='ocrx_word' id='word_1_697' title='bbox 706 5101 1026 5148; x_wconf 72' lang='lat' dir='ltr'><strong>caaterorum</strong></span> <span class='ocrx_word' id='word_1_698' title='bbox 1055 5089 1258 5161; x_wconf 88' lang='lat' dir='ltr'><strong>aliquid</strong></span> <span class='ocrx_word' id='word_1_699' title='bbox 1301 5101 1454 5161; x_wconf 84' lang='lat' dir='ltr'><strong>gerat</strong></span> <span class='ocrx_word' id='word_1_700' title='bbox 1489 5091 1718 5148; x_wconf 87' lang='lat' dir='ltr'><strong>consilio</strong></span> <span class='ocrx_word' id='word_1_701' title='bbox 1814 5088 2021 5158; x_wconf 83' lang='lat' dir='ltr'><strong>judicio</strong></span> <span class='ocrx_word' id='word_1_702' title='bbox 2047 5088 2415 5158; x_wconf 89' lang='lat' dir='ltr'><strong>episcoporum</strong></span> <span class='ocrx_word' id='word_1_703' title='bbox 2457 5087 2619 5142; x_wconf 81' lang='lat' dir='ltr'><strong>fuerit</strong></span> <span class='ocrx_word' id='word_1_704' title='bbox 2661 5095 2971 5150; x_wconf 89' lang='lat' dir='ltr'><strong>accusatus,</strong></span> <span class='ocrx_word' id='word_1_705' title='bbox 3002 5087 3282 5158; x_wconf 85' lang='lat' dir='ltr'><strong>contingat</strong></span> <span class='ocrx_word' id='word_1_706' title='bbox 3307 5104 3406 5142; x_wconf 89' lang='lat' dir='ltr'><strong>au-</strong></span> 
     </span>
    </p>
   </div>
   <div class='ocr_carea' id='block_1_100' title="bbox 167 5181 506 5236">
    <p class='ocr_par' dir='ltr' id='par_1_100' title="bbox 167 5181 506 5236">
     <span class='ocr_line' id='line_1_100' title="bbox 167 5181 506 5236; baseline 0.018 -6"><span class='ocrx_word' id='word_1_707' title='bbox 167 5181 506 5236; x_wconf 86' lang='lat' dir='ltr'><strong>sacerdotum.</strong></span> 
     </span>
    </p>
   </div>
   <div class='ocr_carea' id='block_1_101' title="bbox 225 5266 1722 5346">
    <p class='ocr_par' dir='ltr' id='par_1_101' title="bbox 225 5266 1722 5346">
     <span class='ocr_line' id='line_1_101' title="bbox 225 5266 1722 5346; baseline 0.005 -23"><span class='ocrx_word' id='word_1_708' title='bbox 225 5266 288 5323; x_wconf 83' lang='lat' dir='ltr'><strong>X.</strong></span> <span class='ocrx_word' id='word_1_709' title='bbox 313 5270 628 5344; x_wconf 75' lang='lat' dir='ltr'><strong>Coepi6c0pi</strong></span> <span class='ocrx_word' id='word_1_710' title='bbox 655 5273 746 5343; x_wconf 90' lang='lat' dir='ltr'><strong>qui</strong></span> <span class='ocrx_word' id='word_1_711' title='bbox 769 5290 962 5331; x_wconf 90' lang='lat' dir='ltr'><strong>manus</strong></span> <span class='ocrx_word' id='word_1_712' title='bbox 990 5273 1390 5346; x_wconf 88' lang='lat' dir='ltr'><strong>impositionem</strong></span> <span class='ocrx_word' id='word_1_713' title='bbox 1413 5273 1484 5328; x_wconf 93' lang='lat' dir='ltr'><strong>ab</strong></span> <span class='ocrx_word' id='word_1_714' title='bbox 1510 5273 1722 5345; x_wconf 84' lang='lat' dir='ltr'><strong>episco-</strong></span> 
     </span>
    </p>
   </div>
   <div class='ocr_carea' id='block_1_102' title="bbox 166 5356 1722 5435">
    <p class='ocr_par' dir='ltr' id='par_1_102' title="bbox 166 5356 1722 5435">
     <span class='ocr_line' id='line_1_102' title="bbox 166 5356 1722 5435; baseline 0.002 -19"><span class='ocrx_word' id='word_1_715' title='bbox 166 5356 238 5424; x_wconf 82' lang='lat' dir='ltr'><strong>pis</strong></span> <span class='ocrx_word' id='word_1_716' title='bbox 277 5371 626 5430; x_wconf 85' lang='lat' dir='ltr'><strong>susceperunt</strong></span> <span class='ocrx_word' id='word_1_717' title='bbox 671 5370 728 5418; x_wconf 89' lang='lat' dir='ltr'><strong>et</strong></span> <span class='ocrx_word' id='word_1_718' title='bbox 751 5371 813 5419; x_wconf 91' lang='lat' dir='ltr'><strong>ut</strong></span> <span class='ocrx_word' id='word_1_719' title='bbox 841 5364 1076 5435; x_wconf 90' lang='lat' dir='ltr'><strong>episcopi</strong></span> <span class='ocrx_word' id='word_1_720' title='bbox 1107 5372 1233 5420; x_wconf 90' lang='lat' dir='ltr'><strong>sunt</strong></span> <span class='ocrx_word' id='word_1_721' title='bbox 1282 5363 1610 5430; x_wconf 90' lang='lat' dir='ltr'><strong>consecrati,</strong></span> <span class='ocrx_word' id='word_1_722' title='bbox 1639 5371 1722 5419; x_wconf 89' lang='lat' dir='ltr'><strong>ta-</strong></span> 
     </span>
    </p>
   </div>
   <div class='ocr_carea' id='block_1_103' title="bbox 168 5451 1715 5526">
    <p class='ocr_par' dir='ltr' id='par_1_103' title="bbox 168 5451 1715 5526">
     <span class='ocr_line' id='line_1_103' title="bbox 168 5451 1715 5526; baseline 0.005 -24"><span class='ocrx_word' id='word_1_723' title='bbox 168 5463 275 5504; x_wconf 83' lang='lat' dir='ltr'><strong>men</strong></span> <span class='ocrx_word' id='word_1_724' title='bbox 323 5451 524 5521; x_wconf 88' lang='lat' dir='ltr'><strong>placuit</strong></span> <span class='ocrx_word' id='word_1_725' title='bbox 569 5463 772 5510; x_wconf 67' lang='lat' dir='ltr'><strong>sancta:</strong></span> <span class='ocrx_word' id='word_1_726' title='bbox 825 5457 1028 5526; x_wconf 85' lang='lat' dir='ltr'><strong>synodo</strong></span> <span class='ocrx_word' id='word_1_727' title='bbox 1070 5470 1164 5511; x_wconf 90' lang='lat' dir='ltr'><strong>eos</strong></span> <span class='ocrx_word' id='word_1_728' title='bbox 1192 5455 1411 5510; x_wconf 88' lang='lat' dir='ltr'><strong>modum</strong></span> <span class='ocrx_word' id='word_1_729' title='bbox 1441 5455 1715 5524; x_wconf 89' lang='lat' dir='ltr'><strong>proprium</strong></span> 
     </span>
    </p>
   </div>
   <div class='ocr_carea' id='block_1_104' title="bbox 169 5541 1718 5616">
    <p class='ocr_par' dir='ltr' id='par_1_104' title="bbox 169 5541 1718 5616">
     <span class='ocr_line' id='line_1_104' title="bbox 169 5541 1718 5616; baseline 0.005 -24"><span class='ocrx_word' id='word_1_730' title='bbox 169 5541 407 5610; x_wconf 89' lang='lat' dir='ltr'><strong>retinere,</strong></span> <span class='ocrx_word' id='word_1_731' title='bbox 441 5555 496 5602; x_wconf 91' lang='lat' dir='ltr'><strong>et</strong></span> <span class='ocrx_word' id='word_1_732' title='bbox 525 5547 826 5616; x_wconf 88' lang='lat' dir='ltr'><strong>gubernare</strong></span> <span class='ocrx_word' id='word_1_733' title='bbox 880 5547 1187 5616; x_wconf 89' lang='lat' dir='ltr'><strong>adjacentes</strong></span> <span class='ocrx_word' id='word_1_734' title='bbox 1223 5546 1324 5602; x_wconf 90' lang='lat' dir='ltr'><strong>sibi</strong></span> <span class='ocrx_word' id='word_1_735' title='bbox 1377 5545 1623 5600; x_wconf 88' lang='lat' dir='ltr'><strong>civitates</strong></span> <span class='ocrx_word' id='word_1_736' title='bbox 1662 5552 1718 5600; x_wconf 86' lang='lat' dir='ltr'><strong>et</strong></span> 
     </span>
    </p>
   </div>
   <div class='ocr_carea' id='block_1_105' title="bbox 169 5634 1718 5708">
    <p class='ocr_par' dir='ltr' id='par_1_105' title="bbox 169 5634 1718 5708">
     <span class='ocr_line' id='line_1_105' title="bbox 169 5634 1718 5708; baseline 0.002 -23"><span class='ocrx_word' id='word_1_737' title='bbox 169 5642 273 5685; x_wconf 87' lang='lat' dir='ltr'><strong>esse</strong></span> <span class='ocrx_word' id='word_1_738' title='bbox 323 5644 600 5692; x_wconf 89' lang='lat' dir='ltr'><strong>contentos</strong></span> <span class='ocrx_word' id='word_1_739' title='bbox 644 5637 862 5708; x_wconf 89' lang='lat' dir='ltr'><strong>propria</strong></span> <span class='ocrx_word' id='word_1_740' title='bbox 917 5636 1281 5692; x_wconf 90' lang='lat' dir='ltr'><strong>sollicitudine</strong></span> <span class='ocrx_word' id='word_1_741' title='bbox 1346 5642 1403 5690; x_wconf 86' lang='lat' dir='ltr'><strong>et</strong></span> <span class='ocrx_word' id='word_1_742' title='bbox 1454 5634 1718 5706; x_wconf 80' lang='lat' dir='ltr'><strong>guberna-</strong></span> 
     </span>
    </p>
   </div>
   <div class='ocr_carea' id='block_1_106' title="bbox 171 5718 1717 5800">
    <p class='ocr_par' dir='ltr' id='par_1_106' title="bbox 171 5718 1717 5800">
     <span class='ocr_line' id='line_1_106' title="bbox 171 5718 1717 5800; baseline 0.006 -30"><span class='ocrx_word' id='word_1_743' title='bbox 171 5718 300 5778; x_wconf 90' lang='lat' dir='ltr'><strong>tione</strong></span> <span class='ocrx_word' id='word_1_744' title='bbox 329 5739 482 5794; x_wconf 83' lang='lat' dir='ltr'><strong>quam</strong></span> <span class='ocrx_word' id='word_1_745' title='bbox 509 5738 879 5800; x_wconf 87' lang='lat' dir='ltr'><strong>susceperunt,</strong></span> <span class='ocrx_word' id='word_1_746' title='bbox 909 5728 1238 5784; x_wconf 88' lang='lat' dir='ltr'><strong>constituere</strong></span> <span class='ocrx_word' id='word_1_747' title='bbox 1265 5735 1444 5782; x_wconf 88' lang='lat' dir='ltr'><strong>autem</strong></span> <span class='ocrx_word' id='word_1_748' title='bbox 1469 5725 1557 5781; x_wconf 90' lang='lat' dir='ltr'><strong>his</strong></span> <span class='ocrx_word' id='word_1_749' title='bbox 1592 5740 1717 5795; x_wconf 86' lang='lat' dir='ltr'><strong>per-</strong></span> 
     </span>
    </p>
   </div>
   <div class='ocr_carea' id='block_1_107' title="bbox 173 5810 1717 5894">
    <p class='ocr_par' dir='ltr' id='par_1_107' title="bbox 173 5810 1717 5894">
     <span class='ocr_line' id='line_1_107' title="bbox 173 5810 1717 5894; baseline 0.008 -32"><span class='ocrx_word' id='word_1_750' title='bbox 173 5810 386 5870; x_wconf 86' lang='lat' dir='ltr'><strong>mittitur</strong></span> <span class='ocrx_word' id='word_1_751' title='bbox 425 5816 650 5894; x_wconf 83' lang='lat' dir='ltr'><strong>lectores</strong></span> <span class='ocrx_word' id='word_1_752' title='bbox 673 5860 688 5886; x_wconf 87' lang='lat'><strong>,</strong></span> <span class='ocrx_word' id='word_1_753' title='bbox 714 5829 767 5877; x_wconf 91' lang='lat' dir='ltr'><strong>et</strong></span> <span class='ocrx_word' id='word_1_754' title='bbox 812 5819 1168 5877; x_wconf 90' lang='lat' dir='ltr'><strong>subdiaconos</strong></span> <span class='ocrx_word' id='word_1_755' title='bbox 1195 5828 1358 5890; x_wconf 88' lang='lat' dir='ltr'><strong>atque</strong></span> <span class='ocrx_word' id='word_1_756' title='bbox 1395 5818 1717 5886; x_wconf 78' lang='lat' dir='ltr'><strong>exorcistas,</strong></span> 
     </span>
    </p>
   </div>
   <div class='ocr_carea' id='block_1_108' title="bbox 1822 5174 3403 5248">
    <p class='ocr_par' dir='ltr' id='par_1_108' title="bbox 1822 5174 3403 5248">
     <span class='ocr_line' id='line_1_108' title="bbox 1822 5174 3403 5248; baseline -0.003 -14"><span class='ocrx_word' id='word_1_757' title='bbox 1822 5188 1929 5234; x_wconf 87' lang='lat' dir='ltr'><strong>tem</strong></span> <span class='ocrx_word' id='word_1_758' title='bbox 1969 5177 2035 5233; x_wconf 88' lang='lat' dir='ltr'><strong>de</strong></span> <span class='ocrx_word' id='word_1_759' title='bbox 2063 5179 2193 5248; x_wconf 91' lang='lat' dir='ltr'><strong>ipsis</strong></span> <span class='ocrx_word' id='word_1_760' title='bbox 2233 5178 2500 5248; x_wconf 90' lang='lat' dir='ltr'><strong>episcopis</strong></span> <span class='ocrx_word' id='word_1_761' title='bbox 2544 5174 2839 5246; x_wconf 73' lang='lat' dir='ltr'><strong>provincia:</strong></span> <span class='ocrx_word' id='word_1_762' title='bbox 2884 5174 2977 5244; x_wconf 92' lang='lat' dir='ltr'><strong>qui</strong></span> <span class='ocrx_word' id='word_1_763' title='bbox 3029 5185 3403 5232; x_wconf 89' lang='lat' dir='ltr'><strong>convenerunt</strong></span> 
     </span>
    </p>
   </div>
   <div class='ocr_carea' id='block_1_109' title="bbox 1821 5264 3400 5335">
    <p class='ocr_par' dir='ltr' id='par_1_109' title="bbox 1821 5264 3400 5335">
     <span class='ocr_line' id='line_1_109' title="bbox 1821 5264 3400 5335; baseline -0.002 -12"><span class='ocrx_word' id='word_1_764' title='bbox 1821 5268 2065 5323; x_wconf 87' lang='lat' dir='ltr'><strong>diversas</strong></span> <span class='ocrx_word' id='word_1_765' title='bbox 2093 5266 2294 5322; x_wconf 88' lang='lat' dir='ltr'><strong>habere</strong></span> <span class='ocrx_word' id='word_1_766' title='bbox 2324 5267 2640 5330; x_wconf 89' lang='lat' dir='ltr'><strong>sententias,</strong></span> <span class='ocrx_word' id='word_1_767' title='bbox 2695 5273 2752 5318; x_wconf 91' lang='lat' dir='ltr'><strong>et</strong></span> <span class='ocrx_word' id='word_1_768' title='bbox 2805 5264 2942 5320; x_wconf 90' lang='lat' dir='ltr'><strong>alios</strong></span> <span class='ocrx_word' id='word_1_769' title='bbox 2995 5266 3213 5335; x_wconf 90' lang='lat' dir='ltr'><strong>quidem</strong></span> <span class='ocrx_word' id='word_1_770' title='bbox 3248 5267 3400 5321; x_wconf 91' lang='lat' dir='ltr'><strong>inno-</strong></span> 
     </span>
    </p>
   </div>
   <div class='ocr_carea' id='block_1_110' title="bbox 1821 5354 3399 5427">
    <p class='ocr_par' dir='ltr' id='par_1_110' title="bbox 1821 5354 3399 5427">
     <span class='ocr_line' id='line_1_110' title="bbox 1821 5354 3399 5427; baseline -0.006 -11"><span class='ocrx_word' id='word_1_771' title='bbox 1821 5369 2032 5418; x_wconf 90' lang='lat' dir='ltr'><strong>centem</strong></span> <span class='ocrx_word' id='word_1_772' title='bbox 2080 5373 2202 5414; x_wconf 92' lang='lat' dir='ltr'><strong>eum</strong></span> <span class='ocrx_word' id='word_1_773' title='bbox 2245 5355 2615 5427; x_wconf 89' lang='lat' dir='ltr'><strong>pronuntiare,</strong></span> <span class='ocrx_word' id='word_1_774' title='bbox 2645 5354 2781 5411; x_wconf 90' lang='lat' dir='ltr'><strong>alios</strong></span> <span class='ocrx_word' id='word_1_775' title='bbox 2810 5370 3000 5422; x_wconf 89' lang='lat' dir='ltr'><strong>reum,</strong></span> <span class='ocrx_word' id='word_1_776' title='bbox 3049 5365 3271 5426; x_wconf 91' lang='lat' dir='ltr'><strong>propter</strong></span> <span class='ocrx_word' id='word_1_777' title='bbox 3297 5355 3399 5410; x_wconf 87' lang='lat' dir='ltr'><strong>hu-</strong></span> 
     </span>
    </p>
   </div>
   <div class='ocr_carea' id='block_1_111' title="bbox 1817 5434 3397 5522">
    <p class='ocr_par' dir='ltr' id='par_1_111' title="bbox 1817 5434 3397 5522">
     <span class='ocr_line' id='line_1_111' title="bbox 1817 5434 3397 5522; baseline -0.006 -17"><span class='ocrx_word' id='word_1_778' title='bbox 1817 5448 2115 5522; x_wconf 82' lang='lat' dir='ltr'><strong>juscemodi</strong></span> <span class='ocrx_word' id='word_1_779' title='bbox 2158 5447 2338 5516; x_wconf 87' lang='lat' dir='ltr'><strong>itaque</strong></span> <span class='ocrx_word' id='word_1_780' title='bbox 2390 5434 2819 5501; x_wconf 84' lang='lat' dir='ltr'><strong>controversiam</strong></span> <span class='ocrx_word' id='word_1_781' title='bbox 2871 5447 3250 5516; x_wconf 89' lang='lat' dir='ltr'><strong>amputandam</strong></span> <span class='ocrx_word' id='word_1_782' title='bbox 3278 5444 3397 5514; x_wconf 87' lang='lat' dir='ltr'><strong>pla-</strong></span> 
     </span>
    </p>
   </div>
   <div class='ocr_carea' id='block_1_112' title="bbox 1822 5531 3396 5607">
    <p class='ocr_par' dir='ltr' id='par_1_112' title="bbox 1822 5531 3396 5607">
     <span class='ocr_line' id='line_1_112' title="bbox 1822 5531 3396 5607; baseline -0.008 -11"><span class='ocrx_word' id='word_1_783' title='bbox 1822 5541 1934 5596; x_wconf 87' lang='lat' dir='ltr'><strong>cuit</strong></span> <span class='ocrx_word' id='word_1_784' title='bbox 1968 5546 2167 5596; x_wconf 72' lang='lat' dir='ltr'><strong>sanctze</strong></span> <span class='ocrx_word' id='word_1_785' title='bbox 2209 5535 2416 5607; x_wconf 87' lang='lat' dir='ltr'><strong>synodo</strong></span> <span class='ocrx_word' id='word_1_786' title='bbox 2446 5535 2919 5606; x_wconf 89' lang='lat' dir='ltr'><strong>metropolitanum</strong></span> <span class='ocrx_word' id='word_1_787' title='bbox 2957 5534 3266 5604; x_wconf 89' lang='lat' dir='ltr'><strong>episcopum</strong></span> <span class='ocrx_word' id='word_1_788' title='bbox 3319 5531 3396 5585; x_wconf 90' lang='lat' dir='ltr'><strong>al-</strong></span> 
     </span>
    </p>
   </div>
   <div class='ocr_carea' id='block_1_113' title="bbox 1825 5626 3396 5698">
    <p class='ocr_par' dir='ltr' id='par_1_113' title="bbox 1825 5626 3396 5698">
     <span class='ocr_line' id='line_1_113' title="bbox 1825 5626 3396 5698; baseline -0.008 -10"><span class='ocrx_word' id='word_1_789' title='bbox 1825 5635 1992 5688; x_wconf 89' lang='lat' dir='ltr'><strong>terius</strong></span> <span class='ocrx_word' id='word_1_790' title='bbox 2022 5630 2211 5686; x_wconf 71' lang='lat' dir='ltr'><strong>vicina:</strong></span> <span class='ocrx_word' id='word_1_791' title='bbox 2237 5626 2530 5698; x_wconf 76' lang='lat' dir='ltr'><strong>provincia:</strong></span> <span class='ocrx_word' id='word_1_792' title='bbox 2555 5627 2827 5690; x_wconf 88' lang='lat' dir='ltr'><strong>advocari,</strong></span> <span class='ocrx_word' id='word_1_793' title='bbox 2865 5635 2922 5681; x_wconf 91' lang='lat' dir='ltr'><strong>et</strong></span> <span class='ocrx_word' id='word_1_794' title='bbox 2946 5626 3250 5693; x_wconf 83' lang='lat' dir='ltr'><strong>aliquantos</strong></span> <span class='ocrx_word' id='word_1_795' title='bbox 3270 5638 3396 5677; x_wconf 90' lang='lat' dir='ltr'><strong>cum</strong></span> 
     </span>
    </p>
   </div>
   <div class='ocr_carea' id='block_1_114' title="bbox 1823 5716 3394 5791">
    <p class='ocr_par' dir='ltr' id='par_1_114' title="bbox 1823 5716 3394 5791">
     <span class='ocr_line' id='line_1_114' title="bbox 1823 5716 3394 5791; baseline -0.01 -11"><span class='ocrx_word' id='word_1_796' title='bbox 1823 5739 1888 5781; x_wconf 91' lang='lat' dir='ltr'><strong>eo</strong></span> <span class='ocrx_word' id='word_1_797' title='bbox 1916 5723 2195 5791; x_wconf 85' lang='lat' dir='ltr'><strong>episcopos</strong></span> <span class='ocrx_word' id='word_1_798' title='bbox 2225 5717 2378 5774; x_wconf 87' lang='lat' dir='ltr'><strong>alios.</strong></span> <span class='ocrx_word' id='word_1_799' title='bbox 2429 5716 2530 5785; x_wconf 90' lang='lat' dir='ltr'><strong>Qui</strong></span> <span class='ocrx_word' id='word_1_800' title='bbox 2564 5718 2770 5788; x_wconf 92' lang='lat' dir='ltr'><strong>pariter</strong></span> <span class='ocrx_word' id='word_1_801' title='bbox 2800 5717 3102 5772; x_wconf 88' lang='lat' dir='ltr'><strong>residentes</strong></span> <span class='ocrx_word' id='word_1_802' title='bbox 3141 5729 3394 5784; x_wconf 83' lang='lat' dir='ltr'><strong>quaecun-</strong></span> 
     </span>
    </p>
   </div>
   <div class='ocr_carea' id='block_1_115' title="bbox 1825 5804 3394 5886">
    <p class='ocr_par' dir='ltr' id='par_1_115' title="bbox 1825 5804 3394 5886">
     <span class='ocr_line' id='line_1_115' title="bbox 1825 5804 3394 5886; baseline -0.007 -18"><span class='ocrx_word' id='word_1_803' title='bbox 1825 5830 1929 5886; x_wconf 87' lang='lat' dir='ltr'><strong>que</strong></span> <span class='ocrx_word' id='word_1_804' title='bbox 1963 5812 2191 5878; x_wconf 84' lang='lat' dir='ltr'><strong>fuerint,</strong></span> <span class='ocrx_word' id='word_1_805' title='bbox 2246 5809 2500 5866; x_wconf 89' lang='lat' dir='ltr'><strong>dirimant</strong></span> <span class='ocrx_word' id='word_1_806' title='bbox 2556 5809 2882 5880; x_wconf 79' lang='lat' dir='ltr'><strong>quaestiones</strong></span> <span class='ocrx_word' id='word_1_807' title='bbox 2922 5814 3141 5878; x_wconf 88' lang='lat' dir='ltr'><strong>propter</strong></span> <span class='ocrx_word' id='word_1_808' title='bbox 3187 5804 3288 5860; x_wconf 88' lang='lat' dir='ltr'><strong>hoc</strong></span> <span class='ocrx_word' id='word_1_809' title='bbox 3334 5812 3394 5858; x_wconf 85' lang='lat' dir='ltr'><strong>ut</strong></span> 
     </span>
    </p>
   </div>
  </div>
