3926 6502
471 393 578 452 225

1271 384 1563 444 APPEND.
1605 387 1696 469 Al)
1723 384 1898 442 SJEC.
1936 384 2027 440 ιχ.
2064 416 2132 425 ——
2171 381 2421 439 lSlDORl
2460 380 2909 440 MERCATORIS

3654 386 3749 443 εει

470 510 692 569 firmum
720 507 793 564 sit
813 504 1079 578 judicium
1111 502 1257 577 quod
1306 504 1377 558 ab
1407 503 1570 560 unius
1619 501 1914 573 provincia:
1942 501 2058 571 epi-
2087 504 2133 564 Λ
2165 497 2612 568 lropolitanorum
2671 499 3051 571 episcoporum
3117 497 3468 556 conscientia
3532 498 3747 571 facere,

472 605 652 679 scopis
681 603 847 662 fuerit
877 601 1305 675 promulgatum.
1647 654 1653 667 ,
1777 667 1781 671 ,

542 695 661 752 XV.
689 696 746 752 Si
776 695 901 766 quis
925 682 1212 765 episcopus
1255 679 1616 757 cri'minaliter
1654 693 1947 762 accusatus,
1987 684 2056 740 ab

472 789 724 846 omnibus
767 787 860 858 qui
913 794 1041 843 sunt
1076 785 1219 840 intra
1267 782 1615 855 provinciam
1647 779 1938 852 episcopis
1967 792 2058 832 ac-

472 881 681 952 ceperit
728 894 922 936 unam.
950 890 1359 946 eonsonamque
1409 874 1775 938 sententiam,
1821 869 1891 926 ab
1935 868 2055 924 aliis

472 972 707 1028 ulterius
720 969 958 1043 judicari
984 985 1092 1027 non
1117 968 1338 1039 poterit,
1371 968 1467 1023 sed
1498 980 1717 1021 manere
1755 965 1904 1020 circa
1930 976 2056 1017 eum

2159 586 2357 658 quibus
2400 587 2468 643 de
2495 587 2748 645 omnibus
2774 589 2958 645 causis
2993 596 3209 653 constat
3253 588 3602 659 permissum
3641 607 3751 651 esse

2153 678 2438 749 judicium.

2179 838 2189 843 ~
2229 808 2369 866 XXI.
2404 809 2728 883 Episcopum
2757 813 2824 870 de
2847 812 3069 871 dimcesi
3100 815 3167 871 ad
3199 816 3499 873 dioecesim
3536 817 3749 876 alteram

2158 916 2267 957 non
2300 902 2500 957 debere
2532 906 2785 970 transire,
2812 921 3005 976 neque
3033 907 3078 963 si
3130 908 3379 979 Seipsum
3434 910 3747 981 ingesserit,

2159 1006 2337 1061 neque
2369 993 2467 1048 sia
2499 994 2713 1064 populis
2743 994 2907 1051 fuerit
2951 997 3219 1055 violenter
3247 1008 3559 1067 attractus,
3592 1019 3750 1075 neque

468 1072 687 1135 oportet
746 1072 1006 1133 tanquam
1065 1059 1477 1117 convenientem
1516 1072 1645 1128 qtue
1691 1058 1759 1113 ab
1807 1054 2059 1112 omnibus

2168 1082 2205 1139 si
2246 1083 2419 1139 etiam
2471 1086 2578 1142 hoc
2620 1087 2671 1141 ei
2723 1088 2792 1143 ab
2834 1089 3108 1160 episcopis
3145 1091 3496 1160 suadeatur,
3546 1054 3749 1153 manere

466 1155 677 1252 Ρτςξῇιξδ
709 1164 794 1252 ᾖξε
825 1153 1372 1252 ίίτξιωιη-ηιειιηίιυθ
1413 1149 1763 1252 εθηιξθηιξξδως
1823 1239 1836 1252 ι
2159 1180 2342 1228 autem
2373 1189 2497 1230 eum
2536 1175 2733 1232 debere
2757 1175 2812 1231 in
2848 1149 3089 1234 Ecclesia
3134 1180 3228 1236 Dei
3278 1176 3459 1252 quam
3481 1149 3572 1239 ἐι)
3614 1149 3749 1241 initio

538 1245 677 1301 XVI.
709 1244 767 1302 Si
815 1247 939 1317 quis
986 1245 1274 1317 episcopus
1305 1257 1508 1300 vacans
1535 1241 1590 1296 in
1627 1238 1930 1296 Ecclesiam
1959 1253 2056 1294 va-

2168 1265 2385 1322 sortitus
2400 1275 2511 1333 est,
2542 1274 2600 1324 et
2626 1283 2732 1325 non
2760 1269 2888 1325 alibi
2917 1270 3226 1344 demigrare
3269 1238 3581 1331 secundum
3610 1238 3751 1347 rego;

468 1345 683 1431 cantent
730 1337 1147 1431 supervagetur
1196 1344 1255 1392 θι
1302 1336 1445 1431 ha“?
1482 1333 2062 1431 abripienwr_mr
2159 1358 2268 1415 iam
2298 1374 2462 1431 super
2488 1359 2592 1416 hoc
2634 1360 2765 1416 olim
2794 1377 2825 1417 a
2860 1333 3114 1419 Patribds
3159 1366 3555 1422 constitutam.

466 1426 772 1522 plenarititl}
799 1427 1085 1522 synodum
1136 1426 1510 1522 οοουνξοάαω
1556 1438 1676 1522 “fe
1724 1422 2059 1522 θτθδίάθξξί]
2232 1422 2398 1506 XXII.
2449 1451 2775 1522 Episcopum
2815 1468 2922 1509 non
2950 1453 3153 1511 debere
3182 1455 3237 1510 in
3285 1454 3531 1512 alienam
3561 1457 3748 1517 irruere

471 1518 812 1620 Ῑὶυηιξθιιὲίςξ
847 1526 1084 1620 (illitum:
1119 1516 1369 1589 illum“iis
1396 1531 1520 1620 {um
1546 1516 1892 1620 IMP-$1“?
1932 1514 2064 1620 ἀδεῆ·
2158 1514 2668 1615 provinciam,-qu:e
2709 1543 2787 1599 illi
2830 1545 3100 1615 probatur
3147 1560 3257 1603 non
3310 1562 3442 1604 esse
3486 1514 3745 1620 subjecta,

464 1610 675 1681 puerit,
698 1610 833 1666 velit
856 1610 961 1667 sibi
994 1611 1309 1710 episcOpum
1340 1609 1599 1710 retinere.
1637 1607 1733 1710 Illa
1769 1606 2062 1665 autemdi-
2160 1606 2341 1706 imque
2378 1634 2439 1691 δη
2489 1606 2768 1704 Eiram,“
2820 1606 2943 1708 ἀπε
2995 1638 3062 1693 ad
3113 1638 3235 1710 eius
3286 1655 3488 1696 curam
3542 1606 3744 1700 ιιξεηίωέ

468 1707 614 1764 citur
641 1707 883 1807 synodus
909 1706 1154 1807 [liena-ria
1191 1705 1249 1761 in
1279 1717 1386 1776 qua
1431 1702 1596 1759 “iam
1626 1701 1915 1774 εἰ)κοοΜ
1942 1714 2064 1758 me“
2160 1701 2406 1783 noscitur
2443 1701 2721 1799 pertinere
2755 1701 2855 1785 νεά-
2881 1730 3087 1801 aliquid
3133 1701 3512 1791 ordinandum
3538 1776 3555 1802 ,
3590 1751 3746 1807 neque

477 1799 843 1870 tropoiitanus
872 1798 1132 1855 adfuerit.
1838 1886 1851 1892 ᾗ
2012 1852 2033 1892 ⁸,

2168 1798 2531 1890 presbyteros,
2558 1834 2738 1891 neque
2789 1798 3053 1878 diaconos
3100 1823 3474 1892 constituere,
3526 1798 3594 1880 ad
3626 1798 3746 1885 alios

543 1890 709 1947 ΧἫΙ.
741 1891 799 1948 Si
820 1892 955 1962 quis
977 1892 1292 1964 episcopus,
1321 1897 1574 1960 suscepta
1602 1900 1797 1945 manus
1830 1884 2060 1956 imposi-
2088 1875 2138 1936 B

468 1980 638 2048 tione,
675 1991 735 2039 et
779 1982 1074 2054 deputatus
1116 1982 1330 2054 populis
1370 1995 1626 2053 praesse,
1661 1995 1772 2037 non
1804 1978 2067 2051 suscipiat

468 2073 833 2130 ministerium
866 2073 1194 2140 sacerdotii,
1240 2089 1342 2131 nec
1362 2073 1675 2130 consentiat
1714 2071 1916 2127 habere
1955 2069 2064 2127 Ee-

461 2167 718 2234 olesiam,
743 2168 799 2223 in
830 2183 939 2240 qua
963 2166 1147 2223 fuerat
1173 2166 1480 2234 ordinatus,
1508 2166 1657 2222 hunc
1705 2162 2067 2220 incommuni-

460 2257 698 2313 cabilem
723 2273 847 2314 esse
874 2258 1101 2325 debere,
1134 2258 1308 2315 donec
1351 2265 1572 2314 coactus
1612 2256 1920 2313 consentiat
1952 2254 2067 2326 plc-

461 2349 592 2406 bem
636 2349 918 2421 suscipere
958 2348 1185 2405 sibimet
1233 2349 1579 2420 deputatam,
1628 2354 1724 2404 aut
1772 2346 2066 2419 provinciae

462 2440 717 2510 plenaria
772 2439 1018 2512 synodus
1064 2440 1447 2512 episcoporum
1494 2439 1562 2496 de
1594 2453 1668 2496 eo
1713 2438 1922 2509 aliquid
1951 2446 2067 2496 sta-

468 2539 616 2585 tuat.

536 2618 723 2676 XVIII.
776 2617 839 2677 Si
879 2619 1006 2692 quis
1047 2619 1339 2692 episcopus
1370 2619 1669 2677 ertiinatas
1712 2633 1822 2676 non
1868 2619 2068 2676 abierit

458 2709 521 2765 in
551 2709 875 2781 parochiam
910 2709 999 2766 cui
1032 2708 1317 2766 ordinatus
1359 2717 1444 2766 est
1466 2749 1483 2777 ,
1534 2709 1583 2766 si
1620 2724 1730 2766 non
1773 2725 1875 2767 suo
1900 2710 2062 2778 vitio,

465 2802 562 2858 sed
610 2800 785 2872 plebis
827 2800 1070 2858 forsitan
1123 2801 1594 2871 contradictione,
1654 2803 1746 2859 hic
1800 2803 2064 2860 honorem

466 2901 780 2963 susceptum
832 2894 1072 2950 retinere
1113 2895 1374 2961 debebit,
1425 2904 1482 2951 et
1530 2897 1835 2953 sacerdotio
1872 2897 2063 2970 fungi,

462 2984 544 3039 ita
568 2993 631 3039 ut
659 2983 797 3039 nihil
828 2983 1100 3041 molestiae
1130 2983 1323 3041 afferat
1342 2985 1605 3042 Ecclesiae
1637 2986 1712 3042 illi
1734 2988 1791 3043 in
1820 3003 1927 3059 qua
1955 2986 2069 3045 fue-

466 3083 557 3130 rat
585 3076 933 3131 constitutus.
960 3077 1297 3148 Exspectare
1327 3086 1510 3134 autem
1535 3092 1660 3134 eum
1695 3090 1913 3151 oportet
1932 3095 2068 3152 pro-

467 3165 663 3221 vincia:
689 3165 991 3237 plenariam
1025 3167 1317 3239 synodum,
1341 3168 1516 3225 donec
1542 3169 1608 3226 de
1630 3183 1703 3226 eo
1740 3170 2062 3242 quodcum-

464 3256 611 3327 petit
650 3264 951 3312 statuatur.

541 3346 684 3403 XIX.
718 3346 1048 3419 Episcopum
1097 3363 1207 3404 non
1251 3349 1617 3408 ordinandum
1665 3351 1787 3409 sine
1831 3353 2065 3411 consilio

469 3447 526 3497 et
560 3441 852 3512 praesentia
887 3441 1293 3512 metropolitani
1322 3443 1583 3515 episcopi,
1613 3446 1701 3501 cui
1743 3446 1937 3503 melius
1959 3449 2068 3504 erit

464 3531 517 3588 si
547 3546 616 3587 ex
657 3532 806 3589 omni
835 3532 1118 3602 provincia
1158 3544 1561 3604 congregemur
1603 3536 1863 3608 episcopi.
1910 3537 2065 3606 Quod

468 3621 516 3677 si
545 3620 662 3677 ﬁeri
695 3636 802 3677 non
834 3631 1040 3693 potest,
1070 3623 1125 3678 hi
1156 3623 1251 3694 qui
1301 3625 1496 3683 adesse
1540 3641 1647 3682 non
1690 3638 1918 3698 possunt
1946 3645 2065 3701 pro-

464 3715 603 3787 priis
628 3714 825 3772 litteris
851 3730 1183 3772 consensum
1213 3731 1370 3773 suum
1399 3718 1466 3773 de
1495 3718 1615 3789 ipso
1657 3721 1961 3792 designent,
2009 3733 2068 3779 et

418 3803 431 3815 ”
470 3813 601 3860 tunc
625 3805 841 3861 demum
878 3814 1004 3877 post
1045 3805 1405 3877 plurimorum
1434 3809 1551 3864 sive
1581 3824 1680 3880 per
1716 3812 2066 3882 praesentiam

474 3895 600 3951 sive
648 3911 749 3966 per
783 3895 1004 3952 litteras
1047 3898 1376 3954 sententiam
1417 3914 1714 3956 consonam
1759 3903 2066 3960 ordinetur.

473 3984 630 4053 Quod
675 3986 722 4041 si
768 3985 928 4042 aliter
953 4002 1118 4058 quam
1166 3996 1370 4044 statuta
1421 3998 1548 4044 sunt
1581 3989 1691 4057 fiat,
1712 3991 1856 4047 nihil
1887 3993 2070 4051 valere

471 4079 783 4148 bujusmodi
830 4080 1248 4136 ordinationem.
1283 4080 1341 4137 Si
1388 4096 1519 4138 vero
1557 4084 1723 4140 etiam
1767 4088 2067 4143 secundum

472 4170 730 4226 definitas
768 4170 986 4241 regulas
1013 4171 1288 4227 ordinatio
1322 4172 1658 4243 celebretur,
1689 4177 2068 4234 contradicant

468 4267 659 4316 autem
695 4259 861 4329 aliqui
900 4269 1130 4333 propter
1161 4263 1417 4333 proprias
1446 4275 1502 4321 et
1525 4265 1854 4324 domesticas
1878 4268 2071 4326 simul-

470 4357 641 4418 tates,
668 4350 753 4407 his
783 4343 1079 4420 contentis,
1107 4352 1486 4413 sententia’de
1531 4371 1600 4414 eo
1623 4358 1866 4416 obtineat
1900 4358 2070 4432 pluri-

472 4457 709 4499 morum.

546 4535 667 4592 XX.
718 4534 953 4607 Propter
999 4536 1403 4595 ecclesiasticas
1442 4554 1669 4609 causas,
1700 4551 1758 4598 et
1806 4557 1929 4613 quae
1973 4556 2067 4598 ex-

466 4633 648 4689 istunt
689 4631 1102 4689 controversias
1167 4632 1541 4690 dissolvendas
1593 4632 1849 4691 sufﬁcere
1891 4635 2068 4691 visum

464 4728 561 4779 est
597 4722 682 4779 bis
712 4721 766 4777 in
810 4736 956 4779 anno
1006 4736 1105 4794 per
1138 4723 1382 4795 singulas
1427 4724 1740 4795 provincias
1789 4726 2074 4798 episeopo-

471 4830 599 4871 rum
653 4814 942 4872 consilium
986 4814 1127 4871 fieri.
1184 4813 1371 4872 Semel
1418 4815 1638 4888 quidem
1689 4825 1815 4888 post
1852 4818 2070 4873 tertiam

469 4905 876 4964 hebdomadam
903 4905 1195 4964 Paschalis
1233 4905 1562 4973 festivitatis,
1595 4908 1669 4964 ita
1701 4915 1761 4964 ut
1794 4908 1848 4964 in
1877 4919 2073 4981 quarta

472 4995 817 5053 bebdomada
846 5010 968 5067 qua:
1023 4997 1409 5068 consequitur,
1454 4996 1508 5052 id
1536 5004 1621 5052 est
1649 4999 1826 5055 media
1871 4998 2073 5055 Pente-

468 5092 630 5141 coste
673 5085 1032 5155 compleatur,
1082 5085 1419 5142 admoneant
1469 5092 1651 5142 autem
1705 5087 2071 5158 provinciales

469 5175 766 5247 episcopos
793 5175 850 5231 hi
879 5173 973 5246 qui
1015 5174 1072 5232 in
1125 5175 1462 5244 civitatibus,
1501 5176 1673 5235 idest
1702 5178 1756 5234 in
1796 5187 2073 5251 metropo-

471 5263 663 5321 Iitanis
690 5264 1006 5322 civitatibus
1033 5265 1259 5338 degunt,
1282 5265 1583 5324 secundum
1607 5283 1741 5325 vero
1771 5268 2065 5325 concilium

470 5356 662 5413 Idibus
688 5354 948 5413 Octobris
993 5356 1281 5425 habeatur,
1321 5358 1416 5430 qui
1475 5359 1592 5416 dies
1649 5360 1794 5433 apud
1844 5358 2081 5418 Graecos

475 5442 849 5518 Yperberetaei
884 5446 1089 5503 mensis
1111 5446 1361 5505 decimus
1389 5449 1687 5515 invenitur,
1716 5450 1769 5505 in
1800 5449 1935 5521 ipsis
1975 5465 2070 5505 au-

472 5546 591 5594 tem
632 5538 881 5595 conciliis
908 5548 963 5594 et
990 5539 1343 5613 presbyteros
1372 5552 1429 5597 et
1471 5541 1731 5599 diaconos
1771 5549 2067 5612 praesentes

471 5643 602 5686 «esse
638 5637 885 5702 oportet,
941 5640 996 5688 et
1046 5646 1238 5689 omnes
1281 5641 1548 5705 quotquot
1572 5647 1633 5690 se
1674 5633 1833 5690 laesos
1880 5633 2070 5689 existi-

477 5730 656 5789 mant,
678 5732 734 5778 et
775 5722 1091 5797 synodicam
1118 5732 1439 5795 exspectare
1460 5724 1788 5781 sententiam
1808 5766 1824 5792 ,
1857 5737 1960 5781 nec
2007 5723 2069 5779 li-

476 5821 603 5866 ceat
650 5813 923 5885 aliquibus
967 5816 1110 5887 apud
1154 5814 1476 5885 semetipsos
1517 5816 1749 5874 concilia
1796 5817 1915 5873 sine
1954 5830 2069 5873 mev

2162 1910 2445 1981 episcopos
2486 1912 2845 1983 pertinentes,
2883 1912 2989 1969 nisi
3017 1912 3159 1969 forte
3193 1930 3333 1971 cum
3385 1916 3660 1974 voluntate
3698 1927 3745 1975 et

2156 2003 2473 2061 testimonio
2512 1997 3007 2081 propriaeregionis
3036 2007 3305 2080 episcopi.
3343 2008 3505 2077 Quod
3536 2010 3580 2066 si
3610 2010 3741 2081 quis-

2161 2093 2308 2165 piam
2336 2094 2532 2152 horum
2566 2096 2672 2152 tale
2700 2097 2885 2153 facere
2910 2098 3148 2155 voluerit
3181 2101 3344 2157 irrita
3383 2104 3605 2173 quidem
3653 2105 3742 2160 erit

2163 2185 2474 2256 huiusmodi
2521 2188 2829 2255 ordinatio,
2871 2198 2928 2247 et
2967 2206 3090 2262 qua:
3141 2191 3289 2248 male
3340 2195 3680 2266 usurpaverit
3712 2211 3739 2250 a

2163 2280 2373 2352 synodo
2404 2290 2726 2352 arguantur.
2760 2282 2896 2341 Nam
2942 2284 2990 2341 si
3041 2286 3303 2344 ordinare
3360 2304 3471 2345 non
3506 2289 3737 2359 potuerit,

2160 2371 2470 2429 nullatenus
2496 2374 2724 2431 alterius
2741 2377 3135 2447 parochianum
3157 2377 3421 2448 judicare
3448 2388 3740 2451 praesumat.

2236 2460 2424 2522 XXIII.
2475 2467 2802 2541 Episcopum
2838 2485 2947 2527 non
2988 2471 3190 2528 debere
3239 2481 3511 2543 tanquam
3540 2487 3738 2528 succes-

2160 2572 2346 2615 sorem
2384 2556 2494 2616 sibi
2529 2558 2771 2616 futurum
2803 2560 3151 2619 constituere
3181 2562 3425 2619 alterum
3451 2604 3468 2631 ,
3519 2564 3740 2635 quamvis

2165 2648 2312 2706 circa
2334 2649 2535 2706 vicinia
2579 2650 2773 2707 mortis
2817 2651 3107 2719 habeatur,
3136 2654 3287 2724 quod
3323 2655 3374 2711 si
3404 2654 3512 2711 tale
3558 2653 3737 2726 aliquid

2165 2738 2367 2796 factum
2404 2738 2570 2797 fuerit
2600 2741 2756 2797 irrita
2786 2743 2892 2798 erit
2916 2743 3224 2814 hujusmodi
3257 2745 3557 2811 ordinatio,
3582 2752 3737 2801 custo-

2166 2833 2286 2889 dire
2328 2830 2509 2889 autem
2559 2834 2721 2890 debet
2769 2833 3144 2892 ecclesiastica
3194 2837 3502 2894 constituta
3548 2851 3660 2908 qua:
3694 2834 3733 2890 si

2166 2925 2241 2981 ita
2267 2925 2566 2991 continent,
2600 2940 2709 2980 non
2733 2940 2895 2996 posse
2922 2925 3082 2982 aliter
3113 2928 3437 2999 episcopum
3468 2928 3603 2994 fieri,
3644 2927 3732 2982 nisi

2166 3014 2224 3070 in
2272 3014 2530 3080 consilio,
2575 3023 2629 3071 et
2659 3029 2926 3071 cansensu
2957 3016 3341 3086 episcoporum
3384 3032 3568 3074 eorum
3613 3017 3730 3071 dun-

2168 3114 2324 3163 taxat
2359 3108 2453 3179 qui
2491 3116 2622 3178 post
2663 3108 2874 3164 obitum
2908 3106 3028 3179 ejus
3071 3110 3163 3181 qui
3211 3111 3526 3180 praecessit,
3558 3109 3733 3164 habue-

2088 3233 2136 3299 Ο
2169 3200 2279 3254 rint
2303 3208 2625 3270 potestatem
2670 3216 2793 3257 eum
2826 3200 2918 3271 qui
2964 3201 3159 3274 dignus
3200 3201 3372 3259 fuerit
3401 3198 3727 3272 provehendi.

2160 3308 2161 3311 “
2237 3312 2427 3370 XXIV.
2476 3313 2823 3385 Quaecunque
2867 3332 2956 3372 res
2998 3306 3258 3374 Ecclesiae
3303 3327 3460 3381 sunt,
3510 3314 3733 3374 convenit

2164 3419 2288 3461 cum
2314 3406 2465 3462 omni
2488 3406 2787 3479 diligentia,
2821 3394 2876 3461 et
2907 3408 3049 3463 bona
3076 3407 3182 3464 ﬁde
3214 3424 3340 3478 qua:
3370 3409 3481 3465 Deo
3508 3409 3727 3471 debetur,

2163 3497 2254 3568 qui
2279 3498 2463 3553 omnia
2489 3498 2740 3569 providet
2768 3506 2933 3569 atque
2958 3498 3167 3569 judicat
3193 3514 3428 3571 quaeque
3457 3500 3730 3570 gubernare

2164 3596 2398 3659 oportet,
2425 3597 2480 3645 et
2504 3588 2822 3660 dispensare
2857 3604 2979 3645 cum
3003 3589 3211 3660 judicio
3252 3600 3310 3646 et
3352 3598 3612 3661 potestate
3634 3587 3729 3657 epi-

2166 3678 2334 3747 scopi,
2360 3677 2449 3733 cui
2487 3679 2655 3735 totius
2683 3677 2856 3749 plebis
2898 3680 3097 3734 animae
3138 3680 3395 3736 videntur
3443 3694 3561 3737 esse
3604 3691 3727 3734 com-

2166 3769 2370 3826 missae.
2403 3768 2689 3827 Manifesta
2723 3778 2904 3827 autem
2932 3786 3054 3827 esse
3095 3781 3317 3844 oportet
3341 3788 3463 3845 qua:
3501 3769 3726 3827 Ecclesia:

2167 3868 2485 3932 competunt
2530 3876 2654 3917 cum
2706 3862 2903 3919 notitia
2942 3878 3142 3921 eorum
3202 3866 3633 3937 presbyterorum
3680 3866 3727 3914 et

2169 3950 2542 4018 diaconorum,
2565 3952 2659 4024 qui
2693 3953 2836 4010 circa
2875 3954 3052 4027 ipsum
3081 3967 3230 4023 sunt,
3256 3958 3438 4028 utipsi
3463 3971 3566 4012 non
3592 3954 3723 4025 igno-

2169 4049 2324 4109 rent,
2365 4059 2467 4099 uec
2511 4058 2606 4100 eos
2644 4044 2850 4115 aliquid
2887 4044 3049 4101 lateat
3099 4062 3289 4104 eorum
3341 4049 3434 4119 qui
3472 4056 3591 4102 sunt
3624 4056 3725 4114 pro-

2168 4133 2287 4203 pria
2318 4133 2737 4201 Ecclesire,utsi
2769 4138 3061 4210 contigerit
3087 4139 3403 4211 episcopum
3433 4141 3499 4196 de
3521 4139 3614 4193 hac
3636 4135 3725 4190 vita

2169 4226 2424 4297 migrare,
2462 4226 2771 4284 manifestae
2809 4229 2920 4286 sint
2957 4241 3014 4285 et
3049 4240 3193 4286 notae
3222 4247 3312 4288 res
3353 4229 3720 4290 ecclesiastica),

2170 4332 2240 4371 ne
2272 4317 2602 4373 intercidant
2627 4327 2791 4389 atque
2812 4319 3128 4391 depereant,
3160 4323 3257 4379 sed
3287 4336 3389 4379 nec
3413 4336 3499 4378 res
3522 4316 3722 4391 propria:

2169 4407 2409 4476 episcopi
2445 4417 2705 4479 tanquam
2744 4409 2998 4466 obnoxia:
3035 4426 3218 4466 rerum
3261 4410 3718 4469 ecclesiasticarum

2172 4498 2465 4554 occasione
2508 4498 2669 4555 ullius
2708 4499 2999 4572 pulsentur
3041 4502 3274 4574 injuria,
3299 4504 3428 4575 quia
3450 4503 3640 4574 justum
3675 4502 3723 4549 ei

2094 4601 2148 4662 Ῑ)
2172 4586 2453 4662 acceptum
2481 4600 2568 4647 est
2593 4592 2736 4662 apud
2784 4594 2951 4650 Deum
2999 4604 3055 4652 et
3100 4596 3351 4654 homines
3394 4611 3512 4669 quae
3534 4589 3719 4664 proprii

2174 4691 2303 4736 sunt
2333 4681 2573 4754 episcopi
2605 4684 2804 4754 quibus
2844 4686 2960 4756 ipse
2996 4684 3331 4756 iudicaverit
3354 4728 3370 4754 ,
3405 4679 3719 4752 derelinqui.

2175 4783 2232 4832 et
2256 4790 2376 4846 qua:
2404 4775 2663 4833 Ecclesia:
2696 4777 2798 4849 ipsi
2835 4780 3130 4836 reservari.
3180 4780 3259 4836 Ita
3286 4782 3431 4838 enim
3462 4779 3530 4834 sit
3565 4783 3617 4831 ut
3639 4784 3719 4825 nec

2175 4865 2417 4923 Ecclesia
2444 4868 2640 4925 damno
2662 4869 2849 4940 aliquo
2887 4870 3176 4943 adﬂigatur,
3210 4864 3319 4931 nec
3359 4872 3626 4943 episcopus
3644 4877 3718 4918 oc-

2179 4959 2399 5017 casione
2442 4977 2628 5017 rerum
2671 4962 3164 5021 ecclesiasticarum
3212 4965 3606 5037 proscribatur.
3646 4968 3716 5008 ηε·

2177 5066 2284 5124 que
2322 5053 2661 5124 pertinentes
2696 5056 2765 5110 ad
2808 5070 2932 5112 eum
2991 5071 3189 5113 causas
3231 5057 3543 5117 incurrant,
3580 5056 3716 5115 ειιιιυθ

2172 5152 2299 5213 post
2332 5151 2563 5201 mortem
2590 5146 2847 5203 memoria
2874 5147 2995 5219 ejus
3021 5147 3319 5205 maledictis
3340 5144 3592 5218 aliquibus
3607 5149 3715 5194 one-

2174 5242 2349 5291 retur.

2236 5348 2352 5421 67
2374 5345 2539 5404 XXV.
2566 5347 2889 5420 Episcopum
2918 5350 3115 5409 habere
3128 5361 3343 5424 oportet
3371 5359 3540 5438 rerum
3566 5335 3711 5438 οῦςιθ·

2172 5441 2512 5503 siasticarum
2528 5449 2847 5511 potestatem
2870 5444 2937 5498 ad
2955 5444 3367 5516 dispensandum
3387 5437 3617 5496 omnibus
3640 5437 3706 5482 m-

2174 5534 2478 5606 digentibus
2505 5549 2629 5589 cum
2655 5534 2801 5589 omni
2828 5536 3024 5593 timore
3038 5548 3094 5594 et
3114 5536 3413 5594 reverentia
3428 5529 3533 5590 Dei,
3562 5524 3706 5616 ipsum

2175 5641 2391 5698 ίιιιοειυθ
2432 5640 2501 5682 ex
2528 5626 2609 5680 eis
2631 5626 2913 5697 percipere
2936 5636 3100 5698 atque
3133 5630 3210 5684 uti
3234 5628 3425 5687 debere
3451 5616 3623 5690 quibus
3644 5619 3709 5659 ιη-

2175 5720 2350 5791 diget,
2387 5720 2434 5776 si
2463 5729 2642 5776 tamen
2675 5721 2909 5794 indiget,
2949 5722 3033 5778 vel
3054 5723 3122 5779 ad
3151 5739 3276 5780 suas
3301 5709 3607 5778 necessarias
3632 5711 3707 5753 ει·

2175 5828 2372 5884 pensas
2404 5814 2486 5870 vel
2510 5814 2768 5883 fratrum,
2804 5816 2897 5886 qui
2925 5817 3064 5886 apud
3088 5801 3591 5885 eumhospitalitatis
3611 5801 3687 5863 3"
