3926 6496
1373 441 1858 498 DECRETALIUM
1889 443 2290 498 LULLEL'l'tU.

3289 454 3394 513 286

127 563 190 616 tia
214 564 532 618 morantur,
570 553 787 610 utnulla
821 569 889 610 ex
911 561 1067 624 parte
1094 568 1190 625 per
1220 553 1455 625 inopiam
1487 555 1705 610 defrau-
1735 563 1782 617 Λ
1811 560 1941 608 nent
1963 592 1977 615 ,
2029 553 2141 607 sive
2189 554 2256 608 de
2299 553 2476 624 agris,
2526 555 2640 610 sive
2693 556 2760 613 de
2812 557 2934 614 aliis
2989 559 3402 633 quibuscunque

122 651 303 704 dentur
354 643 660 700 secundum
717 643 1034 714 Apostolum
1067 644 1336 699 dicentem
1375 659 1390 698 :
1437 663 1455 696 t
1494 643 1706 699 [laben-

123 751 193 794 tes
231 737 433 790 victum
488 733 866 804 quotidianum
913 743 967 789 et
1008 744 1390 806 legumentum
1455 737 1703 806 corporis

121 835 195 889 his
220 830 459 886 contenti
503 830 676 885 simus
715 829 768 900 (Ι
798 829 934 884 Tim.
959 845 1034 894 vt,
1068 830 1144 901 8).
1175 849 1192 882 ι
1221 828 1374 895 Quod
1415 831 1458 885 si
1487 831 1569 885 his
1597 831 1699 884 mi-

121 925 251 978 nime
271 929 571 976 contentus
592 929 759 990 atque
786 917 1060 976 sulliciens
1092 919 1381 975 transferat
1421 920 1474 974 in
1511 935 1702 976 neces-

119 1019 290 1070 sitates
319 1015 733 1069 ecclesiasticas
769 1029 856 1068 res
894 1014 974 1069 vel
1015 1012 1298 1067 commoda
1329 1013 1581 1081 quaalibet
1609 1029 1699 1068 ec-

119 1106 311 1170 clesias,
358 1114 457 1159 aut
505 1119 766 1174 agrorum
801 1103 1297 1158 eeclesiasticorum
1341 1102 1550 1158 fructus
1583 1103 1700 1158 sine

115 1196 429 1250 conscientia
470 1194 919 1264 presbyterorum
944 1193 1088 1262 apud
1131 1209 1191 1248 se
1228 1193 1464 1263 redigat,
1507 1203 1561 1248 et
1602 1193 1698 1248 do-

121 1283 337 1339 mesticis
380 1285 500 1339 suis
542 1283 628 1337 vel
667 1283 830 1336 etiam
859 1280 1108 1336 amnibus
1141 1289 1235 1336 aut
1276 1281 1572 1346 fratribus,
1605 1291 1699 1336 aut

119 1376 224 1430 ﬁliis
248 1390 438 1429 earum
476 1388 664 1428 rerum
691 1373 898 1428 tribuat
924 1380 1265 1443 potestatem,
1297 1381 1355 1428 ιιι
1383 1389 1480 1444 per
1504 1389 1690 1428 eorum

120 1475 360 1521 secretam
424 1464 768 1534 diligentiam
814 1462 1172 1519 ecclesiastici
1215 1463 1333 1518 laedi
1384 1463 1691 1529 videantur,

120 1565 300 1610 reatum
322 1555 469 1609 hunc
495 1553 592 1624 qui
613 1553 914 1624 hujusmodi
938 1561 1022 1608 est
1046 1552 1189 1623 apud
1213 1552 1693 1622 metropolitanum

119 1647 378 1717 provincia:
421 1653 694 1716 praestare
732 1644 978 1708 debebit,
1013 1644 1158 1714 quod
1201 1645 1245 1699 si
1282 1643 1462 1701 taliter
1506 1659 1692 1714 repre-

121 1737 360 1791 hendatur
392 1736 720 1807 episcopus,
763 1733 851 1787 vel
894 1733 948 1788 hi
980 1733 1072 1805 qui
1113 1749 1236 1789 cum
1268 1734 1385 1804 ipso
1411 1742 1538 1789 sunt
1565 1749 1691 1805 pre-

120 1827 294 1898 sbyteri
337 1842 445 1896 quo
481 1826 738 1881 dicantur
777 1824 893 1878 haec
922 1838 1042 1894 qua:
1079 1823 1146 1878 ad
1191 1824 1483 1879 ecclesiam
1526 1824 1693 1894 perti-

1810 640 2194 696 ecclesiasticis
2215 643 2418 707 causis,
2451 658 2545 698 eos
2567 644 2786 700 sibimet
2807 662 3098 718 usurpare,
3132 664 3395 720 pauperes

1810 747 1940 787 vero
1969 732 2290 787 necessitate
2318 744 2374 787 et
2418 733 2640 804 penuria
2688 737 2951 806 opprimi,
2992 747 3155 808 atque
3195 755 3261 793 ex
3291 741 3395 795 hoc

1813 821 1928 890 ipso
1957 835 2061 875 non
2107 821 2276 876 solum
2326 821 2708 878 ecclesiasticae
2745 824 2940 880 rationi
2962 867 2977 889 ,
3009 842 3195 881 verum
3227 825 3393 882 etiam

1818 912 2283 981 dispensatoribus
2328 913 2443 984 ejus
2491 914 2775 970 maledicta
2814 918 3161 986 reprehensio
3198 936 3396 992 augea-

1805 1013 1912 1059 tur.
1968 1005 2121 1060 llunc
2174 1006 2318 1059 enim
2363 1008 2752 1062 correctionem
2801 1019 3014 1080 oportet
3053 1014 3282 1078 mereri,
3336 1015 3391 1070 id

1805 1114 2021 1168 quoque
2051 1099 2310 1153 condecet
2348 1110 2537 1155 sancta
2565 1103 2768 1172 synodo
2799 1115 3175 1174 cognoscente.
3222 1106 3393 1162 Euse-

1801 1191 1922 1244 hius
1943 1191 2196 1245 omnibus
2222 1206 2343 1260 qua:
2365 1194 2658 1246 constituta
2698 1201 2826 1248 sunt
2869 1212 3107 1265 praesens
3146 1199 3387 1268 scripsit.

1800 1281 2148 1345 Theodorus,
2200 1282 2422 1349 Niccta,
2463 1284 2806 1340 Macedonius
2834 1328 2848 1352 ,
2899 1287 3202 1353 Anatolius,
3241 1289 3388 1346 Mar-

1798 1373 2190 1439 codunanetus,
2229 1375 2504 1441 Atherius,
2543 1375 2852 1441 Narcissus,
2888 1378 3230 1444 Eustachius,
3264 1381 3384 1435 Esi-

1799 1465 1974 1532 chius,
2004 1466 2286 1534 Manicius,
2320 1467 2536 1534 P.=ulus,
2580 1479 2634 1524 et
2674 1471 2881 1536 caeteri,
2913 1485 3142 1540 quorum
3168 1473 3389 1542 nomina

1801 1553 1856 1608 in
1886 1554 2076 1610 Graeco
2098 1555 2210 1624 jam
2253 1558 2500 1627 superius
2525 1558 2889 1624 continentur,
2918 1570 3308 1615 consenserunt
3331 1570 3389 1616 ct

1800 1645 2261 1716 subscripserunt.

2081 1736 2315 1808 Explicit
2347 1737 2633 1795 concilium
2663 1737 3084 1798 Antiochenum.

129 1944 3339 1969 WW4

975 2053 1324 2112 INCIPIUNT
1362 2051 1709 2109 CAPITULA
1745 2053 2040 2111 CONCILll
2089 2055 2480 2112 LAUDICENI.

180 2213 222 2265 1.
253 2211 324 2268 De
350 2211 616 2282 bigamis.

178 2303 221 2357 2.
249 2305 317 2359 De
355 2305 442 2361 bis
488 2303 588 2376 qui
638 2302 975 2360 diversorum
1012 2308 1363 2372 peccatorum
1393 2297 1575 2370 lapsus
1603 2297 1685 2353 in-

126 2401 335 2447 currunt.

180 2479 226 2534 5.
253 2482 324 2538 De
345 2481 628 2554 neophitis
653 2496 758 2538 non
787 2480 1167 2552 promovendis
1203 2481 1270 2534 ad
1298 2479 1681 2535 sacerdotium.

179 2573 225 2627 4.
253 2573 360 2628 Non
395 2573 588 2629 licebit
623 2588 804 2629 coram
844 2571 1255 2628 catechumenis
1288 2570 1516 2625 clericos
1544 2569 1680 2624 fieri.

181 2661 225 2716 5.
252 2661 358 2718 Non
380 2663 556 2719 licere
571 2661 786 2718 clericis
805 2675 1024 2716 usuram
1046 2661 1132 2716 vel
1148 2659 1400 2729 sexcupla
1415 2660 1680 2730 accipere.

179 2749 223 2804 6.
245 2751 350 2806 Non
394 2752 606 2808 debere
653 2751 942 2807 haereticos
982 2751 1036 2807 in
1080 2751 1272 2806 haeresi
1303 2757 1684 2822 permanentes

131 2840 172 2894 in
191 2841 452 2898 ecclesiam
487 2842 727 2914 ingredi.

182 2933 226 2985 7.
262 2933 330 2988 De
357 2933 681 2990 Novatianis
717 2939 774 2987 et
804 2930 1332 2999 Quartodecimanis.

182 3024 226 3078 8.
251 3025 318 3080 De
341 3025 706 3099 Cataphrygis
740 3026 809 3081 ad
834 3024 1130 3083 Ecclesiam
1169 3025 1536 3081 venientibus.

181 3115 224 3169 9.
248 3115 352 3172 Non
389 3119 596 3174 debere
617 3117 934 3182 catholicos,
976 3117 1030 3171 in
1055 3131 1116 3172 ea
1142 3132 1262 3188 qua:
1301 3117 1558 3188 martyt'ia
1583 3131 1678 3172 sua

131 3204 327 3262 haeretici
351 3208 568 3267 dicunt.
611 3208 840 3263 intrare.

183 3300 255 3354 10.
281 3300 389 3358 Νοη
432 3303 638 3358 debere
688 3301 1016 3366 catholicam
1063 3300 1442 3357 haireticorum
1493 3299 1680 3354 matri-

131 3392 277 3447 monio
307 3395 524 3450 sociari.

188 3485 260 3539 11.
288 3486 359 3543 De
389 3486 798 3544 catechumenis
821 3486 1094 3542 Ecclesiae.

184 3576 255 3630 12.
289 3579 358 3634 De
391 3580 713 3637 ordinandis
735 3579 1005 3652 episcopis
1045 3595 1168 3636 cum
1207 3579 1440 3635 concilio
1480 3589 1674 3634 metro-
1701 3591 1746 3652 ο

132 3666 312 3732 politani
341 3682 391 3726 et
419 3671 778 3726 ﬁnitimorum
817 3671 1212 3741 episcoporum.

186 3757 256 3810 15.
279 3757 386 3814 Non
413 3761 584 3817 licere
603 3761 799 3831 populo
823 3761 1101 3815 ministros
1130 3760 1317 3815 altaris
1346 3760 1565 3830 eligere.

1718 2212 1766 2271 B
1863 2209 1954 2264 50.
1984 2208 2124 2264 Nulli
2172 2209 2481 2266 Christiano
2518 2211 2687 2267 licere
2717 2227 2841 2268 cum
2878 2213 3194 2272 mulieribus
3232 2215 3381 2271 lava-

1787 2314 1880 2355 cra
1913 2316 2222 2357 CXCCI‘CGI‘C.

1854 2391 1946 2447 51.
1974 2391 2050 2447 De
2077 2394 2332 2449 cavendis
2359 2392 2736 2449 hzereticorum
2761 2397 3071 2454 connubiis.

1853 2480 1943 2536 52.
1970 2479 2085 2537 Νοη
2118 2480 2280 2538 licere
2314 2483 2382 2537 ab
2408 2483 2677 2538 haereticis
2705 2483 2948 2556 eulogias
2969 2485 3234 2556 accipere.

1852 2568 1942 2624 55.
1978 2568 2095 2626 Non
2141 2571 2335 2626 debere
2368 2586 2491 2626 cum
2526 2572 2826 2640 haereticis,
2875 2582 2970 2629 aut
3012 2575 3378 2633 schismaticis

1783 2676 1964 2716 orare.

1853 2751 1944 2806 54.
1970 2751 2086 2807 Νοιι
2117 2753 2366 2807 eumdem
2388 2753 2454 2808 ad
2485 2753 2652 2810 falsos
2679 2763 2962 2826 martyres.

1852 2841 1941 2896 55.
1975 2841 2090 2897 Νοιι
2137 2842 2300 2899 licere
2349 2843 2688 2900 Christianos
2727 2847 2986 2902 derelicta
3035 2847 3266 2904 ecclesia
3301 2849 3372 2906 ad

1782 2933 2098 3002 angulorum
2129 2935 2575 3005 congregationes
2603 2935 2803 3008 colligi.

1851 3025 1938 3079 56.
1966 3024 2085 3080 Non
2117 3025 2279 3082 licere
2318 3027 2579 3092 clericos,
2622 3043 2828 3100 magos,
2880 3029 2963 3084 vel
3003 3030 3373 3088 incantatores

1780 3131 1920 3180 esse,
1949 3128 2042 3172 aut
2064 3118 2398 3188 pbylacteria
2430 3117 2628 3173 facere.

1851 3207 1938 3261 57.
1971 3205 2087 3260 Non
2133 3208 2296 3263 licere
2336 3209 2404 3264 ab
2435 3209 2706 3265 hmreticis
2752 3210 2838 3265 vel
2879 3209 3081 3268 Judmis
3128 3212 3372 3269 feriatica

1781 3311 1902 3366 quae
1932 3297 2219 3351 mittuntur
2244 3299 2512 3367 accipere.

1850 3385 1940 3441 58.
1973 3384 2087 3441 Non
2119 3386 2284 3442 licere
2313 3404 2341 3442 a
2370 3386 2572 3444 Judaeis
2601 3405 2822 3462 azymas
2853 3393 3120 3463 accipere.

1851 3476 1939 3532 59.
1972 3478 2088 3532 Non
2118 3478 2279 3534 licere
2303 3495 2424 3534 cum
2462 3482 2685 3552 paganis
2710 3481 2847 3536 festa
2873 3483 3170 3540 celebrare.

1848 3568 1935 3622 40.
1983 3567 2278 3640 Episcopos
2322 3570 2391 3625 ad
2441 3572 2704 3642 synodum
2755 3583 2976 3630 vocatos
3013 3591 3119 3630 non
3166 3577 3367 3632 debere

1777 3666 2148 3712 contemnere.

1841 3748 1932 3802 41.
1963 3749 2078 3803 Non
2104 3748 2300 3804 debere
2322 3749 2578 3807 clericum
2606 3752 2688 3808 vel
2711 3753 2908 3809 laicum
2947 3755 3064 3810 sine
3091 3755 3360 3828 epiSCOpis

187 3845 256 3900 14.
288 3847 510 3906 Sanctas
549 3851 856 3906 oblationes
893 3865 990 3920 pro
1031 3849 1257 3919 eulogiis
1296 3851 1348 3904 in
1377 3850 1674 3906 festivitate

1825 3839 2130 3909 :regrinari.

133 3932 337 3994 Pascltali
375 3941 439 3997 ad
470 3943 610 3997 alias
647 3942 934 4012 parochias
972 3956 1079 3998 non
1129 3942 1326 3998 debere
1359 3943 1667 3998 transmitti.

187 4027 259 4081 15.
285 4029 354 4086 De
378 4033 692 4102 psalmistis.

189 4121 259 4175 16.
285 4123 348 4178 Ut
375 4137 620 4183 sanctum
648 4125 997 4198 Evangelium
1028 4124 1280 4181 Sabbatis
1302 4125 1531 4197 legatur.

187 4210 256 4264 l7.
281 4212 514 4274 Psalmos
555 4218 782 4287 sparsim
824 4233 930 4272 non
957 4217 1123 4273 licere
1155 4217 1435 4273 confundi.

188 4298 255 4354 l8.
286 4304 352 4359 De
375 4307 714 4364 orationibus
742 4307 1089 4378 quotidianis.

189 4391 347 4450 l9.l)e
389 4401 582 4455 ordine
615 4399 919 4453 orationum
959 4399 1471 4475 catechumenorum
1511 4409 1670 4472 atque

136 4477 326 4539 ﬁdelium
353 4495 403 4542 ct
429 4489 834 4545 communione.

187 4571 259 4625 20.
288 4575 353 4631 De
382 4579 664 4650 disciplina
702 4589 862 4649 atque
885 4578 1131 4634 molestia
1151 4579 1492 4635 clericorum.

187 4660 260 4717 21.
287 4667 353 4724 De
372 4673 672 4728 ministerio
698 4673 1172 4728 subdiaconorum.

188 4751 260 4807 22.
284 4757 351 4814 De
373 4763 657 4829 ministris,
696 4771 755 4818 ut
788 4763 968 4830 orario
1004 4779 1109 4818 non
1138 4773 1380 4819 utantur.

190 4844 263 4904 25.
290 4851 544 4920 Quoniam
583 4873 689 4913 non
731 4865 943 4929 oportet
979 4856 1210 4915 lectores
1239 4859 1324 4916 vel
1361 4859 1666 4931 psaltnistas

143 4940 282 4996 orario
314 4947 384 5001 uti
408 4959 461 5004 et
482 4949 563 5005 sic
584 4949 786 5022 legere.

147 5115 157 5126 ο
195 5026 266 5084 24.
291 5033 359 5092 De
391 5039 684 5099 lectoribus
727 5050 783 5099 et
809 5041 1128 5114 psalmistis,
1178 5050 1237 5098 ut
1271 5045 1524 5100 tabernas
1561 5059 1667 5103 non

147 5128 321 5181 intrent.

150 5208 270 5349 bet-‘5.
293 5215 393 5276 Non
422 5222 583 5282 licere
611 5223 873 5282 ministris
896 5237 1088 5296 panem
1125 5225 1286 5292 dare,
1323 5234 1418 5282 aut
1443 5225 1665 5283 calicem

203 5303 413 5349 netlimm

203 5303 433 5368 nedicere.

202 5385 272 5441 ‘35-
299 5394 365 5452 De
395 5403 694 5460 exorcistis.

203 5473 275 5534 27.
315 5483 416 5544 Νοη
451 5491 644 5551 debere
689 5495 920 5553 clericos
963 5495 1079 5552 sive
1117 5495 1290 5553 laieos
1329 5496 1396 5552 ad
1443 5511 1666 5570 agapcm

157 5573 328 5628 vocatos
351 5591 517 5646 partes
543 5584 748 5642 tollere.
1202 5587 1207 5591 I

209 5655 279 5712 28.
306 5662 404 5723 Non
428 5673 586 5732 licere
623 5677 676 5731 in
704 5677 950 5745 ecclesiis
977 5679 1261 5736 accubitus
1302 5688 1550 5736 sternere
1586 5678 1672 5736 vel

162 5753 338 5807 “8mm
358 5758 538 5820 facere.

217 5832 284 5890 2ε).
320 5843 416 5906 Non
441 5855 627 5914 debere
654 5857 990 5916 Christianos
1024 5859 1385 5917 sabbatizarc.

1840 3930 1929 3984 42.
1962 3929 2172 3986 Νυιιιιειι
2197 3931 2451 3988 clericum
2484 3934 2680 3989 debere
2714 3934 2831 3989 sine
2856 3935 3097 4007 episcopi
3125 3935 3208 3993 sui
3236 3936 3357 4009 jus-

1772 4021 1922 4076 sione
1953 4023 2288 4093 peregrinari
2311 4032 2365 4077 et
2394 4025 2606 4095 signum
2638 4026 2932 4095 suscipere.

1839 4112 1931 4166 45.
1960 4112 2232 4169 Ministros
2261 4131 2366 4170 non
2392 4117 2586 4171 debere
2616 4117 2684 4171 ab
2715 4117 2908 4172 hostiis
2941 4120 3218 4173 recedere.

1839 4203 1931 4256 44.
1961 4203 2075 4258 Non
2127 4216 2342 4274 oportet
2379 4222 2476 4275 per
2503 4208 2640 4262 duas
2681 4208 3012 4278 septimanas
3044 4209 3356 4282 Quadrage—

1771 4299 1922 4353 simze
1951 4297 2184 4368 aliquem
2216 4301 2284 4354 ad
2317 4301 2641 4371 baptismum
2674 4303 2970 4372 suscipere.

1839 4389 1929 4443 45.
1962 4387 2078 4443 Νοη
2102 4390 2299 4445 debere
2329 4390 2607 4445 mulierem
2637 4391 2845 4461 ingredi
2878 4393 2945 4448 ad
2969 4393 3160 4450 altare.

1838 4479 1928 4535 46.
1951 4480 2309 4550 Baptizandos
2334 4483 2529 4538 debere
2561 4483 2867 4554 symbolum
2896 4485 3020 4541 ﬁdei
3065 4495 3121 4541 et
3143 4485 3358 4544 discere

1768 4587 1823 4632 et
1848 4577 2095 4633 reddere.

1838 4667 1928 4722 47.
1965 4667 2043 4724 De
2063 4669 2147 4724 his
2171 4669 2262 4738 qui
2291 4669 2343 4723 in
2365 4670 2684 4740 aegritudine
2709 4670 3073 4742 baptizantur.

1837 4759 1926 4813 48.
1961 4759 2096 4826 Quia
2123 4770 2244 4830 post
2265 4762 2591 4831 baptismum
2620 4762 3028 4818 chrismandum
3051 4768 3154 4814 est.

1836 4847 1927 4904 49.
1966 4848 2022 4902 ln
2045 4849 2468 4920 Quadragesima
2498 4848 2735 4908 Sabbato
2760 4859 2968 4907 tantum
2997 4859 3051 4907 et
3075 4848 3352 4905 Dominica

1694 4947 1746 5008 ι)
1771 4938 2104 4995 oll'erendttm
2143 4949 2247 4997 est.

1841 5028 1930 5084 50.
1957 5028 2073 5084 Non
2100 5029 2262 5087 licere
2288 5032 2532 5102 quintam
2561 5031 2752 5090 feriam
2787 5031 3101 5103 septimana:
3129 5029 3355 5102 majoris

1762 5119 1954 5192 jejunii
1994 5122 2128 5178 solvi

1839 5212 1927 5268 5-1.
1958 5212 2074 5268 Non
2121 5213 2317 5270 debere
2348 5215 2400 5270 in
2439 5214 2854 5288 Quadragesima
2890 5217 2993 5274 nisi
3032 5217 3269 5276 Sabbato
3297 5226 3356 5273 et

1774 5301 2053 5358 Dominica
2079 5304 2320 5359 natalitia
2347 5317 2644 5376 martyrum
2669 5306 2964 5364 celebrare.

1844 5393 1936 5449 52.
1959 5393 2075 5450 Non
2099 5395 2262 5451 licere
2293 5397 2505 5466 nuptias
2538 5397 2652 5452 ﬁeri
2687 5397 2741 5452 in
2765 5397 3207 5472 Quadragesima.

1846 5488 1937 5544 55.
1968 5488 2084 5545 Non
2113 5489 2274 5545 licere
2311 5487 2650 5546 Christianos
2672 5492 2740 5547 ad
2765 5494 2982 5563 nuptias
3003 5502 3193 5549 euntes
3223 5507 3352 5545 eam

1775 5589 1894 5639 tare
1923 5592 2017 5636 aut
2052 5583 2254 5638 balare.

1844 5673 1933 5728 54.
1960 5672 2075 5727 Non
2113 5673 2280 5728 licere
2309 5673 2584 5730 ministros
2620 5675 2806 5732 altaris
2832 5677 2913 5733 vel
2939 5683 3160 5731 caeteros
3189 5688 3357 5743 quos-

1774 5764 1903 5820 libet
1933 5765 2252 5834 spectaculis
2280 5781 2397 5835 (ιιιτο
2431 5767 2482 5821 in
2513 5769 2740 5838 nuptiis,
2783 5779 2874 5823 aut
2912 5770 2962 5824 in
2996 5767 3171 5823 scenis
3201 5767 3353 5821 exhi-

1773 5859 1969 5913 bentur
1992 5857 2273 5912 interesse.
