3926 6440
581 332 684 390 287

1385 333 1672 392 APPEND.
1715 338 1807 392 AD
1845 338 2018 395 SIEC.
2060 341 2150 397 IX.
2193 372 2261 383 -—
2296 343 2546 405 ISIDORI
2585 351 3027 416 MERCATORIS
3705 368 3781 434 Μ

649 442 737 499 55.
767 442 885 499 Non
917 443 1113 500 debere
1141 443 1399 554 clericum
1444 446 1525 501 vel
1559 445 1752 501 laicum
1786 446 2156 505 Christianum
2184 456 2234 515 Α
2332 454 2421 513 58.
2455 445 2592 517 'Non
2642 476 2855 535 oportet
2901 469 2954 524 in
3002 472 3248 530 domibus
3307 476 3375 531 ab
3422 478 3671 554 episcopis
3724 462 3781 546 τε)

576 547 642 588 ex
669 534 933 605 symbolis
966 534 1211 591 convivia
1243 531 1537 591 celebrare.

644 617 733 676 56.
768 623 883 678 Non
931 632 1144 695 oportet
1179 625 1523 695 presbyteros
1552 633 1675 679 ante
1715 625 2015 697 ingressum
2041 628 2156 700 epi-

575 714 721 783 scopi
756 713 980 784 ingredi,
1012 724 1104 769 aut
1133 716 1321 771 sedere
1351 716 1404 770 in
1430 716 1808 772 tribunalibus.
2030 783 2034 786 ,

644 802 734 856 57.
762 802 876 858 Νοη
924 804 1120 860 debere
1150 803 1203 859 in
1247 804 1384 861 vicis
1409 814 1464 860 et
1509 805 1651 861 villis
1693 806 1975 877 episcopos
2002 806 2150 864 ordi-

574 906 722 957 nare,
761 909 935 961 neque
968 896 1314 968 presbyteros
1351 897 1468 953 sine
1497 905 1766 969 praecepto
1806 898 1890 953 vel
1928 900 2152 957 consilio

570 981 805 1052 episcopi
835 983 1034 1054 aliquid
1061 1000 1241 1055 agere.

2259 547 2594 620 presbyteris
2619 554 2944 613 oblationem
2976 558 3116 616 ﬁeri.

2330 638 2420 695 59.
2458 640 2574 696 Non
2607 642 2769 700 licere
2811 647 3047 717 psalmos
3087 652 3154 707 ab
3193 653 3373 710 idiotis
3411 661 3710 729 compositos
3742 665 3779 721 in

2258 729 2487 787 ecclesia
2526 732 2657 803 dici,
2706 752 2808 793 nec
2839 736 3003 797 libros
3039 742 3129 813 qui
3159 759 3264 800 non
3303 755 3430 802 sunt
3470 751 3693 808 canonici
3724 754 3770 810 le-

2260 836 2405 894 gere.

1515 1205 1808 1268 INCIPIT
1853 1207 2289 1272 CONCILIUM
2333 1212 2881 1278 LAUDICENUM.

638 1366 837 1425 Sancw
889 1369 1148 1438 synodus,
1192 1383 1310 1438 quae
1351 1369 1490 1440 apud
1522 1369 1857 1428 Laodicaaam
1902 1372 2148 1449 Phrygiae

564 1458 824 1526 pacativzc
852 1458 1102 1512 convenit
1124 1474 1191 1513 ex
1220 1459 1447 1516 diversis
1475 1462 1771 1530 provinciis
1796 1463 1957 1531 Asia},
1990 1481 2146 1537 regu-

565 1546 643 1602 las
672 1544 921 1617 exposuit
960 1544 1382 1617 ecclesiasticas,
1417 1552 1556 1607 sicut
1582 1552 1721 1608 infra
1753 1555 2010 1625 scriptum
2038 1566 2140 1614 est.

633 1637 762 1691 Car.
778 1637 817 1691 I.
836 1637 910 1692 De
923 1653 987 1693 eo
1002 1640 1141 1708 quod
1157 1648 1388 1709 oportet,
1405 1643 1697 1697 secundum
1714 1644 2139 1703 ecclesiasticum

2319 1377 2408 1432 XI.
2439 1378 2544 1436 Eos
2583 1381 2674 1450 qui
2718 1383 2784 1437 ad
2812 1383 3109 1441 Ecclesiam
3138 1387 3411 1458 pertinent
3456 1391 3773 1459 indifferenter

2247 1466 2386 1524 ﬁlios
2423 1471 2670 1540 proprios
2714 1471 3092 1531 haereticorum
3124 1478 3329 1549 nuptiis
3363 1481 3579 1540 minime
3612 1490 3776 1546 sociare

2245 1557 2464 1614 debere.

2313 1643 2426 1702 XII.
2452 1644 2776 1723 Episcopum
2819 1669 2926 1709 non
2949 1664 3163 1726 oportet
3196 1669 3395 1729 praeter
3423 1662 3661 1732 judicium
3687 1684 3773 1724 mc-

1194 1708 1207 1709 κ
2500 1708 2515 1720 .
2651 1708 2667 1723 .
2870 1708 2875 1709 ν
2918 1708 2925 1709 γ
3196 1708 3384 1729 Γπ---
3423 1708 3661 1732 “nam...
3687 1708 3773 1724 ...ν-

563 1740 823 1781 canonem
851 1742 945 1782 eos
973 1727 1061 1797 qui
1108 1727 1278 1783 libere
1315 1737 1369 1784 et
1396 1728 1634 1801 legitime
1662 1735 1914 1790 secundis
1941 1737 2140 1807 nuptiis
2171 1708 2215 1767 Β
2244 1741 2687 1811 tropolitanorum
2715 1754 2770 1800 et
2791 1743 3139 1803 ﬁnitimorum
3163 1750 3533 1821 episcoporum
3567 1759 3774 1814 constitui

560 1812 729 1883 iuncti
753 1828 898 1882 sunt,
924 1831 1023 1871 nec
1043 1817 1308 1873 occultam
1336 1820 1741 1889 permistionem
1766 1824 1972 1893 cperati
1995 1833 2139 1891 sunt,

558 1922 732 1979 pauco
762 1917 1002 1979 tempore
1027 1918 1275 1978 exempto
1318 1924 1516 1964 vacare
1553 1912 1890 1969 orationibus
1918 1922 1973 1969 et
2005 1911 2144 1983 jeju-

558 1996 684 2063 niis,
715 2006 769 2052 et
800 1997 1094 2054 secundum
1122 1998 1336 2052 veniam
1380 1997 1535 2055 reddi
1572 2001 1653 2055 eis
1679 2003 2141 2058 communionem.

630 2086 695 2142 11.
712 2087 804 2143 His
820 2088 912 2158 qui
930 2088 1264 2145 diversorum
1287 2098 1632 2157 peccatorum
1656 2090 1839 2162 lapsus
1860 2091 2143 2148 incurrunt

558 2189 613 2234 et
637 2180 904 2245 oratione,
935 2178 1276 2235 confessione
1300 2196 1361 2234 ac
1381 2182 1696 2251 poenitentia
1722 2184 1985 2240 malorum
2018 2201 2145 2241 suo-

559 2285 678 2324 rum
724 2270 1021 2340 perfectam
1075 2273 1543 2329 conversationem
1595 2274 1988 2345 demonstrant,
2040 2292 2142 2349 pro

557 2357 820 2428 qualitate
852 2360 1088 2430 peccati,
1134 2361 1464 2431 pmnitentize
1504 2372 1711 2435 tempus
1740 2365 2137 2424 attribuendum

556 2454 640 2503 est
682 2457 905 2518 propter
951 2450 1380 2506 misericordiam
1434 2461 1490 2508 et
1524 2455 1821 2511 bonitatem
1867 2457 1984 2514 Dei.
2035 2459 2138 2526 Qui

554 2550 687 2611 ergo
714 2537 1022 2608 huiusmodi
1050 2548 1176 2595 sunt
1205 2543 1493 2599 revocandi
1523 2553 1579 2600 et
1615 2546 1681 2601 ad
1702 2534 2138 2606 communionem

553 2637 680 2684 sunt
711 2628 1039 2699 applicandi.

623 2717 709 2772 III.
735 2718 853 2774 Non
877 2728 1090 2789 oportet
1109 2720 1436 2793 neophytum
1456 2727 1764 2794 “promoveri
1794 2728 1861 2784 ad
1891 2729 2137 2787 ordinem

554 2807 966 2862 sacerdotalem.

622 2893 710 2949 IV.
744 2893 859 2950 Non
888 2895 1053 2953 licere
1080 2913 1274 2954 manus
1308 2899 1653 2971 impositione
1690 2918 1852 2974 super
1881 2905 2135 2963 ordinan-

555 2985 651 3040 dos
681 2986 1036 3054 praesentibus
1065 2990 1471 3046 catechumenis
1504 2992 1641 3048 ﬁeri.

626 3076 691 3131 V.
740 3074 858 3131 Non
899 3076 1064 3134 licere
1112 3077 1355 3135 fenerare
1398 3082 1662 3140 ministris
1708 3086 1925 3157 altaris,
1963 3091 2047 3146 vel
2078 3092 2131 3147 in

552 3165 873 3222 sacerdotali
917 3168 1110 3225 ordine
1139 3173 1467 3239 constitutis,
1498 3174 1584 3230 vel
1623 3192 1815 3235 usuras
1839 3181 1923 3236 vel
1959 3181 2129 3249 lucra,

551 3271 672 3326 qua:
697 3257 951 3328 sexcupla
982 3258 1253 3327 dicuntur,
1291 3262 1560 3332 accipere.

622 3347 708 3405 VI.
741 3346 857 3403 Non
881 3349 1279 3406 concedendum
1308 3352 1577 3410 haereticis
1612 3355 1915 3427 ingressum
1941 3361 2133 3420 domus

551 3435 647 3491 Dei
679 3437 732 3492 in
762 3438 951 3494 haresi
982 3443 1443 3510 permanentibus.

620 3525 731 3582 VII.
754 3525 1082 3584 Novatianos
1107 3529 1192 3585 vel
1218 3531 1382 3588 etiam
1420 3533 1959 3608 Quartodecimanos,
1996 3556 2133 3613 quos

546 3614 722 3673 Graeci
790 3616 1419 3680 Thesserescedecatires
1467 3626 1762 3696 appellant,
1809 3630 1862 3686 id
1902 3641 2004 3699 est,
2039 3636 2131 3704 qui

547 3706 953 3776 quartadecima
983 3707 1109 3765 luna
1139 3711 1297 3781 primi
1322 3716 1523 3772 mensis
1552 3732 1675 3772 cum
1703 3717 1902 3776 Iudaeis
1924 3722 2130 3779 Pascha

547 3796 843 3864 celebrant,
890 3798 986 3854 sed
1011 3809 1067 3854 et
1105 3803 1522 3860 catechumenos
1570 3821 1759 3865 eorum
1804 3811 1991 3869 ﬁdeles
2023 3829 2130 3871 non

547 3889 736 3960 recipi,
767 3891 1083 3961 priusquam
1122 3895 1484 3949 condemnent
1526 3910 1742 3951 omnem
1785 3898 2034 3957 hzercsim
2074 3903 2129 3959 in

548 3995 653 4050 qua
679 3981 1093 4050 detinebantur,
1122 3982 1433 4054 plenissime
1466 3995 1647 4042 autem
1695 3998 1821 4045 ante
1864 3993 2045 4048 omnia
2076 4002 2130 4050 et

548 4087 691 4128 nunc
719 4073 810 4144 qu'i
856 4073 995 4144 apud
1022 4089 1115 4130 eos
1150 4075 1336 4132 ﬁdeles
1364 4077 1618 4134 dicuntur
1655 4081 1957 4152 symbolum
2006 4086 2130 4143 ﬁdei

547 4163 862 4230 doceantur,
894 4173 1058 4236 atque
1093 4166 1170 4221 ita
1198 4176 1390 4223 unctos
1430 4169 1593 4225 etiam
1621 4181 1808 4228 sancto
1834 4174 2131 4235 chrismate

547 4253 731 4309 divino
755 4264 1097 4311 sacramento
1124 4259 1522 4315 communicare
1546 4264 1815 4318 convenit.

619 4343 751 4399 VIII.
781 4345 889 4402 Eos
916 4346 1008 4416 qui
1047 4357 1438 4404 convertuntur
1464 4350 1532 4405 ab
1561 4352 1752 4408 haeresi
1779 4370 1898 4425 quze
1926 4356 2126 4414 dicitur

546 4432 1064 4508 Cataprhrygarum,
1104 4437 1198 4508 qui
1226 4453 1286 4494 se
1316 4438 1370 4493 in
1409 4438 1556 4497 clero
1590 4444 1911 4502 constitutos
1938 4448 2125 4503 existi-

548 4536 718 4593 mant,
752 4530 1000 4597 quamvis
1023 4531 1201 4602 magni
1229 4530 1482 4588 dicantur
1504 4534 1808 4605 huiusmodi
1835 4552 1957 4593 cum
1980 4542 2127 4596 omni

545 4614 821 4687 diligentia
850 4618 1169 4673 catechizari
1199 4629 1409 4689 oportet
1423 4630 1477 4676 et
1498 4623 1759 4694 baptizari
1782 4627 1849 4683 ab
1874 4627 2128 4686 Ecclesiae

543 4704 825 4761 catholica:
853 4707 1121 4778 episcopis
1148 4721 1204 4764 et
1230 4712 1585 4782 presbyteris.

614 4796 705 4851 IX.
738 4796 854 4853 Non
881 4800 1353 4855 concedendumin
1373 4805 1707 4870 cmmeteria,
1733 4806 1817 4863 vel
1839 4824 1960 4879 quae
1983 4826 2129 4866 mar-

546 4886 684 4957 tyria
735 4887 1113 4943 haereticorum
1176 4890 1470 4957 dicuntur,
1519 4894 1814 4950 catholicos
1864 4900 2126 4956 orationis

543 4975 716 5046 gratia
739 4983 794 5029 et
814 4976 1058 5046 petendae
1084 4979 1382 5035 curationis
1425 4982 1649 5038 intrare.
1691 4983 1796 5039 Sed
1840 4995 1895 5041 et
1920 4988 2009 5057 qui
2050 4988 2125 5042 ie-

545 5074 695 5128 ruut,
744 5065 789 5120 si
838 5075 964 5121 sunt
1008 5067 1212 5134 ﬁdeles,
1268 5069 1802 5131 incommunicabiles
1836 5076 2010 5133 factos
2054 5078 2124 5134 ad

542 5152 910 5223 pmnitentiam
943 5172 1110 5226 usque
1141 5158 1210 5213 ad
1235 5158 1449 5229 aliquod
1494 5171 1703 5232 tempus
1728 5165 1915 5236 redigi,
1946 5169 2121 5235 pumi-

542 5250 722 5297 tentes
778 5254 959 5301 autem
1010 5262 1104 5304 eos
1157 5257 1213 5304 et
1265 5264 1489 5306 errasse
1541 5252 1864 5311 conﬁtentes
1920 5257 2120 5329 suscipi

538 5344 780 5405 oportet.

612 5439 681 5498 X.
700 5443 1078 5516 Mulieresqute
1097 5449 1236 5519 apud
1261 5450 1476 5509 Graecos
1490 5454 1818 5526 presbyterio
1839 5457 2117 5528 appellan-

539 5540 651 5599 tur,
700 5535 840 5604 apud
863 5551 959 5592 vos
992 5537 1182 5602 viduae,
1222 5541 1462 5599 seniores
1507 5544 1749 5617 univirae,
1790 5547 2119 5604 matricurim

538 5625 895 5694 appellantur,
943 5626 997 5683 in
1026 5628 1264 5688 Ecclesia
1300 5641 1551 5705 tanquam
1583 5637 1895 5693 ordinantes
1917 5640 2118 5694 consti—

537 5715 618 5767 tui
649 5730 754 5771 non
784 5716 998 5775 debere.

2242 1832 2310 1887 ad
2337 1833 2593 1890 Ecclesiae
2633 1836 3019 1908 principatum,
3048 1855 3149 1896 nec
3182 1842 3451 1914 eligantur
3471 1846 3567 1902 nisi
3601 1850 3649 1903 hi
3670 1865 3772 1919 quos

2242 1922 2411 1978 multo
2440 1933 2565 1978 ante
2592 1934 2719 1980 nota
2757 1928 3157 1999 probabilisque
3203 1934 3316 1987 vita
3346 1939 3679 1993 commendat.
3727 1939 3774 1994 Et

2241 2011 2592 2069 nihilominus
2620 2014 2664 2068 si
2692 2014 2747 2069 in
2787 2030 3037 2073 sermone
3084 2019 3209 2076 ﬁdei
3239 2029 3300 2077 et
3340 2033 3485 2080 recta
3509 2027 3772 2097 operatione

2240 2116 2340 2171 per
2367 2116 2519 2157 suam
2546 2106 3009 2163 conversationem
3033 2108 3233 2165 fuerint
3251 2114 3485 2183 probati.

2311 2186 2446 2249 XIII.
2472 2195 2548 2251 De
2568 2211 2632 2251 eo
2659 2199 2802 2266 quod
2828 2214 2933 2255 non
2964 2201 3034 2256 sit
3058 2204 3271 2274 papulis
3294 2202 3670 2264 concedendum
3690 2210 3770 2266 ele-

2239 2285 2472 2340 ctionem
2496 2285 2675 2343 facere
2703 2302 2890 2345 eorum
2912 2292 3002 2361 qui
3032 2292 3223 2351 altaris
3250 2296 3547 2355 ministerio
3572 2310 3680 2356 sunt
3700 2317 3770 2373 ap-

2237 2375 2492 2444 phcandb

2306 2466 2447 2524 XIV.
2482 2467 2711 2526 Sanctas
2750 2472 3050 2530 oblationes
3076 2477 3144 2533 ad
3172 2478 3352 2537 vicem
3373 2481 3679 2555 eulogiarum
3697 2498 3768 2554 per

2238 2556 2586 2615 festivitatem
2616 2561 2931 2620 Paschalem
2973 2565 3041 2622 ad
3067 2567 3202 2626 alias
3226 2574 3519 2641 parochias
3545 2575 3668 2630 mitti
3688 2575 3764 2630 mi-

2238 2647 2382 2702 nime
2406 2658 2638 2719 oportet.

2307 2732 2423 2791 XV.
2454 2736 2570 2792 Non
2595 2737 2758 2795 licere
2786 2751 2985 2811 praeter
3021 2746 3314 2804 canonicos
3337 2750 3565 2820 psalmos
3589 2751 3675 2808 nisi
3696 2752 3764 2822 qui

2237 2824 2561 2896 regulariter
2604 2838 2858 2887 cantores
2904 2835 3175 2903 existunt,
3240 2840 3337 2909 qui
3384 2855 3502 2911 quae
3547 2843 3764 2913 pulpitum

2243 2916 2547 2971 ascendunt
2574 2928 2629 2974 et
2675 2921 2741 2976 de
2778 2922 2963 2979 codice
3000 2921 3187 2997 legunt
3222 2929 3414 2998 alium,
3445 2933 3703 3002 quemlibet
3723 2930 3762 2985 ia

2240 3006 2464 3061 ecclesia
2492 3009 2742 3078 psallere.

2306 3096 2446 3153 XVI.
2472 3097 2728 3159 Sabhatis
2760 3103 3047 3177 Evangelia
3088 3123 3213 3166 cum
3266 3111 3390 3170 aliis
3420 3112 3684 3186 Scripturis
3703 3114 3761 3171 le-

2233 3190 2404 3258 genda
2432 3204 2552 3246 esse
2580 3206 2883 3250 censemus.

2303 3278 2464 3336 XVII.
2492 3282 2549 3338 In
2576 3286 3008 3354 processionibus
3036 3304 3140 3346 non
3161 3302 3506 3362 connectere,
3537 3295 3586 3351 id
3608 3304 3694 3363 est,
3713 3309 3760 3350 ex

2233 3368 2460 3427 diversis
2487 3374 2733 3431 versibus
2756 3385 2813 3431 et
2847 3379 3097 3435 sensibus
3125 3381 3244 3438 libri
3270 3384 3323 3439 in
3349 3401 3509 3441 unum
3542 3388 3760 3441 canticum

2233 3459 2453 3517 minime
2474 3460 2823 3535 conjungere.
2873 3465 2980 3523 Sed
3007 3469 3342 3541 singulorum
3369 3475 3672 3545 psalmorum
3690 3490 3760 3532 or-

2232 3550 2543 3607 diuabiIiter
2571 3554 2770 3611 debere
2794 3556 2914 3613 ﬁeri
2940 3557 3248 3617 lectionem.

2299 3667 2413 3739 68
2448 3666 2628 3724 XVIII.
2657 3670 2729 3725 De
2757 3684 2822 3727 eo
2846 3674 2989 3744 quod
3014 3690 3227 3748 semper
3251 3680 3646 3751 supplicationes
3662 3694 3759 3736 ora-

2233 3761 2459 3829 tionum,
2503 3773 2559 3819 et
2583 3762 2649 3819 ad
2677 3765 2868 3821 horam
2908 3782 3105 3823 nouam
3147 3778 3203 3825 et
3243 3784 3540 3845 vesperam,
3590 3777 3758 3845 oportet

2232 3855 2519 3912 celebrari.
3340 3880 3344 3884 ·

2302 3943 2443 3999 XIX.
2485 3944 2751 4013 Quoniam
2781 3950 3298 4010 catechumenorum
3338 3956 3619 4012 orationem
3642 3966 3757 4023 sepao

2231 4035 2394 4091 ratim
2424 4045 2479 4092 et
2498 4038 2654 4107 prius
2680 4042 2969 4110 prostratis
3014 4044 3097 4100 eis
3139 4046 3453 4119 episcopum
3486 4054 3674 4118 Oportet
3693 4058 3756 4099 ce-

2230 4128 2464 4186 lebrare.
2498 4132 2706 4199 Quibus
2749 4138 2984 4206 egressis
3012 4147 3170 4194 orent
3202 4140 3367 4196 etiam
3395 4141 3452 4197 hi
3478 4140 3562 4211 qui
3594 4141 3640 4196 in
3664 4150 3753 4208 pte-

2230 4220 2455 4277 nitentia
2482 4231 2607 4278 sunt
2648 4227 2945 4282 constituti.
2994 4228 3061 4283 Et
3106 4238 3227 4301 post
3273 4247 3461 4288 manus
3502 4229 3753 4301 impositio»

2232 4328 2377 4379 nem,
2426 4314 2512 4369 his
2533 4301 2757 4386 quoque
2805 4319 3239 4389 abscedentibus,
3279 4333 3408 4380 tunc
3434 4323 3604 4380 ﬁdeles
3628 4334 3753 4376 orare

2153 4408 2205 4467 D
2231 4406 2520 4462 debebunt.
2551 4408 2791 4475 Quorum
2823 4420 2932 4466 tres
2955 4415 3228 4471 orationes
3251 4416 3402 4484 ﬁant,
3435 4433 3531 4473 una
3554 4415 3750 4485 quidem.

2230 4495 2284 4552 id
2313 4505 2396 4551 est
2425 4496 2616 4566 prima,
2666 4513 2762 4570 per
2801 4501 3095 4569 silentium,
3127 4507 3363 4561 secunda
3384 4522 3510 4562 vero
3532 4514 3583 4561 et
3605 4501 3749 4561 tertia,

2229 4602 2328 4657 per
2358 4589 2508 4644 vocis
2534 4591 3048 4659 pronuntiationem,
3079 4604 3135 4650 et
3161 4606 3287 4652 tunc
3315 4598 3522 4652 domum
3551 4591 3748 4650 oscolum

2226 4680 2380 4749 pacis
2408 4681 2539 4736 dare
2569 4683 2785 4738 debere.
2822 4684 2891 4738 Et
2912 4694 3101 4754 postea
3150 4702 3309 4758 quam
3348 4685 3629 4758 presbyteri
3663 4681 3750 4750 θρί-

2227 4786 2392 4841 scopo
2438 4787 2628 4841 pacem
2681 4774 2949 4841 dederint,
2999 4784 3123 4832 tunc
3165 4777 3327 4832 etiam
3370 4777 3531 4833 laicos
3570 4776 3680 4829 dare
3706 4776 3747 4821 et

2228 4873 2356 4919 tunc
2406 4865 2608 4921 oblatio
2652 4863 2933 4933 oﬂ‘eratur,
2961 4865 3091 4922 solis
3119 4878 3299 4924 autem
3328 4868 3575 4924 ministris
3598 4858 3745 4918 altaris

2222 4950 2386 5008 liceat
2407 4952 2614 5024 ingredi
2640 4955 2708 5008 ad
2747 4954 2918 5011 altare
2944 4966 3001 5012 et
3025 4956 3223 5012 ibidem
3252 4954 3648 5014 communicare.

2296 5064 2415 5119 XX.
2473 5065 2736 5133 Quoniam
2795 5083 2903 5123 non
2970 5077 3186 5139 oportet
3243 5065 3535 5126 diaconum
3590 5060 3742 5119 sedere

2223 5164 2351 5211 ante
2374 5157 2769 5228 presbyterum,
2799 5158 2892 5215 sed
2913 5173 2979 5214 ex
2996 5158 3245 5228 jussione
3261 5155 3553 5232 presbyteri
3577 5151 3738 5247 sedeat.

2222 5246 2472 5302 similiter
2497 5257 2674 5303 autem
2702 5248 3087 5305 honoriﬁcetur
3111 5259 3165 5305 et
3190 5251 3445 5308 diaconus
3468 5265 3498 5304 a
3522 5242 3740 5303 ministris

2222 5338 2569 5395 inferioribus
2596 5348 2654 5396 et
2681 5341 2931 5397 omnibus
2959 5341 3188 5398 clericis.

2288 5450 2431 5506 XXI.
2473 5450 2737 5518 Quoniam
2788 5468 2918 5512 nou.
2949 5463 3163 5525 oportet
3213 5453 3559 5511 subdiaconos
3604 5446 3736 5500 licen-

2220 5545 2351 5599 tiam
2384 5546 2580 5601 habere
2626 5546 2679 5601 in
2721 5547 3098 5615 secretarium,
3130 5549 3243 5605 sive
3271 5548 3571 5608 sacrarium,
3600 5530 3732 5609 (ηυοά

2218 5634 2392 5691 Graeci
2449 5637 2759 5693 diaconicon
2806 5639 3095 5713 appellant)
3138 5641 3362 5714 ingredi,
3390 5649 3444 5696 et
3467 5635 3732 5700 contingere

2223 5743 2348 5784 vasa
2379 5726 2673 5784 Dominica.
