3926 6434
112 420 207 477 289

1278 384 1772 460 assumamus
1808 399 2209 458 COLLEC‘I‘IO.

3234 391 3349 447 ω
3391 355 3398 361 .

177 525 331 584 XXII.
373 523 674 579 Ministrnm
704 532 812 574 non
841 522 1055 588 oportet
1078 512 1279 572 orariis
1312 514 1412 580 uti,
1449 527 1550 569 nec
1570 513 1668 567 bo-
1694 514 1742 572 Λ
1773 511 1957 567 reticis
1990 513 2232 568 Ieriatica
2269 523 2390 582 quae
2429 510 2719 567 mittuntur
2768 508 3032 581 accipere,
3079 518 3182 563 nec
3223 517 3347 560 cum

114 622 204 677 stia
232 616 624 683 derelinquere.

64 780 67 787 .
173 728 348 783 XXIII.
387 723 652 791 Quoniam
704 736 811 776 non
856 726 1073 790 oportet
1119 718 1353 773 lectores
1396 723 1488 770 aut
1531 730 1674 786 psal—

72 832 83 842 ‘
114 819 286 876 mistas
312 815 508 869 orariis
536 812 634 873 uti,
666 821 721 865 et
746 810 826 864 sic
851 809 1032 877 legere
1063 815 1156 861 aut
1180 807 1462 876 psallere.-
1576 808 1583 812 ’

172 926 350 984 XXIV.
390 924 655 991 Quoniam
704 936 808 975 non
858 927 1073 989 oportet
1103 918 1332 973 clericos
1380 915 1677 971 servientes

116 1038 141 1076 a
166 1016 485 1091 presbyteris
513 1027 682 1082 usque
714 1013 779 1065 ad
803 1010 1081 1071 diaconos,
1107 1017 1162 1062 et
1190 1008 1443 1075 deinceps
1472 1004 1678 1059 ordinis

116 1105 448 1164 ecclesiastici
474 1117 662 1157 omnes
685 1114 855 1169 usque
884 1100 951 1153 ad
979 1098 1276 1156 ministros.
1306 1104 1399 1149 aut
1425 1094 1677 1155 lectores,

117 1210 195 1255 aut
222 1198 544 1269 psalmistas,
589 1202 684 1249 aut
726 1193 1047 1254 exorcistas,
1099 1197 1193 1242 aut
1234 1187 1548 1248 bestiarios,
1589 1192 1683 1238 aut

118 1293 258 1344 etiam
286 1304 379 1343 eos
413 1286 504 1356 qui
546 1286 600 1339 in
643 1282 919 1355 proposito
949 1278 1294 1335 continentize
1324 1285 1471 1341 sunt,
1501 1276 1686 1330 taber-

124 1396 207 1434 nas
234 1380 457 1432 intrare.

175 1466 339 1523 XXV.
378 1464 498 1520 Non
528 1470 743 1534 oportet
767 1462 1044 1518 diaconem
1066 1472 1261 1530 panem
1294 1456 1443 1523 dare,
1464 1470 1565 1511 nec
1585 1469 1684 1511 ca-

120 1560 255 1614 licem
282 1556 626 1611 benedicere.

189 1648 365 1705 XXVI.
422 1647 542 1702 Non
579 1654 791 1717 oportet
819 1660 948 1715 ergo
975 1644 1286 1701 exorcizare
1312 1655 1408 1697 eos
1436 1640 1527 1711 qui
1559 1653 1686 1695 nec-

124 1743 229 1796 dum
253 1741 322 1794 ab
339 1739 617 1809 episcopis
659 1744 788 1793 sunt
829 1734 1095 1807 provecti,
1145 1748 1322 1803 neque
1360 1732 1415 1786 in
1443 1731 1689 1787 ecclesiis

126 1847 276 1901 neque
300 1831 443 1883 intra
474 1830 686 1883 domos.

181 1919 375 1975 XXVII.
418 1918 537 1972 Non
574 1924 789 1987 oportet
815 1916 1093 1970 ministros
1130 1913 1443 1972 altaris.vel
1479 1911 1680 1982 quosli—

126 2011 201 2067 bet
225 2010 622 2065 ecclesiasticos
644 2007 714 2061 ad
742 2021 966 2076 agapem
992 2014 1229 2069 vocatos,
1257 2012 1442 2074 partes
1469 2002 1678 2067 tollere,

128 2108 319 2168 propter
349 2096 606 2165 injuriam
636 2110 756 2164 qua:
778 2110 845 2149 ex
877 2094 978 2148 hac
1005 2093 1292 2149 occasione
1313 2091 1682 2147 ecclesiastico

128 2189 277 2243 ordini
305 2187 476 2258 possit
507 2184 780 2255 deputari.

187 2278 401 2333 XXVIII.
453 2276 575 2331 Non
631 2282 848 2346 oportet
898 2275 953 2329 in
1004 2272 1245 2328 basilicis
1294 2287 1389 2329 seu
1439 2271 1684 2328 ecclesiis

131 2388 321 2442 agapem
360 2372 570 2435 facere,
612 2377 669 2424 et
724 2369 873 2423 intus
925 2366 1257 2421 manducare
1290 2365 1372 2420 vel
1405 2364 1685 2420 accubitus

130 2472 357 2517 sternere.

189 2551 357 2605 XXIX.
399 2552 524 2606 Non
576 2559 791 2621 oportet
835 2550 1176 2606 Christianos
1206 2548 1487 2620 judaizare
1533 2556 1590 2602 et
1633 2547 1687 2601 in

136 2641 337 2697 Sabbato
375 2657 509 2697 vaca
522 2657 602 2708 re,
639 2643 732 2698 sed
770 2643 984 2712 operari
1016 2655 1111 2695 eos
1142 2642 1194 2695 in
1229 2642 1418 2696 eadem
1448 2640 1554 2702 die,
1586 2639 1680 2694 Do-

134 2732 350 2785 minicam
396 2732 770 2802 prarponendo
788 2732 964 2786 eidem
1001 2730 1129 2785 diei.
1163 2729 1220 2785 Si
1250 2731 1354 2785 huc
1384 2730 1462 2784 eis
1493 2728 1687 2799 placet,

134 2833 297 2875 vacent
343 2830 609 2891 tanquam
638 2821 958 2876 Christiani.
992 2820 1147 2888 Quod
1176 2820 1222 2875 si
1250 2819 1453 2874 inventi
1488 2817 1691 2873 fuerint

130 2908 392 2977 judaizare,
424 2913 724 2966 anathema
750 2911 880 2966 sint.

193 3021 342 3077 XXX.
382 3023 656 3090 Quoniam
709 3039 815 3079 non
866 3032 1081 3095 oportet
1129 3024 1413 3080 ministros
1466 3024 1690 3089 altaris,

140 3114 209 3169 vel
228 3117 377 3171 etiam
412 3117 654 3172 clericos
679 3116 970 3187 quoslibet,
993 3126 1087 3172 aut
1120 3118 1461 3172 continentes
1493 3133 1574 3183 se,
1601 3125 1694 3171 aut

1774 604 1853 658 eis
1881 604 1996 658 dies
2018 618 2178 673 agere
2208 602 2449 659 feriatos.

1845 693 2128 748 XXXVIII.
2168 693 2286 748 Non
2310 700 2523 763 oportet
2552 708 2582 747 a
2605 692 2803 747 Iudaeis
2834 705 3052 762 azymas
3077 688 3352 759 accipere,

1776 791 1869 836 aut
1893 782 2296 839 communicare
2326 783 2692 852 impietatibus
2720 796 2929 836 eorum.

1848 871 2090 927 XXXIX.
2128 872 2243 926 Non
2265 881 2480 942 oportet
2503 888 2629 927 cum
2658 871 2883 942 paganis
2910 869 3044 924 festa
3074 866 3357 924 celebrare

1777 971 1833 1017 et
1863 978 1986 1016 cum
2010 962 2376 1033 impietatibus
2402 977 2591 1018 eorum
2626 962 2827 1016 habere
2854 960 3190 1015 societatem.

1850 1052 1963 1107 XL.
2004 1052 2118 1108 Non
2166 1062 2383 1122 oportet
2413 1061 2635 1108 vocatos
2675 1053 2958 1122 episcopos
3001 1050 3068 1105 ad
3091 1048 3357 1119 synodum

1780 1150 2144 1208 contemnere,
2175 1142 2271 1197 sed
2304 1142 2454 1196 abire
2477 1142 2694 1207 debere,
2725 1150 2780 1196 et
2810 1149 2904 1195 aut
2930 1141 3123 1196 docere
3146 1149 3240 1195 aut
3259 1138 3361 1195 do-

1781 1234 1888 1288 ceri
1930 1249 2050 1302 quze
2107 1241 2233 1287 sunt
2282 1233 2349 1287 ad
2409 1233 2663 1288 Ecclesiae
2706 1241 3131 1301 ceterorumque
3176 1244 3364 1286 corre-

1783 1322 2016 1377 ctionem
2074 1321 2249 1376 utilia.
2309 1321 2462 1388 Quod
2532 1322 2575 1376 si
2629 1322 3056 1390 contempserit,
3122 1319 3361 1391 seipsum

1782 1415 1999 1469 videtur
2032 1428 2335 1479 accusasse,
2361 1413 2462 1469 nisi
2506 1413 2649 1470 forte
2666 1429 2770 1484 pro
2797 1412 3111 1468 inﬁrmitate
3142 1412 3225 1466 ire
3252 1425 3363 1465 non

1783 1506 1977 1575 possit.

1855 1595 1992 1652 XLI.
2033 1594 2150 1652 Non
2203 1605 2418 1668 oportet
2464 1596 2772 1651 ministrum
2828 1596 3018 1651 altaris
3068 1595 3150 1651 vel
3200 1594 3367 1651 etiam

1786 1684 1983 1740 laicum
2014 1686 2134 1740 sine
2157 1686 2438 1742 canonicis
2459 1686 2686 1752 litteris,
2721 1686 2774 1741 id
2798 1693 2883 1742 est
2911 1684 3141 1741 formata
3169 1683 3364 1740 alicubi

1788 1773 2078 1846 proﬁcisci.
2614 1814 2617 1817 .

1708 1853 1758 1912 Β
1851 1863 2011 1919 XLII.
2051 1862 2167 1920 Non
2193 1874 2404 1935 oportet
2421 1867 2729 1922 mitﬁstrum
2751 1864 2943 1920 altaris
2966 1863 3047 1920 vel
3071 1861 3371 1933 quemlibet

1780 1956 2038 2012 clericum
2082 1965 2280 2027 praeter
2303 1959 2605 2028 iussionem
2634 1955 2872 2026 episcopi
2901 1955 2970 2011 ad
3003 1953 3363 2025 peregrinan-

1781 2050 1908 2104 dum
1940 2048 2233 2118 prolicisci.

1853 2143 2036 2199 XLIII.
2086 2143 2203 2199 Non
2226 2152 2439 2214 oportet
2480 2143 2775 2206 ministros,
2817 2141 2869 2196 id
2917 2150 3002 2196 est
3056 2139 3367 2203 bestiarios,

1782 2236 1867 2290 vel
1921 2236 2070 2291 brevi
2131 2244 2371 2305 tempore
2424 2235 2492 2289 ab
2540 2234 2734 2289 hostiis
2771 2232 2979 2297 deesse,
3031 2240 3089 2288 et
3130 2232 3372 2289 orationi

1784 2341 2001 2382 vacare.

1855 2415 2038 2471 XLIV.
2082 2416 2198 2472 Non
2243 2424 2459 2487 Oportet
2501 2423 2624 2487 post
2664 2415 2800 2470 duas
2828 2411 3198 2470 hebdomadas
3228 2410 3377 2478 Qua-

1786 2508 2106 2580 dragesima:
2139 2510 2435 2579 quemlibet
2461 2508 2527 2563 ad
2551 2508 2874 2578 baptismum
2899 2505 3118 2576 suscipi.

1863 2602 2017 2657 XLV.
2058 2602 2175 2657 Non
2202 2611 2414 2672 oportet
2440 2601 2693 2656 mulieres
2723 2598 2931 2667 ingredi
2960 2598 3030 2651 ad
3051 2596 3243 2650 altare.

1859 2693 2044 2748 XLVI.
2086 2694 2448 2765 Baptizandos
2492 2701 2710 2764 oportet
2759 2692 2881 2747 ﬁdei
2931 2690 3234 2762 symbolum
3286 2689 3373 2744 di-

1788 2797 1961 2849 scere,
1987 2789 2043 2837 et
2063 2784 2249 2852 quinta
2272 2782 2405 2837 feria
2429 2782 2630 2838 ultimae
2651 2782 2990 2851 septimanae,
3013 2778 3097 2834 vel
3119 2778 3376 2849 episcopo

1790 2876 1875 2931 vel
1906 2876 2223 2948 presbytero
2252 2877 2498 2932 reddere.

1870 2968 2077 3025 XLVII.
2118 2969 2221 3035 Qui
2266 2969 2320 3024 in
2359 2968 2681 3040 aegritudine
2727 2965 3008 3022 constituti
3047 2964 3377 3035 baptismum

1794 3069 2174 3133 perceperunt,
2208 3060 2339 3116 facti
2383 3060 2519 3124 sani,
2581 3059 2706 3113 ﬁdei
2750 3056 3052 3130 symbolum
3082 3056 3381 3111 doceantur

1793 3159 1855 3207 ut
1880 3150 2130 3205 noverint
2156 3146 2261 3219 Qua
2293 3149 2583 3205 donatione
2611 3146 2758 3216 digni
2791 3155 2919 3201 sunt
2947 3145 3138 3201 habiti.

140 3219 321 3308 orantem
346 3209 574 3262 omnino
592 3206 1110 3308 (ibristianunrcum
1141 3207 1455 3308 mulieribus
1478 3207 1691 3308 lavacra
1721 3224 1767 3285 ρ
1808 3206 1813 3207 “
1866 3239 2096 3294 XLVHL
2137 3206 2360 3308 o'porm
2381 3206 2825 3307 ωριίωιοξροει
2848 3235 3174 3305 baptismum
3197 3247 3355 3308 sacra

144 3296 312 3399 habere
349 3299 689 3399 communia.
743 3299 838 3353 Est
890 3300 1035 3355 enim
1080 3299 1222 3370 apud
1261 3298 1491 3368 gentiles
1518 3300 1694 3369 prima
1796 3293 2060 3385 αεεεῶυέη
2091 3293 2330 3385 chasma
2359 3293 2659 3399 peram”,
2692 3293 2748 3380 ἐι
2767 3293 3007 3387 “magus
3036 3324 3184 3394 regni
3208 3293 3375 3397 pali“.

147 3389 478 3457 reprehensio.

199 3478 369 3536 XXXI.
409 3483 680 3551 Quoniam
716 3499 821 3538 non
849 3491 1065 3553 oportet
1092 3499 1215 3539 cum
1244 3482 1518 3539 haereticis
1543 3498 1684 3539 com-

148 3571 341 3629 miscere
375 3575 670 3641 connubia,
710 3585 765 3629 et
796 3575 882 3630 vel
922 3575 1061 3630 ﬁlios
1108 3584 1164 3630 et
1209 3573 1347 3630 ﬁlias
1394 3572 1546 3639 dare,
1602 3576 1698 3629 sed

148 3663 298 3728 potius
337 3667 611 3737 accipere,
658 3665 701 3719 si
740 3674 916 3719 tamen
963 3665 1321 3736 proﬁteantur
1357 3664 1698 3720 Christianos

151 3768 199 3808 se
225 3754 420 3814 futuros
450 3774 577 3814 esse
601 3768 656 3813 et
683 3759 1001 3814 catholicos.

203 3844 393 3903 XXXII.
434 3849 554 3905 Non
598 3858 811 3919 oportet
858 3850 1241 3904 haereticorum
1284 3848 1701 3905 benedictioues

152 3937 384 4006 accipere,
408 3940 666 4010 quoniam
691 3939 1096 3996 maledictiones
1142 3940 1316 4011 magis
1362 3949 1490 3996 sunt
1533 3955 1698 4012 quam

153 4023 548 4085 benedictiones.

211 4113 428 4176 XXXIII.
466 4120 586 4175 Non
623 4129 839 4192 oportet
863 4138 984 4177 cum
1015 4120 1289 4178 hmreticis
1318 4121 1403 4178 vel
1433 4120 1703 4177 schismav

158 4203 259 4259 ticis
282 4223 448 4263 orare.

213 4294 428 4355 XXXIV.
464 4301 582 4355 Non
614 4311 826 4372 Oportet
855 4303 1077 4357 omnino
1105 4290 1472 4357 Christianum
1508 4302 1705 4357 dereli-

159 4386 241 4440 ctis
271 4393 589 4463 martyribus
629 4391 830 4446 Christi
860 4393 1011 4448 abire
1038 4391 1103 4445 ad
1135 4390 1299 4446 falsos
1322 4400 1612 4461 martyres,
1649 4393 1706 4448 hi

160 4479 275 4533 enim
298 4483 449 4539 alieni
497 4500 530 4538 a
579 4485 688 4539 Deo
713 4493 857 4540 sunt.
890 4485 1207 4555 Quicunque
1230 4494 1409 4539 autem
1436 4484 1587 4539 abire
1612 4498 1705 4539 vo-

164 4568 311 4636 luerit,
341 4576 628 4632 anathema
653 4577 695 4631 si
706 4586 742 4631 t.
1728 4562 1781 4621 Β

217 4659 415 4719 XXXV.
456 4666 575 4721 Non
605 4674 816 4738 oportet
845 4665 1203 4730 Christianos,
1232 4649 1487 4721 derelicta
1516 4662 1707 4720 Eccle-

166 4750 229 4806 sia
259 4755 363 4822 Dci,
409 4758 561 4813 abire
601 4757 667 4811 ad
706 4754 930 4828 angulos
974 4754 1287 4811 idololatria:
1336 4753 1707 4808 abominanda:

169 4850 576 4919 congregationes
624 4848 822 4913 facere,
865 4865 985 4919 qua:
1016 4848 1197 4904 omnia
1244 4846 1529 4902 interdicta
1559 4854 1706 4901 sunt.

171 4932 447 5008 Quicunque
485 4950 666 4995 autem
712 4941 959 4993 inventus
998 4936 1162 4992 fuerit
1192 4935 1406 4992 occulte
1440 4934 1568 4991 huic
1595 4935 1709 4990 ido-

174 5022 363 5083 lolatriae
407 5046 624 5093 vacans,
682 5030 970 5083 anathema
1014 5028 1107 5092 sit,
1154 5027 1432 5095 quoniam,
1477 5024 1711 5079 derelin-

174 5127 315 5179 ‘luens
358 5119 640 5175 Dominum
689 5128 933 5175 nostrum
980 5116 1162 5173 Jesum
1200 5115 1478 5171 Christum
1513 5115 1711 5171 Filium

176 5202 269 5271 Dei,
294 5214 514 5268 accessit
536 5212 601 5268 ad
633 5213 795 5269 idola.

233 5314 445 5379 XXXVI.
482 5324 744 5393 Quoniam
793 5340 900 5380 non
946 5333 1160 5396 oportet
1206 5325 1486 5380 ministros
1530 5323 1716 5381 altaris

180 5415 258 5461 aut
293 5412 504 5471 clericos
546 5431 734 5488 magos
775 5424 829 5470 et
877 5417 1243 5470 incantatores
1277 5428 1395 5470 esse
1418 5422 1511 5469 aut
1536 5414 1717 5470 facere

183 5508 280 5563 Quae
301 5501 535 5560 dicuntur
564 5506 924 5578 pbylacteria,
956 5521 1077 5576 qua:
1120 5516 1246 5561 sunt
1290 5521 1482 5577 magna
1512 5507 1718 5578 obliga-

186 5599 334 5645 mcnta
357 5595 668 5664 animarum,
698 5600 798 5653 bos
821 5607 999 5652 autem
1027 5599 1118 5669 qui
1149 5598 1346 5655 talibus
1374 5599 1533 5655 rebus
1559 5609 1715 5654 utun-

188 5679 259 5729 tur
280 5682 450 5752 projici
480 5685 546 5739 ab
572 5686 810 5742 Ecclesia
832 5684 1116 5754 iussimus.

245 5766 476 5830 XXXVII.
519 5777 780 5845 Quoniam
831 5793 934 5833 non
972 5787 1186 5849 oportet
1211 5794 1241 5834 a
1268 5777 1466 5836 Judzcis
1495 5782 1577 5837 vel
1608 5785 1716 5841 bte-

584 5871 856 5929 ΡΑτιιοιη
900 5869 1162 5930 CXXX.

1648 5941 1741 5953 .0"

1756 5940 1856 5953 σου.

1793 3420 1943 3489 cipes
1969 3420 2109 3475 ﬁeri.

1839 3511 2054 3569 ‘XLIX.
2091 3510 2210 3567 Non
2253 3517 2469 3580 oportet
2511 3510 2563 3565 in
2612 3507 3036 3579 Quadragesima
3071 3520 3269 3576 panem
3299 3504 3382 3561 of-

1796 3600 1950 3668 ferri,
1983 3602 2084 3656 nisi
2115 3600 2353 3658 Sabbato
2377 3610 2433 3655 et
2462 3601 2743 3656 Dominica
2768 3607 3004 3653 tantum.

1870 3692 1934 3747 L.
1977 3690 2093 3747 Non
2144 3700 2377 3762 oportet,
2422 3692 2476 3746 in
2522 3689 2961 3759 Quadragesimac
3006 3686 3196 3756 quinta
3244 3685 3385 3755 feria

1800 3783 2003 3839 ultima:
2053 3783 2404 3839 hebdomadas
2433 3823 2450 3848 ,
2502 3781 2770 3852 jejunium
2823 3780 3043 3836 dissolvi
3103 3790 3160 3837 et
3192 3790 3380 3851 totam

1801 3871 2280 3944 Quadragesimam
2316 3872 2650 3935 iubonorari,
2695 3872 2790 3927 sed
2822 3885 2920 3940 per
2950 3879 3088 3926 totos
3110 3872 3225 3944 dies
3243 3870 3384 3941 jeju<

1802 3979 1955 4030 nare,
1985 3974 2041 4020 et
2069 3964 2210 4019 escis
2235 3962 2575 4021 abstinentia:
2595 3960 3062 4031 convenientibus,
3088 3961 3142 4016 id
3167 3970 3251 4018 est
3276 3962 3386 4029 ari-3

1805 4058 2047 4114 dioribus
2072 4058 2172 4112 uti.

1876 4149 1964 4204 LI.
2004 4148 2119 4203 Non
2153 4156 2369 4220 oportet
2397 4149 2451 4204 in
2482 4147 2908 4217 Quadragesima
2940 4154 3240 4216 martyrum
3282 4159 3384 4201 na-

1808 4240 1974 4295 talitia
1995 4240 2280 4305 celebrari,
2312 4241 2406 4295 sed
2435 4254 2624 4294 eorum
2653 4239 2709 4293 in
2736 4237 2974 4293 Sabbato
3007 4246 3065 4291 et
3108 4236 3386 4293 Dominica

1807 4341 2016 4397 tantum
2046 4332 2364 4387 memoriam
2391 4332 2530 4386 ﬁeri.

1876 4423 1988 4479 LII.
2027 4423 2145 4478 Non
2171 4432 2384 4494 oportet
2413 4424 2465 4478 in
2488 4422 2911 4494 Quadragcsima
2931 4430 3027 4477 aut
3051 4418 3269 4491 nuptias
3298 4422 3387 4477 vel

1810 4515 2063 4586 quaslibet
2088 4514 2330 4569 natalitia
2357 4514 2652 4572 celebrare.

1880 4592 2008 4657 LIII.
2048 4601 2164 4657 Non
2206 4609 2418 4673 oportet
2458 4601 2799 4658 Christianos
2840 4603 2908 4658 ad
2944 4602 3162 4673 nuptias
3198 4609 3389 4659 euntes

1809 4694 1893 4750 vel
1922 4694 2104 4750 balare
2132 4694 2213 4755 vel
2251 4693 2468 4758 saltare,
2500 4693 2593 4749 sed
2637 4701 2787 4749 caste
2836 4707 3056 4749 coenare
3079 4691 3183 4748 .vel
3220 4706 3388 4761 pran-

1811 4783 1938 4838 dere
1966 4784 2225 4853 competit
2244 4783 2590 4839 Christianis.
3376 4856 3381 4859 Δ

1882 4872 2013 4928 LIV.
2055 4872 2171 4928 Non
2216 4882 2430 4942 oportet
2477 4874 2756 4929 ministros
2798 4872 2988 4927 altaris
3010 4872 3093 4927 vel
3120 4870 3390 4942 quoslibet

1811 4962 2041 5020 clericos
2087 4964 2411 5034 spectaculis
2446 4963 2737 5035 aliquibus,
2781 4978 2900 5032 quae
2945 4972 3039 5017 aut
3085 4962 3138 5016 in
3188 4963 3391 5034 nuptiis

1812 5063 1905 5110 aut
1934 5054 1987 5109 in
2015 5055 2192 5110 scenis
2240 5055 2567 5109 exhibentur
2612 5054 2894 5118 interesse,
2949 5052 3048 5107 sed
3095 5059 3391 5123 antequam

1816 5143 2117 5199 thermelici
2162 5144 2526 5215 ingrediantur
2562 5156 2797 5212 surgere
2840 5156 2936 5197 eos
2962 5141 3031 5196 de
3064 5141 3310 5198 convivio
3337 5149 3393 5197 et

1815 5235 1968 5290 abire
1993 5235 2211 5290 debere.

1886 5325 1999 5381 LV.
2041 5324 2158 5380 Non
2198 5335 2411 5397 oportet
2457 5325 2733 5382 ministros
2763 5326 2975 5391 altaris,
3011 5326 3099 5384 vel
3126 5326 3395 5399 quoslibet

1820 5414 2050 5489 clericos
2090 5415 2176 5471 vel
2217 5416 2381 5470 etiam
2428 5414 2597 5471 Iaicos
2627 5414 2988 5481 Christianos,
3029 5430 3097 5471 ex
3135 5413 3395 5486 symbolis

1818 5523 1941 5578 qua:
1995 5508 2185 5577 vulgus
2242 5507 2604 5563 commissalia
2672 5508 2941 5579 appellat,
3000 5506 3250 5562 convivia
3300 5519 3395 5560 ce-

1818 5598 2052 5671 lebrare.
3176 5660 3180 5665 ,
3242 5654 3247 5659 ,

1893 5691 2029 5747 LVI.
2085 5688 2202 5745 Non
2246 5699 2457 5760 oportet
2516 5690 2867 5763 presbyteros
2925 5697 3051 5744 ante
3100 5689 3399 5759 ingressum

1824 5779 2060 5853 episcopi
2088 5778 2294 5848 ingredi
2323 5772 2633 5846 ecclesiam,
2650 5790 2705 5835 et
2727 5781 2917 5836 sedere
2941 5779 2993 5833 in
3018 5775 3396 5840 tribunalibus,

2926 5859 3005 5929 '10

1888 5940 2025 5953 Mn...
