3926 6440
554 400 657 457 9ῢί

1375 399 1668 458 ΔΡΡΕΝΙ).
1699 398 1791 456 AD
1829 395 2004 458 SEC.
2044 395 2246 467 IX.'—_-
2277 396 2539 457 ISIDORI‘
2560 394 2998 458 MERCATOBIS
3690 409 3774 465 292

560 507 654 561 sed
712 518 837 561 cum
874 505 1126 578 episcopo
1170 504 1399 578 ingredi,
1446 508 1550 563 nisi
1596 507 1738 564 forte
1782 514 1878 562 aut
1914 515 2138 578 aegrotet
2163 514 2209 571 Α
2235 508 2427 575 mium,
2482 507 2608 565 Jesu
2665 506 2836 574 Nave,
2891 508 3163 577 Judicum,
3212 510 3374 578 Ruth,
3427 512 3627 585 Regina
3673 518 3773 574 libri

558 591 864 671 episcopus,
898 608 994 655 aut
1019 599 1074 654 in
1094 598 1553 670 peregrinationis
1586 599 1870 657 commodo
1888 613 2012 656 eum
2043 600 2138 655 ab—

557 702 681 746 esse
700 690 1026 751 constiterit.

2240 604 2507 665 quatuor,
2563 597 3011 669 Paralipomenon
3056 599 3177 655 libri
3223 601 3357 668 duo,
3406 603 3609 670 Esdra,
3657 606 3772 663 liber

2237 684 2577 743 Psalmorum
2616 703 2842 744 numero
2872 689 2993 754 I50,
3033 689 3326 747 Proverbia
3354 693 3667 763 Salomonis,
3694 699 3774 756 Ec-

624 739 1162 837 debere
1187 782 1241 836 in
1268 782 1411 838 villis
1440 793 1497 840 et
1520 767 1657 839 vicis
1678 739 1963 854 episcOpos
1989 783 2143 837 ordi-

554 870 698 936 nari,
744 871 838 926 sed
883 872 1214 937 visitatores,
1245 873 1299 928 id
1323 880 1429 939 est,
1452 873 1545 944 qui
1578 874 2135 930 circumeant‘consti-

559 962 669 1027 tui;
703 961 787 1016 his
817 970 998 1017 autem
1020 963 1113 1032 qui
1135 972 1263 1017 ante
1283 962 1387 1018 hoc
1408 963 1640 1019 ordinati
1668 973 1794 1020 sunt
1812 965 1944 1019 nihil
1974 978 2137 1033 agere

559 1064 868 1121 censemus,
919 1055 1024 1110 nisi
1067 1055 1401 1110 conscientia
1423 1056 1659 1126 episcopi
1682 1046 1934 1110 civitatis.
1967 1053 2132 1110 Simi-

555 1145 680 1201 liter
702 1146 865 1201 etiam
893 1145 1215 1217 presbyteri_
1236 1146 1369 1202 nihil
1396 1147 1514 1202 sine
1535 1155 1808 1203 orrecento
1827 1154 1883 1201 et
1905 1145 2135 1201 consilio

557 1236 796 1307 episcopi
827 1246 1009 1308 agant.

569 1338 573 1363 τ
624 1327 801 1383 LVIII.
844 1328 959 1386 Non
988 1338 1201 1399 oportet
1226 1330 1280 1385 in
1315 1328 1565 1386 domibus
1593 1328 1897 1386 oblationes
1925 1329 1994 1384 ab
2021 1329 2132 1399 epi-

555 1420 735 1490 scopis
761 1419 877 1475 sive
901 1421 1232 1492 presbyteris
1248 1420 1388 1476 ﬁeri.

631 1507 768 1564 LIX.
805 1508 923 1565 Non
956 1519 1170 1581 oportet
1214 1512 1281 1565 ab
1328 1509 1510 1566 idiotis
1546 1511 1782 1582 psalmos
1805 1510 2135 1581 compositos

552 1606 609 1652 et
637 1594 956 1668 vulgaresin
1000 1599 1243 1667 ecclesiis
1286 1600 1419 1667 dici,
1464 1614 1644 1671 neque
1685 1601 1967 1671 libros’qui
1999 1610 2133 1655 sunt

553 1696 706 1741 extra
732 1700 994 1744 canonem
1023 1688 1223 1760 legere,
1274 1689 1378 1744 nisi
1428 1690 1576 1746 solos
1601 1690 1895 1746 canonicos
1918 1688 2050 1745 Novi
2077 1678 2135 1745 et

551 1773 764 1832 Veteris
805 1777 1155 1845 Testamenti;
1197 1794 1317 1849 qua:
1361 1789 1540 1834 autem
1579 1790 1824 1850 oporteat
1852 1781 1954 1852 legi
1989 1790 2044 1837 et
2077 1782 2132 1836 in

551 1859 926 1925 aucIOritatein
962 1862 1265 1940 recipi'hmc
1291 1882 1454 1926 sunt:

621 1956 871 2022 Genesis,
903 1958 1144 2025 Exodus,
1187 1960 1483 2026 Leviticus,
1520 1960 1765 2028 Numeri,
1797 1961 2134 2018 Deuterono-

2233 866 2518 938 phetarum
2553 866 2695 929 libri,
2725 867 2779 922 id
2807 878 2892 923 est
2932 867 3068 925 Osee
3105 880 3161 925 et
3186 872 3372 935 Amos,
3412 872 3549 939 Joel,
3581 873 3770 941 Abdias,

2234 953 2416 1021 Jonas,
2461 955 2729 1023 Michzeas,
2772 957 3003 1024 Nahum,
3041 960 3312 1027 Ilabacuc,
3345 960 3662 1032 Sophonias,
3689 965 3770 1037 Ag-

2235 1060 2397 1116 gaeus,
2430 1045 2742 1112 Zacharias,
2794 1046 3108 1115 Malacbias,
3150 1048 3340 1116 Isaias,
3369 1047 3642 1118 Jeremias,
3666 1053 3772 1110 Eze-

2235 1138 2396 1203 chiel,
2428 1139 2648 1205 Daniel;
2691 1140 2823 1196 Novi
2856 1141 3209 1208 Testamenti,
3250 1145 3303 1201 id
3331 1155 3439 1210 est,
3470 1147 3771 1216 evangeliqu

2234 1231 2528 1286 secundum
2554 1231 2886 1297 Matthaaum,
2910 1235 3202 1289 secundum
3228 1234 3491 1300 Marcum,
3516 1238 3772 1293 secundum

2235 1319 2457 1384 Lucam,
2513 1321 2807 1376 secundum
2861 1321 3149 1389 Joannem,
3197 1323 3368 1378 Actus
3414 1324 3772 1394 apostolorum;

2234 1413 2505 1481 canonica:
2554 1413 2804 1483 Epistola:
2853 1414 2885 1467 7
2913 1435 2924 1469 :
2951 1413 3136 1470 Jacobi
3168 1432 3295 1483 una,
3332 1415 3478 1471 Petri
3504 1416 3635 1479 dum,
3675 1421 3696 1469 t
3729 1426 3773 1469 et

2231 1502 2298 1569 2;
2324 1502 2545 1558 Joannis
2575 1513 2710 1569 tres,
2733 1505 2785 1569 I,
2814 1504 2849 1558 2
2869 1514 2925 1560 et
2952 1506 3018 1571 5;
3041 1503 3189 1560 Juda'
3225 1522 3326 1559 una
3352 1522 3367 1572 ;
3394 1505 3634 1576 Epistula:
3652 1504 3772 1558 Pauli

2234 1595 2459 1665 apostoli
2509 1609 2731 1653 numero
2762 1595 2865 1651 M:
2894 1597 2960 1651 ad
3004 1595 3298 1663 Romanos,
3322 1597 3390 1650 ad
3440 1595 3723 1653 Corinthios
3749 1594 3770 1647 I

2233 1697 2288 1745 et
2306 1689 2361 1755 2,
2404 1687 2474 1743 ad
2506 1686 2786 1754 Galathas,
2808 1688 2876 1742 ad
2900 1688 3183 1758 Ephesios,
3201 1690 3267 1744 ad
3291 1684 3655 1758 Philippenses
3670 1699 3773 1750 una,

2234 1782 2301 1836 ad
2330 1780 2702 1837 Collossenses
2731 1797 2855 1845 una,
2900 1781 2970 1834 ad
3012 1780 3523 1835 'I‘hessalonicenses
3546 1779 3654 1833 dua:
3681 1777 3699 1830 I
3728 1786 3773 1831 et

2162 1870 2209 1930 B
2236 1870 2290 1938 2,
2337 1871 2406 1927 ad
2447 1870 2828 1927 Thimothcum
2858 1871 2976 1926 duae
3004 1872 3028 1924 I
3059 1880 3113 1927 et
3138 1870 3191 1937 2,
3222 1873 3290 1928 ad
3322 1870 3524 1935 Titum,
3553 1870 3614 1923 ad
3634 1867 3774 1923 Phile-

2244 1976 2478 2025 monem,
2508 1961 2574 2014 ad
2598 1959 2872 2017 Hebraeos.

572 2056 3771 2089 “Mm

1254 2148 1602 2222 INCIPIUNT
1628 2163 1971 2223 CAPITULA
2009 2139 2298 2223 CONCILII
2327 2129 3153 2225 C(JNSTANTINOPOLITANI.

635 2319 688 2373 I.
731 2317 1154 2374 Custodiendum
1186 2331 1306 2373 esse
1334 2316 1495 2372 ﬁdem
1520 2316 1743 2372 Patrum
1773 2324 2140 2372 trecentorum

547 2409 733 2469 decem
753 2410 809 2464 et
833 2414 975 2465 octo.
1808 2410 1811 2413 '

625 2503 684 2557 Ξ.
726 2501 796 2558 Ut
835 2502 1073 2573 episcopi
1115 2516 1267 2557 suam
1306 2500 1585 2557 dimcesim
1614 2499 1919 2570 gubernem
1940 2513 2040 2555 nec
2070 2499 2140 2553 ad

548 2593 994 2651 aliasaccedant.

614 2686 673 2740 '5.
711 2681 829 2740 Non
874 2684 1135 2739 invitatos
1180 2682 1465 2753 episcopos
1502 2681 1646 2738 ultra
1691 2680 1970 2738 dimeesim
2002 2690 2126 2750 pro.

548 2776 731 2847 priam
753 2774 1017 2832 accedere
1053 2789 1159 2829 non
1181 2774 1398 2831 debere.

2313 2320 2366 2374 4.
2407 2318 2481 2374 De
2513 2318 2768 2375 Ecclesiis
2795 2319 2847 2372 in
2874 2318 3174 2379 barbaricis
3195 2329 3533 2394 compositis.

2312 2412 2365 2466 5.
2407 2412 2480 2466 De
2506 2413 2711 2468 honore
2736 2414 3314 2486 Constantinopolitani
3341 2420 3598 2491 episcopi.

2311 2504 2366 2561 6.
2409 2504 2482 2560 De
2519 2504 2752 2560 Maximo
2775 2506 2967 2575 cynico
2996 2509 3336 2580 philosnpho.

2311 2594 2366 2647 7.
2404 2594 2480 2649 De
2516 2593 2638 2667 .ﬁde
2683 2595 2910 2667 symboli
2951 2597 3093 2668 apud
3134 2597 3768 2672 Constantinopolimcoo—

2236 2683 2435 2739 stituti.

1990 2866 2312 2882 ﬁ

1304 2972 1597 3037 INCIPIT
1631 2972 2072 3036 CONCILIUM
2117 2940 3146 3065 CONSTANTINOPOLITANUM

546 3138 857 3202 Habitum
877 3136 951 3198 ab
989 3155 1064 3198 cr.
1095 3137 1400 3216 episcopis
1434 3135 1547 3198 sub
1572 3134 1917 3216 Theodosio
1951 3136 2211 3216 majore,
2244 3136 2496 3215 Siagrt'o
2528 3145 2583 3195 et
2614 3134 2925 3198 Eucherio
2947 3136 3332 3205 consulibus,
3364 3158 3489 3201 cera
3517 3156 3767 3210 ccccxtx,

602 3248 605 3251 .
1118 3208 1141 3216 “
1278 3208 1318 3247 ι’
1718 3213 2016 3278 adversus
2041 3208 2501 3304 Macedoniam.

563 3349 595 3371 ἰ
620 3336 733 3411 69
790 3336 885 3392 Ha:
927 3334 1126 3406 regula:
1172 3337 1287 3390 sive
1326 3333 1673 3390 diﬂinitiones
1706 3340 1834 3390 sunt
1874 3333 2133 3404 exposita:
2158 3320 2202 3381 Ο
2235 3346 2448 3401 cunque
2495 3331 2844 3402 disponendis
2887 3333 3268 3390 ecclesiasticis
3319 3337 3502 3392 causis
3534 3378 3548 3401 ,
3593 3344 3768 3391 servata

547 3432 618 3509 ab
645 3428 918 3501 episcopis
940 3444 1028 3496 CL,
1065 3427 1157 3498 qui
1186 3428 1241 3483 in
1266 3442 1432 3509 unum
1457 3424 1976 3496 Constantinopolim
2007 3440 2133 3480 cnn-

545 3506 836 3590 venerunt,
864 3522 1080 3593 quando
1106 3521 1299 3578 beatus
1325 3506 1613 3578 Nectar-ius
1650 3519 1937 3589 episcOpus
1979 3518 2129 3573 ordi—

544 3627 707 3689 natus
729 3625 832 3682 est,
861 3616 1117 3671 damnato
1149 3610 1385 3668 Maximo
1409 3612 1619 3683 cynico,
1646 3624 1876 3681 quorum
1910 3608 2127 3664 nomina

500 3742 507 3749 ν
544 3721 601 3768 et
630 3709 921 3782 provincia:
950 3706 1298 3764 continentur
1322 3705 1376 3760 in
1401 3703 1611 3760 Grieco.

615 3800 746 3871 Cap.
771 3794 813 3853 I.
861 3795 979 3851 Non
1017 3795 1377 3866 spernendam
1417 3808 1541 3849 esse
1570 3791 1729 3847 [idem
1757 3791 1981 3846 Patrum
2021 3798 2129 3846 tre-

544 3899 829 3947 centorum
869 3887 1056 3943 decem
1104 3893 1162 3942 et
1205 3894 1353 3951 octo,
1404 3885 1497 3956 qui
1539 3884 1594 3939 in
1641 3881 1819 3939 Nicrea
1863 3882 2130 3954 Bithynia:

545 3982 934 4040 convenerunt,
978 3974 1072 4030 sed
1122 3988 1347 4052 manere
1387 3987 1509 4027 eam
1563 3980 1739 4027 ratam
1787 3981 2020 4042 Oportet,
2074 3981 2131 4027 et

548 4066 1010 4124 anathematizare
1054 4079 1270 4120 omnem
1307 4065 1575 4130 haeresim,
1606 4063 1915 4134 specialiter
1947 4071 2126 4118 autem

548 4156 1032 4220 Eunomianorum,
1060 4155 1169 4209 imo
1195 4151 1985 4222 Anomianorumt‘qul'Latine
2011 4153 2127 4208 sine

545 4250 667 4321 lege
697 4249 971 4316 dicuntur,
992 4253 1042 4302 et
1075 4247 1398 4301 Arianorum
1434 4244 1548 4301 sive
1572 4244 2009 4300 Eudoxianorum
2040 4258 2127 4299 se-

548 4341 699 4396 niua
712 4338 1062 4401 Arianorum,
1080 4350 1291 4391 necnon
1305 4324 1940 4400 Pneumatomachorum,
1958 4335 2008 4390 id
2019 4343 2124 4401 est,

548 4430 641 4499 qui
674 4437 864 4485 contra
898 4420 1159 4497 Spiritum
1186 4433 1432 4481 sanctum
1471 4420 1731 4497 pugnant,
1767 4433 1821 4480 et
1862 4420 2125 4479 Sabellia-

544 4533 741 4574 norum
764 4526 820 4572 et
846 4515 1314 4572 Marcellianorum
1340 4525 1397 4571 et
1432 4512 1849 4572 Fotinianorum
1880 4524 1936 4570 et
1958 4513 2125 4583 Apol-

548 4606 935 4665 linaristal‘um.

2235 3421 2416 3493 regula
2438 3437 2559 3493 qua:
2590 3437 2753 3492 supra
2782 3424 2985 3494 scripta
3007 3436 3110 3490 est,
3132 3425 3199 3480 de
3223 3441 3541 3498 unaquaque
3565 3424 3765 3487 tlitecesi,

2233 3504 2578 3568 manifestum
2604 3529 2833 3584 namque
2859 3526 2943 3569 est
2966 3517 3108 3586 quod
3147 3531 3244 3585 per
3291 3517 3531 3588 singulas
3570 3528 3769 3586 quasque

2230 3606 2535 3677 provincias
2564 3606 2908 3676 provincialis
2940 3611 3177 3677 synodus
3199 3609 3578 3665 administrare
3620 3618 3668 3665 et
3694 3622 3770 3679 gu-

2232 3698 2462 3754 bernare
2503 3699 2684 3753 omnia
2721 3698 2935 3765 debeat,
2981 3699 3277 3754 secundum
3321 3715 3386 3756 ea
3437 3716 3553 3770 qua:
3595 3697 3768 3754 suntin

2230 3788 2409 3844 Nicaea
2451 3788 2695 3845 deﬁnita.

2299 3875 2387 3932 ιν.
2425 3877 2697 3934 Ecclesias
2739 3887 2920 3933 autem
2948 3879 3042 3934 Dei
3084 3895 3204 3949 qua:
3232 3889 3357 3935 sunt
3409 3882 3463 3935 in
3505 3878 3771 3939 Barbaricis~

2230 3966 2481 4037 gentibus
2546 3967 2889 4032 constitutae,
2945 3983 3133 4038 regere
3212 3978 3375 4040 atque
3432 3969 3770 4025 administrare

2228 4065 2441 4125 Oportet
2469 4060 2764 4112 secundum
2813 4060 3257 4115 consuetudinem
3303 4077 3429 4131 qua:
3478 4078 3509 4117 a
3553 4059 3768 4116 Patribus

2228 4145 2524 4202 Obtinuisse
2546 4147 2901 4217 dignoscitur.

2299 4238 2366 4296 γ.
2389 4240 2999 4312 Constantinopolitana:
3017 4243 3255 4299 civitatis
3275 4240 3582 4315 episcopum
3601 4243 3765 4298 habere

2227 4340 2438 4403 oportet
2482 4333 2748 4403 primatus
2791 4332 3050 4388 honorem
3094 4342 3216 4403 post
3254 4332 3553 4391 Romanum
3598 4330 3766 4402 episco—

2224 4439 2377 4494 pum,
2403 4430 2622 4493 propter
2644 4423 2787 4494 quod
2818 4432 2889 4478 Sll
2919 4439 3055 4478 nova
3089 4423 3281 4478 Roma.

2298 4512 2383 4568 VI.
2435 4511 2665 4584 Propter
2745 4512 2909 4567 totius
2967 4510 3475 4583 indisciplinationis
3533 4512 3640 4582 ejus
3689 4506 3764 4560 d0-

2228 4606 2455 4660 ctrinam
2497 4620 2620 4676 quae
2651 4605 3116 4675 Constantinopoli
3168 4614 3288 4660 orta
3343 4613 3462 4669 est,
3518 4613 3576 4659 ut
3617 4612 3762 4669 neque

615 4700 681 4756 ll.
718 4698 968 4772 Episcopi
993 4698 1087 4768 qui
1123 4705 1276 4754 extra
1295 4695 1574 4755 dimcesim
1599 4704 1746 4763 sunt,
1774 4696 1843 4751 ad
1870 4694 2129 4752 ecclesias
2159 4679 2206 4738 υ
2233 4699 2503 4754 maximus
2546 4697 2716 4753 fuisse
2762 4707 2857 4752 aut
2900 4712 3020 4753 esse
3063 4697 3228 4754 etiam
3277 4696 3496 4767 putetur
3520 4694 3763 4765 episcopus

547 4809 669 4866 qua:
726 4802 879 4849 extra
920 4792 1181 4847 terminos
1233 4805 1422 4846 eorum
1471 4797 1633 4853 sunt,
1677 4804 1785 4843 non
1833 4789 2127 4854 accedant,

544 4872 721 4955 neque
758 4872 1092 4940 confundant
1142 4889 1196 4937 et
1227 4880 1592 4949 permisceant
1629 4876 1889 4933 ecclesias
1934 4891 2130 4931 secun-

547 4975 675 5029 dum
695 4972 905 5042 regulas
927 4970 1266 5035 constitutas,
1290 4966 1631 5022 Alexandriae
1650 4966 1865 5037 quidem
1880 4966 2132 5038 episcopi

548 5068 716 5122 solius
757 5065 997 5122 Orientis
1042 5080 1231 5121 curam
1287 5071 1513 5136 gerant,
1558 5065 1795 5125 servatis
1838 5065 2133 5120 honoribus

547 5159 815 5227 primatus
876 5155 1133 5210 Ecclesia:
1192 5154 1581 5224 Antiocheam,
1646 5157 1738 5227 qui
1816 5157 1872 5212 in
1934 5155 2120 5228 reguli:

549 5245 782 5300 Nicmna:
802 5245 992 5316 synodi
1018 5245 1392 5306 continentur.
1428 5248 1536 5305 Sed
1566 5259 1622 5304 et
1647 5248 1861 5303 Asiana:
1885 5246 2138 5302 dimcesis

547 5320 886 5411 eplfretaﬁ‘ea
922 5346 1040 5408 qua:
1067 5347 1193 5394 sunt
1221 5339 1276 5393 in
1317 5338 1466 5406 Asia,
1513 5345 1570 5394 et
1603 5352 1725 5409 qua:
1764 5337 1832 5393 ad
1874 5336 2131 5393 Asianam

546 5429 934 5487 tantummodo
956 5429 1248 5485 .diwcesim
1285 5429 1579 5501 pertinent,
1622 5428 1940 5501 gubernem.
1976 5428 2133 5485 Ponti

557 5532 743 5577 autem
778 5520 1015 5592 episcopi
1070 5519 1307 5576 Pontica:
1348 5530 1557 5577 tantum
1603 5521 1854 5577 dimcesis
1897 5518 2134 5576 habeant

560 5627 768 5676 curam,
800 5610 1047 5665 Thracia:
1071 5624 1199 5666 vero
1224 5610 1393 5681 ipsius
1438 5611 1811 5667 tantummodo
1839 5609 2101 5689 Thracim.

548 5732 553 5737 -
629 5704 715 5758 III.
754 5702 872 5759 Non
899 5701 1109 5758 invitati
1139 5694 1375 5774 episcopi
1399 5704 1537 5760 ultra
1563 5704 1838 5762 diwcesim
1869 5704 2131 5761 accedere

547 5808 672 5858 non
698 5788 891 5858 debent
932 5810 1094 5869 super
1116 5796 1443 5873 prdinandis
1486 5786 1781 5869 aliquibus,
1800 5797 1884 5855 vel
1913 5797 2131 5869 quibus—

2232 4798 2494 4845 statutum
2559 4800 2674 4854 est,
2740 4801 2916 4859 neque
2980 4787 3033 4842 hi
3095 4788 3186 4857 qui
3244 4787 3313 4842 ab
3364 4801 3432 4840 eo
3478 4791 3599 4839 sunt
3634 4776 3762 4874 1ordi-

2234 4882 2344 4936 nati
2412 4877 2839 4951 qualemcunque
2884 4878 3110 4948 gradum
3161 4876 3445 4931 cleriCatus
3502 4871 3759 4928 obtineant.

2232 4973 2482 5029 omnibus
2527 4970 2735 5026 scilicet
2782 4986 2902 5040 qua:
2954 4971 3100 5025 circa
3155 4982 3281 5024 eum
3328 4965 3413 5022 vel
3462 4965 3612 5020 abeo
3636 4964 3759 5030 gesta

2234 5073 2357 5120 sunt
2389 5063 2443 5117 in
2478 5061 2688 5117 irritum
2720 5062 3002 5118 revocatis.

2230 5148 2237 5156 “
2329 5150 2630 5223 Symbolum
2654 5151 2886 5221 ejusdem
2909 5148 3117 5206 concilii
3139 5140 3696 5218 Constantinopolitani.

2308 5244 2413 5301 VII.
2456 5242 2739 5299 Credimus
2779 5243 2834 5299 in
2874 5259 3041 5299 unum
3088 5244 3292 5309 Deum,
3318 5240 3529 5296 Patrem
3549 5233 3758 5303 omnipo'

2233 5318 2472 5401 tentem,
2512 5332 2773 5390 factorem
2827 5333 2951 5390 eieil
2998 5341 3055 5391 et
3101 5338 3288 5399 terrae,
3344 5330 3621 5388 visibilium
3661 5335 3755 5379 om-

2237 5429 2383 5484 nium
2449 5436 2505 5482 et
2571 5425 2918 5483 invisibilium
2969 5424 3339 5492 conditorem,
3403 5434 3458 5481 et
3512 5423 3564 5478 in
3621 5428 3754 5472 unum

2226 5519 2521 5577 Dominum
2575 5517 2761 5577 Jesum
2804 5518 3081 5576 Christum
3138 5517 3334 5574 Filium
3405 5516 3501 5572 Dei
3550 5502 3756 5580 unigeni-

2234 5620 2351 5668 tum
2403 5620 2473 5669 ex
2516 5608 2681 5668 Patre
2725 5621 2913 5667 natum
2971 5621 3096 5668 ante
3143 5612 3324 5666 Omnia
3350 5607 3561 5671 smcula,
3617 5603 3751 5657 Deum

2181 5718 2194 5734 ·
2237 5719 2306 5760 ex
2328 5703 2470 5771 ‘Deo,
2514 5703 2696 5759 lumen
2748 5718 2817 5758 ex
2856 5690 3080 5768 lumine,
3125 5701 3293 5756 Deum
3340 5712 3522 5756 verum
3564 5708 3625 5747 ex
3668 5686 3753 5740 090

2188 5870 2193 5875 ,
2237 5780 2386 5867 vero,
2440 5812 2646 5866 natum,
2692 5812 2800 5852 non
2856 5796 3089 5864 factum,
3133 5808 3409 5851 omouswu
3466 5791 3629 5847 Patri,
3668 5778 3748 5832 hac
