3926 6432
154 385 270 494 ss

1369 413 1858 488 DECRETALIUM
1885 387 2272 483 .COLLECTIO

3285 417 3391 472 εθι

153 559 228 605 est
272 562 528 622 ejusoem.
573 560 693 599 cum
748 541 907 598 Patre
963 543 1321 607 substantite,
1385 559 1482 613 per
1546 556 1705 610 quem

1833 556 2209 609 itemurunum
2232 552 2494 620 baptisma
2525 551 2576 603 in
2611 549 2983 604 remissionem
3012 557 3352 617 peccatorum
3379 565 3394 611 ;

156 637 320 692 omnia
370 634 514 688 facta
561 644 685 686 sunt
727 649 845 701 quae
895 631 944 683 in
998 631 1135 685 ccelo
1178 641 1232 685 et
1264 647 1381 700 qua:
1434 631 1486 684 in
1528 642 1703 694 terra;

154 728 232 796 qui
277 737 491 795 propter
521 740 618 779 nos
669 724 916 778 homines
947 734 999 776 et
1028 732 1244 792 propter
1294 730 1533 775 nostram
1564 721 1711 773 salu-

157 827 252 872 tem
272 801 627 872 deScenditde
654 815 825 878 etelis,
850 824 905 867 et
946 814 1254 867 incarnatus
1292 821 1374 866 est
1407 813 1473 867 de
1506 813 1708 882 Spiritu

154 916 356 966 sancto,
405 920 470 960 ex
524 905 689 958 Maria
744 904 962 974 Virgine
1017 903 1178 957 homo
1239 902 1456 968 factus,
1520 920 1710 974 passus

153 1007 225 1052 est
273 999 368 1050 sub
419 996 612 1050 Pontio
659 995 862 1057 Pilato,
901 1010 963 1048 ac
1015 993 1288 1062 sepultus,
1335 1002 1390 1046 et
1435 995 1594 1047 tertia
1627 995 1713 1048 die

155 1087 468 1150 resurrexit,
511 1086 756 1140 ascendit
797 1086 848 1139 itt
883 1085 1071 1150 cwlos,
1117 1085 1268 1138 sedet
1313 1085 1377 1138 ad
1430 1085 1713 1139 dexteram

154 1178 328 1239 Patris,
367 1177 491 1230 inde
525 1186 782 1230 venturus
818 1184 901 1228 est
927 1191 1047 1229 cum
1092 1174 1261 1244 gloria
1297 1172 1540 1242 judicare
1566 1175 1714 1230 vivos

154 1277 202 1322 et
233 1276 488 1330 mortuos,
524 1264 677 1332 cujus
717 1265 864 1335 regni
898 1281 1000 1318 non
1025 1265 1130 1318 erit
1171 1263 1310 1317 linis.
1345 1263 1627 1318 Credimus
1656 1266 1710 1320 in

156 1357 392 1424 Spiritum
435 1366 709 1420 sanetum,
757 1355 1041 1409 Dominum
1088 1355 1594 1420 et_viviﬁcatoretn,
1645 1370 1709 1408 ex

153 1449 293 1503 Patre
330 1447 732 1516 procedentem,
765 1461 886 1500 cum
916 1444 1076 1499 Patre
1111 1454 1164 1499 et
1201 1445 1336 1500 Filio
1379 1446 1712 1501 adorandum

155 1547 200 1590 et
222 1535 754 1607 conglorilicandum,
790 1536 879 1604 qui
920 1534 1127 1589 locutus
1153 1543 1235 1587 est
1267 1550 1360 1605 per
1389 1536 1709 1605 prophetas;

155 1628 632 1697 unamcatltolicam
667 1637 825 1697 atque
846 1625 1194 1696 apostolicam
1221 1624 1513 1679 Ecclesiam
1540 1641 1555 1691 ;
1585 1639 1714 1679 con-
1747 1642 1789 1700 Β

1814 654 2193 713 exspectamus
2231 641 2678 696 resurrectionem
2718 651 3089 700 mortuorum,
3137 646 3190 691 et
3232 639 3395 691 vitam

1813 733 1979 788 futuri
2027 732 2229 797 saeculi,
2277 732 2466 785 Amen.
2524 729 2750 784 Nomina
2801 746 2884 784 CL.
2949 727 3225 783 Sectarius
3266 727 3402 782 Con-

1815 825 2342 895 stantinopolitanus.
2370 823 2684 877 Timotheus
2703 821 3066 883 Alexandria},
3097 820 3398 874 Dorolheus

1817 933 1844 969 a
1906 917 2205 980 Corintho,
2253 915 2486 985 Cyrillus
2549 913 3105 983 Hierosolyntitauus,
3155 912 3400 967 Calasius

1820 1009 2182 1071 Cmsaricnsis,
2247 1008 2424 1062 Macer
2477 1007 2864 1071 llieritzontius,
2921 1007 3230 1078 Dionysius,
3280 1008 3402 1062 Dio~

1822 1103 2140 1172 spolitanus,
2192 1101 2504 1154 Priscianus
2571 1099 2997 1168 Nic0politanus,
3051 1099 3398 1163 Saturninus,

1823 1192 2209 1252 Sehastienus,
2261 1191 2562 1244 Auxentius
2631 1189 3121 1253 Aschoionitanus,
3180 1187 3400 1244 Elianns

1821 1281 2128 1343 ltaniemis,
2168 1279 2347 1334 Zenon
2380 1279 2594 1350 Tyrius,
2632 1279 2829 1333 Paulus
2860 1277 3232 1349 Sydoniensis.
3271 1277 3398 1332 Dei-

1819 1373 1948 1426 shus
1968 1387 1999 1424 a
2032 1371 2383 1435 Ptolomaida,
2408 1369 2683 1438 Philippus
2711 1371 3088 1422 Damasccuus.
3121 1367 3400 1422 Varachus

1818 1461 2227 1523 Peneaclensis,
2272 1461 2612 1527 Timotheus,
2653 1461 2948 1526 Basilides,
3003 1459 3236 1525 Abbibu,
3287 1459 3399 1516 Mo-

1823 1553 2033 1608 chinius
2075 1553 2440 1619 Aracleeusis,
2472 1562 2527 1608 et
2548 1554 2749 1608 caeteri.

2514 1645 2687 1701 Finis.

709 1751 3378 1775 MM

1195 1873 1444 1930 iNClPlT
1473 1872 1796 1930 SYNODUS
1825 1873 2187 1930 EPllESlNA.

215 2031 402 2088 INCIPIT
437 2045 678 2087 srmonus
702 2029 964 2085 EPIIESINA
1006 2044 1168 2083 petita
1204 2028 1557 2084 ducentorum
1597 2029 1713 2096 cpi-

152 2139 440 2194 scoponun,
468 2121 658 2176 habita
701 2122 961 2176 adversus
990 2120 1295 2176 Nestorium
1323 2122 1714 2176 Constantino-

158 2214 424 2285 politanurn
453 2213 789 2281 episeopum,
814 2212 1110 2280 quipurum
1137 2212 1410 2266 hominem
1438 2227 1502 2265 ex
1528 2215 1713 2266 "sancta

160 2307 353 2377 Virgine
395 2306 590 2360 Maria.
619 2315 802 2359 natum
834 2305 1081 2370 asseruit,
1128 2315 1188 2359 ut
1235 2304 1393 2358 aliam
1426 2319 1712 2373 personam

160 2398 339 2460 carnis,
373 2397 538 2450 aliam
567 2394 772 2449 faceret
811 2394 1051 2457 deitatis,
1087 2409 1194 2450 nec
1239 2410 1403 2448 tinum
1431 2393 1710 2450 Christum

161 2489 207 2543 in
231 2487 393 2543 Verbo
422 2487 517 2541 Dei
549 2494 608 2540 et
631 2500 796 2541 carne
817 2486 1068 2551 sentiret,
1097 2485 1189 2540 sed
1219 2484 1513 2554 separatim
1550 2493 1716 2552 atque

156 2582 418 2654 sejunctim
465 2579 704 2635 alterum
761 2577 956 2634 Filium
1011 2577 1142 2645 Dei,
1192 2576 1426 2631 alterum
1477 2575 1717 2632 hominis

1822 2047 2158 2117 praedicaret.
2189 2047 2450 2103 Convenit
2478 2056 2656 2101 autem
2683 2049 2801 2102 haec
2827 2048 3066 2119 synodus
3097 2046 3404 2102 Theodosio

1815 2141 2029 2210 juniore
2062 2141 2221 2195 tertio
2262 2141 2474 2194 decimo
2500 2151 2553 2194 et
2586 2141 2962 2195 Valentiniano
3008 2140 3166 2194 tertio
3206 2155 3406 2194 consu-

1821 2233 1982 2296 libus,
2014 2246 2120 2286 tera
2143 2247 2462 2288 CCCCLXVIII.
2511 2231 2605 2286 Cui
2642 2234 2846 2302 synodo
2895 2230 3150 2302 prrosedit
3200 2228 3401 2284 beatis-

1821 2323 1990 2378 simus
2019 2323 2289 2394 quondam
2333 2323 2565 2392 Cyri-llus
2587 2307 2926 2376 Alexandria:
2949 2321 3253 2392 episcopus,
3301 2320 3390 2388 qui

1820 2432 1943 2472 cum
2004 2417 2150 2470 omni
2204 2415 2431 2470 concilio
2486 2417 2553 2469 ad
2617 2416 2867 2470 eumdem
2920 2414 3229 2471 Nestorium
3290 2413 3404 2471 lima

1819 2506 2098 2580 synodalia
2121 2508 2337 2563 decreta
2367 2507 2686 2565 transmisit.

841 2801 1230 2863 EPISTOLA
1267 2799 1633 2862 EPHESINI
1677 2797 2026 2861 CONClLIl
2059 2798 2168 2859 AD
2205 2797 2689 2860 NESTOBIUM.

216 2965 475 3035 Religioso
523 2972 581 3018 et
623 2963 732 3017 Deo
780 2961 996 3017 amabili
1035 2961 1400 3017 consacerdoti
1448 2959 1720 3014 NESTORIO

165 3057 423 3122 CYRILLCS,
469 3053 558 3110 vel
595 3055 903 3126 quicunque
947 3064 1074 3109 sunt
1124 3053 1263 3124 apud
1295 3053 1501 3127 ‘Ephesi
1547 3066 1718 3122 syno-

167 3149 292 3202 dum.

220 3236 340 3292 Cum
367 3236 623 3292 Salvator
643 3246 826 3293 noster
857 3248 1041 3308 aperte
1067 3239 1375 3307 pronuntiet
1406 3255 1419 3290 :
1453 3236 1555 3302 Qui
1591 3235 1720 3290 dili-

165 3327 231 3396 git
274 3338 470 3398 patrem
539 3338 636 3382 aut
697 3339 926 3382 matrem
986 3345 1147 3398 super
1197 3342 1282 3382 me
1331 3343 1438 3381 non
1507 3335 1588 3382 est
1635 3340 1726 3380 me

171 3419 355 3488 dignus,
391 3431 444 3476 et
471 3419 567 3489 qui
611 3419 788 3489 diligit
833 3419 999 3473 [ilium
1056 3428 1150 3472 aut
1215 3420 1376 3472 tiliam
1420 3432 1582 3486 super
1632 3429 1721 3471 me

170 3524 258 3563 non
283 3519 358 3564 est
402 3527 488 3566 me
517 3511 714 3578 dlgnus
754 3509 968 3578 (Matth.
1001 3525 1056 3574 ι,
1085 3508 1199 3574 37),
1234 3510 1361 3579 qttid
1412 3523 1509 3561 nos
1553 3507 1729 3577 patie-

173 3615 272 3653 mur
310 3601 395 3669 qui
447 3599 798 3669 depascimur
838 3613 867 3653 a
919 3607 1009 3652 tua
1040 3600 1300 3668 religione
1355 3607 1415 3651 ut
1468 3608 1518 3652 te
1566 3611 1728 3666 super

173 3689 416 3745 Christum
483 3691 824 3746 Saivatorem
895 3691 1136 3743 omnium
1210 3687 1531 3757 diligamus?
1587 3687 1728 3753 Quid

175 3782 294 3835 enim
333 3784 484 3838 nobis
518 3783 576 3836 in
612 3781 698 3835 die
731 3780 919 3848 jttdicii
953 3781 1210 3850 proderit,
1245 3786 1338 3832 aut
1366 3794 1528 3846 qttatn
1569 3778 1730 3831 satis-

171 3873 433 3931 factionem
476 3873 722 3944 reperire
761 3872 1056 3943 poterimus
1100 3877 1323 3940 propter
1371 3879 1479 3920 tam
1520 3867 1730 3920 diutur-

176 3984 283 4022 num
310 3969 578 4024 silentium
602 3967 667 4020 de
703 3963 925 4033 prolatis
957 3978 985 4015 a
1025 3969 1075 4014 te
1095 3972 1286 4015 contra
1314 3973 1436 4013 eum
1480 3957 1730 4026 blasphe-

178 4057 311 4112 miis?
341 4059 403 4113 Et
432 4059 473 4113 si
513 4056 732 4125 quidem
765 4064 814 4107 te
845 4051 1216 4106 tantummodo
1247 4049 1498 4112 laederes,
1527 4049 1728 4102 docens

176 4139 262 4201 ista
282 4148 358 4202 vel
398 4147 662 4208 smitiens,
695 4143 998 4198 sollicitudo
1043 4141 1196 4194 nobis
1243 4139 1421 4192 minor
1451 4138 1725 4191 existeret.

178 4237 291 4292 Cum
343 4254 467 4293 vero
526 4247 694 4290 totam
761 4232 1214 4288 scandalizaveris
1271 4227 1607 4292 Ecclesiam,
1676 4233 1732 4280 et

179 4327 468 4385 fermentum
483 4320 718 4384 insolitae
731 4326 1016 4396 pravitatis
1031 4333 1084 4378 et
1100 4336 1248 4378 nova:
1264 4321 1486 4376 haeresis
1501 4320 1730 4373 miscue-

183 4421 245 4475 tis
263 4423 309 4476 in
325 4423 554 4492 populis,
580 4435 681 4474 nec.
705 4425 914 4472 tantum
942 4415 1136 4470 ibidem
1170 4413 1385 4484 positis,
1409 4411 1503 4464 sed
1531 4410 1731 4478 ubique

1829 2970 2156 3032 congregata
2184 2970 2286 3028 est,
2321 2961 2642 3032 prtesidente
2691 2961 3032 3016 sanctissimo
3069 2971 3123 3018 et
3155 2977 3406 3018 reveren-

1827 3056 2051 3110 dissimo
2109 3057 2269 3111 Patre
2317 3066 2372 3111 et
2433 3057 2823 3110 consacerdote
2886 3064 3072 3111 nostro
3113 3055 3406 3111 lecstino

1750 3133 1796 3196 C
1827 3147 2116 3217 episcopo,
2178 3147 2262 3201 his
2312 3147 2531 3215 scriptis
2588 3147 2861 3218 synodicis
2917 3157 2970 3201 te
3022 3149 3195 3224 etiam
3245 3149 3407 3204 tertio

1827 3240 2198 3303 convenimus,
2266 3239 2551 3292 consilium
2608 3239 2796 3294 dantes
2853 3249 2912 3292 ut
2961 3254 2990 3292 a
3040 3249 3148 3293 tam
3223 3241 3407 3309 pravis

1826 3327 2098 3381 abstineas
2154 3327 2495 3396 dogmatibus
2542 3343 2664 3396 qua:
2715 3336 2770 3380 et
2819 3329 3019 3383 sentire
3066 3329 3408 3398 cognosceris

1826 3429 1882 3474 ct
1922 3422 2134 3474 docere.
2201 3419 2449 3489 Rccipias
2501 3436 2628 3474 vero
2677 3420 2836 3473 ﬁdem
2891 3430 3097 3474 rectam
3150 3421 3410 3476 Ecclesiis

1824 3527 1922 3582 per
1958 3512 2297 3566 beatissimos
2345 3513 2618 3580 apostolos
2650 3521 2703 3566 et
2731 3511 3092 3581 evangelistas
3132 3515 3201 3566 ab
3250 3514 3406 3567 initio

1830 3605 2116 3667 traditam,
2162 3605 2251 3674 qui
2308 3618 2363 3658 et
2411 3605 2582 3659 oculis
2633 3605 2986 3673 inspexerunt
3036 3612 3093 3658 et
3175 3605 3407 3657 ministri

1828 3693 1988 3749 Verbi
2033 3695 2198 3750 fuisse
2245 3705 2636 3750 monstrantur.
2681 3696 2832 3762 Quod
2865 3697 2907 3750 si
2952 3697 3053 3750 hoc
3084 3695 3271 3766 religio
3321 3706 3408 3749 tua

1827 3783 2006 3841 facere
2033 3787 2322 3852 distulerit,
2348 3788 2500 3857 juxta
2526 3787 2837 3841 dilationem
2864 3786 3065 3841 litteris
3087 3788 3406 3856 prmﬁnitam

1829 3879 2153 3934 sanctissimi
2199 3888 2253 3933 et
2303 3879 2741 3932 reverendissimi
2783 3879 3187 3933 consacerdotis
3235 3882 3408 3937 nostri

1829 3968 2085 4022 Romame
2105 3969 2347 4038 praesulis
2365 3969 2616 4025 Ecclesia:
2631 3969 2928 4035 Ccelestiui,
2953 3972 3092 4025 scias
3125 3981 3178 4026 te
3207 3971 3406 4026 trullam

1830 4069 2030 4113 sortem
2063 4059 2262 4112 habere
2297 4060 2600 4124 nobiscum,
2653 4075 2752 4114 nec
2779 4060 2954 4114 locum
2984 4069 3077 4114 aut
3102 4060 3408 4115 convivium

1829 4165 1952 4204 cum
2001 4149 2096 4204 Dei
2143 4151 2513 4204 sacerdotibus
2560 4161 2615 4204 et
2665 4150 2932 4219 episcopis
2980 4151 3242 4204 obtinere.
3293 4151 3416 4206 Non

1831 4239 1974 4292 enim
2006 4239 2089 4292 fas
2116 4249 2201 4293 est
2239 4241 2444 4294 conteri
2479 4257 2582 4294 non
2612 4242 2783 4294 solum
2825 4241 3096 4295 Ecclesias
3126 4241 3198 4295 ita
3230 4243 3415 4298 turha~

1833 4336 1914 4382 tas
1953 4339 2008 4381 et
2049 4330 2443 4384 scaudalizatas
2471 4333 2703 4400 populis,
2748 4332 3017 4402 iidemque
3053 4335 3414 4388 rectissimam

1832 4417 2085 4472 violatam
2132 4420 2571 4491 dissipatamque,
2605 4423 2732 4491 quin
2767 4424 2933 4476 etiam
2991 4438 3208 4493 gregem
3253 4440 3413 4494 quem

183 4511 591 4566 consistentibus.
656 4507 792 4562 Nam
862 4516 1074 4559 tuarum
1156 4502 1551 4573 expositionum
1605 4500 1729 4554 libri
1763 4490 2106 4567 Dcuslmgre
2169 4513 2462 4577 debueras,
2523 4515 2786 4584 siquidem
2848 4490 3014 4582 jam,-
3055 4490 3157 4570 ηδε
3206 4490 3418 4570 δώωσι.

181 4617 263 4670 per
306 4611 490 4659 cuncta
533 4601 738 4672 vulgati
767 4608 921 4662 sunt,
971 4611 1069 4666 pro
1111 4603 1298 4650 nostro
1355 4593 1569 4647 silentio
1612 4605 1732 4660 qua:

185 4694 299 4747 ratio
351 4696 484 4750 ultra
545 4692 629 4747 vel
688 4689 1051 4746 excusationis
1101 4700 1282 4741 sermo
1323 4683 1596 4739 sufficiat?
1626 4683 1730 4735 Aut

185 4788 370 4850 quando
399 4802 502 4841 non
555 4798 778 4840 necesse
823 4783 888 4838 sit
935 4781 1244 4836 meminisse
1288 4778 1488 4833 Christi
1521 4774 1731 4829 Domini

186 4875 253 4928 sic
276 4875 524 4931 dicentis:
553 4895 570 4926 ‹
595 4873 712 4928 Non
735 4873 937 4940 putetis
958 4872 1098 4941 quod
1120 4870 1360 4924 venerim
1383 4881 1568 4936 pacem
1606 4865 1730 4919 mit-

188 4972 284 5019 tere
305 4966 352 5019 in
371 4952 590 5029 terram,
611 4979 717 5018 non
744 4963 861 5016 veni
882 4977 1068 5033 pacem
1094 4962 1329 5021 mittere,
1352 4957 1446 5012 sed
1474 4955 1732 5025 gladium,

190 5054 291 5108 veni
311 5056 444 5110 enim
470 5070 725 5126 separare
749 5053 1022 5107 hominem
1037 5050 1297 5104 adversus
1319 5057 1526 5116 patrem
1553 5059 1730 5108 suum,

191 5148 237 5194 et
256 5140 402 5198 ﬁliam
445 5145 702 5199 adversus
731 5151 957 5196 matrem
993 5155 1143 5195 suam
1181 5139 1368 5209 (Ibid.,
1391 5137 1504 5206 54.)
1544 5157 1561 5187 ι
1599 5135 1734 5188 Nam

192 5243 294 5284 cum
325 5233 525 5288 [reditur
560 5232 714 5296 ﬁdes,
754 5239 1038 5300 parentum
1083 5228 1386 5283 reverentia
1437 5225 1589 5280 velut
1648 5225 1733 5278 in-

194 5320 318 5376 utilis
355 5333 405 5378 et
448 5322 746 5394 periculosa
801 5321 1112 5391 despicitur,
1164 5329 1218 5375 et
1264 5333 1417 5374 amor
1433 5333 1565 5388 erga
1599 5316 1742 5370 ﬁlios

194 5404 466 5481 fratresque
503 5413 724 5477 vitatur,
779 5412 844 5465 ad
875 5418 1200 5480 postremum
1242 5409 1404 5462 etiam
1449 5421 1610 5478 super
1656 5407 1736 5476 ip-

197 5512 295 5553 sam
320 5502 475 5560 vitam
499 5518 642 5558 mors
669 5503 850 5573 potius
878 5518 907 5556 a
934 5502 1037 5572 piis
1069 5501 1200 5554 viris
1239 5493 1476 5568 eligitur,
1517 5508 1577 5552 ut
1618 5513 1732 5550 tne-

199 5587 360 5646 liorem
388 5595 874 5658 resurrectionem,
922 5594 1062 5646 sicut
1110 5591 1371 5660 scriptum
1400 5600 1504 5654 est,
1543 5600 1734 5643 conse-

201 5687 406 5754 quantur
447 5670 627 5756 (Hebr.
670 5701 730 5750 Il,
761 5684 872 5756 55).
908 5685 1044 5738 Ecce
1089 5682 1272 5750 itaque
1316 5690 1368 5736 te
1407 5681 1564 5735 simul
1609 5693 1732 5734 cum

203 5781 362 5828 iuncta
407 5777 625 5851 synodo,
662 5791 794 5846 .qute
825 5774 965 5846 apttd
1011 5773 1245 5844 amplam
1269 5774 1460 5827 urbem
1505 5772 1730 5826 Romam

1839 4605 1968 4658 recti
1986 4605 2250 4675 dogmatis
2275 4605 2597 4672 exstitisses,
2617 4615 2927 4661 sanctorum
2947 4606 3166 4661 Patrum
3191 4606 3413 4677 vestigia

1837 4697 1922 4766 pia
1965 4706 2306 4752 consectans.

1907 4832 2108 4888 Omnes
2133 4835 2314 4902 itaque
2329 4851 2464 4904 quos
2478 4846 2699 4906 propter
2721 4837 2878 4891 tidem
2904 4845 2992 4888 tua
3019 4835 3208 4905 religio
3223 4852 3251 4889 a
3269 4851 3416 4892 com-

1837 4925 2092 4979 munione
2125 4927 2374 4989 removit,
2415 4938 2507 4981 aut
2533 4931 2601 4983 ab
2633 4929 2823 4983 ordine
2849 4943 2947 4982 suo
2970 4929 3219 4996 deposuit
3248 4928 3416 4984 laicos

1837 5027 1891 5070 et
1913 5016 2142 5071 clericos
2168 5017 2220 5071 in
2253 5026 2489 5072 nostram
2511 5019 2945 5072 communionem
2975 5019 3287 5089 recipimus,
3308 5037 3416 5075 non

1837 5104 2202 5170 enimjustutn
2229 5115 2317 5160 est
2337 5121 2430 5160 eos
2458 5107 2564 5160 tuis
2601 5106 2834 5161 decretis
2863 5107 3095 5177 opprimi
3125 5110 3214 5178 qui
3247 5125 3414 5165 nove-

1838 5204 1964 5246 runt
2022 5202 2169 5247 recta
2236 5195 2458 5248 sentire.
2511 5193 2611 5260 Qui
2661 5195 2824 5248 etiam
2879 5195 3284 5254 benefacientes
3316 5199 3417 5254 tibi

1838 5287 2256 5355 prudentissime
2307 5289 2658 5353 restiterunt,
2709 5290 2809 5343 hoc
2864 5289 3004 5346 idem
3070 5308 3304 5362 namque
3360 5293 3413 5348 in

1837 5380 2063 5449 epistola
2113 5395 2274 5450 quam
2333 5380 2527 5434 misisti
2561 5381 2627 5434 ad
2655 5381 2940 5450 praesulem
2982 5385 3173 5453 amplte
3203 5385 3411 5448 Romae,

1838 5481 2084 5525 sanctum
2156 5481 2209 5527 et
2264 5472 2641 5542 coepiscopum
2707 5483 2951 5529 nostrum
3025 5475 3413 5538 Caelestinum,

1835 5562 2145 5629 signiﬁcare
2205 5561 2428 5614 curasti.
2497 5560 2612 5615 Non
2665 5571 2848 5617 autem
2911 5563 3106 5619 suﬂicit
3165 5564 3250 5616 vel
3307 5572 3413 5618 tuae

1837 5653 2083 5721 religioni
2130 5651 2502 5705 tantummodo
2533 5651 2652 5705 lidei
2677 5651 2976 5722 symbolum
3000 5652 3242 5722 confiteri
3270 5657 3414 5722 quod

1836 5743 2139 5813 expositum
2189 5749 2272 5794 est
2327 5755 2425 5811 per
2477 5741 2616 5796 idem
2679 5735 3164 5811 tctnpus,’Spiritu
3225 5753 3413 5819 sancto
