3926 6436
509 379 616 435 395

1325 374 1611 430 API'END.
1652 374 1743 429 AD
1785 370 1954 428 SIEC.
1996 367 2088 423 IX.
2123 398 2193 408 —
2231 364 2476 425 lSlDORl
2513 365 2953 427 MERCATORIS

3652 361 3746 429 296

504 488 781 560 ln-giente,
825 493 882 539 et
940 483 1246 539 venerando
1300 492 1355 536 et
1396 496 1588 550 magno
1648 480 1877 535 concilio
1936 478 2077 548 apud
2107 484 2150 540 Α
2183 477 2282 532 bus
2312 478 2587 547 genitricis
2632 478 2865 550 Virginis
2907 479 3234 534 constitutus
3274 480 3576 534 universam
3610 497 3746 537 crea‘

503 577 737 631 Niezcam
788 582 1135 646 congregato.

574 667 687 720 lluc
727 666 870 720 enim
911 679 1015 719 non
1074 661 1383 717 intellexisti
1444 676 1544 715 nec
1604 670 1752 716 recte
1808 660 2079 729 interpre-

505 767 651 812 tatus
674 772 752 823 es,
790 757 1033 825 quiuimo
1064 769 1335 825 perverse,
1377 752 1502 808 licet
1535 767 1667 806 sono
1706 752 1855 806 vocis
1892 752 2082 806 eadem

505 846 672 904 verba
725 847 1045 917 praetuleris.
1090 844 1197 900 Sed
1242 859 1581 913 consequens
1609 851 1692 897 est
1730 843 1895 897 etiam
1935 841 2084 912 jure-

497 940 730 1007 jurando
760 938 918 993 fateri
972 946 1023 991 te
1066 936 1208 1006 quod
1245 934 1673 990 anathematizes
1717 933 1932 1002 quidem
1995 940 2081 986 tua

501 1030 703 1101 polluta
747 1038 803 1083 et
843 1027 1068 1099 profana
1124 1026 1392 1096 dogmata,
1435 1024 1638 1079 sentias
1681 1031 1858 1077 autem
1888 1030 1944 1075 et
1984 1021 2081 1076 do-

503 1136 628 1175 ceas
688 1135 807 1189 qua:
856 1134 955 1174 nos
1019 1116 1290 1180 universi,
1348 1130 1443 1185 per
1491 1113 1768 1169 Orientem
1828 1127 1920 1167 seu
1988 1126 2086 1182 per

504 1211 857 1269 Occidentem
928 1209 1168 1280 episcopi
1239 1216 1294 1262 et
1366 1206 1643 1277 magistri,
1719 1203 2086 1274 prmsulesque

500 1305 821 1375 populorum
870 1302 1165 1364 credimus,
1192 1306 1247 1353 et
1285 1298 1561 1352 docemus.
1592 1294 1847 1364 Epistolis
1902 1302 2083 1346 autem

503 1393 569 1448 ab
646 1390 1009 1446 Alexandrina
1086 1397 1189 1442 tuae
1247 1385 1490 1455 religioni
1550 1382 1772 1438 directis
1842 1380 2085 1435 Ecclesia

503 1497 828 1538 consensum
871 1479 1120 1550 prmbnit,
1169 1486 1276 1532 tam
1324 1491 1389 1532 ea
1419 1491 1539 1545 qum
1574 1474 1715 1544 apud
1756 1473 1944 1526 urbem
1980 1470 2089 1525 Ro-

510 1589 731 1629 manam
785 1569 1037 1626 convenit
1078 1576 1262 1623 sancta
1317 1567 1575 1636 synodus,
1607 1578 1768 1633 quam
1796 1562 1958 1614 etiam
1991 1574 2089 1614 nos

502 1677 690 1717 omnes
751 1660 896 1716 velut
959 1668 1105 1713 recte
1149 1654 1800 1726 irreprehensibiliterque
1849 1651 2089 1707 conscri-

500 1752 648 1824 ptis;
698 1750 1038 1806 subdidimus
1090 1756 1273 1802 autem
1318 1746 1407 1801 his
1468 1743 1668 1799 nostris
1717 1758 1838 1812 qua;
1888 1735 2090 1796 s'entire

2187 579 2361 623 turam
2395 569 2635 639 replebat
2671 581 2729 624 ut
2763 572 2905 626 Deus
2936 571 3168 642 genitori
3217 586 3312 625 suo
3361 570 3618 627 indivisus
3648 572 3747 629 exi-

2186 669 2379 715 steret.
2429 661 2580 727 Quod
2627 662 2867 716 divinum
2912 672 2996 717 est
3033 663 3174 717 enim
3217 663 3331 717 siue
3369 661 3661 733 quantitate
3700 674 3748 721 et

2186 753 2301 807 sine
2330 751 2468 807 mole
2496 754 2860 824 cognoscitur,
2886 770 2985 808 nec
3012 754 3135 808 ullis
3167 755 3410 809 terminis
3438 755 3743 809 continetur.

2186 841 2423 896 Verbum
2469 842 2562 896 Dei
2610 844 2903 898 secundum
2956 844 3361 898 subsistentiam
3413 842 3747 908 conﬁtentes,

2186 951 2351 989 unum
2401 935 2691 990 adoramus
2726 934 2921 990 Filium
2971 943 3027 990 et
3061 936 3347 990 Dominum
3394 934 3576 989 Iesum
3614 935 3750 991 Chri-

2187 1038 2328 1081 stum
2368 1041 2473 1081 non
2504 1042 2748 1082 seorsum
2779 1036 3062 1096 ponentes,
3107 1036 3161 1080 et
3198 1026 3624 1081 determinantes
3664 1026 3749 1080 ho-

2189 1115 2388 1170 minem
2418 1117 2583 1171 Deum
2601 1116 2744 1171 velut
2774 1115 3001 1171 invicem
3031 1116 3134 1172 sibi
3155 1116 3437 1186 dignitatis
3459 1125 3513 1172 et
3545 1117 3752 1171 auctori-

2189 1207 2315 1261 tatis
2338 1208 2528 1261 unitati
2556 1208 2923 1278 conjunctum,
2952 1209 3055 1263 hoc
3083 1208 3225 1262 enim
3263 1209 3477 1263 novitas
3511 1208 3652 1262 vocis
3682 1217 3752 1261 est

2188 1305 2244 1351 et
2273 1297 2403 1351 nihil
2440 1297 2608 1360 aliud,
2650 1312 2751 1352 nec
2792 1297 2918 1357 item
2965 1295 3241 1350 Christum
3273 1297 3580 1367 specialiter
3604 1298 3753 1351 nomi-

2189 1399 2384 1443 nantes
2409 1387 2501 1442 Dei
2536 1388 2772 1444 Verbum
2816 1388 2962 1457 quod
2990 1404 3056 1443 ex
3085 1389 3198 1442 Deo
3244 1398 3351 1452 est,
3404 1403 3504 1442 nec
3543 1387 3746 1441 alterum

2190 1479 2442 1535 similiter
2489 1480 2765 1534 Christum
2796 1479 3102 1549 specialiter
3137 1479 3228 1548 qui
3258 1480 3324 1533 de
3354 1478 3578 1534 muliere
3610 1486 3747 1532 natus

2190 1577 2306 1633 est,
2374 1569 2465 1624 sed
2498 1585 2662 1623 unum
2726 1569 3066 1625 solummodo
3127 1569 3406 1624 Christum
3454 1568 3548 1623 Dei
3598 1566 3752 1621 Patris

2196 1659 2433 1714 Verbum
2464 1675 2586 1714 cum
2612 1661 2828 1730 propria
2852 1675 3017 1715 carne
3040 1660 3435 1731 cognoscimus.
3466 1657 3611 1712 Tunc
3628 1658 3749 1711 enim

2193 1748 2358 1803 etiam
2416 1747 2572 1817 juxta
2623 1766 2722 1805 nos
2784 1759 2981 1806 unctus
3030 1759 3155 1813 est,
3210 1748 3462 1820 quamvis
3517 1748 3751 1818 Spiritum

499 1850 745 1911 oporteat
771 1847 824 1895 et
859 1840 1075 1904 docere,
1107 1846 1161 1892 et
1188 1854 1217 1892 a
1249 1837 1446 1907 quibus
1480 1835 1755 1909 abstinere
1778 1833 2087 1889 conveniat.
2116 1825 2164 1883 B
2192 1840 2367 1910 dignis
2413 1840 2527 1910 ipse
2564 1841 2852 1897 contulerit
2892 1850 2948 1897 ει
2988 1856 3095 1896 non
3138 1843 3207 1896 ad
3253 1855 3592 1903 mensuram,
3636 1839 3754 1894 sic";

504 1934 629 1990 llaec
660 1941 743 1988 est
764 1932 908 1987 enim
956 1930 1087 1985 ﬁdes
1136 1928 1412 1982 catholicae
1457 1925 1734 1988 Ecclesiae,
1777 1924 1862 1980 cui
1909 1922 2085 1979 cuncti

498 2024 845 2080 consentiunt
880 2018 1163 2076 orthodoxi
1192 2033 1290 2088 per
1320 2015 1598 2071 Orientem
1635 2013 2088 2082 Occidentemque

507 2117 815 2187 pontifices.

568 2208 856 2263 Credimus
888 2206 941 2260 in
971 2219 1135 2259 unum
1168 2205 1334 2259 Deum
1373 2201 1611 2263 Patrem,
1641 2197 2084 2268 omnipotentem,

502 2299 744 2354 omnium
794 2296 1085 2351 visibilium
1137 2303 1195 2349 et
1244 2294 1592 2349 invisibiliqu
1622 2290 1999 2355 conditorem;
2036 2294 2091 2341 et

504 2393 556 2445 in
581 2406 751 2453 unum
782 2389 1068 2445 Dominum
1103 2396 1345 2442 nostrum
1367 2384 1552 2441 Jesum
1579 2382 1854 2437 Christum
1894 2379 2087 2433 Filium

509 2484 598 2537 Dei
632 2492 817 2537 natum
850 2482 916 2537 de
936 2481 1098 2535 Patre
1122 2479 1478 2550 unigenitum,
1517 2477 1621 2531 hoc
1640 2483 1723 2530 est
1746 2488 1810 2528 ex
1834 2470 2085 2527 substan-

506 2574 574 2625 tia
606 2572 806 2636 Patris,
844 2571 1010 2625 Deum
1040 2584 1107 2623 ea
1154 2568 1285 2631 Deo,
1328 2567 1509 2621 lumen
1543 2565 1607 2619 de
1652 2563 1873 2625 lumine,
1921 2561 2088 2613 Deum

506 2677 692 2716 verum
726 2677 791 2715 ex
830 2661 939 2715 Deo
970 2674 1120 2722 vero,
1160 2667 1346 2712 natum
1383 2672 1489 2710 non
1541 2653 1764 2717 factum,
1803 2649 2088 2705 omousion

506 2753 708 2816 Patris,
761 2751 865 2804 hoc
905 2758 991 2803 est
1041 2748 1200 2802 unius
1243 2762 1364 2801 cum
1396 2745 1557 2800 Patre
1603 2741 1953 2800 substantia};
1993 2754 2088 2809 per

502 2856 663 2910 quem
695 2838 879 2894 omnia
931 2837 1072 2891 facta
1123 2845 1252 2891 sunt
1299 2836 1353 2890 in
1393 2834 1532 2890 ctelo
1574 2842 1629 2887 et
1685 2832 1737 2885 in
1790 2839 1954 2892 terra,
2000 2827 2091 2896 qui

503 2940 723 3000 propter
772 2943 871 2982 nos
921 2927 1252 2981 homineset
1302 2932 1522 2993 propter
1570 2930 1808 2976 nostram
1866 2916 2091 2971 salutem

504 3016 864 3073 descenditde
883 3015 1053 3070 cmlis.
1076 3014 1142 3069 Et
1164 3014 1475 3068 incarnatus
1497 3017 1597 3075 est,
1615 3017 1688 3074 et,
1712 3010 1872 3064 homo
1894 3006 2092 3070 laetus,

504 3127 694 3183 passus
715 3119 815 3175 est,
841 3118 896 3164 et
917 3122 1204 3177 resurgens
1228 3105 1385 3162 tertia
1410 3104 1517 3170 die,
1542 3101 1787 3158 ascendit
1807 3100 1859 3153 in
1891 3099 2056 3154 caelos
2075 3138 2089 3163 ,

512 3204 631 3257 inde
689 3211 952 3256 venturus
990 3199 1236 3270 judicare
1291 3196 1443 3251 vivos
1499 3202 1552 3248 et
1609 3200 1889 3255 mortuos;
1938 3198 1991 3243 et
2039 3190 2091 3242 in
2121 3165 2165 3227 (ἶ

505 3292 767 3363 Spiritum
791 3299 1057 3346 sanctum.
1094 3289 1197 3342 Eos
1231 3296 1412 3340 autem
1440 3283 1529 3355 qui
1554 3283 1739 3338 dicunt
1764 3297 1777 3333 ε
1804 3280 1932 3334 Erat
1961 3288 2093 3333 tem-

506 3400 609 3455 pus
664 3383 881 3453 quando
940 3397 1046 3436 non
1100 3390 1250 3444 erat,
1302 3387 1359 3433 et
1433 3386 1723 3446 antequam
1780 3381 2094 3428 nasceretur

507 3493 614 3532 non
665 3483 802 3539 erat,
830 3481 885 3528 et
929 3472 1055 3541 quia
1090 3486 1158 3525 ex
1187 3470 1346 3524 nullis
1377 3466 1734 3523 existentibus
1777 3465 1949 3518 factus
1989 3471 2090 3528 est,

504 3577 597 3623 aut
621 3583 686 3622 ex
722 3564 825 3619 alia
854 3562 1155 3618 substantia
1195 3560 1279 3615 vel
1326 3558 1561 3614 essentia
1613 3572 1733 3611 esse
1768 3556 1973 3619 dicunt,
2001 3562 2096 3607 aut

503 3655 913 3715 eonvertibilem
943 3652 1026 3708 vel
1049 3649 1491 3707 commutabilem
1541 3647 1634 3702 Dei
1676 3645 1901 3710 Filium,
1960 3660 2095 3697 ana-

510 3749 832 3806 thematizat
895 3743 1163 3800 catholica
1222 3748 1276 3796 et
1319 3738 1611 3809 apostolica
1676 3736 1935 3791 Ecclesia.
1994 3735 2095 3789 Se-

504 3850 733 3913 quentes
772 3841 954 3907 itaque
978 3836 1219 3891 omnium
1264 3842 1574 3887 sanctorum
1618 3830 1835 3883 Patrum
1884 3828 2095 3883 confes-

505 3935 705 3996 siones,
762 3944 895 3999 quas
950 3927 1201 3997 loquente
1242 3928 1298 3978 in
1350 3922 1429 3978 eis
1468 3930 1656 3977 sancto
1704 3918 1909 3989 Spiritu
1970 3934 2097 3989 pro-

508 4024 769 4086 tulerunt,
820 4031 876 4075 et
922 4017 1208 4073 intentioni
1250 4031 1370 4087 qua:
1419 4022 1503 4070 est
1551 4015 1604 4068 in
1654 4027 1841 4068 eorum
1890 4010 2097 4065 intelle-

507 4117 685 4171 ctibus
729 4114 898 4185 teqnis
928 4112 1172 4182 vestigiis
1209 4110 1557 4170 inhaerentes,
1583 4116 1747 4177 atquc
1778 4107 1878 4161 iter
1903 4107 2093 4161 ambu-

507 4208 682 4261 lantes
729 4205 961 4275 regium,
1010 4200 1329 4272 proﬁtemur
1375 4200 1519 4269 quod
1554 4198 1726 4267 ipsum
1762 4196 2093 4266 unigenitum

510 4299 606 4353 Dei
639 4296 876 4351 Verbum
910 4304 1095 4348 natum
1117 4308 1184 4348 ex
1228 4292 1341 4360 ipsa
1373 4288 1550 4343 Patris
1573 4287 1832 4352 essentia,
1876 4286 1942 4340 de
1986 4284 2096 4339 Deo

510 4404 639 4444 vero
689 4387 827 4441 Deus
880 4399 1072 4455 verus,
1136 4382 1317 4437 lumen
1379 4380 1446 4435 de
1496 4378 1719 4442 lumine,
1770 4391 1867 4446 per
1935 4389 2095 4443 quem

505 4478 686 4532 omnia
727 4476 871 4532 facta
902 4484 1048 4540 sunt,
1075 4474 1188 4530 sive
1220 4472 1272 4526 in
1299 4470 1453 4527 caelis
1491 4470 1604 4524 sive
1632 4469 1684 4523 in
1711 4478 1873 4531 terra,
1905 4465 2095 4520 salutis

506 4576 706 4624 nostrae
758 4580 957 4632 causa,
1021 4563 1353 4619 descendens
1383 4561 1450 4616 ad
1479 4559 1904 4615 exinanitionem
1977 4570 2096 4611 sese

509 4663 758 4731 dignatus
773 4666 854 4714 est
883 4658 1342 4730 inclinare,natus
1369 4663 1620 4708 autemet
1646 4653 1805 4706 homo
1829 4648 2096 4714 lactus,id

508 4761 592 4806 cst
624 4767 843 4806 carnem
900 4751 967 4805 de
1023 4748 1241 4819 Virgine
1270 4757 1456 4801 sancta
1507 4744 1806 4814 suscipiens
1828 4785 1841 4807 ,
1872 4755 2098 4811 eamque

510 4842 787 4913 propriam
853 4840 1058 4896 faciens
1116 4838 1451 4893 nativitatem
1519 4844 1761 4889 nostram
1816 4849 1883 4887 ex
1939 4831 2096 4886 vulva

507 4922 784 4997 sustinuit,
831 4933 993 4987 homo
1052 4930 1119 4984 de
1173 4929 1398 4983 muliere
1433 4925 1750 4995 procedens,
1808 4937 1906 4976 nec
1953 4920 2095 4992 quod

508 5028 625 5075 erat
679 5020 957 5089 abjiciens.
1008 5018 1142 5073 Nam
1182 5017 1306 5072 licet
1332 5018 1505 5070 factus
1545 5015 1617 5069 sit
1644 5014 1695 5066 in
1727 5011 2097 5080 assumptione

510 5115 691 5169 carnis
726 5123 781 5168 et
824 5113 1121 5183 sanguinis,
1174 5120 1353 5165 tamen
1404 5109 1567 5163 etiam
1609 5107 1753 5176 quod
1785 5115 1905 5161 erat
1956 5105 2097 5159 Deus

510 5214 702 5259 natura
753 5204 958 5260 scilicet
1001 5212 1055 5258 et
1105 5202 1332 5257 veritate
1373 5199 1687 5271 persistens.
1728 5195 1837 5251 Nec
1874 5210 2094 5251 carnem

508 5297 691 5364 itaque
720 5294 949 5349 dicimus
990 5294 1042 5348 in
1091 5302 1340 5347 naturam
1365 5289 1582 5347 deitatis
1610 5302 1730 5343 esse
1753 5301 2093 5350 conversam,

512 5399 611 5441 nec
639 5385 691 5440 in
725 5385 1083 5440 substantiam
1125 5383 1308 5438 carnis
1333 5378 1751 5450 inseparabilem
1802 5378 1896 5432 Dei
1936 5378 2096 5433 Verbi

511 5476 804 5532 essentiam
836 5476 1207 5545 comitantem.

572 5570 1012 5635 'Iueonvertibilis
1039 5577 1121 5624 est
1143 5567 1288 5622 enim
1306 5575 1361 5621 et
1378 5562 1834 5621 incommutabilis
1850 5562 2099 5633 idemque

512 5658 627 5731 ipse
661 5660 816 5730 juxta
862 5642 1171 5730 scripturas
1201 5656 1399 5727 iugiter
1426 5668 1771 5726 permanens.
1820 5653 1981 5708 Visus
2015 5661 2100 5707 est

512 5762 693 5810 autem
740 5764 791 5810 et
822 5753 1097 5827 parvulus,
1134 5751 1453 5823 positusque
1492 5748 1544 5803 iu
1576 5746 1840 5805 cunabilis
1884 5753 1937 5801 et
1967 5746 2097 5803 sini-

2191 1929 2379 1985 beatus
2406 1929 2643 1987 Joannes
2689 1932 3017 2002 evangelista
3043 1932 3298 1986 asseruit.
3344 1929 3453 1985 Sed
3508 1943 3606 1985 nec
3643 1929 3754 1984 illud

2191 2019 2422 2075 dicimus
2451 2022 2593 2090 quod
2613 2021 2706 2077 Dei
2721 2022 2959 2078 Verbum
2980 2022 3121 2078 velut
3140 2022 3416 2078 hominem
3438 2034 3751 2077 communem

2190 2109 2281 2177 qui
2328 2110 2396 2163 de
2465 2119 2654 2165 sancta
2711 2110 2933 2181 Virgine
2962 2121 3122 2167 natus
3144 2122 3229 2167 est
3274 2112 3624 2177 habitaverit,
3666 2127 3755 2167 uec

2194 2200 2365 2255 Deum
2392 2201 2554 2257 homo
2580 2202 2833 2258 Christus
2876 2194 3236 2259 habitatorem
3261 2203 3543 2273 possidere
3584 2203 3752 2259 creda—

2193 2301 2299 2346 tur.
2352 2292 2611 2359 Quamvis
2649 2293 2794 2349 enim
2850 2292 3087 2349 Verbum
3138 2294 3472 2349 habitaverit
3515 2295 3567 2348 in
3614 2293 3751 2349 nobis

2198 2384 2308 2454 7o
2331 2394 2387 2438 et
2422 2384 2629 2439 dictum
2663 2385 2734 2440 sit
2757 2386 2810 2439 in
2835 2384 3054 2440 Christo
3078 2384 3326 2439 habitare
3363 2399 3575 2440 omnem
3609 2382 3753 2453 pleni.

2192 2475 2431 2529 tudinem
2485 2475 2707 2530 deitatis
2746 2476 3128 2545 corporaliter,
3154 2484 3402 2530 attamen
3432 2474 3750 2545 intelligimus

2193 2564 2427 2621 Verbum
2441 2566 2583 2635 quod
2618 2581 2748 2621 caro
2774 2566 2975 2621 factum
2994 2576 3207 2630 est,non
3223 2566 3365 2621 sicut
3390 2567 3443 2621 in
3468 2565 3656 2620 sanctis
3670 2564 3752 2618 ha-

2191 2657 2363 2710 bitare
2384 2655 2603 2720 dicitur,
2637 2672 2734 2711 nec
2764 2657 2921 2712 talem
2950 2657 3003 2711 in
3029 2658 3142 2725 ipso
3168 2656 3554 2710 habitationem
3583 2654 3749 2708 factam

2193 2745 2419 2801 dimnire
2435 2747 2779 2811 tentabimus,
2798 2746 2890 2802 sed
2907 2763 3045 2801 unus
3054 2747 3206 2817 juxta
3223 2755 3469 2800 naturam
3485 2761 3578 2800 nec
3594 2744 3641 2798 in
3654 2756 3751 2797 ear-

2196 2853 2318 2891 nem
2349 2838 2566 2906 penitus
2596 2846 2961 2893 commutatus
2994 2838 3153 2892 talem
3183 2837 3285 2892 sibi
3331 2836 3464 2891 fecit
3493 2834 3748 2891 habitatim

2197 2945 2316 2984 nem
2348 2929 2560 2999 qualem
2607 2939 2662 2984 et
2706 2930 2885 2984 anima
2918 2929 3153 2987 hominis
3183 2928 3388 2985 habere
3416 2927 3669 2989 creditur,
3692 2923 3747 2977 ad

2195 3021 2467 3091 proprium
2492 3036 2708 3091 corpus.
2728 3019 2880 3075 Unus
2902 3022 3160 3092 igiturest
3175 3021 3430 3076 Christus
3445 3029 3499 3074 et
3518 3016 3748 3073 Dominus

2197 3134 2302 3172 non
2333 3118 2480 3171 velut
2504 3118 2880 3188 conjunctione
2908 3116 3149 3185 qualibet
3177 3115 3229 3169 in
3250 3116 3462 3169 unitate
3488 3109 3747 3182 dignitatis,

2197 3219 2251 3263 et
2271 3209 2611 3264 auctoritatis
2634 3208 2869 3264 hominis
2900 3208 3151 3262 habentis
3178 3207 3245 3261 ad
3278 3207 3470 3260 Deum.
3494 3203 3603 3260 Non
3628 3201 3747 3257 enim

2196 3311 2373 3371 potest
2403 3302 2558 3356 unire
2598 3310 2851 3356 naturam
2892 3300 3004 3355 sola
3046 3299 3328 3370 dignitatis
3349 3296 3643 3367 :equalitas.
3668 3294 3749 3347 De—

2196 3395 2360 3465 nique
2390 3396 2585 3449 Petrus
2611 3403 2665 3448 et
2689 3393 2927 3448 Joannes
2952 3392 3178 3461 aequalis
3205 3401 3330 3446 sunt
3361 3390 3429 3445 ad
3464 3389 3748 3443 alterutrum

2197 3483 2478 3553 dignitatis
2497 3522 2511 3546 ,
2541 3490 2765 3552 propter
2802 3482 2945 3551 quod
2976 3480 3201 3550 apostoli
3231 3479 3497 3535 et-sancti
3535 3471 3748 3545 discipuli

2197 3587 2318 3627 esse
2344 3580 2736 3636 monstrantur,
2759 3579 3134 3627 verumtamen
3157 3579 3389 3639 uterque
3402 3584 3505 3624 non
3518 3580 3650 3621 unus
3663 3569 3746 3618 est.

2198 3664 2309 3721 Nec
2331 3662 2487 3731 juxta
2507 3662 2850 3718 collationem
2874 3661 2957 3715 vel
2986 3660 3378 3717 connexionem
3413 3659 3617 3714 modum
3644 3668 3747 3709 con—

2190 3751 2488 3820 junctionis
2531 3752 2881 3815 advertimus,
2920 3751 3024 3805 hoc
3070 3749 3214 3804 enim
3263 3750 3332 3801 ad
3371 3747 3626 3802 unitatem
3661 3754 3746 3795 nou

2198 3839 2394 3895 snﬂicit
2438 3838 2761 3903 naturalem,
2795 3855 2895 3895 nec
2920 3838 3214 3894 secundum
3240 3832 3657 3905 participatiouis
3679 3827 3744 3883 el-

2198 3929 2421 3995 lectum;
2437 3944 2538 3984 nos
2553 3929 2714 3984 etiam
2730 3929 2871 3983 sicut
2893 3927 3233 3982 adhaerentes
3253 3924 3485 3980 Domino
3505 3935 3632 3977 unus
3647 3930 3745 3973 cum

2197 4033 2262 4075 eo
2295 4018 2519 4089 spiritus
2547 4032 2760 4081 sumus,
2792 4015 2901 4072 imo
2923 4016 3102 4087 potius
3143 4011 3540 4081 coniunctionis
3580 4020 3744 4063 nomen

2198 4110 2464 4165 evitamus
2495 4118 2750 4179 tanquam
2771 4123 2878 4162 non
2904 4107 3142 4163 existens
3170 4105 3424 4160 idoneum
3451 4099 3585 4174 quod
3607 4092 3746 4167 signi.

2199 4200 2325 4255 ﬁcat
2352 4200 2578 4255 unitatis
2599 4216 2879 4255 arcanum.

2268 4290 2377 4346 Sed
2418 4306 2594 4360 neque
2641 4292 2810 4346 Deum
2863 4298 2958 4345 aut
2995 4290 3285 4345 Dominum
3312 4287 3515 4345 Christi
3543 4280 3741 4338 Verbum

2199 4382 2294 4437 Dei
2321 4380 2501 4436 Patris
2528 4382 2845 4447 asserimus,
2874 4396 2942 4435 ne
2988 4380 3183 4436 iterum
3226 4377 3560 4434 manifestius
3586 4373 3632 4427 in
3658 4367 3743 4421 duo

2199 4475 2533 4541 dividamus,
2562 4489 2731 4528 unum
2784 4472 3060 4529 Christum
3090 4472 3284 4528 Filium
3310 4479 3366 4526 et
3395 4468 3677 4526 Dominum,
3701 4466 3743 4510 el

2200 4568 2255 4623 in
2280 4568 2485 4623 crimen
2535 4568 2800 4639 sacrilegii
2849 4566 3181 4632 recidamus,
3234 4567 3403 4622 Deum
3437 4564 3507 4619 illi
3542 4561 3739 4629 seipsum

2202 4662 2463 4718 facientes
2491 4671 2548 4718 et
2576 4662 2882 4717 Dominum.
2911 4661 3105 4717 Unitus
3128 4663 3348 4732 quippe,
3372 4661 3512 4716 sicut
3532 4651 3741 4725 superius

2203 4755 2458 4818 diximus,
2493 4755 2636 4809 Deus
2668 4754 2903 4809 Verbum
2927 4754 3078 4809 carni
3100 4754 3393 4809 secundum
3423 4743 3739 4806 substantiam

2203 4848 2346 4902 Deus
2367 4846 2581 4915 quidem
2605 4855 2689 4900 est
2712 4846 2955 4900 omnium
2975 4853 3033 4900 et
3056 4846 3363 4900 dominator
3391 4832 3737 4897 universitatis.

2203 4938 2585 4993 Verumtamen
2627 4952 2727 4992 nec
2761 4952 2950 4992 servus
2994 4944 3080 4992 est
3105 4936 3206 4992 sibi
3252 4937 3354 5006 ipsi
3381 4950 3477 4991 nec
3499 4926 3737 4986 Dominus.

2202 5029 2456 5099 quoniam
2496 5029 2734 5100 ineptum
2767 5037 2850 5083 est
2871 5028 2956 5082 vel
2985 5028 3163 5097 potius
3204 5027 3425 5098 impium
3452 5026 3550 5079 hoc
3574 5014 3737 5074 sentire

2203 5120 2286 5173 vel
2309 5119 2510 5174 dicere.
2536 5117 2794 5185 Quamvis
2815 5118 2959 5172 enim
2988 5117 3130 5172 dicat
3158 5117 3327 5171 Deum
3358 5129 3510 5171 suum
3537 5110 3734 5165 Patrem.

2202 5223 2325 5264 eum
2353 5208 2424 5263 sit
2452 5205 2594 5263 Deus
2615 5207 2763 5262 etde
2788 5206 3088 5262 substantia
3114 5205 3251 5276 ejus,
3274 5212 3451 5261 tamen
3473 5199 3735 5257 nullatenus

2188 5299 2515 5371 ignoramus
2538 5297 2681 5367 quod
2712 5312 2939 5355 manens
2968 5297 3131 5363 Deus,
3167 5298 3331 5353 homo
3359 5306 3565 5367 quoque
3594 5286 3735 5371 factus

2199 5368 2305 5456 est,
2332 5389 2425 5459 qui
2456 5389 2559 5444 sub
2593 5387 2703 5442 Deo
2730 5387 2967 5442 debitam
2997 5387 3168 5459 legem
3196 5395 3405 5447 natura:
3429 5368 3733 5459 humanitatis

2205 5455 2525 5541 assumeret,
2563 5476 2677 5545 ipse
2709 5491 2837 5531 vero
2864 5475 2967 5531 sibi
2998 5455 3269 5546 quomodo
3293 5474 3378 5530 vel
3408 5473 3543 5528 Deus
3568 5455 3733 5537 peteril

2205 5582 2325 5623 esse
2352 5566 2436 5622 vel
2462 5565 2743 5631 Dominus,
2773 5580 2903 5634 ergo
2932 5566 3075 5621 sicut
3102 5567 3264 5620 homo
3290 5571 3541 5635 quantum
3571 5553 3731 5609 decen-

2207 5666 2289 5714 ter
2317 5657 2700 5713 exinanitionis
2728 5671 2992 5712 mensura:
3012 5656 3262 5727 congruit
3285 5656 3383 5710 sub
3410 5653 3512 5708 Deo
3532 5648 3730 5727 esserno‘

2194 5746 2413 5830 hiscum
2454 5760 2574 5801 esse
2614 5744 2868 5801 decrevit.
2911 5743 3024 5802 Hoc
3049 5746 3212 5802 etiam
3240 5740 3501 5815 quomodo
3524 5732 3612 5791 sub
3636 5726 3730 5791 ιεεε
