3926 6458
189 489 281 545 297
1166 520 1177 527 .
1301 476 1795 537 DECRETALIUM
1835 475 2243 534 COLLECTlO.

3320 471 3426 531 298

186 606 431 661 {actusest
451 596 693 670 quamvis
716 596 831 669 ipse
852 594 1528 667 promulgaveritlegemet
1546 591 1752 665 legisla-
1777 593 1829 654 Α
1854 609 1945 652 ces
1994 606 2130 663 quas
2175 588 2424 645 Salvator
2479 587 2535 642 in
2580 586 2886 658 Evangeliis
2939 585 3182 657 protulit,
3224 601 3328 641 non
3378 587 3432 642 in

192 706 266 754 tor
293 702 349 750 ut
388 692 526 747 Deus
560 692 839 754 existeret,
889 702 1143 743 cavemus
1186 687 1253 741 de
1297 685 1514 741 Christo
1538 685 1740 740 dicere.

180 789 394 855 Propter
417 790 779 838 assuntentem
805 796 1035 835 veneror
1060 786 1415 849 assumptum.
1437 776 1504 832 Et
1524 783 1745 847 propter

184 875 485 932 invisibilem
519 873 685 928 adoro
716 872 1005 927 visibilem.
1042 869 1385 925 Horrendum
1425 883 1553 922 vero
1583 881 1746 937 super

188 971 277 1022 hoc
300 975 380 1021 est
405 965 567 1020 etiam
594 964 721 1018 illud
750 960 938 1018 dicere
964 979 977 1016 :
1009 961 1060 1017 Is
1091 962 1183 1032 qui
1212 969 1499 1030 susceptus
1521 970 1605 1014 est
1621 973 1745 1013 cum

176 1074 241 1111 λιιι)
257 1057 341 1127 qui
362 1055 959 1127 suscipit'nuncupatur
983 1055 1146 1110 Deus.
1171 1052 1279 1120 Qui
1303 1053 1448 1108 euim
1478 1053 1593 1107 haec
1615 1051 1748 1106 dicit

186 1146 355 1200 diridit
401 1145 600 1200 iterum
647 1144 699 1198 in
729 1143 864 1198 duos
887 1142 1138 1197 Christos
1181 1157 1304 1197 eum
1333 1142 1427 1212 qui
1474 1155 1613 1195 unus
1639 1148 1744 1204 est,

185 1236 437 1292 hominem
493 1250 742 1291 seorsum
800 1235 855 1289 in
903 1243 1079 1304 parte,
1112 1243 1167 1289 et
1199 1234 1366 1288 Deum
1415 1233 1665 1288 similiter
1694 1233 1748 1287 in

186 1335 320 1396 parte
341 1327 694 1382 constituens.
721 1326 1013 1381 Evidenter
1034 1325 1179 1381 enim
1204 1325 1433 1395 denegat
1460 1325 1746 1390 unitatem,

187 1417 456 1473 secundum
492 1433 657 1489 quam
692 1434 803 1473 non
838 1417 977 1473 alter
1016 1432 1139 1473 cum
1184 1416 1357 1472 altero
1401 1416 1745 1482 coadomtur,

188 1520 269 1565 aut
308 1520 642 1581 nuncupatur
668 1512 834 1577 Deus,
860 1511 956 1565 sed
978 1525 1119 1565 unus
1152 1509 1469 1580 intelligitur
1496 1508 1750 1564 Christus

176 1602 343 1667 Iesus,
369 1602 537 1658 Filius
571 1604 663 1658 Dei
693 1603 1021 1673 unigenitus,
1054 1617 1160 1656 una
1196 1601 1458 1657 servitute
1480 1616 1601 1656 cum
1624 1616 1750 1670 pro-

187 1692 288 1762 pria
308 1706 466 1746 carne
498 1692 858 1747 venerandus.

245 1781 570 1838 Conﬁtentur
593 1782 757 1837 etiatn
783 1782 926 1852 quod
957 1782 1097 1837 idem
1120 1782 1236 1853 ipse
1259 1781 1350 1851 qui
1373 1796 1441 1838 ex
1463 1781 1572 1836 Deo
1594 1781 1753 1835 Patre

187 1881 324 1928 natus
348 1882 427 1928 est
458 1871 628 1927 Filius
653 1872 960 1943 unigenitus
981 1873 1145 1938 Deus,
1169 1873 1295 1927 licet
1312 1871 1468 1940 juxta
1500 1880 1749 1927 naturam

1844 687 2055 744 duabus
2101 681 2423 739 substantiis
2470 687 2566 735 aut
2609 678 2856 751 personis
2881 678 3106 735 omnino
3134 679 3431 749 partimur.

1845 780 1963 837 Non
2000 777 2145 833 enim
2181 774 2377 844 duplex
2410 780 2493 828 est
2520 786 2659 827 unus
2698 770 2945 827 Christus
2982 778 3039 826 et
3078 770 3223 825 Deus
3261 768 3432 836 solus,

1846 871 2094 946 quamvis
2122 884 2191 926 ex
2240 866 2451 924 duabus
2476 865 2814 937 diversisque
2857 865 3020 922 rebus
3058 864 3127 920 ad
3168 864 3437 918 unitatam

1846 965 2196 1039 cognoscitur
2224 961 2556 1017 individuam
2582 959 2922 1025 convenisse,
2947 959 3091 1014 sicut
3120 958 3283 1013 homo
3302 972 3432 1027 quo-

1848 1072 1953 1128 que
1970 1072 2035 1112 ex
2057 1056 2236 1111 anima
2258 1061 2474 1110 constat
2493 1060 2548 1109 et
2562 1066 2790 1123 corpore
2813 1067 2919 1107 non
2934 1050 3133 1122 duplex
3147 1066 3310 1117 unus,
3338 1056 3435 1106 sed

1850 1151 2032 1222 potius
2060 1158 2228 1204 estex
2259 1157 2510 1218 utroque.

1919 1239 2194 1294 Hnmanas
2243 1253 2372 1309 ergo
2419 1246 2474 1293 et
2515 1238 2729 1293 divinas
2775 1237 2998 1308 insuper
3034 1250 3200 1293 voces
3229 1236 3297 1293 ab
3329 1250 3439 1290 uno

1850 1333 2068 1389 Christo
2096 1331 2271 1387 dictas
2293 1331 2791 1387 animadvertentcs
2816 1341 2965 1387 recte
2987 1331 3274 1386 sentimus.
3300 1328 3437 1385 Cum

1851 1424 1998 1480 enim
2027 1423 2315 1480 deduobus
2341 1423 2655 1494 dignissime
2674 1422 2917 1494 loquitur
2941 1422 3009 1479 de
3030 1423 3207 1493 seipse
3231 1439 3245 1476 :
3282 1439 3299 1473 ι
3328 1418 3434 1487 Qui

1853 1533 1940 1572 me
1966 1517 2131 1581 videt,
2157 1516 2369 1571 videtet
2397 1514 2820 1589 Patrem(Jorm.
2849 1528 2959 1579 xiv,
2984 1514 3041 1587 9)
3072 1534 3089 1567 ι
3127 1522 3182 1569 et
3211 1531 3223 1567 :
3260 1532 3278 1566 ι
3319 1514 3430 1583 Ego

1818 1638 1833 1662 .-
1851 1617 1906 1665 et
1952 1608 2115 1663 Pater
2167 1623 2330 1663 unum
2356 1623 2543 1663 sumus
2570 1608 2752 1678 (Joan.
2777 1624 2832 1673 ιι,
2854 1608 2967 1681 30),
3002 1626 3021 1659 ι
3052 1606 3290 1662 divinam
3317 1605 3435 1676 ejus

1855 1701 2204 1771 intelligimus
2279 1698 2715 1769 ineﬂ‘ahilemque
2794 1708 3085 1765 naturam,
3144 1700 3445 1755 secundum

1854 1808 2018 1863 quam
2065 1807 2203 1846 unus
2242 1800 2326 1846 est
2354 1806 2479 1846 cum
2531 1791 2692 1846 Patre
2724 1805 2821 1846 suo
2849 1801 3073 1861 propter
3098 1806 3262 1845 unam
3288 1800 3443 1845 eant-

1857 1883 2089 1951 demque
2128 1880 2511 1945 substantiam,
2548 1897 2567 1929 ι
2597 1880 2777 1950 imago
2792 1888 2848 1934 et
2878 1880 3167 1935 character
3192 1879 3450 1950 splendor

183 1978 519 2033 suamexpcrs
541 1964 813 2032 passionis
832 1964 1244 2034 exstiterit,pro
1273 1963 1428 2018 nobis
1458 1970 1639 2016 tamen
1664 1976 1749 2017 sc-
1783 1950 1827 2009 Β
1856 1950 2040 2043 gloria:
2087 1972 2205 2040 ejus
2251 1971 2494 2025 existens
2545 1968 2733 2041 (Hebr.
2768 1985 2806 2033 t,
2831 1968 2907 2041 '5).
2950 1988 2968 2021 ι
3011 1968 3145 2024 Cum
3180 1984 3313 2025 vero
3345 1968 3445 2024 hu-

183 2053 392 2106 cundum
430 2052 746 2122 Scripturas
789 2067 953 2107 carne
997 2068 1288 2123 percussus
1329 2053 1411 2107 vel
1460 2066 1751 2122 perpessus

170 2142 262 2205 sit,
287 2149 337 2195 et
355 2152 468 2196 erat
488 2142 547 2195 in
570 2142 831 2196 crucifixo
854 2156 1081 2212 corpore
1103 2142 1334 2212 propriae
1351 2142 1531 2197 carnis
1554 2142 1752 2210 impas-

183 2232 384 2287 sihiliter
410 2235 477 2289 ad
515 2248 578 2290 se
624 2232 868 2290 referens
911 2234 1245 2304 passionem.
1272 2233 1458 2289 Gratia
1498 2247 1628 2289 vero
1656 2232 1750 2287 Dei

185 2340 267 2394 pro
292 2327 539 2382 omnibus
565 2327 808 2397 gustavit
853 2336 1107 2390 mortem,
1130 2327 1351 2382 tradens
1389 2335 1444 2381 et
1473 2326 1751 2397 preprium

183 2431 357 2487 corpus
396 2419 652 2489 quamvis
692 2428 746 2472 et
794 2416 1117 2472 naturaliter
1154 2418 1269 2487 ipse
1308 2417 1417 2471 vita
1454 2420 1555 2483 sit,
1585 2428 1643 2472 et
1673 2433 1752 2472 re-

186 2511 423 2566 surrectio
454 2520 822 2565 mortuorum.
854 2509 990 2563 Nam
1024 2519 1081 2563 ut
1111 2518 1342 2564 mortem
1374 2510 1629 2564 inell‘abili
1659 2524 1754 2579 po-

188 2602 329 2655 tentia
360 2602 701 2673 proculcaret
727 2618 791 2658 ac
821 2602 972 2673 prius
1005 2602 1057 2655 in
1092 2617 1187 2656 sua
1226 2615 1394 2657 carne
1424 2601 1756 2671 primogeni-

112 2690 118 2706 ‘
188 2702 279 2759 tus,
306 2695 467 2759 Deus,
495 2695 626 2749 licet
657 2694 812 2765 juxta
846 2703 1097 2748 naturam
1122 2708 1301 2758 suam,
1343 2693 1532 2748 mortis
1559 2707 1753 2763 expers

185 2802 241 2841 ex
262 2788 472 2842 mortuis
494 2787 655 2842 ﬁeret
688 2805 707 2839 ι
738 2787 993 2857 primitiae
1022 2786 1407 2863 dormientium
1435 2784 1486 2855 (I
1512 2783 1635 2838 Cor.
1664 2800 1753 2848 xv,

185 2878 311 2948 20),:
331 2880 578 2949 viamque
605 2878 807 2934 laceret
825 2880 1072 2932 humanm
1089 2886 1293 2931 natura:
1308 2877 1376 2931 ad
1400 2876 1756 2946 incorruptio-

126 2966 141 2979 ’
187 2969 257 3022 nis
281 2984 572 3032 recursum.
601 2970 772 3038 gratia
800 2969 916 3033 Dei,
959 2970 1097 3024 sicut
1122 2984 1283 3038 supra
1307 2970 1509 3023 dictuut
1540 2975 1642 3031 est,
1661 2985 1756 3038 pro

187 3056 466 3114 hominibus
504 3060 744 3131 gustavit
770 3068 1117 3127 mortem,et,
1143 3061 1299 3115 tertia
1324 3061 1409 3116 die
1445 3074 1753 3130 resurgens,

184 3150 475 3218 exspoliavit
514 3149 807 3206 infernum.
852 3151 1058 3207 Idcirco
1098 3152 1346 3221 quamvis
1381 3152 1590 3207 dicatur
1617 3151 1756 3221 ιιιιιιιι

189 3254 269 3308 per
297 3240 560 3296 hominem
593 3241 736 3296 facta
783 3242 858 3295 sit
912 3242 1239 3297 resurrectio
1266 3250 1628 3306 mortuorum,
1670 3251 1752 3295 ta-

189 3350 291 3388 men
316 3330 666 3406 intelligimus
696 3335 968 3391 hominem
1009 3335 1215 3391 taetum
1267 3335 1499 3390 Verbum
1525 3337 1752 3404 quodex

192 3423 281 3479 Deo
306 3434 404 3490 est,
436 3437 489 3480 et
513 3441 615 3497 per
670 3425 845 3497 ipsum
879 3427 1073 3482 mortis
1115 3426 1401 3497 imperium
1444 3425 1613 3481 fuisse
1661 3428 1757 3481 de-

189 3523 449 3572 structum.

178 3628 185 3631 τ
246 3608 422 3665 Veniet
465 3623 650 3666 autem
676 3611 1006 3682 temporibus
1030 3611 1312 3682 praefinitis
1332 3622 1476 3667 srcut
1505 3622 1584 3667 est
1617 3628 1755 3666 llfIlIS

190 3695 398 3755 Filiuset
426 3701 689 3755 Dominus
720 3703 770 3755 in
802 3701 969 3772 gloria
993 3701 1171 3758 Patris
1197 3722 1215 3754 ι
1256 3702 1540 3774 utjudtcet
1567 3703 1752 3757 orbem

190 3798 431 3848 terrarum
463 3793 517 3847 in
550 3793 806 3863 aequitate
831 3791 1005 3866 (Psal.
1035 3810 1109 3859 ιι,
1143 3793 1219 3865 9),
1255 3813 1274 3846 ι
1309 3795 1449 3850 sicut
1475 3793 1754 3864 Scriptura

193 3889 418 3939 testatur.
1336 3907 1340 3911 ·

250 3972 550 4032 Necessarie
580 3977 743 4049 igitur
769 3984 825 4033 et
869 3978 975 4033 hoc
1009 3977 1314 4049 adjicimus.
1354 3977 1758 4034 Annuntiantes

190 4062 315 4147 enim
339 4065 476 4120 sicut
500 4067 801 4122 secundum
827 4081 1047 4122 carnem
1077 4076 1309 4123 mortem
1340 4069 1599 4140 unigeniti
1633 4068 1757 4124 Filii

194 4155 307 4223 Dei,
334 4159 382 4213 id
410 4170 526 4227 est,
560 4158 688 4216 Jesu
712 4160 913 4216 Christi
949 4168 1006 4216 et
1035 4161 1487 4217 resurrectionem
1521 4162 1640 4233 ejus
1659 4202 1673 4229 ,
1701 4170 1756 4216 et

194 4245 239 4300 in
256 4249 395 4306 caelis
413 4251 792 4307 ascensionem
816 4265 878 4321 pa
889 4252 1020 4306 riter
1042 4252 1385 4316 conﬁtentes,
1411 4252 1752 4308 incruentam

194 4337 505 4396 celebramus
556 4341 609 4395 in
665 4342 912 4397 ecclesiis
958 4342 1216 4397 sacriﬁcii
1271 4344 1609 4398 servitutem.
1664 4343 1755 4398 Sic

193 4430 335 4488 etiam
350 4435 414 4489 ad
430 4435 696 4508 mysticas
723 4436 1128 4491 benedictiones
1159 4436 1467 4491 accedimus
1483 4444 1537 4491 et
1557 4436 1756 4491 sancti-

197 4520 396 4580 licamur
421 4527 716 4598 participes
752 4529 923 4584 sancti
966 4528 1213 4599 corporis
1258 4538 1313 4582 et
1356 4529 1577 4599 pretiosi
1624 4544 1751 4584 sau-

197 4615 348 4684 guinis
375 4617 577 4674 Christi
599 4620 839 4674 omnium
861 4629 1104 4676 nostrum
1132 4620 1512 4691 Redemptoris
1541 4620 1714 4676 ellecti
1735 4662 1749 4689 ,

197 4720 286 4760 non
349 4716 407 4763 ut
468 4726 813 4766 communem
879 4725 1100 4766 carnem
1146 4710 1540 4782 percipientes;
1611 4713 1754 4781 quod

198 4798 338 4866 ahsit,
367 4818 466 4859 nec
496 4812 557 4857 ut
591 4802 694 4857 viri
723 4801 1049 4857 sanetiticati
1080 4811 1137 4857 et
1165 4802 1341 4859 Verbo
1369 4802 1644 4872 conjuncti
1670 4820 1759 4861 se-

200 4890 408 4946 cundum
440 4894 719 4965 dignitatis
749 4896 1012 4949 unitatem
1045 4902 1139 4949 aut
1165 4894 1556 4950 sicutdivinam
1583 4897 1755 4965 possi-

199 4977 365 5039 dentes
385 4985 795 5051 habitationem,
820 4987 913 5040 sed
938 5001 1064 5040 vere
1087 4985 1491 5041 vivificatricetn
1510 4997 1560 5040 et
1585 4987 1755 5056 ipsius

201 5070 342 5129 Verbi
380 5078 654 5148 propriam
719 5078 937 5131 factam.
972 5077 1092 5131 Vita
1141 5077 1286 5131 enim
1338 5078 1659 5133 naturaliter
1700 5086 1760 5132 ιιι

202 5159 324 5219 Deus
342 5166 607 5233 existens,
632 5166 756 5237 quia
786 5168 1000 5237 proprie
1034 5181 1200 5221 carne
1230 5167 1412 5222 unitus
1444 5177 1551 5234 est,
1579 5168 1756 5223 viviﬁ-

204 5254 432 5312 catricem
461 5274 580 5313 eam
623 5274 744 5314 esse
794 5259 1071 5328 professus
1116 5264 1218 5313 cst.
1253 5258 1320 5312 Et
1358 5258 1477 5314 ideo
1509 5260 1759 5330 quamvis

202 5341 326 5398 dicat
352 5347 415 5401 ad
444 5363 540 5403 nos
571 5366 585 5403 :
620 5368 640 5400 ι
671 5348 1034 5415 Amen,amen
1057 5347 1180 5403 dico
1202 5348 1375 5410 vobis,
1406 5348 1508 5403 nisi
1533 5351 1759 5405 mandu-

203 5437 429 5494 caveritis
454 5455 673 5501 carnem
709 5441 832 5496 Filii
869 5439 1106 5496 hominis
1132 5450 1185 5496 et
1212 5439 1459 5496 biberitis
1487 5442 1605 5513 ejus
1630 5458 1756 5497 san-

204 5527 392 5588 guinem
421 5531 601 5603 (Joan.
629 5550 703 5599 Vl,
730 5533 844 5605 54),
881 5552 899 5586 ι
932 5549 1036 5588 non
1062 5541 1243 5587 tamen
1279 5547 1399 5588 eam
1430 5542 1491 5588 ut
1523 5533 1756 5589 hominis

204 5617 342 5674 unius
368 5637 433 5676 ex
476 5625 629 5681 nobis
653 5625 970 5681 existimare
999 5625 1280 5691 debemus,
1311 5625 1581 5694 quomodo
1610 5625 1754 5679 enim

205 5698 331 5765 iuxta
355 5720 594 5770 naturam
618 5732 771 5772 suam
796 5714 1116 5771 viviticatrix
1142 5729 1261 5771 esse
1286 5731 1413 5771 caro
1434 5716 1633 5786 poterit
1659 5716 1757 5771 ho-

208 5794 379 5854 minis?
404 5805 496 5859 sed
522 5815 577 5861 ut
601 5822 726 5863 vere
750 5808 1025 5879 proprium
1056 5806 1171 5877 ejus
1194 5806 1391 5862 laetam
1415 5807 1506 5878 qui
1539 5817 1757 5878 propter

211 5896 293 5941 nos
317 5889 446 5949 tibus
463 5895 687 5954 hominis
709 5910 791 5955 est
809 5900 979 5954 factus
995 5907 1046 5953 ct
1064 5906 1303 5954 vocatus.
1328 5898 1428 5955 Eas
1447 5908 1624 5955 autem
1658 5914 1751 5954 vo-

1853 2078 2028 2117 manze
2059 2070 2263 2116 natura:
2293 2075 2598 2116 mensuram
2625 2060 2928 2116 nullatenus
2954 2062 3208 2131 ignorans
3228 2059 3445 2118 Judmos

1853 2152 2161 2222 alloquitur,
2203 2167 2345 2206 nunc
2396 2172 2414 2203 ι
2444 2166 2530 2206 me
2567 2150 2811 2220 quaeritis
2855 2151 3103 2205 occidere
3131 2150 3316 2222 (Joan.
3342 2166 3439 2218 vn,

1853 2246 1965 2317 ΞΟ),
2007 2266 2025 2298 ι
2064 2244 2336 2299 hominem
2381 2244 2472 2314 qui
2521 2243 2805 2298 veritatem
2850 2242 3063 2298 locutus
3095 2259 3215 2300 sum
3269 2245 3447 2311 vobiss

1855 2338 1984 2392 item
2020 2352 2125 2391 non
2165 2336 2344 2390 minus
2383 2350 2506 2390 eum
2538 2336 2629 2405 qui
2667 2335 2721 2389 in
2745 2334 3153 2389 similitudinem
3185 2342 3241 2389 et
3263 2346 3450 2405 requa-

1855 2428 2063 2481 litatem
2109 2426 2288 2481 Patris
2334 2434 2417 2480 est
2458 2425 2627 2479 Deum
2660 2439 2851 2480 verum
2880 2423 3130 2479 etiamin
3172 2422 3449 2483 mensuris

1854 2518 2209 2571 humanitatis
2246 2517 2361 2587 ejus
2411 2517 2775 2587 agnoscimus.
2809 2515 2867 2571 Si
2904 2524 3084 2570 autem
3133 2515 3451 2571 necessario

1851 2606 2096 2661 creditur
2132 2605 2275 2675 quod
2314 2615 2506 2659 natura
2539 2605 2680 2659 Dens
2707 2605 2945 2659 existens
2975 2604 3150 2660 l'aetus
3188 2605 3259 2660 sit
3285 2620 3444 2673 caro,

1857 2699 1966 2753 into
2017 2698 2198 2768 potius
2246 2698 2409 2752 homo
2458 2696 2731 2750 animatus
2771 2695 2951 2750 anima
2998 2695 3284 2761 rationali,
3325 2709 3449 2765 qua

1853 2806 2017 2846 causa
2064 2798 2146 2845 est
2176 2798 2234 2844 ut
2272 2788 2324 2843 in
2362 2788 2477 2858 ejus
2507 2787 2734 2858 quilibet
2766 2788 2991 2843 vocibus
3025 2783 3350 2854 erubescat,
3400 2787 3449 2842 si

1857 2901 1950 2941 cas
2004 2882 2224 2938 homine
2271 2882 2463 2953 dignas
2500 2880 2696 2935 eli‘atus
2724 2882 2840 2937 cst?
2891 2881 3043 2949 Quod
3081 2880 3125 2935 si
3167 2895 3453 2938 sermones

1856 2976 2061 3031 homini
2095 2983 2460 3046 congruentes
2489 2972 2693 3041 abjicit,
2716 2972 2864 3044 juxta
2890 2989 2987 3028 nos
3019 2974 3288 3031 hominem
3329 2972 3449 3029 ﬁeri

1857 3066 1985 3136 quid
2024 3064 2240 3135 coegit?
2269 3063 2403 3118 Cum
2435 3079 2561 3118 vero
2600 3079 2657 3118 se
2701 3072 2924 3133 propter
2960 3079 3058 3118 nos
3093 3064 3162 3118 ad
3199 3063 3450 3118 exinani-
3514 3106 3517 3111 .

1858 3158 2061 3213 tionem
2084 3162 2439 3227 spontaneum
2466 3155 2888 3210 misericorditer
2911 3155 3266 3218 iuclinaverit,
3283 3170 3448 3225 quam

1857 3252 1927 3305 ob
1954 3264 2177 3304 causam
2202 3248 2395 3318 dignos
2424 3248 2829 3303 examinatione
2859 3249 3125 3303 sermonis
3155 3247 3450 3318 etl‘ugerit?

1862 3340 1961 3396 Uni
1989 3340 2152 3412 igitur
2175 3355 2423 3410 personae
2447 3350 2642 3395 cuneta
2674 3342 2789 3411 ejus
2820 3340 2872 3393 in
2899 3338 3189 3410 Evangelia
3218 3339 3451 3395 ascribi-

1861 3449 1981 3487 mus
2003 3474 2017 3499 ,
2047 3433 2138 3486 uni
2180 3432 2501 3486 substantia:
2534 3430 2734 3496 Verbi,
2764 3432 2816 3486 id
2848 3441 2931 3487 est
2953 3472 2968 3497 ,
3001 3431 3292 3498 incarnati,
3323 3433 3451 3502 quia

1859 3537 1996 3577 unus
2026 3530 2108 3576 est
2137 3521 2395 3576 Dominus
2416 3521 2572 3576 Jesus
2624 3521 2902 3583 Christus,
2936 3531 2994 3575 ut
3033 3523 3294 3591 scriptum
3324 3531 3407 3576 est
3432 3540 3448 3576 :

1857 3610 2199 3681 Appellatum
2249 3626 2376 3665 vero
2420 3612 2488 3665 ab
2523 3610 2784 3681 Apostolo
2822 3629 2839 3662 ι
2879 3611 3198 3667 Pontilicem
3237 3610 3451 3667 confes-

1859 3703 2028 3759 sionis
2057 3713 2254 3757 nostra:
2280 3700 2468 3773 (Hebr.
2497 3718 2578 3765 tu,
2605 3703 2658 3772 l)
2690 3722 2709 3754 ι
2742 3711 2998 3774 tauquam
3048 3702 3450 3759 sacriﬁcantem

1857 3791 1970 3848 Deo
1999 3807 2055 3847 et
2084 3792 2232 3847 Patri
2266 3793 2391 3848 lidei
2445 3802 2646 3849 nostr-.e
2687 3792 3108 3858 confessionem,
3137 3809 3259 3864 quae.
3287 3807 3318 3848 a
3344 3809 3444 3850 no-

1857 3883 2076 3954 bisipsis
2124 3884 2223 3955 ipsi
2261 3885 2368 3940 Deo
2406 3884 2553 3940 Patri
2585 3885 2919 3942 incessanter
2946 3883 3210 3950 olfertur;
3245 3885 3448 3940 iterum

1860 3976 2033 4046 ipsum
2059 3990 2182 4032 esse
2210 3975 2442 4030 dicimus
2469 3991 2535 4031 ex
2558 3979 2669 4034 Deo
2711 3978 3011 4034 secumlum
3060 3986 3309 4034 naturam
3353 3974 3448 4033 Fi—

1859 4066 1989 4120 lium
2020 4065 2380 4136 unigenitum,
2408 4080 2510 4121 nec
2544 4067 2746 4122 homini
2776 4077 2971 4138 praeter
3003 4082 3127 4123 eum
3169 4066 3326 4123 alteri
3360 4078 3452 4123 sa-

1859 4160 2084 4216 cerdotii
2136 4173 2332 4214 nomen
2378 4168 2433 4214 et
2481 4158 2715 4215 ollieium
2758 4159 3116 4231 deputamus,
3149 4158 3327 4215 factus
3367 4173 3455 4216 ρει

1857 4255 2005 4312 enim
2049 4273 2067 4307 ι
2101 4256 2365 4310 mediator
2395 4255 2489 4311 Dei
2519 4264 2577 4310 et
2610 4255 2887 4311 hominum
2937 4254 3099 4324 (Tim.
3136 4270 3196 4318 tt,
3221 4254 3298 4325 5),
3336 4274 3353 4308 ι
3399 4262 3454 4310 et

1857 4344 2234 4403 reconciliator
2261 4344 2328 4398 ad
2359 4359 2547 4415 pacem
2576 4346 2923 4414 semetipsum
2960 4344 3069 4400 Deo
3096 4352 3150 4399 et
3177 4343 3320 4399 Patri
3352 4358 3487 4413 pro“,

1858 4437 2013 4494 nobis
2058 4436 2292 4492 otIerens
2346 4453 2365 4488 ι
2396 4436 2447 4490 in
2490 4436 2707 4491 odorem
2732 4437 3016 4491 suavitatis
3039 4435 3198 4507 (Eplt.
3222 4451 3277 4501 v,
3300 4435 3380 4508 ἓ).
3423 4454 3442 4487 ι

1858 4532 2089 4601 Ideoque
2131 4529 2388 4585 dicebat:
2428 4546 2446 4579 ι
2479 4527 2817 4582 Sacrificium
2865 4535 2922 4582 et
2970 4527 3303 4583 oblationem
3357 4542 3454 4581 uo-

1860 4621 2026 4687 luisti,
2070 4620 2382 4675 holocausta
2425 4634 2522 4689 pro
2552 4627 2776 4689 peccato
2802 4634 2922 4673 non
2960 4619 3054 4674 tibi
3110 4618 3450 4688 placuerunt,

1866 4727 2068 4782 corpus
2114 4721 2294 4765 autem
2325 4711 2599 4779 perfecisti
2627 4711 2758 4765 mihi
2784 4752 2799 4776 ,
2833 4719 2959 4766 tunc
2990 4710 3101 4765 dixi
3133 4728 3145 4762 :
3178 4709 3319 4765 Ecce
3365 4726 3453 4763 vc-

1865 4802 1976 4857 nio.
2005 4802 2061 4855 lu
2088 4802 2265 4871 capite
2300 4800 2422 4856 libri
2456 4800 2720 4871 scriptum
2749 4808 2832 4856 est
2861 4802 2927 4855 de
2963 4812 3068 4865 me,
3102 4809 3160 4853 ut
3186 4799 3446 4864 facerem,

1864 4893 2027 4957 Deus,
2057 4890 2392 4947 voluntatem
2418 4898 2564 4945 tuam
2594 4890 2780 4963 (Hebr.
2810 4907 2864 4956 x,
2895 4888 2930 4944 5
2955 4898 3002 4945 et
3026 4889 3155 4960 seq).
3195 4909 3213 4942 ι
3243 4889 3452 4947 Obtulit

1863 4984 2009 5039 enim
2034 4983 2310 5054 proprium
2342 4997 2540 5051 corpus
2564 4997 2666 5037 non
2698 4996 2794 5051 pro
2825 4995 2902 5046 se,
2937 4980 3030 5035 sed
3060 4995 3158 5050 pro
3200 4981 3356 5057 nobis
3396 4982 3451 5036 iu

1861 5078 2084 5134 odorem
2129 5077 2432 5131 suavitatis.
2465 5073 2599 5129 Nam
2623 5090 2726 5144 qua
2748 5089 2846 5143 pro
2867 5087 2926 5129 se
2954 5073 3035 5128 vel
3062 5072 3335 5130 oblatione
3369 5074 3451 5129 vel

1861 5169 2132 5225 sacriﬁcio
2183 5167 2466 5239 indigeret,
2507 5165 2653 5221 onmi
2697 5173 2921 5234 peccato
2963 5162 3130 5230 liber,
3186 5173 3245 5219 ut
3278 5165 3439 5230 Deus,

1860 5259 2138 5315 existens?
2158 5257 2310 5326 Quod
2340 5258 2385 5312 si
2414 5272 2603 5312 omnes
2625 5254 2988 5326 peccaverint,
3011 5246 3077 5311 et
3093 5266 3252 5327 egent
3273 5259 3447 5329 gloria

1865 5353 1957 5407 Dei
1996 5351 2169 5422 (Rom.
2224 5367 2306 5416 ιιι,
2347 5350 2462 5421 25).
2499 5346 2807 5404 Secundum
2855 5348 2957 5405 hoc
2988 5351 3130 5419 quod
3156 5366 3345 5405 sumus
3379 5354 3446 5404 ad

1865 5444 2242 5499 mutabilitatis
2288 5456 2569 5497 excessum
2642 5439 2927 5511 proniores
2983 5440 3155 5495 eliecti
3212 5441 3449 5511 peccatis

1861 5536 2142 5609 aegrotavit
2190 5538 2421 5591 humana
2466 5543 2681 5589 natura.
2722 5534 2840 5606 Ipse
2879 5550 3006 5591 vero
3037 5552 3143 5590 non
3176 5536 3272 5589 ita.
3296 5526 3449 5589 Ideo-

1863 5644 1969 5699 que
2017 5645 2113 5685 nos
2140 5627 2307 5697 gloria
2347 5626 2460 5687 eius
2481 5643 2722 5696 egemus.
2752 5629 2859 5685 Cur
2879 5629 2983 5684 erit
3026 5629 3162 5683 ultra
3197 5627 3309 5698 jam
3348 5626 3446 5680 du-

1862 5720 2033 5784 bium,
2065 5719 2208 5790 quod
2246 5716 2435 5789 Agnus
2455 5734 2613 5777 verus
2654 5734 2751 5792 pro
2790 5716 2946 5774 nobis
2983 5712 3054 5769 sit
3087 5711 3424 5793 immolatus.

1862 5809 1962 5878 Qui
1991 5818 2171 5864 autem
2201 5809 2352 5874 dicit,
2380 5807 2503 5876 quia
2532 5809 2768 5881 seipsum
2799 5815 2906 5861 tam
2938 5818 3035 5876 pro
3065 5816 3124 5857 se
3145 5814 3303 5871 quam
3333 5798 3428 5865 prd

1863 5902 2016 5958 nobis
2056 5883 2334 5965 obtulerit,
2374 5899 2681 5957 nullatenus
2720 5896 3009 5965 impietatis
3045 5890 3255 5948 crimen
3294 5886 3426 5943 cliuo
