3926 6436
533 354 637 416 ΞΞΗ

1416 354 1706 417 ΑΡΡΕΝΙ).
1746 362 1839 417 AD
1873 355 2047 417 S'IEC.
2088 361 2178 416 ιχ.
2220 394 2288 403 -
2327 362 2577 421 lSlDORl
2609 365 3049 425 MERCATORIS

3669 371 3759 431 3N

532 476 663 546 εἰει,
695 483 816 530 cum
849 464 992 528 nihil
1016 487 1238 544 prorsus
1283 472 1385 528 iste
1431 472 1740 543 deliquerit,
1792 488 1892 529 nec
1941 471 2107 526 ullum
2139 476 2185 533 Α
2216 472 2320 527 tire
2346 474 2627 529 convenit.
2647 474 2776 543 Qua:
2802 491 2932 533 vero
2971 476 3120 533 nuic‘
3143 475 3385 549 religioni
3415 486 3519 533 tuae
3556 481 3758 538 anathe-

535 565 729 623 t‘eeerit
779 564 1003 621 omnino
1046 571 1349 633 peccatum.
1381 563 1495 630 Qua
1540 565 1707 635 igitur
1745 572 1930 634 egeret
1965 562 2118 618 obla-

537 658 686 715 tione
747 655 896 711 nullo
944 670 1044 711 suo
1094 655 1362 712 existente
1416 654 1701 711 facinore?
1734 653 1838 708 Pro
1875 667 2015 723 quo,
2069 652 2115 708 si

537 756 687 807 esset
714 730 852 805 satis
878 746 944 800 ad
968 746 1184 803 modum
1211 746 1597 799 convenienter
1621 744 1878 799 offerret?

506 900 513 903 _
610 836 688 893 De
741 835 944 906 Spiritu
996 850 1246 905 quoque,
1278 851 1399 890 cum
1424 836 1592 892 dicit:
1629 853 1650 887 ι
1686 835 1777 890 llle
1805 850 1893 890 me
1912 835 2118 891 clariﬁ-

543 928 689 984 cabit
731 929 914 1000 (Joan.
946 943 1059 990 xvi.
1092 928 1178 996 Η)
1199 967 1214 991 ,
1247 947 1265 980 ι
1303 930 1407 983 hoc
1454 929 1757 984 rectissime
1784 931 2113 994 sentientes,

536 1034 703 1073 unum
733 1018 1008 1074 Christum
1041 1019 1323 1085 Dominum
1350 1028 1407 1073 et
1426 1018 1642 1084 Filium,
1670 1035 1781 1075 non
1807 1020 1954 1075 velut
1980 1020 2114 1075 alte-

541 1110 657 1163 rius
702 1116 950 1180 egentem
996 1108 1165 1179 gloria
1217 1108 1575 1178 confitemur,
1615 1126 1643 1163 a
1689 1109 1891 1181 Spiritu
1932 1119 2119 1167 sancto

532 1200 758 1270 gloriam
789 1210 1161 1275 consecutum,
1184 1200 1308 1269 quia
1339 1200 1456 1271 ejus
1483 1201 1738 1270 Spiritus,
1770 1217 1871 1257 nec
1903 1202 2114 1269 melior,

531 1307 633 1346 nec
652 1291 901 1361 superior
916 1290 1034 1359 ipso
1050 1298 1153 1345 est.
1177 1289 1282 1345 Sed
1303 1290 1426 1360 quia
1446 1292 1687 1349 humana,
1702 1307 1863 1361 opera
1893 1291 2115 1358 faciens,

534 1382 602 1435 ad
626 1381 1144 1436 demonstrationem
1165 1395 1276 1435 sua:
1300 1382 1519 1437 deitatis
1544 1384 1743 1438 virtute
1767 1385 1968 1454 proprii
1998 1384 2120 1454 Spi-

532 1473 670 1527 ritus
698 1472 971 1537 utebatur,
1000 1473 1068 1526 ab
1109 1472 1226 1541 ipso
1262 1472 1547 1544 gloriticari
1593 1476 1811 1539 dicitur,
1838 1477 1982 1546 quod
2010 1479 2120 1535 vir-

534 1574 621 1617 tus
635 1548 730 1617 sua
745 1562 828 1616 rel
842 1562 1119 1634 disciplina
1133 1563 1379 1634 qualibet
1395 1580 1828 1637 unumquemque
1839 1567 2115 1625 clariticet.

535 1655 795 1720 Quamvis
809 1656 952 1710 enim
977 1656 1029 1711 in
1047 1672 1141 1711 sua
1157 1656 1228 1711 sit
1251 1657 1552 1713 substantia
1569 1657 2020 1730 Spiritusejus,et
2039 1660 2119 1714 in-

537 1746 807 1817 telligatur
834 1747 885 1801 in
909 1763 1139 1818 persona
1162 1750 1466 1820 proprietas
1472 1748 1627 1817 juxta
1651 1752 1701 1805 id
1727 1752 1869 1820 quod
1886 1749 2118 1822 Spiritus

2221 565 2481 620 matizare
2526 579 2750 622 necesse
2779 574 2864 622 est
2899 567 3026 623 huic
3047 567 3287 638 epistola
3313 576 3510 624 nostra:
3545 568 3764 640 subjects

2195 666 2362 710 μηδι.

2286 744 2419 814 Cap.
2447 745 2487 799 l.
2519 745 2576 801 Si
2606 746 2732 817 quis
2752 762 2859 804 non
2881 747 3171 803 conﬁtetur
3190 749 3357 805 Deum
3376 763 3502 805 esse
3527 760 3764 807 vet-acuet-

2216 833 2565 901 Emmanuel,
2606 843 2662 890 et
2700 845 2984 905 propterea
3026 837 3258 892 non-Dei
3297 838 3608 907 genitricem
3658 854 3764 894 san—

2216 932 2360 978 ctam
2380 922 2676 994 Virginem;
2693 925 3064 995 peperiteuim
3088 925 3386 983 secundum
3408 939 3649 989 carnem,
3666 942 3764 981 car-

2218 1027 2343 1067 nem
2374 1012 2470 1068 Dei
2510 1013 2715 1070 factum
2749 1012 3001 1079 Verbum,
3029 1015 3322 1075 secundum
3342 1017 3492 1084 quod
3534 1017 3764 1088 scripturn

2219 1112 2401 1169 cst;.t
2466 1102 2693 1160 Verbum
2716 1122 2842 1160 caro
2880 1107 3079 1176 factum
3100 1116 3208 1171 est,
3244 1126 3266 1160 ι
3309 1107 3594 1163 anathema
3626 1110 3707 1163 sit.

2286 1193 2352 1251 ιι.
2386 1192 2616 1264 Siquis
2660 1210 2766 1251 non
2797 1196 3086 1253 conﬁtetur
3121 1197 3281 1253 carni,
3315 1197 3615 1254 secundum
3650 1199 3760 1254 sub-

2218 1284 2475 1339 stantiam
2503 1284 2712 1341 unitum
2740 1285 2833 1345 Del
2877 1285 3057 1343 Patris
3083 1287 3338 1351 Verbum,
3367 1303 3637 1358 unumque
3664 1303 3766 1344 esse

2217 1372 2490 1429 Christum
2541 1391 2663 1430 cum
2709 1379 2927 1447 propria
2994 1394 3163 1437 carne
3232 1380 3506 1445 eumdem,
3566 1378 3765 1446 scilicet,

2220 1463 2389 1519 Deum
2423 1466 2584 1522 simul
2608 1476 2665 1523 et
2690 1468 2986 1533 hominem,
3017 1470 3304 1527 anathema
3331 1470 3430 1527 sit.
3466 1520 3471 1525 ,

2244 1606 2247 1613 ,
2288 1554 2373 1610 Ill.
2407 1555 2463 1611 Si
2486 1557 2610 1626 quis
2629 1559 2682 1613 in
2704 1574 2813 1615 uno
2836 1558 3056 1625 Christo
3093 1560 3285 1615 dividit
3319 1559 3644 1616 substantias
3668 1572 3769 1631 post

2217 1647 2501 1709 unitatem.
2539 1648 2653 1703 sola
2699 1663 2793 1703 eas
2836 1650 3174 1705 connexione
3217 1647 3549 1721 coniungens
3581 1665 3642 1706 ea
3671 1666 3769 1720 qua

2219 1740 2512 1793 secundum
2544 1739 2726 1794 carnis
2757 1740 3073 1811 dignitatem
3110 1740 3191 1806 tit,
3222 1740 3308 1796 vel
3357 1742 3527 1795 etiam
3560 1742 3769 1796 auctori-

502 1888 509 1897 ,
541 1848 622 1892 cst
644 1837 1275 1903 etnouFilius,attamen
1307 1839 1516 1895 alienus
1538 1843 1607 1897 ab
1637 1842 1726 1896 illo
1750 1858 1852 1897 non
1867 1854 1967 1898 est.
1984 1844 2117 1898 Nam

2234 1841 2387 1885 tatem
2444 1840 2500 1886 et
2546 1840 2868 1900 potestatem
2908 1848 2975 1887 ac
3020 1847 3126 1889 non
3176 1834 3357 1904 potius
3403 1844 3660 1888 conventu
3692 1833 3767 1904 qui

542 1924 779 1997 Spiritus
817 1928 1113 1998 appellatus
1147 1939 1230 1985 est
1257 1932 1535 1995 veritatis,
1563 1940 1619 1987 et
1646 1932 1845 1999 veritas
1876 1932 2124 1988 Christus

501 2089 511 2105 λ
536 2025 637 2082 est;
664 2018 805 2073 unde
830 2029 885 2073 ct
908 2020 976 2074 ab
1004 2020 1108 2074 isto
1130 2021 1380 2076 similiter
1400 2023 1617 2079 sicutex
1637 2023 1744 2080 Deo
1766 2023 1924 2078 Patre
1942 2039 2128 2092 proce-

512 2106 636 2195 (dit.
671 2107 1029 2177 Deniquehic
1048 2120 1104 2164 et
1126 2111 1238 2179 ipse
1265 2110 1500 2183 Spiritus
1525 2114 1685 2168 etiam
1700 2129 1798 2182 per
1811 2125 2124 2169 sanctormn
2198 2148 2201 2149 ν

537 2215 732 2255 manus
772 2202 1133 2270 apostolorum
1158 2204 1418 2259 miracula
1442 2204 1673 2275 gloriosa
1700 2204 1987 2274 perﬁciens
2020 2205 2123 2258 Dn-

502 2282 513 2364 :
539 2282 745 2344 ntinum
768 2291 1088 2360 glorificavit
1107 2292 1290 2348 Iesum
1313 2294 1607 2357 Christum,
1627 2304 1909 2365 postquam
1939 2310 2124 2350 ascen-

503 2381 619 2455 ;dit
663 2382 716 2436 in
769 2384 987 2439 cmlum.
1040 2384 1171 2440 Nam
1219 2388 1459 2444 creditus
1504 2397 1590 2444 est
1631 2390 1882 2444 Christus
1930 2401 2122 2444 natura

501 2532 509 2549 ε
542 2470 682 2527 Deus
712 2474 950 2530 existens
981 2491 1076 2545 per
1113 2492 1270 2532 suum
1302 2477 1563 2547 Spiritum
1592 2480 1823 2534 virtutes
1850 2478 2122 2545 cﬂiciens,

539 2563 770 2632 ideoque
816 2564 1032 2621 dicebat
1065 2585 1079 2620 :
1114 2566 1190 2622 De
1257 2583 1377 2624 meo
1413 2570 1658 2639 accipiet,
1696 2580 1751 2625 et
1783 2573 2128 2629 aununtiabit

506 2634 691 2737 vobis
731 2654 953 2728 (Ibid).
992 2657 1343 2728 Nequaquam
1375 2675 1504 2715 vero
1533 2634 1956 2731 participatione
1984 2662 2122 2717 alte-

538 2744 656 2799 rius
701 2745 840 2799 idem
891 2745 1126 2816 Spiritus
1155 2749 1373 2819 sapiens
1401 2758 1496 2804 aut
1525 2762 1715 2820 potens
1749 2751 1967 2815 dicitur,
1996 2752 2122 2822 quia

506 2888 513 2897 ,
545 2849 642 2904 per
670 2836 851 2890 omnia
881 2836 1158 2906 perfectus
1201 2848 1304 2903 est,
1348 2847 1404 2893 et
1447 2839 1595 2895 nullo
1627 2856 1851 2909 prorsus
1879 2841 2126 2910 indigens

506 2912 511 2919 λ
540 2924 701 2980 bono.
733 2923 867 2980 Nam
895 2936 1134 2996 paternae
1155 2928 1373 2984 virtutis
1392 2937 1446 2984 et
1476 2930 1774 3000 sapientiae,
1798 2931 1850 2985 id
1873 2939 1974 2993 est,
2006 2931 2123 2985 Filii

508 3084 515 3087 _
542 3014 778 3086 Spiritus
795 3019 1054 3084 creditur,
1079 3019 1267 3074 etideo
1297 3019 1409 3089 ipse
1424 3036 1482 3075 re
1502 3030 1560 3074 et
1579 3020 1907 3075 subsistente
1930 3022 2126 3076 virtute

540 3107 715 3162 virtus
768 3117 825 3161 et
865 3108 1130 3178 sapientia
1165 3110 1565 3179 comprobatur.
1599 3109 1766 3180 Igitur
1793 3112 1918 3180 quia
1953 3111 2122 3166 Deum

2208 1936 2323 1991 per
2389 1922 2663 1977 unitatem
2728 1922 2908 1979 factus
2965 1931 3067 1980 est
3123 1923 3469 1991 naturalem,
3518 1924 3771 1980 anathema

2226 2015 2317 2069 sit.
2690 2062 2697 2069 ,
2936 2052 2939 2057 ι
2994 2068 3001 2075 κ

2298 2105 2384 2161 IV.
2417 2105 2472 2161 Si
2500 2108 2625 2176 quis
2654 2108 2905 2176 personis
2946 2106 3155 2162 duabus
3183 2106 3266 2161 vel
3311 2105 3665 2161 subsistentiis
3696 2118 3771 2159 eos

2226 2212 2408 2260 voces,
2421 2213 2541 2264 qua:
2566 2198 2617 2250 iu
2634 2198 2947 2266 apostolicis
2967 2198 3187 2267 scriptis
3205 2196 3549 2253 continentur
3569 2204 3622 2250 et
3638 2207 3770 2247 eran-

2224 2287 2412 2355 gelicis
2434 2287 2646 2351 dividit,
2679 2287 2760 2343 vel
2780 2304 2900 2356 qua:
2921 2288 2991 2342 de
3017 2288 3238 2342 Christo
3260 2287 3519 2342 dicuntur
3547 2302 3577 2339 a
3601 2284 3770 2340 sanctis

2226 2375 2312 2430 vel
2354 2376 2423 2430 ab
2468 2376 2607 2446 ipso,
2656 2387 2710 2433 et
2755 2376 2966 2446 aliquas
3016 2378 3233 2446 quidem
3291 2392 3361 2431 ex
3406 2377 3502 2432 his
3533 2374 3668 2430 velut
3694 2374 3771 2428 lto-

2226 2467 2357 2522 tnini
2397 2468 2488 2537 qui
2535 2477 2733 2536 przeter
2778 2468 2875 2523 Dei
2924 2468 3154 2524 Verbum
3179 2468 3509 2538 specialiter
3548 2467 3770 2536 intelliga-

2227 2567 2314 2611 tur
2339 2559 2647 2626 aptaverit,
2678 2558 2798 2614 illas
2825 2568 3012 2613 autem
3038 2568 3293 2627 tanquam
3324 2558 3521 2629 dignas
3548 2559 3652 2612 Deo
3672 2554 3769 2620 soli,

2225 2645 2319 2700 Dei
2344 2647 2518 2702 Patris
2557 2648 2748 2723 Verbo,
2779 2649 3137 2717 deputaverit,
3167 2649 3458 2704 anathema
3496 2656 3586 2702 stt.

2297 2737 2399 2808 71
2434 2738 2497 2794 V.
2552 2737 2612 2795 Si
2638 2739 2761 2809 quis
2787 2740 2983 2793 audeat
3019 2740 3201 2795 dicere
3230 2740 3504 2795 hominem
3535 2736 3772 2793 Christum

2227 2829 2558 2899 iteophoron
2584 2868 2602 2896 ,
2639 2829 2692 2884 id
2725 2829 3117 2892 estdeil'erum.
3160 2845 3224 2885 ac
3267 2844 3372 2884 non
3424 2829 3596 2900 potius
3633 2827 3770 2883 Deum

2225 2934 2346 2974 esse
2372 2920 2638 2975 veraciter
2669 2921 2888 2985 dixerit,
2924 2929 3182 2991 tanquam
3216 2919 3413 2975 Filium
3443 2934 3539 2990 per
3563 2928 3771 2973 naturain
3801 2924 3814 2937 ‘

2236 3016 2530 3069 secundum
2571 3014 2713 3082 quod
2768 3010 2996 3067 Verbum
3044 3012 3243 3082 factum
3286 3020 3360 3065 est
3388 3027 3536 3073 caro.
3579 3019 3629 3064 et
3656 3023 3774 3063 cout-

2229 3106 2521 3162 municavit
2547 3104 2797 3160 similiter
2836 3113 2896 3159 ut
2934 3119 3032 3159 nos
3065 3103 3216 3167 carui
3258 3111 3313 3156 et
3351 3101 3622 3172 sanguini,
3663 3114 3770 3151 ana-

542 3211 707 3251 carne
735 3197 945 3252 unitum
976 3195 1130 3266 juxta
1157 3199 1560 3255 subsistentiam
1610 3207 1795 3255 sancta
1824 3198 1981 3271 Virgo
2006 3216 2125 3255 cor-
2154 3172 2198 3234 (ἶ
2233 3197 2416 3251 thema
2447 3197 2541 3251 sit.

510 3286 801 3365 pporaliter
835 3288 1075 3358 peperit,
1105 3289 1308 3345 idcirco
1334 3304 1454 3345 eam
1497 3290 1591 3345 Dei
1636 3291 1966 3346 Genitricem
2006 3306 2127 3346 esse

543 3378 881 3448 profitemur,
911 3396 1016 3436 non
1049 3382 1194 3452 quod
1227 3380 1386 3437 Verbi
1413 3391 1605 3437 natura
1636 3382 1898 3437 existendi
1928 3382 2129 3452 princi-

542 3472 691 3540 pium
734 3470 801 3527 de
830 3486 996 3528 carne
1024 3474 1221 3529 sortita
1243 3474 1354 3529 sit:
1394 3492 1413 3525 ι
1442 3474 1574 3530 Erat
1609 3476 1753 3529 enim
1778 3476 1831 3531 in
1862 3476 2128 3547 principio

510 3635 519 3639 -
546 3562 805 3623 Verbum.
832 3573 888 3619 et
906 3564 1050 3620 Deus
1076 3581 1193 3620 erat
1232 3566 1497 3631 Verbum,
1512 3575 1566 3621 et
1592 3566 1826 3621 Verbum
1849 3578 1969 3622 erat
1986 3567 2127 3638 apttd

545 3650 716 3709 Deum
769 3653 954 3725 (Joan.
1004 3672 1047 3720 ι,
1098 3657 1176 3728 1),
1212 3675 1232 3707 ι
1268 3666 1321 3711 et
1365 3658 1769 3733 ipseconditor
1806 3658 2124 3713 satculorum

512 3740 519 3747 ’
544 3741 692 3799 Patri
724 3755 1027 3801 coaeternus
1055 3753 1111 3800 et
1139 3747 1510 3804 universitatis
1539 3747 1806 3810 conditor,
1834 3748 1954 3812 sed,
1984 3749 2127 3817 quod

546 3838 797 3907 superius
820 3838 1075 3911 diximus,
1098 3836 1250 3906 juxta
1271 3837 1674 3893 subsistentiam
1698 3838 1909 3893 sibimet
1939 3840 2128 3893 unicus

519 3928 837 4007 ‘ltumanam
883 3941 1134 3983 naturam
1182 3930 1516 3985 nativitatem
1565 3930 1860 3986 sustineret
1897 3946 1964 3985 ex
2014 3932 2125 4001 ipsa

546 4020 704 4072 vulva
736 4034 1043 4089 corporear
1073 4019 1187 4074 Non
1237 4020 1378 4089 quod
1413 4020 1624 4089 eguerit
1658 4022 1962 4076 necessario
1999 4037 2126 4092 pro-

516 4102 667 4180 ,pter
704 4125 856 4166 suam
903 4118 1152 4164 naturam
1197 4111 1481 4165 nativitate
1515 4126 1635 4180 qua:
1677 4120 1760 4167 est
1793 4112 1844 4167 in
1872 4115 2130 4169 extremis

547 4201 729 4269 szcculi
771 4199 914 4255 facta
961 4203 1310 4271 temporibus,
1342 4203 1434 4258 sed
1483 4214 1542 4257 ut
1584 4204 1730 4272 ipsas
1782 4205 2127 4261 benedicerct

546 4297 860 4353 substantia:
905 4307 1104 4353 nostra:
1146 4299 1436 4369 primitias.
1483 4298 1551 4353 Et
1594 4301 1721 4354 dum
1754 4298 1922 4357 Deum
1966 4316 2129 4358 carne

530 4391 759 4465 Inuitum
777 4391 1000 4447 muliere
1023 4393 1297 4457 edidisset,
1325 4393 1417 4457 illa,
1433 4408 1553 4462 qua:
1575 4394 1835 4448 adversus
1848 4411 2009 4451 omne
2032 4411 2126 4467 ge-

2300 3286 2385 3341 γι.
2425 3286 2481 3341 Si
2510 3286 2633 3356 quis
2678 3284 2810 3340 dicit
2841 3283 3009 3340 Deum
3036 3296 3158 3340 esse
3178 3282 3260 3341 vel
3290 3282 3573 3338 Dominum
3598 3275 3767 3334 Christi

2229 3380 2320 3437 Dei
2365 3380 2539 3434 Patris
2592 3379 2846 3443 Verbum,
2886 3387 2943 3432 et
2993 3393 3097 3432 non
3143 3376 3315 3448 magis
3351 3374 3599 3431 eumdem
3631 3373 3773 3442 ipsum

2229 3471 2515 3527 conﬁtetur
2543 3472 2709 3525 Detttn
2748 3469 2909 3525 simul
2954 3478 3009 3524 et
3056 3469 3328 3523 hominem
3359 3476 3633 3537 propterea
3656 3460 3772 3533 quod

2239 3562 2459 3617 Verbum
2476 3580 2598 3617 caro
2612 3563 2812 3633 factum
2824 3572 2896 3618 est
2920 3560 3212 3617 secundum
3237 3558 3568 3632 Scriptores,
3588 3555 3771 3613 anathe-

2228 3671 2313 3709 ma
2345 3655 2436 3709 sit.

2299 3744 2407 3799 Vll.
2451 3742 2505 3797 Si
2536 3743 2655 3813 quis
2683 3740 2827 3797 velut
2854 3741 3127 3798 hominem
3154 3742 3361 3807 Iesum,
3418 3749 3661 3814 operante
3681 3739 3773 3794 Deo

2232 3834 2428 3899 Verbo,
2456 3833 2588 3888 dicit
2614 3834 2856 3902 adjtttum
2900 3844 2955 3888 et
2988 3834 3248 3903 unigeniti
3289 3835 3515 3904 gloriam
3556 3842 3769 3900 tanquam

2228 3935 2448 3996 propter
2486 3926 2661 3995 ipsum
2691 3926 2947 3980 cxistenti
2976 3926 3183 3992 tribuit,
3230 3926 3518 3997 anathema
3543 3926 3627 3980 sit.

2307 4015 2435 4071 Vill.
2479 4017 2535 4071 Si
2578 4017 2701 4086 quis
2747 4008 2909 4071 audet
2949 4017 3130 4072 dicere
3173 4026 3510 4087 assumptum
3539 4012 3767 4071 hominem

2229 4108 2629 4165 coadorandum
2679 4110 2787 4164 Deo
2845 4110 3023 4165 Verbo
3075 4118 3130 4165 et
3180 4106 3675 4180 eongloriﬁcandum
3724 4108 3769 4155 et

2231 4204 2751 4273 coununcupandum
2815 4203 2984 4259 Deum
3055 4216 3313 4274 tanquam
3398 4205 3617 4260 alterum
3670 4211 3765 4253 cum

2230 4295 2419 4356 altero,
2452 4310 2576 4348 nam
2612 4311 2708 4347 wn
2747 4295 2952 4365 syllaba
2986 4296 3360 4365 superatljecta
3393 4297 3509 4353 haec
3550 4290 3765 4364 cogitin-

2231 4386 2416 4456 telligi,
2465 4401 2528 4441 ac
2572 4402 2676 4441 non
2710 4388 2889 4457 potius
2930 4403 3036 4443 una
3078 4388 3472 4458 supplicatione
3521 4390 3766 4442 veneratur

517 4494 649 4553 _nus
674 4471 988 4535 ‘bumanum
1029 4481 1336 4538 maledictio
1363 4482 1537 4538 fuerat
1576 4484 1788 4555 prolata
1822 4485 2122 4547 desineret.

2235 4479 2551 4533 Emmanuel
2601 4496 2873 4550 unamque
2938 4481 2987 4535 ei
3050 4481 3504 4551 glorificationem
3555 4472 3766 4545 depetttli‘

550 4582 649 4622 nec
679 4568 787 4634 iam
817 4572 976 4624 morti
1002 4580 1185 4626 nostra
1211 4588 1436 4642 corpora
1467 4573 1788 4628 destinaret.
1817 4574 1949 4629 illud
1988 4591 2125 4644 quo-
2159 4564 2201 4581 ν
2223 4569 2377 4641 juxta
2417 4571 2558 4639 quod
2606 4569 2825 4625 Verbum
2851 4588 2974 4624 caro
3014 4571 3211 4640 factum
3230 4571 3633 4635 esttattathema
3663 4564 3737 4619 sit.

524 4652 651 4729 'que
678 4660 821 4729 quod
843 4660 1047 4716 dictum
1073 4672 1155 4716 est
1181 4679 1194 4716 :
1230 4680 1248 4713 t
1276 4663 1331 4717 lu
1360 4665 1576 4720 tristitia
1601 4668 1780 4736 paries
1808 4665 1946 4722 ﬁlios
1972 4664 2125 4737 (Gen.

545 4750 745 4817 ttt,16)
781 4769 799 4801 ι
856 4751 971 4820 ipse
1028 4752 1346 4816 dissolvens.
1403 4769 1587 4810 verum
1637 4771 1757 4812 esse
1804 4765 2131 4812 monstraret

552 4839 695 4908 quod
722 4842 999 4911 pr0phette
1012 4857 1143 4897 voce
1160 4844 1515 4912 praedixerat:
1539 4865 1556 4896 ι
1583 4847 1851 4917 Absorpta
1875 4857 1956 4901 est
1983 4862 2130 4902 mors

524 4926 602 4984 ‘iu
626 4931 850 4986 victoria
876 4933 929 5002 (Ι
946 4933 1068 4989 Cor.
1087 4949 1175 5001 xv,
1191 4934 1303 5007 54).
1319 4956 1337 4987 ι
1361 4935 1426 4990 Ει
1441 4920 1634 4992 iterum
1656 4955 1669 4990 :
1691 4958 1709 4990 ι
1728 4938 1965 5009 Abstulit
1990 4938 2131 4993 Deus

547 5035 763 5075 omnem
819 5022 1108 5096 lacrytnatn
1155 5027 1223 5083 ab
1262 5028 1410 5082 omni
1452 5027 1589 5082 facie
1611 5029 1796 5099 (Apoc.
1827 5045 1923 5093 νη,
1956 5029 2063 5099 l7).
2102 5049 2123 5083 ι

546 5110 780 5182 Propter
802 5115 941 5170 hanc
966 5117 1108 5170 enim
1133 5134 1350 5173 causam
1381 5118 1612 5175 dicimus
1640 5136 1764 5174 eum
1791 5121 2127 5190 dispensato-

547 5201 650 5267 rie,
689 5212 744 5258 et
786 5205 917 5274 ipsis
962 5214 1093 5261 tunc
1128 5208 1471 5264 benedixisse
1501 5209 1705 5277 nuptiis
1739 5225 1861 5264 cum
1904 5210 1956 5264 in
1983 5208 2125 5265 Caua

549 5293 783 5353 Galiltete
809 5314 930 5353 cum
969 5300 1173 5355 sanctis
1194 5309 1417 5357 vocatus
1440 5299 1541 5354 fttit
1562 5301 1819 5369 apostolis
1851 5301 2031 5370 (Joan.
2066 5317 2125 5368 ll,

549 5382 627 5459 l).
648 5386 775 5442 llzec
802 5403 993 5457 sapere
1014 5388 1187 5443 edocti
1221 5406 1405 5444 sumus
1442 5401 1547 5446 tam
1582 5408 1611 5445 a
1648 5392 1851 5446 sanctis
1875 5393 2129 5462 apostolis

546 5495 710 5550 quam
734 5479 1099 5550 evangelistis,
1121 5489 1173 5535 et
1194 5483 1261 5537 ab
1286 5483 1431 5536 omni
1457 5481 1734 5552 Scriptura
1759 5483 2013 5537 divinitus
2046 5484 2129 5539 iu-

548 5566 775 5641 spirata,
808 5587 909 5627 nec
938 5587 1044 5626 non
1071 5580 1127 5626 et
1165 5587 1194 5626 a
1220 5572 1397 5635 beatis
1437 5572 1658 5627 Patrum
1694 5572 2127 5629 confessionibus

548 5663 778 5716 veritate
824 5662 1090 5717 subnixis.
1144 5660 1240 5717 llis
1298 5662 1549 5718 omnibus
1596 5665 1759 5719 etiam
1813 5664 2126 5734 religionem

553 5758 700 5809 tuam
730 5756 1080 5821 concordare,
1110 5765 1159 5809 ct
1192 5763 1389 5825 praeter
1415 5757 1648 5827 aliquem
1681 5757 1858 5813 dolum
1894 5773 2123 5811 consen—

2298 4659 2391 4714 ΙΧ.
2432 4660 2487 4713 Si
2527 4660 2649 4729 quis
2680 4676 2847 4714 unum
2892 4659 3175 4715 Dominum
3196 4659 3378 4715 Iesum
3404 4650 3765 4720 Christumslo’

2231 4752 2498 4805 riﬁeatutn
2548 4751 2679 4805 dicit
2724 4766 2754 4804 a
2782 4750 2986 4821 Spiritu
3009 4758 3201 4805 sancto
3238 4759 3496 4819 tauquam
3519 4746 3604 4817 qui
3625 4742 3762 4797 alie"a

2230 4844 2427 4897 virtute
2452 4858 2545 4912 per
2565 4858 2687 4897 eum
2721 4858 2849 4898 usus
2879 4841 3062 4907 fuerit,
3091 4850 3146 4897 et
3186 4841 3256 4895 ab
3293 4857 3359 4907 eo
3400 4835 3650 4907 acceperit
3673 4827 3760 4885 clli-

2232 4936 2435 4990 caciam
2487 4944 2676 4989 contra
2710 4933 3017 4988 immundos
3060 4934 3318 5003 spiritus,
3346 4947 3502 5002 posse
3527 4937 3579 4982 et
3617 4930 3760 4981 comm

2235 5028 2539 5083 hominibus
2570 5028 2751 5081 divina
2779 5027 2930 5097 signa
2956 5025 3240 5096 perﬁcere,
3265 5039 3450 5079 action
3478 5019 3642 5092 potius
3666 5025 3761 5083 pm-

2235 5120 2409 5189 prium
2443 5117 2644 5172 fatetur
2693 5115 2811 5185 ejus
2839 5117 3086 5185 spiritum
3138 5131 3234 5186 per
3256 5130 3422 5185 quem
3446 5109 3616 5166 divina
3638 5104 3759 5172 signa

2232 5207 2483 5277 explevit,
2511 5208 2793 5262 anathema
2825 5206 2919 5261 sit.

2304 5298 2374 5354 Χ.
2415 5279 2732 5354 Pontiﬁcem
2766 5305 2822 5350 et
2860 5294 3172 5366 Apostolum
3212 5293 3561 5351 confcssioms
3598 5288 3759 5339 nostra!

2233 5392 2429 5447 factum
2455 5405 2573 5446 esse
2598 5389 2869 5444 Christum
2896 5388 3072 5443 divina
3096 5387 3377 5456 Scriptura
3401 5376 3753 5442 commemora!-

2233 5481 2432 5538 Obtulil
2465 5481 2608 5535 enim
2633 5480 2981 5550 semetipsum
3013 5492 3109 5550 pro
3137 5478 3292 5537 nobis
3329 5478 3411 5531 tiu
3437 5475 3640 5531 odorem
3660 5473 3756 5517 sna-

2232 5576 2412 5629 vitatis
2443 5594 2461 5626 ι
2515 5574 2624 5630 Deo
2684 5582 2739 5628 et
2796 5572 2961 5628 Patri.
3036 5572 3093 5627 Si
3143 5572 3267 5642 quis
3316 5585 3443 5640 ergo
3487 5558 3754 5622 l’outilicem

2231 5674 2285 5718 et
2346 5664 2659 5734 Apostolum
2720 5671 2962 5717 nostrum
3013 5662 3146 5717 dicit
3199 5661 3397 5716 factum
3463 5670 3560 5711 non
3615 5650 3752 5718 ipsum

2226 5756 2326 5810 .Dei
2383 5752 2636 5819 Verbum,
2687 5754 2905 5827 quando
2960 5768 3084 5807 caro
3130 5751 3327 5823 [actum
3380 5758 3450 5804 ut
3507 5754 3561 5799 ct
3605 5740 3752 5794 bona.
