3926 6438
162 400 264 471 Sol

1312 392 1801 461 DECRETALIUM
1834 392 2241 459 COLLECTIO.

3280 405 3389 473 ωε

165 528 300 597 juxta
336 540 430 580 nos
467 522 731 590 homines,
754 523 848 580 sed
876 521 1025 579 velut
1052 519 1280 577 alterum
1321 528 1517 589 praeter
1542 518 1718 587 ipsum
1746 509 1799 570 Δ
1826 509 2076 582 lixienes,
2123 526 2218 572 aut
2253 516 2357 573 alia
2397 516 2617 574 vulnera
2648 521 2965 592 susceperit,
2997 523 3139 580 Deus
3170 509 3404 593 ἱὶξῖιῇιιειβ

171 613 453 684 specialiter
481 614 754 670 hominem
782 628 852 668 ex
883 613 1140 678 muliere;
1174 619 1265 664 aut
1294 609 1385 679 qui
1414 608 1545 663 dicit
1579 606 1723 676 quod

170 726 258 780 pro
297 724 355 763 se
396 707 683 763 obtulisset
728 707 1077 778 semetipsum
1126 702 1457 760 oblationem
1498 710 1553 756 et
1617 715 1726 755 non

170 800 331 868 potius
372 813 470 870 pro
518 798 672 855 nobis
729 798 890 863 solis,
940 813 1047 853 non
1086 796 1232 854 enim
1284 792 1430 875 eguit
1454 792 1727 849 oblatione

166 891 246 960 qui
274 890 608 959 peccatorum
637 890 858 944 omnino
889 887 1134 951 nescivit,
1165 887 1449 941 anathema
1491 883 1582 938 sit.

231 978 312 1033 XI.
351 979 406 1033 Si
431 979 554 1048 quis
599 995 703 1034 non
743 978 1035 1034 conﬁtetur
1081 992 1301 1033 carnem
1344 974 1557 1030 Domini
1596 972 1729 1028 vivi-

169 1069 440 1125 ﬁcatriccm
465 1084 607 1133 esse,
630 1079 686 1124 et
720 1071 991 1140 propriam
1024 1070 1193 1140 ipsius
1217 1067 1373 1123 Verbi
1411 1066 1503 1120 Dei
1526 1064 1727 1132 Patris,

179 1161 261 1217 sed
291 1161 431 1216 velut
456 1161 681 1217 alterius
701 1172 899 1231 praeter
921 1161 1095 1231 ipsum
1120 1159 1392 1228 conjuncti
1428 1157 1604 1211 eidem
1635 1169 1731 1225 per
1754 1230 1755 1233 η

169 1251 469 1322 dignitatem
497 1259 593 1305 aut
611 1252 766 1321 quasi
788 1251 1027 1306 divinam
1052 1250 1303 1307 habentis
1341 1246 1727 1311 habitationem

165 1357 323 1396 acnon
347 1342 526 1411 potius
539 1341 943 1398 viviﬁcatrieem
952 1356 1077 1399 esse
1095 1342 1221 1413 quia
1244 1340 1386 1397 facta
1408 1348 1492 1396 est
1511 1338 1729 1410 propria

167 1418 618 1489 Verbi'vivilicare
646 1433 896 1498 valentis,
924 1434 1213 1489 anathema
1234 1432 1338 1488 'sit.

222 1524 328 1579 ΧΠ.
364 1524 419 1579 Si
460 1526 586 1595 quis
611 1540 717 1581 non
763 1525 1059 1581 conﬁtetur
1095 1525 1191 1580 Dei
1221 1523 1458 1581 Verbum
1512 1534 1729 1591 passum

165 1631 330 1682 carne,
365 1625 421 1672 et
468 1617 794 1673 cruciﬁxum
825 1631 1010 1681 carne,
1038 1625 1094 1672 et
1131 1624 1364 1673 mortem
1421 1628 1588 1669 carne
1635 1627 1733 1683 gu-

148 1713 335 1769 stasse,
382 1704 588 1761 laetum
620 1706 1037 1778 primogenitum
1065 1720 1132 1760 ex
1178 1703 1409 1761 mortuis
1430 1701 1730 1758 secundum

164 1798 285 1867 quod
323 1799 431 1852 vita
458 1808 568 1863 est,
612 1808 669 1853 et
706 1799 1014 1855 viviﬁcater
1038 1806 1100 1853 ut
1124 1799 1293 1863 Deus,
1322 1795 1610 1851 anathema
1634 1793 1725 1847 sit.

225 1890 342 1945 Xlll.
380 1891 474 1945 Ait
497 1891 666 1963 igitur
710 1904 903 1963 magna
924 1902 980 1946 et
1031 1899 1219 1947 sancta
1269 1889 1504 1962 synodus
1550 1887 1724 1957 ipsum
1761 1862 1800 1920 η

161 1981 239 2048 qui
267 1990 346 2036 est
375 1995 441 2035 ex
474 1983 589 2036 Deo
653 1980 813 2036 Patre
839 1981 1160 2038 naturaliter
1186 1990 1345 2037 natus
1383 1978 1579 2034 Filium
1607 1976 1723 2032 uni-

164 2073 375 2139 genitum
425 2070 600 2127 Deum
652 2072 721 2126 de
762 2071 876 2127 Deo
921 2086 1088 2138 vero,
1145 2071 1326 2127 lumen
1366 2071 1432 2125 de
1482 2068 1725 2133 lumine,

165 2174 245 2221 per
287 2175 440 2231 quem
477 2169 540 2214 et
594 2176 718 2216 cum
757 2177 865 2232 quo
904 2162 1086 2219 omnia
1120 2160 1316 2219 fecerit
1341 2160 1524 2225 Pater,
1580 2159 1727 2214 hunc

166 2251 502 2318 .lescendisse,
557 2253 899 2309 inearnatum
933 2269 1076 2320 esse,
1110 2263 1168 2310 et
1198 2254 1471 2309 hominem
1502 2252 1726 2316 factum,

162 2357 351 2411 passum
393 2359 543 2410 esse,
589 2354 646 2400 et
669 2347 1039 2403 resurrexisse
1077 2347 1236 2403 tertia
1267 2346 1374 2411 die,
1416 2344 1728 2400 ascendisse

164 2452 324 2493 rursus
350 2438 403 2493 in
430 2438 627 2494 caelos.
660 2439 786 2496 Haec
811 2456 910 2496 nos
948 2440 1103 2510 sequi
1133 2441 1298 2495 verba
1327 2438 1610 2499 debemus,
1642 2436 1729 2491 his

163 2542 245 2582 nos
264 2528 913 2603 convenit'obtemperare
934 2533 1296 2605 dogmatibus,
1322 2531 1728 2587 considerantes

165 2620 364 2688 quidsit
416 2622 764 2677 incarnatum
810 2638 932 2680 esse
984 2631 1041 2679 et
1095 2623 1373 2680 hominem
1399 2621 1601 2678 factum
1633 2618 1726 2676 Dei

168 2711 393 2770 Verbum.

219 2802 323 2860 Non
353 2806 499 2862 enim
579 2806 809 2863 dicimus
852 2809 995 2878 quod
1066 2808 1161 2865 Dei
1213 2816 1411 2865 natura
1463 2822 1726 2867 conversa

164 2894 234 2949 vel
276 2896 556 2953 immutata
603 2900 695 2965 sit,
740 2899 836 2955 sed
861 2900 1035 2973 magis
1062 2903 1208 2973 quod
1252 2917 1472 2958 carnem
1504 2904 1719 2961 anima-

166 2994 256 3039 tam
321 2988 504 3042 anima
559 2989 805 3046 rationali
860 2991 961 3046 sibi
996 2991 1347 3063 capulaverit,
1379 2993 1726 3063 Verbumque

1824 607 2175 677 incorporalis
2197 619 2249 664 ct
2271 618 2423 664 extra
2452 611 2753 680 passionem
2780 623 2885 679 est,
2924 613 3016 670 sed
3061 614 3186 685 quia
3210 628 3405 683 corpus

1790 697 1953 752 .illud
2000 700 2143 768 quod
2192 700 2357 770 ipsius
2409 703 2684 773 proprium
2718 700 2915 758 factum
2966 714 3049 759 est
3097 707 3198 760 hoc
3242 703 3406 760 susti-

1827 790 1963 844 nuit.
1989 789 2111 845 ideo
2147 790 2262 845 haec
2290 791 2470 845 omnia
2518 808 2617 860 pro
2666 792 2819 848 nobis
2870 793 2998 863 ipsis
3043 794 3240 849 dicitur
3276 808 3402 864 pass

1814 874 1954 955 sus,
2008 873 2183 935 inerat
2245 881 2389 934 enim
2443 882 2497 935 in
2525 898 2591 938 eo
2640 897 2868 954 corpore
2917 884 3048 954 quid
3100 885 3407 955 patiebatur

1829 969 1993 1033 Deus,
2025 971 2116 1039 qui
2143 972 2252 1041 pali
2282 987 2388 1026 non
2414 981 2645 1043 poterat.
2679 973 2852 1029 Simili
2889 976 3050 1029 modo
3075 984 3130 1030 et
3177 987 3405 1030 mortem

1832 1060 2000 1131 ipsius
2032 1062 2400 1132 intelligimus,
2432 1064 2731 1121 immortale
2752 1068 2894 1121 enim
2921 1078 2976 1122 et
3001 1068 3408 1137 incorruptibile

1830 1164 1956 1203 esse
1993 1150 2317 1206 naturaliter
2340 1162 2398 1206 et
2433 1154 2541 1208 vita
2571 1164 2626 1209 et
2651 1155 2932 1212 viviﬁcans
2964 1156 3105 1211 Deus
3141 1157 3407 1222 Verbum;

1831 1242 1926 1295 sed
1955 1242 2079 1313 quia
2108 1257 2304 1312 corpus
2340 1243 2507 1314 ipsius
2551 1247 2828 1315 proprium
2877 1248 3050 1315 gratia
3107 1248 3200 1303 Dei
3246 1246 3405 1317 juxta

1833 1335 1983 1390 Pauli
2046 1337 2232 1392 vocem
2293 1356 2312 1389 ι
2377 1353 2475 1408 pro
2551 1341 2800 1396 omnibus
2865 1349 3093 1397 mortem
3174 1340 3410 1412 gustavit

1831 1424 1994 1498 (lleb.
2022 1443 2091 1494 ιι,
2116 1428 2195 1500 9),
2222 1447 2240 1480 ι
2258 1429 2459 1485 idcirco
2484 1431 2597 1501 ipse
2624 1431 2821 1487 dicitur
2845 1441 3073 1487 mortem
3100 1446 3290 1503 passus
3308 1446 3407 1502 pro

1832 1520 2006 1575 nobis.
2040 1519 2155 1576 Non
2184 1522 2326 1591 quod
2358 1521 2470 1592 ipse
2495 1531 2721 1577 mortem
2750 1531 2895 1578 esset
2917 1532 3191 1593 expertus,
3238 1536 3412 1592 quau-

1832 1621 1944 1666 tum
1981 1613 2049 1668 ad
2086 1612 2255 1681 ipsius
2285 1623 2531 1669 naturam
2574 1614 2809 1682 pertinet
2846 1613 3080 1684 (insania
3135 1613 3279 1669 enim
3327 1622 3412 1668 est

1834 1708 1938 1764 hoc
1995 1707 2077 1762 vel
2112 1707 2333 1772 sentire,
2361 1707 2442 1764 vel
2482 1708 2708 1778 dicere),
2737 1707 2831 1763 sed
2857 1707 3025 1776 quod,
3049 1715 3106 1759 ιιι
3151 1706 3407 1771 diximus,

1833 1814 1958 1855 vera
2033 1815 2163 1853 caro
2211 1799 2378 1870 ipsius
2432 1808 2661 1855 mortem
2721 1799 2973 1870 gustavit,
3023 1799 3099 1853 ita
3136 1806 3190 1854 et
3229 1812 3412 1854 resur-

1829 1901 1990 1963 gente
2032 1908 2202 1948 carne
2240 1892 2408 1961 ipsius
2437 1907 2627 1948 rursus
2681 1891 3131 1949 resurrectionem
3158 1890 3408 1956 dicimus,

1829 2000 1934 2040 non
1988 1986 2112 2055 quia
2164 1985 2218 2039 in
2269 1984 2670 2054 corruptionem
2714 1984 3008 2050 ceciderat,
3061 1982 3206 2054 quod
3244 1982 3408 2049 absit,

1828 2078 1923 2135 sed
1972 2079 2097 2148 quia
2146 2077 2265 2147 ejus
2316 2078 2615 2133 resurrexit
2680 2092 2922 2148 corpus;
2962 2076 3056 2131 ita
3131 2072 3409 2131 Christum

1829 2182 1995 2223 unum
2028 2178 2089 2226 et
2115 2169 2401 2225 Dominum
2457 2168 2799 2234 conﬁtemur,
2829 2178 3084 2237 tanquam
3136 2167 3408 2235 hominem

1826 2276 1950 2317 eum
2045 2259 2223 2318 Verbo
2300 2260 2658 2319 coadorantes
2709 2269 2769 2313 ut.
2817 2257 3097 2316 divisionis
3164 2257 3412 2328 quadam

1827 2354 2036 2424 species
2082 2351 2389 2417 inducatur,
2432 2351 2526 2408 sed
2575 2366 2739 2405 unum
2767 2350 2879 2421 jam
2921 2357 2979 2404 et
3022 2348 3271 2405 eumdem
3319 2346 3415 2403 ad-

1826 2455 2068 2508 orantes,
2092 2442 2217 2512 quia
2247 2456 2354 2497 non
2378 2449 2464 2499 est
2490 2440 2722 2496 alienum
2756 2457 2787 2496 a
2813 2438 2991 2496 Verbo
3018 2454 3216 2511 corpus
3256 2453 3412 2494 suum

1828 2550 1951 2590 cum
2003 2548 2112 2605 quo
2157 2534 2277 2604 ipse
2332 2533 2507 2588 etiam
2556 2532 2760 2588 assidet
2804 2530 2977 2597 Patri,
3023 2545 3125 2589 nec
3179 2530 3286 2585 hoc
3335 2529 3412 2585 ita

1828 2625 2057 2681 dicimus
2106 2624 2264 2695 quasi
2304 2625 2514 2681 duobus
2541 2622 2666 2678 ﬁliis
2707 2621 3096 2688 assidentihus,
3160 2619 3255 2675 sed
3307 2635 3414 2675 una

1828 2731 1950 2772 eum
1974 2730 2138 2773 carne
2162 2731 2260 2787 per
2282 2717 2563 2780 unitatem,
2587 2714 2713 2785 quia
2745 2712 2791 2768 si
2821 2711 2981 2768 talem
3015 2710 3410 2784 copulaticnem

1827 2807 2027 2864 factam
2053 2822 2152 2878 per
2201 2807 2579 2874 substantiam,
2625 2816 2722 2861 aut
2743 2805 2896 2875 quasi
2938 2819 3035 2876 per
3075 2801 3410 2876 passibilem,

1810 2911 1924 2959 aut
1948 2902 2102 2972 quasi
2148 2917 2340 2973 parum
2390 2902 2643 2957 decoram
2691 2898 3021 2962 voluerimus
3048 2896 3316 2969 accipere,
3360 2893 3414 2953 in

1830 2995 1884 3049 id
1914 2994 2238 3059 incidemus,
2297 3002 2357 3047 ut
2401 2992 2538 3055 duos
2569 2990 2708 3046 ﬁlios
2734 3004 2856 3045 esse
2884 2990 3148 3046 dicamus.
3177 2985 3413 3043 Necesse

163 3078 569 3138 substantialitcr
622 3080 966 3156 incﬁ‘abiliter
1015 3092 1071 3139 et
1103 3084 1729 3156 incomprehensibilitcr
1810 3093 1913 3140 est
1938 3085 2084 3142 enim
2119 3085 2450 3149 discernere,
2499 3093 2555 3138 et
2589 3082 2771 3138 dicere
2809 3080 3085 3136 hominem
3125 3075 3418 3149 separatim
3485 3114 3498 3143 π

162 3167 310 3272 iactes
353 3173 424 3227 sit
462 3174 653 3238 homo,
682 3181 737 3229 et
766 3184 1108 3245 nuncupatus
1135 3176 1208 3231 sit
1250 3177 1416 3233 etiam
1449 3177 1591 3232 ﬁlius
1621 3179 1724 3234 ho-
1753 3210 1799 3273 ρ
1835 3177 2020 3243 fuisse,
2059 3177 2176 3232 sola
2205 3176 2326 3232 Filii
2372 3175 2732 3248 appellatione
2767 3174 3114 3237 honoratum,
3144 3178 3199 3225 et
3225 3182 3415 3225 rursus

162 3260 303 3316 minis
330 3277 432 3318 non
460 3263 617 3320 nuda
645 3265 1014 3322 tantummodo
1058 3265 1353 3332 voluntate,
1386 3271 1480 3324 sed
1511 3283 1612 3324 nec
1640 3285 1727 3325 as-
1758 3260 2066 3326 “.Verbum
2095 3270 2240 3339 quod
2268 3275 2352 3324 est
2382 3283 2472 3329 ,ει
2527 3268 2637 3323 Deo
2674 3267 2729 3322 in
2779 3266 3021 3330 homine,
3071 3263 3128 3320 in
3186 3263 3416 3319 veritate

167 3353 440 3422 sumptione
491 3355 606 3411 sola
652 3371 919 3427 personae,
945 3357 1041 3413 sed
1074 3358 1217 3427 quod
1241 3358 1470 3415 diversa:
1504 3361 1723 3429 quidem

165 3455 344 3502 natura:
390 3449 445 3504 in
475 3464 646 3505 unum
673 3460 1066 3517 convenerunt,
1097 3467 1240 3508 unus
1268 3460 1446 3508 tamen
1503 3467 1569 3508 ΘΧ
1610 3468 1727 3507 am-

165 3533 311 3591 bobus
361 3537 614 3595 Christus
634 3547 692 3595 et
716 3538 887 3597 Filius
930 3556 1038 3597 non
1090 3554 1350 3599 evacuata
1402 3543 1487 3597 vel
1515 3544 1724 3605 sublata

163 3621 450 3684 diversitate
478 3637 798 3684 naturarum
828 3645 925 3700 per
969 3632 1397 3702 conjunctiones,
1446 3635 1541 3691 sed
1596 3636 1722 3707 quia

166 3716 305 3772 simul
359 3719 514 3779 nobis
564 3720 896 3789 eﬁ‘ecerunt,
926 3731 986 3778 ut
1029 3740 1192 3781 unum
1239 3727 1411 3783 Deum
1459 3736 1515 3785 ct
1568 3727 1723 3785 Chri-

166 3815 373 3865 sternet
393 3809 615 3877 Filium,
644 3811 698 3867 id
741 3823 827 3869 est
877 3814 1136 3873 divinitas
1171 3824 1228 3872 ct
1267 3817 1579 3875 humanitas
1626 3835 1725 3890 per

162 3907 387 3954 arcanam
455 3901 606 3963 illam
663 3903 1099 3977 inell‘abilemque
1179 3907 1579 3981 copulationem
1655 3911 1721 3966 ad

150 3987 550 4052 humanitatem.
585 3994 775 4068 itaque
822 3999 869 4055 is
896 4000 1142 4070 quiante
1188 4004 1383 4059 stecula
1427 4004 1608 4060 omnia
1638 4014 1725 4061 est

1831 3362 2021 3417 Filium
2058 3361 2167 3416 Dei.
2196 3359 2301 3415 Sed
2329 3359 2640 3416 discernere
2695 3358 2751 3413 in
2792 3357 2928 3414 duos
2973 3355 3113 3411 ﬁlios
3154 3369 3262 3410 non
3318 3346 3413 3408 de-

1814 3457 2018 3512 heluus
2038 3469 2202 3510 unum
2214 3453 2502 3508 Dominum
2520 3450 2707 3508 Iesum
2732 3449 3027 3505 Christum.
3054 3445 3239 3516 Neque
3266 3445 3413 3500 enim

1816 3547 2045 3618 adjuvat
2070 3554 2273 3601 rectam
2304 3542 2426 3599 lidei
2450 3543 2717 3598 rationem
2735 3581 2753 3607 ,
2772 3540 2900 3595 licet
2929 3537 3168 3594 nonnulli
3187 3532 3410 3607 copula-

1818 3641 2054 3704 tionem,
2087 3638 2269 3693 nescio
2312 3651 2495 3706 quam,
2521 3633 3253 3705 perhibeantpersonarum.
3288 3626 3407 3683 Non

1818 3730 1973 3786 enim
1992 3729 2128 3785 dicit
2150 3727 2432 3798 Scriptura
2474 3724 2711 3781 Verbum
2732 3723 2826 3783 Dei
2855 3735 3140 3793 personam
3179 3718 3282 3775 sibi
3312 3719 3414 3775 ho—

1816 3822 1987 3878 minis
2019 3820 2395 3892 assumpsisse,
2440 3818 2541 3876 sed
2564 3830 2786 3879 carnem
2832 3817 3035 3870 factum
3063 3826 3205 3877 esse,
3237 3811 3288 3867 id
3311 3826 3411 3866 au-

1825 3923 1932 3967 tem
1955 3920 2043 3968 est.
2066 3912 2361 3969 ostendere
2389 3910 2482 3966 Dei
2514 3908 2751 3973 Verbum
2773 3904 3023 3961 similiter
3047 3919 3113 3961 ac
3140 3918 3241 3959 nos
3262 3901 3415 3973 prin.

1822 4003 2022 4074 cipium
2056 4003 2311 4061 habuisse
2336 4001 2522 4059 carnis
2547 4009 2604 4056 et
2629 3998 2941 4071 sanguinis,
2987 4004 3044 4052 et
3080 4010 3276 4067 corpus
3316 4008 3414 4049 no—

164 4092 299 4139 uatus
323 4102 388 4142 ex
420 4087 609 4154 Patre,
636 4090 799 4145 etiam
828 4106 895 4147 ex
918 4092 1145 4150 muliere
1163 4095 1456 4153 carnaliter
1481 4104 1564 4153 est
1591 4113 1720 4168 pro:-

163 4183 370 4233 creatus.
424 4178 545 4234 Non
574 4180 698 4249 quia
746 4181 927 4237 divina
976 4184 1146 4255 ipsius
1200 4195 1392 4243 natura
1447 4190 1514 4244 de
1561 4204 1719 4247 saera

164 4261 354 4337 Virgine
376 4259 608 4342 sumpsit
627 4275 929 4344 exordium,
957 4292 1058 4333 nec
1084 4289 1306 4350 propter
1324 4281 1560 4353 seipsum
1584 4298 1721 4353 opus

1820 4104 1995 4150 strum
2022 4095 2237 4166 proprie
2264 4108 2421 4150 suum
2442 4092 2656 4157 fecisse,
2685 4101 2742 4146 et
2771 4090 3044 4147 hominem
3082 4101 3151 4146 ex
3188 4084 3415 4142 muliere
3495 4135 3499 4141 .

1822 4186 2154 4257 processisse
2182 4200 2291 4242 non
2333 4184 2543 4256 abjecta
2582 4182 2667 4240 vel
2695 4182 2937 4253 deposita
2967 4178 3193 4243 deitate,
3238 4184 3297 4231 ut
3320 4188 3413 4246 ge-

1817 4278 2160 4335 nerationem
2189 4276 2335 4333 illam
2385 4275 2677 4341 amitteret,
2725 4288 2885 4344 quam
2924 4270 3156 4328 habebat
3190 4283 3258 4324 ex
3304 4266 3411 4322 Pa-

164 4355 326 4416 babuit
363 4367 603 4421 secundo
645 4369 793 4423 nasci
825 4377 944 4440 post
974 4370 1118 4427 illam
1166 4373 1505 4430 nativitatem
1553 4391 1716 4446 quam
1816 4383 1925 4441 tre,
1955 4374 2050 4430 sed
2079 4372 2349 4428 mansisse
2372 4369 2535 4427 etiam
2565 4369 2620 4424 in
2642 4367 3006 4437 assumptione
3030 4362 3214 4420 carnis
3240 4359 3408 4417 Deum

164 4446 366 4509 habebat
388 4472 456 4512 ex
478 4457 661 4513 Patre.
691 4460 783 4515 Est
817 4462 961 4516 enim
1000 4464 1242 4533 ineptum
1269 4473 1327 4519 et
1356 4466 1581 4521 stultum
1612 4467 1716 4523 hoc
1817 4465 1961 4536 quod
2014 4471 2151 4520 erat.
2208 4462 2331 4517 lloe
2385 4461 2568 4530 itaque
2619 4466 2781 4514 recta:
2842 4456 2965 4513 ﬁdei
3029 4453 3170 4510 ratio
3229 4458 3412 4525 prote-

162 4538 336 4610 άδεθω,
372 4548 517 4618 quod
550 4550 599 4604 is
624 4551 859 4618 quiante
881 4555 1060 4609 omnia
1076 4554 1273 4611 saecula
1295 4566 1380 4615 est
1404 4559 1714 4630 consenrpi.
1748 4573 1796 4632 ι)
1819 4566 2010 4613 statur.
2051 4556 2107 4612 ιιι
2151 4554 2243 4610 tali
2291 4568 2451 4610 sensu
2490 4562 2705 4609 sanctos
2754 4550 2947 4606 Patres
2991 4547 3158 4603 fuisse
3187 4558 3409 4616 compev

166 4639 323 4692 tertius
351 4638 523 4706 Patri,
552 4644 805 4699 secundae
830 4648 1197 4715 generationis
1239 4650 1452 4718 eguerit
1484 4658 1542 4705 ut
1596 4666 1717 4705 esse
1817 4649 2007 4713 rimus,
2047 4647 2278 4715 ideoque
2328 4644 2403 4701 illi
2453 4657 2560 4699 non
2599 4642 2982 4698 dubitaverunt
3018 4646 3261 4695 sanctam
3286 4633 3411 4688 Vir-

166 4718 414 4792 inciperet,
463 4730 560 4786 sed
590 4732 715 4800 quia
746 4742 971 4805 propter
1018 4746 1257 4792 nostram
1306 4739 1535 4795 salutem
1564 4750 1718 4797 natu—
1815 4740 1994 4810 ginem
2016 4738 2199 4794 dicere
2223 4736 2555 4801 theotoclmn,
2582 4750 2687 4791 non
2721 4734 2846 4802 quia
2883 4730 3043 4785 Verbi
3074 4734 3266 4783 natura
3294 4723 3410 4779 dei-

271 4815 364 4871 sibi
386 4820 658 4889 copulavit
682 4823 1066 4891 humanam,et
1090 4829 1357 4897 processit
1379 4845 1443 4884 ex
1468 4831 1714 4898 muliere,
1820 4841 2012 4902 tasque
2054 4830 2109 4884 in
2135 4838 2377 4886 sanctam
2400 4828 2673 4898 Virginem
2698 4823 2928 4894 sumpsit
2955 4819 3234 4876 exordium
3254 4857 3271 4884 ,
3308 4817 3405 4874 sed
3442 4867 3449 4875 .

164 4900 338 4993 ideirco
367 4910 565 4966 dicitur
622 4928 745 4969 esse
781 4925 943 4971 natus
971 4919 1284 4975 carnaliter.
1329 4920 1516 4992 Neque
1569 4925 1715 4979 enim
1816 4900 1961 4993 quod
1990 4936 2058 4977 ex
2082 4936 2145 4977 ea
2186 4931 2369 4977 natum
2396 4922 2465 4977 sit
2500 4932 2716 4975 sacrum
2742 4913 2868 4969 illud
2889 4926 3085 4981 corpus
3108 4908 3413 4968 animatum
3445 4947 3456 4967 .

164 4991 365 5091 prirnum
393 5011 551 5057 natus
598 5014 681 5058 est
731 5006 891 5062 homo
939 5010 1349 5066 communisde
1385 4991 1573 5068 sancta
1600 5015 1718 5068 Vir-
1816 4991 2000 5071 anima
2028 5015 2294 5070 .nationali
2343 5015 2429 5071 cui
2476 5009 2905 5075 substantialiter
2957 5005 3263 5073 adunatum
3309 5001 3404 5059 Dei

166 5093 270 5181 time
296 5097 349 5142 et
376 5098 503 5148 tunc
532 5095 747 5150 demum
784 5097 1109 5154 iuhabitavit
1134 5100 1190 5154 in
1228 5115 1292 5156 eo
1332 5102 1590 5171 Verbum,
1620 5105 1714 5161 sed

1824 5106 2388 5163 Verbumwamaliter
2411 5113 2598 5162 natum
2643 5117 2763 5159 esse
2801 5100 3016 5157 dicitur.
3072 5097 3197 5155 llaec
3242 5096 3406 5168 igitur

168 5176 210 5225 i"
254 5176 563 5277 ipsa-vulva
631 5198 891 5258 uteroque
947 5190 1193 5260 virginali
1249 5206 1430 5248 secum
1476 5210 1713 5250 .caruem
1818 5215 1922 5271 pro
1942 5200 2210 5255 charitate
2250 5200 2303 5254 in
2333 5198 2553 5255 Christo
2593 5193 2772 5251 scribo
2812 5191 2931 5258 tibi,
2981 5204 3228 5261 quaerens
3280 5197 3401 5243 tan-

167 5274 417 5334 coujunxit
444 5284 491 5331 et
525 5280 785 5334 sustinuit
805 5284 1209 5352 generationem
1239 5286 1512 5341 carnalem
1535 5289 1716 5342 carnis
1820 5306 1981 5361 quam
2012 5291 2234 5347 fratrem
2264 5299 2319 5346 et
2341 5296 2650 5345 contestans
2673 5299 2856 5342 coram
2878 5284 2988 5339 Deo
3006 5291 3060 5339 et
3080 5280 3267 5339 electis
3287 5278 3403 5350 ejus

169 5371 261 5413 suae
301 5368 627 5427 nativitate'n
665 5372 891 5429 faciens.
924 5373 1017 5431 Sie
1044 5376 1191 5431 illum
1226 5377 1464 5434 diximus
1491 5394 1709 5449 passum
1825 5384 2058 5455 angelis,
2089 5393 2149 5439 ut
2192 5386 2309 5441 haec
2335 5382 2614 5438 nobiscum
2660 5378 2865 5436 sentias
2893 5375 3054 5433 simul
3095 5384 3149 5430 et
3168 5374 3399 5437 doceas.

168 5457 272 5505 θεεθ
317 5464 368 5513 et
413 5464 791 5531 resurrcvisse,
858 5482 964 5537 non
1014 5467 1141 5538 quia
1186 5467 1331 5524 Deus
1368 5468 1603 5525 Verbum
1658 5472 1711 5527 in

1824 5484 1884 5531 ut
1906 5476 2270 5533 Ecelesiarum
2296 5489 2400 5544 pax
2440 5471 2705 5537 salvetur,
2753 5478 2807 5526 et
2829 5465 3131 5527 concordia:
3165 5462 3402 5520 charita-

169 5548 251 5597 In
268 5555 444 5605 natura
470 5570 658 5623 passus
674 5557 745 5612 sit
771 5566 862 5611 ant
880 5558 1081 5629 plagas,
1111 5568 1206 5614 aul
1223 5559 1426 5627 clavos,
1451 5569 1507 5616 et
1537 5570 1712 5618 trans—
1825 5566 2001 5639 lisque
2029 5567 2296 5625 vinculum
2318 5561 2685 5646 indissolubile
2712 5567 2928 5618 maneat
2953 5553 3351 5616 sacerdotibus.

1372 5792 1981 5822 ‘-—-—-—-——-
2048 5806 2077 5817 σι
