3926 6440
1402 390 1693 445 APPEND.
1733 390 1825 445 AD
1864 390 2039 447 SIEC.
2082 390 2537 447 lX.—lSlDOR‘|
2566 390 3006 448 MERCATORIS

1439 673 1858 755 CONCILI
1875 674 2022 751 UM
2104 671 2703 751 CHALCEDON
2719 671 2845 749 EN
2857 670 2975 747 SE

506 852 951 916 Sexcentorum
978 854 1257 934 triginta
1287 854 1746 934 episcoporum,
1780 854 2214 915 Valentiniano
2250 852 2335 934 νζ
2356 859 2412 912 et
2451 853 2655 934 Altino
2685 852 3052 934 consulibus
3072 896 3091 929 ,
3122 870 3247 913 trra
3300 868 3537 913 com:
3579 850 3779 931 (Anno

1284 931 1535 995 Domini
1567 932 1734 1016 Ιιὸῐι),
1756 934 2055 996 adversus
2094 932 2492 1013 Eutychetem
2533 940 2589 994 et
2615 931 3013 993 Dioscorum.

572 1247 861 1304 Consulatu
892 1248 1120 1317 piissimi
1145 1257 1201 1303 et
1224 1250 1484 1305 amatoris
1503 1249 1725 1313 Christi,
1754 1248 1923 1303 Flavii
1953 1246 2095 1302 Mar-

502 1337 633 1392 tiani
676 1338 925 1407 perpetui
957 1337 1206 1407 Augusti,
1251 1339 1338 1394 die
1385 1340 1508 1395 ldus
1544 1339 1814 1404 Octobris,
1855 1339 2092 1410 synodus

500 1428 643 1483 facta
680 1427 733 1483 in
755 1427 1180 1483 Chalcedonensi
1209 1430 1443 1495 civitate,
1487 1430 1769 1498 metropoli
1803 1430 2091 1501 provinciae

497 1518 787 1590 Bithyniae,
836 1535 901 1573 ex
944 1518 1165 1574 decreto
1192 1521 1520 1592 synodorum
1551 1531 1605 1576 et
1654 1521 2089 1576 ﬁdelissimorum

496 1609 783 1663 verborum
832 1609 1220 1679 imperatorum
1286 1609 1643 1665 Valentiniani
1709 1620 1763 1665 et
1816 1610 2085 1676 Martiani,

494 1699 943 1754 convenientibus
982 1699 1035 1755 in
1066 1700 1295 1756 ecclesia
1326 1711 1526 1755 sancta:
1553 1717 1615 1755 ac
1661 1702 2087 1770 triumphatrieis

490 1776 749 1863 martyris
790 1793 1137 1864 Euphemize.
1189 1793 1594 1864 gloriosissimis
1636 1793 1990 1863 principibus,
2032 1794 2087 1849 id

490 1888 593 1947 est,
628 1882 1167 1953 magniﬁcentissimo
1191 1892 1246 1939 et
1278 1884 1667 1953 gloriosissimo
1697 1884 1956 1953 magistro
1986 1884 2085 1937 mi-

488 1974 645 2030 litum
705 1976 1035 2047 exprzefecto
1087 1986 1143 2033 et
1166 1978 1478 2042 exconsule,
1526 1977 1757 2047 patricio
1794 1975 2085 2030 Anatholio

487 2077 544 2123 et
574 2070 1110 2140 magniﬁcentissimo
1151 2080 1207 2126 et
1246 2071 1636 2142 gloriosissimo
1663 2069 1918 2141 przefecto
1940 2070 2083 2125 sacri

487 2159 729 2228 praetorii
788 2159 1122 2230 praefectura:
1154 2161 1406 2232 palladio,
1463 2169 1518 2215 et
1549 2160 2084 2232 magniﬁcentissimo

484 2251 746 2321 prtel'ecto
777 2252 928 2308 urbis
975 2252 1226 2318 Tatiano,
1258 2262 1313 2308 et
1338 2252 1870 2323 magniﬁcentissimo
1894 2261 1949 2307 et
1973 2252 2085 2321 glo-

488 2344 789 2399 riosissimo
818 2345 1079 2416 magistro
1109 2346 1275 2400 divini
1314 2345 1473 2400 ofﬁcii
1522 2344 1853 2409 Vincemalo,
1886 2354 1941 2399 et
1971 2360 2084 2398 ma-

486 2435 938 2504 gniﬁcentissimo
983 2445 1038 2492 et
1083 2437 1477 2509 gloriosissimo
1527 2438 1784 2507 magistro
1826 2437 2078 2503 Martiali,

485 2534 543 2580 et
573 2525 964 2596 gloriosissimo
1004 2535 1057 2582 et
1086 2529 1621 2599 magniﬁcentissimo
1671 2530 1868 2583 comite
1898 2530 2080 2584 dome-

486 2618 752 2673 sticorum
783 2617 1036 2688 Sporatio
1067 2628 1123 2674 et
1159 2636 1356 2689 magno
1402 2628 1601 2674 comite
1640 2635 1819 2674 rerum
1846 2620 2084 2690 privata—

486 2724 607 2762 rutu
638 2708 983 2769 Genetholio.
1011 2711 1276 2779 appositis
1302 2711 1468 2765 etiam
1495 2724 1559 2764 ex
1589 2710 1826 2780 glorioso
1871 2718 2081 2773 senatu,

483 2799 538 2853 id
564 2808 667 2864 est,
701 2800 1239 2871 magniﬁcentissimo
1258 2809 1313 2854 et
1350 2800 1737 2869 gloriosissimo
1759 2798 2083 2869 exprmfecto

478 2891 725 2961 praetorii
755 2892 932 2948 sexies
953 2892 1245 2947 exconsule
1266 2893 1543 2947 ordinario
1566 2932 1581 2957 ,
1626 2899 1681 2947 et
1708 2892 1937 2961 patricio
1963 2890 2081 2945 Flo-

484 2983 662 3039 rentio
697 2991 754 3036 et
795 2984 1332 3054 magniﬁcentissimo
1374 2991 1429 3038 et
1461 2982 1848 3054 gloriosissimo
1882 2996 2079 3036 excon-

485 3075 602 3131 sule
636 3076 912 3132 ordinario
938 3085 992 3130 et
1020 3077 1249 3147 patricio
1283 3088 1556 3141 senatore,
1582 3084 1638 3130 et
1667 3075 2079 3146 magniﬁcentia.

482 3165 619 3220 simu
649 3174 705 3221 et
728 3166 1118 3236 gloriosissimo
1149 3167 1410 3237 magistro
1454 3167 1749 3221 exconsule
1793 3165 2075 3221 ordinario

482 3258 711 3326 patricio
738 3256 932 3323 Nemo,
963 3266 1016 3314 et
1045 3258 1582 3330 magniﬁcentissimo
1605 3266 1660 3312 et
1687 3257 2075 3328 gloriosissimo

482 3349 807 3419 expraefecto
850 3360 906 3405 et
946 3352 1238 3407 exconsule
1271 3350 1548 3405 ordinario
1595 3358 1649 3403 et
1680 3349 1914 3418 patricio
1941 3348 2074 3402 Pro-

481 3444 730 3514 togenio,
770 3456 825 3499 et
864 3443 1405 3515 magniﬁcentissimo
1442 3451 1496 3497 et
1538 3441 1927 3512 gloriosissimo
1957 3455 2073 3494 ma-

480 3536 649 3606 gistro
680 3534 1005 3605 exprmfecto
1042 3535 1211 3599 Zoilo,
1266 3542 1322 3588 et
1360 3548 1556 3603 magno
1607 3540 1663 3586 et
1699 3531 1932 3601 glorioso
1974 3545 2071 3585 ex-

481 3624 734 3694 praafecto
781 3625 930 3680 urbis
966 3624 1281 3695 Apollonio,
1332 3634 1389 3679 et
1426 3610 1968 3693 magniﬁcentissimo.
2000 3633 2067 3674 ex

478 3718 772 3786 pmposito
793 3718 951 3773 urbis
978 3718 1293 3782 Artaxerse,
1317 3716 1545 3771 concilio
1575 3725 1754 3769 autem
1782 3715 1949 3769 totius
1972 3727 2066 3768 or-

478 3807 563 3862 bis
592 3808 886 3863 secundum
920 3807 1159 3863 divinum
1187 3817 1516 3879 praaceptum
1539 3808 1593 3861 in
1622 3807 1962 3863 Chalcedona
1989 3807 2066 3863 ci-

476 3899 644 3955 vitate
679 3910 1027 3970 congregato,
1085 3901 1139 3956 id
1184 3908 1290 3967 est,
1337 3900 1669 3955 Paschasino
1705 3908 1761 3955 et
1802 3899 2065 3979 anentio
2093 3929 2137 3991 ρ

477 3991 770 4063 episc0pis,
825 3992 1185 4049 et'Bonifaeio
1231 3992 1569 4065 presbytero,
1617 3993 2061 4050 convenientibus

481 4079 673 4151 legatis
716 4082 1039 4138 venerabilis
1078 4092 1134 4138 et
1187 4084 1360 4139 sancti
1397 4084 1786 4155 archiepiscopi
1825 4085 2063 4156 antiqua:

478 4172 666 4227 Roma:
712 4172 932 4238 Leonis,
965 4177 1322 4232 conveniente
1351 4185 1406 4233 et
1450 4187 1639 4233 sancto
1662 4178 1950 4233 Anatholio
1980 4193 2062 4233 ar-

477 4264 821 4335 chiepiscopo
869 4266 1408 4338 magniﬁcentissimo
1459 4278 1514 4323 et
1570 4267 2063 4338 Constantinopoli-

480 4361 605 4411 tano
652 4373 803 4413 nova:
833 4357 1018 4413 Romae
1036 4399 1051 4424 ,
1087 4368 1143 4413 et
1172 4358 1396 4429 reliquis
1422 4359 1801 4426 sanctissimis,
1829 4369 1883 4415 et
1909 4373 2065 4413 reve-

483 4447 815 4505 rendissi'mis
839 4451 1111 4506 sexcentis
1139 4451 1361 4522 triginta
1387 4450 1674 4521 episc0pis.

532 4539 690 4619 Ecce
730 4541 1143 4597 advenientibus
1168 4543 1421 4597 omnibus
1447 4552 1571 4596 ante
1596 4541 1865 4597 cancellos
1884 4541 2060 4597 sancti

483 4630 668 4687 altaris
725 4647 850 4687 cum
899 4633 1441 4704 magniﬁcentissimo
1494 4643 1550 4687 et
1597 4634 1795 4689 eximio
1846 4642 2058 4701 senatu,

475 4723 799 4779 adveniente
843 4725 1007 4778 etiam
1050 4725 1295 4793 piissimo
1334 4726 1659 4795 imperatore
1699 4724 1962 4779 Martiano
2006 4725 2060 4780 in

473 4816 781 4886 supradicta
804 4817 1144 4873 sanctissima
1182 4817 1428 4873 basilica.
1457 4817 1727 4872 Praesente
1754 4818 1916 4873 etiam
1944 4818 2061 4872 zelo

472 4906 655 4962 divino
686 4909 866 4963 calore
893 4908 1018 4963 ﬁdei
1043 4925 1272 4965 accensa
1305 4910 1547 4979 piissima
1572 4919 1625 4963 et
1646 4908 1955 4964 ﬁdelissima
1983 4925 2060 4966 re-

472 4998 616 5067 gina,
660 4998 897 5070 Augusta
942 5001 1335 5071 pulcherrima,
1375 5008 1618 5055 sanctam
1642 5000 1902 5070 synodum
1926 5001 2059 5057 allo-

471 5099 597 5143 cuta
619 5099 703 5144 est
731 5090 884 5146 haec:
928 5090 1066 5147 Cum
1113 5091 1343 5160 primum
1382 5106 1480 5160 per
1509 5090 1829 5144 electionem
1879 5092 1932 5145 in
1980 5105 2062 5146 re-

472 5196 638 5252 gnum
668 5180 735 5236 de
763 5192 974 5238 secreto
1017 5183 1111 5238 Dei
1161 5184 1401 5252 provecti
1444 5197 1634 5237 sumus
1685 5182 1828 5235 inter
1885 5190 2062 5238 tantas

472 5273 721 5343 publicas
752 5274 1037 5338 utilitates,
1072 5275 1278 5329 nullum
1302 5276 1475 5347 magis
1501 5290 1600 5329 nos
1633 5275 2059 5331 constrinximus

472 5368 539 5422 ad
564 5367 840 5436 negotium
865 5383 1026 5437 quam
1060 5378 1259 5423 rectam
1295 5377 1346 5423 et
1382 5384 1564 5422 veram
1611 5367 1770 5422 ﬁdem
1802 5367 2060 5423 Christia-

472 5473 688 5526 norum,
718 5474 839 5529 qua:
872 5466 1056 5512 sancta
1095 5469 1151 5514 et
1182 5460 1483 5514 veneranda
1540 5460 1808 5525 consistit,
1840 5460 2055 5515 indubi-

471 5557 642 5602 tatam
671 5549 921 5603 omnibus
948 5548 1245 5615 declarare.
1277 5549 1617 5605 Manifestum
1644 5560 1725 5604 est
1751 5552 1894 5605 enim
1915 5550 2058 5620 quod

471 5654 538 5692 ex
581 5639 808 5694 avaritia
843 5637 925 5693 vel
977 5654 1116 5694 vano
1160 5641 1339 5695 studio
1387 5640 1442 5695 bi
1482 5640 1571 5710 qui
1625 5640 2062 5711 praecedentibus

474 5728 805 5797 temporibus
831 5728 1041 5785 diversa
1080 5738 1399 5799 sapueruut,
1432 5737 1487 5784 et
1532 5731 1836 5785 docuerunt
1863 5730 2058 5801 populo

471 5827 630 5889 prout
660 5818 738 5876 eis
779 5820 1001 5892 placuit,
1049 5838 1154 5879 non
1206 5833 1366 5894 prout
1394 5822 1667 5890 convenit,
1712 5836 1886 5895 neque
1913 5824 2055 5896 quod

2120 1209 2169 1270 A

2196 1247 2419 1313 veritas,
2460 1253 2555 1301 aut
2584 1245 2828 1301 doctrina
2871 1245 3091 1301 Palmm
3119 1244 3375 1315 exquirit,
3400 1244 3554 1298 multi
3585 1244 3654 1299 ad
3698 1261 3785 1299 er-

2195 1356 2376 1397 rorem
2409 1340 2617 1396 seducti
2647 1348 2792 1404 sunt,
2825 1340 2967 1394 unde
2990 1347 3230 1394 sanctam
3258 1339 3544 1408 synodum,
3577 1339 3788 1394 scilicet

2193 1434 2260 1487 ad
2289 1433 2445 1486 istam
2479 1430 2592 1485 ﬁeri
2631 1430 3020 1501 perfectionem
3050 1443 3422 1499 properamus,
3458 1439 3515 1483 et
3542 1420 3786 1484 laborent

2193 1522 2346 1576 vobis
2370 1520 2623 1575 arbitrati
2665 1535 2853 1574 sumus
2886 1520 3190 1589 imponere,
3221 1527 3280 1572 ut
3300 1518 3447 1571 omni
3475 1532 3667 1572 errore
3694 1532 3790 1572 ca-

2190 1612 2371 1683 liginis
2405 1612 2619 1666 deterso
2662 1611 2964 1666 secundum
2995 1608 3140 1680 quod
3173 1609 3287 1678 ipsa
3319 1608 3580 1663 divinitas
3611 1609 3790 1663 homi-

2191 1707 2348 1761 nibus
2370 1722 2429 1760 se
2460 1705 2575 1760 ﬁeri
2611 1702 2955 1758 manifestam
2981 1716 3100 1757 esse
3121 1700 3312 1764 voluit,
3348 1709 3403 1753 et
3434 1699 3658 1754 Patrum
3690 1699 3789 1755 de-

2189 1796 2514 1851 monstravit
2559 1794 2825 1858 doctrina,
2876 1793 2956 1846 sie
3002 1791 3143 1845 ﬁdes
3163 1800 3372 1853 nostra,
3402 1804 3523 1858 qua:
3553 1804 3696 1857 pura
3736 1796 3789 1844 et

2187 1898 2373 1942 sancta
2396 1886 2665 1949 consistit,
2695 1885 2747 1938 in
2775 1882 3019 1938 omnium
3049 1881 3361 1952 ingrediens
3408 1880 3625 1934 animas
3654 1895 3788 1949 pro-

2184 1980 2321 2051 prim
2352 1979 2595 2033 veritatis
2621 1976 2874 2047 eﬁ‘ulgeat
2907 1975 3048 2029 luce.
3075 1973 3151 2028 De
3169 1983 3369 2029 calere
3397 1972 3597 2026 audeat
3622 1987 3788 2027 nemo

2186 2074 2252 2127 de
2283 2072 2565 2127 nativitate
2595 2069 2805 2125 Domini
2839 2077 2894 2122 et
2913 2066 3211 2122 Salvatoris
3232 2065 3400 2120 nostri
3415 2064 3542 2120 Jesu
3573 2063 3789 2121 Christi

2186 2164 2334 2219 aliud
2398 2162 2718 2231 disputare,
2783 2166 2983 2228 praeter
3031 2156 3176 2227 quod
3226 2154 3578 2225 apostolicum
3642 2169 3791 2223 prte-

2186 2256 2354 2310 mium
2398 2254 2501 2308 5l8
2529 2260 2839 2307 sanctorum
2884 2250 3107 2304 Patrum
3158 2262 3462 2302 consonans
3505 2246 3635 2300 huic
3693 2246 3789 2302 doc

2186 2348 2376 2400 ett-inae
2429 2344 2716 2400 tradidisse
2742 2342 3006 2407 noscitur,
3062 2341 3205 2395 sicut
3243 2337 3577 2393 sanctissimi
3628 2352 3789 2408 papa:

2187 2437 2397 2499 Leonis,
2444 2436 2569 2505 quia
2596 2432 2955 2505 apostolicum
2986 2432 3254 2503 gubernat
3285 2430 3537 2484 thronum
3562 2427 3633 2482 ad
3658 2444 3792 2482 san-

2188 2538 2289 2584 cla:
2339 2526 2615 2583 memoriae
2657 2525 2975 2580 Flavianum
3016 2523 3177 2592 regia:
3208 2521 3362 2576 urbis
3402 2520 3789 2574 Constantino-

2185 2622 2437 2691 politana:
2474 2619 2746 2688 quondam
2777 2617 3088 2687 episcopum
3124 2622 3393 2670 testantur
3420 2610 3657 2675 litterae;
3690 2626 3789 2665 nos

2184 2712 2326 2766 enim
2343 2714 2407 2765 ad
2424 2709 2847 2764 conﬁrmandam
2873 2708 3056 2773 ﬁdem,
3084 2722 3189 2760 non
3213 2706 3278 2759 ad
3304 2703 3646 2760 condendam
3678 2705 3788 2758 vir-

2185 2813 2354 2859 tutem
2385 2802 2632 2872 exemplo
2684 2800 3030 2871 imperatoris
3065 2797 3408 2854 Constantini
3443 2796 3643 2851 adesse
3696 2811 3785 2866 sy—

2181 2901 2323 2952 nodo
2351 2895 2804 2965 excogitavimus,
2837 2908 2905 2949 ne
2931 2893 2985 2946 in
3035 2901 3311 2961 posterum
3357 2887 3656 2943 multitudo
3688 2903 3786 2959 po-

2178 2989 2289 3060 puli
2318 2987 2750 3043 institutionibus
2771 2984 2951 3055 pravis
2973 2989 3204 3037 attracta
3230 2979 3540 3035 inveniatur
3564 2978 3787 3033 dissen-

2177 3083 2337 3147 tiens,
2360 3080 2520 3135 facile
2545 3079 2690 3134 enim
2719 3076 3040 3148 simplicitas
3068 3073 3426 3145 quorumdam
3452 3072 3786 3126 commentis

2176 3188 2272 3228 seu
2318 3170 2482 3225 locuti
2531 3184 2718 3224 sumus
2752 3182 2922 3237 usque
2955 3181 3100 3220 nunc
3145 3164 3332 3219 delusa
3370 3172 3472 3226 est,
3518 3165 3785 3232 quoniam

2175 3263 2463 3320 manifeste
2488 3263 2826 3318 diversorum
2859 3259 3043 3331 pravis
3080 3258 3345 3315 doctrinis
3389 3257 3687 3312 diSt‘Ordizn
3734 3267 3786 3312 et

2174 3359 2410 3414 haereses
2443 3365 2677 3413 ostensa:
2707 3363 2852 3412 sunt.

2244 3452 2351 3523 72
2392 3450 2555 3506 Nobis
2582 3458 2763 3504 autem
2794 3463 2954 3504 omne
2990 3448 3229 3504 studium
3260 3447 3635 3502 adhibendum
3674 3456 3779 3509 est,

2169 3549 2231 3596 ut
2271 3540 2525 3612 populum
2574 3548 2796 3609 propter
2839 3553 3021 3593 veram
3068 3547 3421 3606 sanctamque
3466 3537 3781 3591 doctrinam

2170 3631 2402 3702 idipsum
2438 3630 2760 3684 sentientem
2793 3630 2885 3684 uni
2916 3638 3077 3683 recta:
3107 3628 3379 3698 applicare
3410 3627 3699 3691 Ecclesizc,
3730 3617 3784 3682 εί

2169 3722 2293 3778 ideo
2321 3737 2504 3777 veram
2543 3720 2703 3776 ﬁdem
2731 3719 3169 3788 catholicamque
3194 3718 3357 3774 etiam
3387 3732 3673 3787 exponere
3699 3732 3782 3773 se-

2166 3814 2403 3871 cundum
2452 3811 2676 3867 Patrum
2724 3809 3530 3877 doctrinam,concordantibus
3579 3810 3782 3865 animis

2166 3905 2389 3966 vestris,
2428 3912 2612 3959 vestra
2658 3911 2914 3973 properet
2957 3901 3286 3967 reverentia,
3335 3910 3395 3955 ut
3440 3900 3687 3970 qualiter
3728 3901 3779 3956 in

2166 3992 2388 4051 Nicama
2430 3996 2637 4066 synodo
2676 4009 2846 4065 usque
2877 3994 2931 4048 in
2953 3994 3057 4049 hoc
3100 4003 3359 4065 tempore,
3406 3994 3658 4049 abscisso
3689 4008 3777 4049 er-

2167 4100 2316 4151 rore,
2349 4100 2478 4141 vera
2526 4085 2664 4141 ﬁdes
2691 4095 2774 4141 est
2816 4085 3126 4141 hominibus
3149 4086 3388 4156 cognita,
3422 4086 3505 4142 sic
3529 4095 3587 4141 et
3631 4101 3777 4141 nunc

2166 4193 2265 4248 per
2304 4178 2443 4232 hanc
2468 4184 2712 4232 sanctam
2754 4179 3019 4247 synodum
3051 4177 3293 4248 deposita
3320 4176 3515 4232 nebula
3547 4192 3678 4247 qua:
3725 4178 3774 4232 in

2165 4269 2251 4325 eis
2271 4267 2667 4337 paucisannis,
2712 4276 2770 4321 ut
2818 4267 3066 4339 superius
3107 4267 3364 4333 diximus,
3394 4282 3463 4322 ex
3504 4268 3775 4337 pravitate

2165 4373 2223 4419 et
2244 4362 2470 4416 avaritia
2501 4363 2861 4432 quorumdam
2895 4362 3011 4418 visa
3052 4372 3137 4419 est
3161 4363 3385 4428 exoriri,
3408 4378 3632 4433 semper
3661 4379 3778 4420 ser—

2164 4463 2360 4509 ventur
2383 4468 2503 4524 qua:
2533 4462 2734 4508 statuta
2762 4464 2911 4508 sunt.
2962 4454 3083 4509 Erit
3115 4454 3335 4523 quidem
3367 4452 3563 4508 divina:
3591 4454 3775 4523 provi-

2165 4545 2362 4600 demite
2390 4544 2531 4615 quod
2559 4545 2646 4615 pie
2686 4544 2803 4599 ﬁeri
2836 4544 3084 4601 volumus
3110 4546 3163 4599 itt
3190 4543 3386 4599 saecula
3420 4544 3525 4599 hoc
3548 4559 3775 4601 conser-

2166 4652 2296 4691 vare
2342 4636 2674 4691 ﬁrmissime.
2721 4636 2788 4692 Et
2830 4645 2953 4707 post
2997 4636 3140 4707 regis
3187 4636 3303 4691 haec
3342 4636 3532 4702 verba,
3576 4650 3776 4697 omnes

2165 4725 2402 4795 episcopi
2438 4726 2811 4781 clamaverunt
2834 4744 2851 4779 ι
2881 4725 3146 4779 Martiano
3174 4741 3313 4780 novo
3356 4724 3727 4783 Constantino
3754 4727 3770 4767 ³

2167 4817 2317 4871 Multi
2345 4819 2470 4872 anni
2506 4820 2638 4889 regi,
2671 4818 2822 4873 Multi
2849 4819 2976 4873 anni
3007 4819 3223 4889 reginae.
3253 4818 3584 4875 Ortbodoxis
3612 4816 3769 4879 multi

2165 4910 2313 4961 anni.
2360 4907 2607 4963 Martiani
2654 4911 2913 4965 amatoris
2952 4908 3153 4964 Christi
3197 4923 3422 4980 regnum
3465 4909 3521 4963 in
3569 4909 3769 4969 εωευιδ

2166 5007 2501 5067 permaneat,
2543 4999 2689 5070 digni
2735 5000 3050 5055 orthodoxa:
3072 5000 3192 5054 ﬁdei
3240 4999 3500 5054 amatoris
3537 4998 3764 5061 Christi.

2166 5086 2304 5143 Sita
2333 5089 2488 5144 nobis
2516 5089 2701 5158 procul
2731 5090 2952 5143 invidia.
2986 5090 3053 5144 Et
3083 5100 3204 5161 post
3235 5090 3349 5145 haec
3384 5091 3562 5158 Etius,
3590 5094 3767 5148 archi-

2165 5181 2429 5236 diaconus
2454 5179 3063 5250 Constantinopolitamc
3090 5196 3242 5235 nova:
3280 5180 3465 5237 Romae
3494 5191 3551 5237 et
3579 5183 3764 5252 primi-

2164 5274 2345 5328 cerius
2369 5273 2707 5328 notariorum
2736 5274 2872 5328 dixit
2903 5292 2917 5327 :
2950 5274 3090 5328 Nutu
3120 5289 3370 5344 superna:
3401 5275 3614 5345 gratiae,
3654 5276 3764 5330 zelo

2163 5367 2346 5420 divino
2364 5366 2675 5422 serenitatis
2698 5376 2914 5428 vestrm.
2931 5368 3182 5438 piissimi,
3207 5367 3404 5436 quibus
3422 5383 3451 5422 a
3475 5368 3588 5423 Deo
3609 5386 3761 5424 omne

2168 5476 2390 5531 regnum
2422 5475 2740 5515 concessum
2783 5470 2888 5525 est,
2937 5461 3316 5531 imperatores,
3337 5461 3482 5515 circa
3528 5462 3760 5517 salictioo

2166 5568 2291 5606 nem
2343 5561 2626 5617 vestram,
2679 5564 3007 5624 congregata
3054 5555 3169 5610 haec
3215 5563 3401 5610 sancta
3445 5565 3504 5610 et
3570 5568 3754 5627 magna

2169 5645 2333 5700 totius
2360 5645 2543 5701 mundi
2572 5646 2829 5717 synodus,
2867 5646 3007 5702 sicut
3046 5661 3168 5701 cum
3203 5646 3431 5717 plurima
3469 5646 3755 5703 multorum

2167 5738 2377 5794 dierum
2415 5739 2719 5805 vocatione,
2752 5748 2809 5793 et
2853 5738 3030 5793 divina
3078 5738 3354 5810 diligentia
3393 5754 3615 5794 omnem
3645 5738 3756 5809 qui-

2166 5832 2285 5887 dem
2314 5832 2365 5886 in
2398 5832 2673 5904 praeterito
2699 5831 2968 5903 quomodo
2996 5840 3183 5888 exorta
3221 5841 3301 5888 est
3329 5842 3518 5888 contra
3556 5843 3755 5888 rectam
