3926 6434
124 415 220 470 503

1252 377 1738 476 necnerauuu
1808 420 2209 479 consono.

3280 433 3387 490 506

121 540 169 586 et
201 527 555 583 inviolabilem
588 529 906 586 catholicam
940 540 1180 586 nostram
1218 531 1377 587 ﬁdem
1407 535 1572 588 verbo
1595 550 1687 588 ve-
1718 542 1763 599 Α
1792 533 2109 589 substantia-
2135 576 2149 600 ,
2197 552 2295 606 per
2338 553 2503 607 quem
2542 540 2720 594 omnia
2770 540 2912 597 facta
2977 554 3100 600 sunt
3160 562 3280 617 quae
3327 551 3384 603 in

121 622 280 676 ritatis
303 620 628 675 discordiam
676 620 950 691 ell'ugavit,
979 638 1195 679 omnem
1231 624 1493 694 abigendo
1533 625 1689 679 inuo-

118 713 392 775 rationem,
434 711 577 765 sicut
618 711 672 765 in
714 712 934 782 scriptis
972 729 1067 783 per
1111 713 1303 768 sazcula
1340 728 1460 783 quae
1506 714 1696 768 subse-

117 812 339 874 quuntur
368 814 494 858 acta
526 805 915 860 demonstrant.
962 807 1274 862 'l‘erminum
1318 824 1449 862 vero
1490 808 1693 878 simpli-

117 911 219 950 cem
263 894 458 950 statuit
495 895 799 950 divinarum
830 896 1235 966 Scripturarum
1279 899 1476 953 virtute
1518 899 1694 952 muni-

118 996 236 1047 tam,
264 993 315 1036 et
342 993 657 1039 sanctorum
691 1000 755 1040 ac
790 985 1220 1041 beatissimorum
1252 988 1303 1040 in
1334 989 1448 1057 ipso
1476 1002 1694 1042 conser-

113 1083 195 1128 vat
215 1074 562 1140 sententiam,
597 1077 663 1129 ad
699 1091 884 1130 veram
920 1078 1133 1147 quidem
1173 1079 1453 1133 scientiam
1483 1079 1693 1135 sincere

114 1166 409 1236 legentium,
442 1177 500 1222 et
545 1168 611 1222 ad
640 1169 934 1240 longaevam
965 1186 1219 1225 coronam
1246 1173 1409 1227 vestri
1455 1173 1688 1243 imperti.

114 1255 171 1309 Et
210 1255 378 1310 habeo
424 1258 600 1326 ipsum
632 1275 743 1328 pra:
793 1260 1064 1323 manibus,
1103 1270 1158 1315 et
1200 1261 1244 1315 si
1281 1262 1496 1316 videtur
1537 1264 1692 1317 nutui

112 1354 283 1400 vestra:
328 1346 642 1402 serenitatis
682 1350 974 1420 perlegam.
1023 1349 1304 1406 Piissimus
1343 1362 1397 1407 et
1444 1353 1686 1409 ﬁdelissi-

113 1447 214 1486 ntus
246 1432 545 1503 imperator
590 1434 765 1489 dixit:
798 1436 1040 1507 Perlege.
1092 1439 1245 1492 Etius
1280 1441 1689 1497 archidiaconus

112 1523 357 1591 perlegit:
387 1524 591 1580 Sancta
636 1533 692 1580 et
741 1543 935 1596 magna
984 1537 1038 1584 et
1071 1529 1397 1585 venerabilis
1430 1533 1686 1602 synodus,

114 1631 215 1684 qua:
241 1618 538 1671 secundum
576 1623 807 1689 gratiam
839 1620 934 1675 Dei
971 1636 1035 1675 ex
1065 1620 1284 1676 decreto
1322 1623 1686 1692 piissimorum

114 1709 475 1779 imperatorum
528 1712 890 1768 Valentiniani
938 1724 992 1768 et
1043 1714 1290 1769 Martiani
1337 1726 1685 1784 augustorum

114 1812 412 1870 congregata
464 1812 554 1857 est
604 1804 656 1857 in
686 1803 1113 1862 Chalcedonensi
1161 1806 1377 1861 civitate
1404 1808 1685 1878 metropoli

1794 625 1931 681 coslo
1960 634 2014 681 et
2060 643 2179 697 qua:
2222 628 2273 681 in
2324 638 2489 695 terra,
2522 632 2611 699 qui
2655 642 2875 703 prepter
2922 650 3021 690 nos
3069 645 3122 690 et
3165 649 3388 707 propter

1793 727 2035 771 nostram
2067 720 2293 773 salutem
2325 720 2623 789 descendit,
2653 733 2706 777 et
2734 724 3047 781 incarnatus
3075 742 3174 782 est.
3210 728 3386 784 llomo

1793 804 1966 861 factus
1994 823 2186 878 passus
2209 819 2316 876 est,
2338 820 2391 865 et
2418 814 2713 868 resurrexit
2741 816 2896 871 tertia
2925 817 3030 884 die,
3059 828 3114 873 et
3140 821 3386 875 ascendit

1795 898 1847 951 in
1877 900 2069 965 cmlos,
2102 900 2225 955 inde
2263 912 2522 958 venturus
2551 914 2635 960 est
2672 904 2917 975 judicare
2948 910 3097 965 vivos
3136 898 3191 965 et
3234 926 3383 967 mor-

1796 996 1935 1043 tuos.
1954 990 2020 1044 Et
2047 991 2098 1045 iu
2131 991 2390 1063 Spiritum
2417 1005 2687 1051 sanctum.
2710 998 2816 1053 Eos
2840 1007 3020 1055 autem
3044 1002 3136 1071 qui
3163 1002 3383 1057 dicunt:

1792 1081 1923 1136 Erat
1950 1082 2165 1151 quando
2201 1102 2307 1140 non
2345 1096 2482 1151 erat,
2510 1096 2565 1142 et
2590 1099 2879 1160 antequam
2923 1103 3241 1148 nasceretur
3273 1110 3380 1149 non

1792 1179 1932 1235 erat,
1979 1180 2033 1227 et
2063 1174 2185 1243 quia
2216 1191 2282 1228 ex
2315 1176 2475 1233 nullis
2519 1179 2876 1236 existentibus
2919 1181 3094 1238 factus
3139 1195 3241 1250 est,
3288 1196 3385 1239 aut

1792 1261 1985 1316 exalia
2027 1260 2375 1319 subsistentia
2416 1268 2499 1322 vel
2546 1268 2844 1324 substantia
2882 1273 3067 1328 dicunt
3107 1290 3249 1338 esse,
3291 1285 3387 1330 aut

1794 1353 2201 1408 convertibilem
2227 1355 2420 1411 Filium
2446 1359 2562 1426 Dei,
2590 1363 3007 1419 anathematizat
3033 1366 3300 1422 catholica
3329 1379 3385 1423 et

1793 1444 2089 1513 apostolica
2120 1446 2381 1515 Ecclesia,
2408 1458 2459 1504 et
2489 1451 2719 1520 idipsum
2748 1464 2966 1510 centum
2994 1458 3383 1530 quinquaginta

1791 1530 2017 1587 Patrum
2063 1537 2388 1604 sytnlolum.
2436 1539 2722 1598 Credimus
2770 1544 2822 1599 in
2875 1562 3039 1601 unum
3076 1547 3244 1603 Deum
3284 1549 3385 1604 Pa-

1794 1631 1953 1689 trem,
1990 1625 2441 1696 omnipotentem,
2479 1630 2739 1687 l'actorem
2786 1636 2910 1691 cwli
2941 1648 2996 1692 et
3043 1649 3224 1703 terrae,
3254 1640 3383 1694 visi-

1790 1713 1980 1769 bilium
2020 1725 2075 1771 et
2122 1718 2471 1775 invisibilium
2513 1724 2869 1780 conditorem.
2903 1728 2967 1782 Et
2995 1730 3049 1783 in
3080 1746 3244 1785 unum
3273 1732 3382 1788 Do-

1791 1807 1997 1862 minum
2026 1808 2208 1864 Jesum
2241 1810 2514 1868 Christum
2546 1815 2739 1873 Filium
2764 1820 2882 1886 Dei,
2912 1822 3274 1893 unigenitum,
3313 1842 3386 1881 ex

114 1893 378 1961 provinciae
422 1892 691 1966 Bithyniae
734 1896 789 1950 in
831 1897 1053 1953 basilica
1082 1908 1271 1953 sancta
1299 1914 1363 1954 ac
1391 1898 1688 1970 triumpha-
1719 1914 1763 1974 Β
1791 1896 1953 1953 Patre
2002 1909 2186 1955 natum
2233 1914 2361 1959 ante
2409 1906 2590 1961 omnia
2638 1910 2862 1974 saecula,
2912 1892 3084 1973 Deum
3133 1915 3200 1970 de
3246 1917 3379 1983 Deo.

116 1982 244 2036 tricis
271 1988 531 2056 martyris
579 1988 891 2057 Eupltemim
935 1990 1127 2045 statuit
1169 2006 1288 2062 qua:
1335 1993 1522 2048 subter
1558 2009 1691 2048 con-

115 2074 348 2141 prehensa
379 2086 533 2133 sunt.

173 2189 416 2245 Dominus
455 2200 514 2246 et
552 2193 793 2250 salvator
839 2206 1024 2253 noster
1061 2197 1222 2256 Jesus
1253 2200 1525 2268 Christus,
1563 2202 1682 2258 ﬁdei

117 2280 358 2349 agnitione
385 2285 641 2353 proprios
668 2286 1002 2344 conﬁrmans
1031 2291 1346 2360 discipulos,
1375 2293 1451 2346 ait
1481 2312 1493 2347 :
1531 2313 1549 2345 ε
1586 2294 1685 2348 Pa-

117 2386 212 2424 cem
244 2388 413 2427 meam
448 2374 523 2429 do
554 2377 727 2444 vobis,
774 2395 963 2448 pacem
1011 2397 1186 2436 meam
1239 2384 1486 2453 relinquo
1535 2385 1686 2440 vobis

119 2460 272 2530 (Joun.
304 2481 414 2533 11v,
444 2467 565 2539 9.7),
606 2489 625 2521 ι
656 2464 720 2523 ut
751 2470 894 2525 nulla
936 2470 1061 2526 ﬁdei
1092 2473 1358 2529 dissensio
1399 2476 1452 2528 in
1495 2476 1682 2545 proxi-

118 2570 214 2610 mos
230 2556 452 2625 oriatur,
482 2559 581 2615 sed
611 2576 675 2614 ex
707 2577 862 2632 aequo
892 2564 1136 2618 veritatis
1160 2565 1473 2634 praedicatio
1498 2575 1682 2621 osten-

118 2648 266 2703 datur.
299 2650 401 2706 Sed
424 2654 556 2723 quia
583 2670 688 2709 non
712 2655 913 2710 desiuit
938 2656 1205 2727 malignus
1231 2659 1282 2713 in
1308 2660 1442 2730 ipsis
1467 2660 1684 2729 pietatis

117 2741 634 2821 seminilnts_zizania
664 2760 760 2800 sua
792 2746 1054 2814 inserere,
1083 2759 1138 2804 et
1179 2751 1306 2805 novi
1352 2752 1554 2821 aliquid
1586 2752 1681 2809 ad-

118 2845 277 2887 versus
300 2817 586 2890 veritatem
611 2851 825 2908 semper
845 2840 1177 2909 excogitare,
1202 2841 1404 2896 idcirco
1427 2843 1681 2897 Dominus

119 2935 273 2978 noster
299 2926 540 2981 humano
574 2928 760 2999 generi
787 2929 944 2985 solito
968 2931 1191 3001 cupiens
1213 2934 1516 3002 providere,
1547 2933 1679 3004 piis-

119 3014 281 3070 simum
313 3019 456 3075 hunc
487 3030 547 3074 et
592 3021 964 3078 ﬁdelissimum
993 3024 1374 3094 imperatorem
1407 3026 1579 3081 erexit
1615 3026 1681 3081 ad

120 3105 297 3173 lclum,
346 3110 438 3178 qui
492 3109 733 3181 undique
786 3112 1126 3168 sacerdotum
1178 3114 1457 3185 pontiﬁces
1505 3114 1570 3168 ad
1625 3130 1683 3170 se

117 3199 399 3252 convocavit
448 3208 535 3265 ut,
592 3202 764 3272 gratia
821 3201 1031 3257 Domini
1083 3205 1253 3258 nostri
1303 3205 1430 3260 Jesu
1481 3205 1679 3260 Christi

118 3301 425 3357 cooperante,
457 3309 681 3349 omnem
713 3296 977 3350 mendacii
1007 3278 1365 3366 pestilentiam
1397 3299 1464 3353 ab
1494 3299 1684 3352 ovibus

119 3377 289 3435 Christi
333 3394 642 3450 removeat,
688 3388 1170 3458 easque'veritatis
1200 3391 1534 3460 genuinibus
1565 3392 1687 3446 reﬁ-

119 3467 223 3522 ciat.
265 3469 410 3537 Quod
440 3489 516 3529 ex
561 3478 833 3531 communi
875 3478 1100 3540 decreto
1141 3480 1459 3551 peregrinas
1483 3482 1688 3537 erroris

119 3560 301 3627 quidem
327 3576 512 3621 sectas
539 3567 879 3639 abjicientes,
909 3579 965 3625 et
1004 3572 1224 3627 Patrum
1271 3583 1476 3629 rectam
1528 3576 1685 3630 ﬁdem

120 3664 409 3712 renovantes
457 3665 831 3714 trecentorum
879 3661 1065 3716 decem
1113 3671 1170 3717 et
1213 3660 1338 3718 octo
1383 3663 1688 3735 symbolum

119 3744 337 3801 omnibus
377 3748 760 3818 praedicantes.
817 3750 883 3804 Et
931 3750 1078 3805 velut
1124 3753 1319 3809 horum
1361 3755 1688 3812 domesticos

122 3844 305 3890 centum
327 3839 723 3910 quinquaginta
765 3841 1027 3909 praesules
1050 3842 1142 3913 qui
1163 3843 1687 3917 Constantinopolim

124 3939 457 3987 convenerunt
504 3931 635 3987 huic
680 3933 928 4002 piissimo
968 3935 1125 3990 titulo
1164 3932 1513 4003 ascribimus,
1556 3952 1690 4007 quo-

125 4019 245 4076 niam
268 4032 320 4078 et
343 4024 446 4094 ipsi
495 4026 741 4081 eamdem
770 4025 930 4082 ﬁdem
965 4028 1444 4100 subsiguaverunt.
1487 4030 1691 4085 Statui-

126 4125 222 4167 mus
246 4114 402 4185 igitur
439 4118 719 4186 ordinem,
747 4127 801 4174 et
820 4135 1012 4176 omnes
1042 4121 1171 4176 ﬁdei
1213 4121 1478 4179 formulas
1506 4134 1688 4180 custo-

128 4200 305 4260 dientes
337 4208 508 4263 etiam
549 4218 791 4265 sanctam
820 4213 1083 4283 synodum
1110 4213 1310 4285 Ephesi
1341 4215 1563 4282 factam,
1593 4231 1689 4271 cu-

123 4290 195 4361 jus
215 4311 455 4359 auctores
482 4299 702 4357 fuerunt
725 4303 1051 4360 venerabilis
1073 4306 1347 4361 memoriae
1365 4305 1694 4363 leestinus

129 4382 351 4448 Romana:
406 4393 566 4449 urbis
615 4403 672 4449 et
717 4394 952 4467 Cyrillus
1003 4396 1385 4453 Alexandrinae
1436 4398 1694 4455 Ecclesiae

131 4480 423 4561 sacerdotes,
461 4491 525 4537 ut
540 4482 854 4553 praefulgeat
877 4485 1092 4554 quidem
1131 4497 1293 4542 rectae
1315 4499 1370 4541 et
1396 4487 1694 4557 inculpabi«

132 4563 183 4621 iis
218 4569 331 4628 ﬁdei
365 4576 640 4645 expositio
680 4585 1044 4634 trecentorum
1081 4580 1267 4636 decem
1310 4588 1364 4635 et
1403 4587 1527 4636 octo
1569 4597 1695 4634 san-
1728 4616 1773 4673 υ

133 4666 309 4717 ctornm
352 4664 578 4720 Patrum
624 4667 717 4737 qui
762 4669 819 4723 in
860 4667 1181 4734 Niema,suh
1211 4669 1566 4725 Constantino
1596 4671 1697 4740 pia:

138 4754 374 4809 memoria:
422 4757 778 4826 imperatore,
801 4770 1202 4828 convenerunt,
1254 4762 1601 4817 contineatur
1643 4771 1700 4817 et

137 4850 319 4921 centum
366 4849 758 4920 quinquaginta
812 4863 1124 4908 sanctorum
1183 4854 1405 4910 Patrum
1459 4856 1511 4909 in
1565 4856 1697 4911 urbe

138 4930 697 5014 Conslantinopolitana
726 4944 1003 5001 decretum
1031 4948 1097 5001 ad
1126 4950 1551 5019 peremptionem
1579 4949 1699 5018 qui-

141 5020 239 5079 dem
281 5044 548 5088 sectarum
600 5043 729 5091 tunc
775 5036 1176 5106 pullulantium,
1227 5037 1695 5093 conﬁrmationem

140 5126 246 5171 vero
274 5120 433 5192 ipsius
462 5125 744 5181 catholicae
774 5136 938 5198 atque
975 5129 1281 5199 apostolicae
1320 5138 1519 5184 nostrae
1550 5129 1693 5183 ﬁdei.

497 5258 800 5331 Symbolum
840 5262 1047 5319 Νίσαιηὶ
1079 5266 1302 5319 concilii.

200 5364 461 5425 Credimus
500 5373 552 5426 in
585 5389 749 5428 unum
780 5375 970 5441 Deum,
1002 5375 1218 5430 Patrem
1247 5375 1695 5447 omnipotentem,

147 5457 350 5513 omnium
377 5462 667 5518 visibilium
695 5474 749 5519 et
778 5466 1126 5522 invisibilium
1159 5468 1513 5523 conditorem.
1541 5467 1610 5521 Et
1644 5469 1697 5521 in

150 5559 286 5604 unum
332 5553 609 5612 Dominum
657 5557 841 5613 Jesutn
893 5558 1170 5615 Christum
1221 5560 1414 5614 Filium
1467 5559 1580 5624 Dei,
1631 5561 1697 5615 de

151 5632 284 5695 Patre
327 5656 538 5715 natum,
588 5649 956 5721 unigenitum,
1005 5650 1109 5706 hoc
1153 5660 1236 5705 est
1283 5651 1350 5706 de
1394 5650 1695 5707 substantia

152 5724 318 5798 Patris,
361 5738 518 5794 Demn
553 5757 736 5796 verum
775 5743 842 5797 de
889 5743 997 5797 Deo
1038 5757 1186 5805 vero,
1232 5751 1414 5796 natum
1459 5758 1563 5795 non
1608 5740 1693 5796 fa-

156 5833 299 5893 ctum,
323 5836 591 5891 omousion
635 5834 799 5904 Patri,
837 5836 937 5891 hoc
975 5846 1056 5892 est
1109 5834 1348 5906 ejusdem
1376 5852 1495 5892 cum
1536 5826 1695 5892 Patro

1790 1989 1971 2044 lumen
2018 1990 2085 2047 de
2134 1992 2357 2061 lumine,
2408 1997 2573 2052 Deum
2612 2016 2799 2055 verum
2842 2004 2909 2058 de
2952 2005 3063 2061 Deo
3090 2022 3242 2073 vero,
3285 2024 3380 2063 na-

1789 2090 1902 2137 tum
1940 2101 2047 2140 non
2079 2085 2304 2155 factum,
2347 2090 2632 2147 ontousiou
2675 2092 2847 2160 Patri,
2892 2096 2947 2150 id
2990 2105 3096 2165 est,
3139 2100 3382 2173 ejusdem

1786 2190 1908 2230 cum
1936 2176 2095 2233 Patre
2130 2179 2468 2246 substantiae,
2500 2198 2598 2252 per
2621 2199 2781 2254 quem
2825 2188 3006 2243 omnia
3055 2189 3198 2246 facta
3230 2202 3381 2260 sunt,

1786 2266 1879 2334 qui
1929 2276 2150 2338 propter
2199 2286 2297 2325 nos
2337 2279 2392 2325 et
2440 2282 2662 2341 propter
2715 2285 2959 2331 nostram
3009 2278 3236 2335 salutem
3289 2282 3384 2338 de-

1785 2357 2021 2420 scendit;
2074 2366 2128 2413 et
2175 2360 2488 2416 incarnatus
2530 2374 2612 2418 est
2661 2366 2727 2421 de
2778 2365 2982 2437 Spiritu
3054 2380 3245 2428 sancto
3312 2389 3382 2428 ea;

1787 2449 1951 2503 Maria
1993 2450 2231 2521 Virgine,
2259 2463 2313 2507 et
2340 2454 2502 2510 homo
2534 2455 2709 2512 factus
2734 2474 2926 2528 passus
2953 2473 3039 2517 est
3062 2464 3161 2520 sub
3189 2463 3383 2520 Pontio

1783 2538 1992 2605 Pilato;
2031 2540 2274 2611 sepultus
2302 2553 2408 2607 est,
2437 2546 2596 2599 tertia
2626 2547 2712 2601 die
2746 2550 3044 2603 resurrexit
3071 2556 3115 2604 a.’
3130 2553 3379 2617 mortuis,

1783 2632 2028 2687 ascendit
2072 2633 2126 2687 in
2175 2632 2363 2701 ccelos,
2399 2637 2551 2691 sedet
2594 2638 2663 2692 ad
2709 2639 2989 2696 dexteram
3035 2643 3132 2698 Det
3176 2644 3378 2712 Patris,

1783 2723 1979 2777 ilermn
2026 2737 2288 2780 venturus
2331 2726 2582 2796 judicare
2623 2728 2772 2784 vivos
2818 2741 2872 2786 et
2918 2741 3176 2799 mortuos,
3225 2736 3383 2807 cujus

1784 2816 1936 2885 regni
1970 2831 2078 2871 non
2106 2817 2210 2871 erit
2238 2816 2380 2873 linis.
2430 2819 2498 2874 Et
2525 2819 2579 2874 in
2608 2820 2871 2890 Spiritum
2900 2825 3384 2891 sanctum,’Donti-

1782 2922 1911 2959 num
1959 2914 2013 2960 et
2055 2908 2437 2974 viviﬁcantem,
2487 2926 2555 2965 ex
2602 2909 2765 2966 Patre
2809 2913 3211 2980 procedentem,
3256 2931 3381 2971 cum

1782 2996 1944 3052 Patre
1973 3008 2029 3053 et
2057 2997 2195 3053 Filio
2241 3001 2576 3056 adorandum
2608 3010 2662 3057 et
2702 3002 3134 3074 glorilicandum,
3167 3008 3258 3075 qui
3308 3007 3385 3063 lo-

1781 3098 1938 3143 cutus
1958 3100 2036 3145 est
2065 3106 2160 3160 per
2184 3090 2494 3161 prophetas.
2519 3091 2691 3147 Unam
2713 3094 3032 3150 catholicam
3054 3105 3104 3150 et
3130 3096 3385 3166 apostoli-

1783 3195 1900 3235 cam
1944 3180 2262 3236 Ecclesiam.
2309 3182 2645 3238 Conﬁtentur
2670 3201 2833 3239 unum
2880 3185 3170 3256 baptisma,
3214 3188 3268 3243 in
3302 3204 3387 3245 re-

1714 3261 1757 3321 C
1792 3269 2100 3324 missionem
2151 3271 2392 3325 omnium
2438 3282 2812 3341 peccatorum.
2860 3273 3253 3346 Exspectatnus
3301 3295 3387 3334 re-

1787 3362 2182 3415 surrectionem
2234 3369 2604 3428 mortuorum,
2651 3369 2706 3417 et
2754 3363 2922 3417 vitam
2971 3364 3136 3421 futuri
3178 3367 3383 3424 saeculi.

1785 3453 1981 3508 Amen.

1858 3544 2140 3601 Sulliceret
2168 3546 2385 3616 quidem
2434 3548 2502 3603 ad
2550 3548 2921 3619 plenissimam
2970 3553 3186 3622 pietatis
3231 3552 3388 3623 agni-

1712 3648 1715 3657 '
1788 3636 2012 3701 tionem,
2044 3644 2098 3692 et
2121 3637 2613 3704 conﬁrmationem,
2644 3641 3017 3695 cautissimum
3048 3649 3104 3695 et
3147 3641 3386 3697 salutare

1787 3729 1983 3784 divina:
2017 3729 2203 3799 gratia!
2230 3729 2555 3800 symbolum;
2590 3731 2657 3787 de
2686 3731 2848 3787 Patre
2878 3733 3022 3787 enim
3048 3742 3105 3786 et
3141 3732 3302 3798 Filio,
3329 3742 3387 3787 et

1789 3818 1993 3888 Spiritu
2031 3829 2222 3875 sancto
2262 3819 2565 3875 doctrinam
2605 3822 2904 3892 perlectam
2948 3822 3162 3888 edocet,
3189 3832 3245 3878 et
3292 3825 3381 3878 in-

1788 3910 2159 3965 carnationem
2193 3911 2528 3967 Dominicam
2567 3911 2799 3967 ﬁdeliter
2825 3913 3244 3983 suscipientibus
3273 3929 3389 3969 ma-
3433 3942 3441 3951 -

1790 4001 2033 4057 uil'estat.
2061 4000 2168 4057 Sed
2194 4003 2453 4072 quoniam
2480 4002 2558 4071 hi,
2586 4003 2678 4073 qui
2724 4004 3162 4073 praedicationem
3193 4002 3389 4059 verita-

1791 4095 1861 4150 tis
1890 4095 2172 4150 destruere
2213 4103 2505 4161 conantur,
2527 4096 2786 4165 quasdam
2835 4096 3065 4166 propriae
3119 4097 3388 4152 hereseos

1789 4185 2058 4240 novitates
2103 4185 2430 4253 parturiunt,
2469 4185 2688 4255 quidam
2730 4186 2875 4240 enim
2927 4186 3243 4258 mysterium
3287 4201 3388 4256 pro

1791 4274 1948 4327 nobis
1988 4282 2171 4328 actum
2211 4273 2407 4328 divinis
2446 4275 2863 4345 dispensationis
2905 4276 3105 4331 audent
3144 4290 3390 4331 corrum-

1791 4380 1942 4435 pere,
1970 4374 2026 4420 et
2066 4381 2251 4422 vocem
2281 4365 2426 4420 illam
2455 4366 2622 4421 divini
2653 4366 2834 4422 Patris
2871 4365 3070 4422 factam
3115 4368 3182 4422 ad
3217 4366 3390 4438 Virgi-

1795 4473 1916 4512 nem
1944 4458 2233 4527 denegant.
2268 4457 2369 4511 Alii
2398 4468 2878 4527 temperamentum
2908 4455 3390 4528 confusionemque

1799 4550 2138 4614 indecentes,
2169 4557 2223 4603 et
2250 4564 2411 4604 unam
2444 4564 2564 4606 esse
2592 4560 2841 4604 naturam
2875 4550 3056 4606 carnis
3083 4558 3140 4605 et
3173 4550 3390 4605 deitatis

1801 4640 2076 4694 insensate
2125 4648 2533 4708 componentes,
2582 4641 2893 4711 passibilem
2937 4640 3208 4712 Unigeniti
3254 4640 3390 4695 divi-

1800 4748 1925 4787 nam
1969 4742 2219 4786 naturam
2254 4733 2345 4787 tali
2390 4731 2709 4789 confusione
2750 4734 3055 4804 prodigiose
3087 4731 3387 4803 divulgant.

1798 4823 2005 4896 Idcirco
2032 4838 2248 4878 omnem
2291 4823 2550 4878 adversus
2589 4824 2876 4878 veritatem
2906 4822 3280 4892 opponendum
3324 4821 3391 4876 ab

1800 4913 1934 4984 ipsis
1983 4913 2440 4968 machinationem
2496 4912 2682 4969 volens
2729 4912 3052 4977 excludere,
3101 4920 3289 4967 sancta
3337 4919 3395 4966 et

1806 5022 1999 5076 magna
2031 5004 2352 5060 universalis
2380 5005 2621 5075 synodus
2641 5006 2782 5060 haue
2806 5003 3243 5073 praedicationem
3294 5001 3405 5057 itu-1

1805 5100 2059 5154 mobilem
2086 5099 2285 5152 docens
2312 5096 2535 5161 'statuit,
2587 5096 2855 5166 praecipue
2900 5103 3262 5150 trecentorum
3300 5093 3395 5148 de-

1804 5208 1921 5247 cem
1950 5201 2004 5246 et
2030 5200 2155 5245 octo
2195 5200 2506 5245 sanctorum
2538 5189 2756 5243 Patrum
2801 5188 2959 5241 ﬁdem
3005 5187 3395 5243 incontamina-

1807 5292 1913 5336 tam
1943 5295 2185 5335 manere.
2230 5280 2294 5334 Et
2326 5291 2548 5350 propter
2573 5296 2668 5334 eos
2691 5279 2784 5348 qui
2830 5278 3055 5349 Spiritui
3082 5287 3269 5335 saneto
3298 5278 3401 5332 αα·-

1807 5383 2106 5434 versantur,
2145 5380 2365 5427 centum
2404 5371 2796 5440 quinquaginta
2840 5369 3060 5425 Patrum
3092 5370 3251 5440 paulo
3296 5382 3396 5438 po-

1806 5463 2034 5519 steriore
2082 5472 2323 5531 tempore
2371 5462 2423 5514 in
2470 5461 2603 5515 urbe
2644 5460 3234 5530 Constantinopolitano
3263 5472 3396 5511 con-

1808 5555 2135 5610 venientium
2181 5553 2249 5606 de
2295 5551 2599 5606 substantia
2652 5550 2885 5622 Spiritus
2930 5550 3101 5605 sancti
3143 5548 3395 5603 traditam

1805 5647 2107 5703 doctrinam
2161 5644 2514 5710 corroborat,
2574 5659 2739 5714 quam
2796 5642 2961 5697 etiam
3019 5639 3094 5694 illi
3148 5637 3398 5693 omnibus

1804 5741 2239 5800 insinuaverunt,
2279 5753 2386 5791 non
2432 5737 2578 5806 quod
2625 5737 2680 5792 in
2722 5732 3151 5806 praecedentibus
3192 5729 3405 5799 aliquid

1805 5834 2014 5893 deesset
2044 5822 2397 5902 adiicientes,
2446 5831 2539 5886 sed
2584 5828 2649 5885 de
2698 5828 2901 5899 Spiritu
2953 5822 3265 5882 earumdem
3314 5819 3402 5875 ina
