  <div class='ocr_page' id='page_1' title='image "/cluster/home/n/w/nwhite01/storage/ocr_20150623/130/hvd.32044015471717/183.png"; bbox 0 0 3926 6480; ppageno 0'>
   <div class='ocr_carea' id='block_1_1' title="bbox 496 373 2108 475">
    <p class='ocr_par' dir='ltr' id='par_1_1' title="bbox 496 386 2108 469">
     <span class='ocr_line' id='line_1_1' title="bbox 496 386 2108 469; baseline -0.007 -14"><span class='ocrx_word' id='word_1_1' title='bbox 496 392 604 455; x_wconf 61' lang='grc'><strong>303</strong></span> <span class='ocrx_word' id='word_1_2' title='bbox 1292 389 1582 450; x_wconf 73' lang='lat' dir='ltr'><strong>APPEND.</strong></span> <span class='ocrx_word' id='word_1_3' title='bbox 1622 392 1714 448; x_wconf 81' lang='lat' dir='ltr'><strong>AD</strong></span> <span class='ocrx_word' id='word_1_4' title='bbox 1747 386 1924 459; x_wconf 61' lang='lat' dir='ltr'><strong>saga.</strong></span> <span class='ocrx_word' id='word_1_5' title='bbox 1966 389 2056 469; x_wconf 12' lang='lat' dir='ltr'><strong>lxv.</strong></span> <span class='ocrx_word' id='word_1_6' title='bbox 2098 421 2108 431; x_wconf 86' lang='grc'><strong><em>-</em></strong></span> 
     </span>
    </p>
   </div>
   <div class='ocr_carea' id='block_1_2' title="bbox 2229 373 3793 475">
    <p class='ocr_par' dir='ltr' id='par_1_2' title="bbox 2229 373 3793 475">
     <span class='ocr_line' id='line_1_2' title="bbox 2229 373 3793 475; baseline -0.006 -32"><span class='ocrx_word' id='word_1_7' title='bbox 2229 383 2454 475; x_wconf 77' lang='lat' dir='ltr'><strong>SIDQRI</strong></span> <span class='ocrx_word' id='word_1_8' title='bbox 2494 380 2935 441; x_wconf 74' lang='lat' dir='ltr'><strong>MERCATORIS</strong></span> <span class='ocrx_word' id='word_1_9' title='bbox 3640 432 3647 435; x_wconf 95' lang='lat'>_</span> <span class='ocrx_word' id='word_1_10' title='bbox 3668 373 3793 453; x_wconf 56' lang='lat' dir='ltr'><strong>at;</strong></span> 
     </span>
    </p>
   </div>
   <div class='ocr_carea' id='block_1_3' title="bbox 501 492 3791 578">
    <p class='ocr_par' dir='ltr' id='par_1_3' title="bbox 501 492 3791 578">
     <span class='ocr_line' id='line_1_3' title="bbox 501 492 3791 578; baseline -0.002 -19"><span class='ocrx_word' id='word_1_11' title='bbox 501 504 795 570; x_wconf 84' lang='lat' dir='ltr'><strong>tellectu&#39;m,</strong></span> <span class='ocrx_word' id='word_1_12' title='bbox 835 506 1095 563; x_wconf 85' lang='lat' dir='ltr'><strong>adversus</strong></span> <span class='ocrx_word' id='word_1_13' title='bbox 1122 520 1217 562; x_wconf 87' lang='lat' dir='ltr'><strong>eos</strong></span> <span class='ocrx_word' id='word_1_14' title='bbox 1241 507 1334 578; x_wconf 92' lang='lat' dir='ltr'><strong>qui</strong></span> <span class='ocrx_word' id='word_1_15' title='bbox 1375 507 1594 562; x_wconf 83' lang='lat' dir='ltr'><strong>deitatis</strong></span> <span class='ocrx_word' id='word_1_16' title='bbox 1621 504 1736 575; x_wconf 76' lang='lat' dir='ltr'><strong>ejus</strong></span> <span class='ocrx_word' id='word_1_17' title='bbox 1767 505 2083 560; x_wconf 86' lang='lat' dir='ltr'><strong>dominatio-</strong></span> <span class='ocrx_word' id='word_1_18' title='bbox 2114 511 2163 568; x_wconf 75' lang='grc' dir='ltr'><strong>Α</strong></span> <span class='ocrx_word' id='word_1_19' title='bbox 2190 504 2418 573; x_wconf 91' lang='lat' dir='ltr'><strong>demque</strong></span> <span class='ocrx_word' id='word_1_20' title='bbox 2467 502 2632 558; x_wconf 92' lang='lat' dir='ltr'><strong>ﬁlium</strong></span> <span class='ocrx_word' id='word_1_21' title='bbox 2680 499 2925 558; x_wconf 91' lang='lat' dir='ltr'><strong>conﬁteri</strong></span> <span class='ocrx_word' id='word_1_22' title='bbox 2969 495 3255 554; x_wconf 89' lang='lat' dir='ltr'><strong>Dominum</strong></span> <span class='ocrx_word' id='word_1_23' title='bbox 3297 502 3542 553; x_wconf 73' lang='lat' dir='ltr'><strong>nostrum</strong></span> <span class='ocrx_word' id='word_1_24' title='bbox 3576 492 3791 557; x_wconf 68' lang='lat' dir='ltr'><strong>Jan-nn</strong></span> 
     </span>
    </p>
   </div>
   <div class='ocr_carea' id='block_1_4' title="bbox 503 582 3793 672">
    <p class='ocr_par' dir='ltr' id='par_1_4' title="bbox 503 582 3793 672">
     <span class='ocr_line' id='line_1_4' title="bbox 503 582 3793 672; baseline -0.004 -19"><span class='ocrx_word' id='word_1_25' title='bbox 503 614 625 654; x_wconf 91' lang='lat' dir='ltr'><strong>nem</strong></span> <span class='ocrx_word' id='word_1_26' title='bbox 674 598 915 654; x_wconf 89' lang='lat' dir='ltr'><strong>nituntur</strong></span> <span class='ocrx_word' id='word_1_27' title='bbox 959 599 1720 672; x_wconf 87' lang='lat' dir='ltr'><strong>demergereScripturarum</strong></span> <span class='ocrx_word' id='word_1_28' title='bbox 1767 599 2088 655; x_wconf 89' lang='lat' dir='ltr'><strong>testimoniis</strong></span> <span class='ocrx_word' id='word_1_29' title='bbox 2190 593 2462 650; x_wconf 68' lang='lat' dir='ltr'><strong>Christum</strong></span> <span class='ocrx_word' id='word_1_30' title='bbox 2498 607 2733 649; x_wconf 90' lang='lat' dir='ltr'><strong>consona</strong></span> <span class='ocrx_word' id='word_1_31' title='bbox 2762 605 2892 646; x_wconf 86' lang='lat' dir='ltr'><strong>voce</strong></span> <span class='ocrx_word' id='word_1_32' title='bbox 2922 590 3209 646; x_wconf 85' lang='lat' dir='ltr'><strong>edocemtts</strong></span> <span class='ocrx_word' id='word_1_33' title='bbox 3230 586 3437 657; x_wconf 76' lang='lat' dir='ltr'><strong>pariter</strong></span> <span class='ocrx_word' id='word_1_34' title='bbox 3466 582 3793 659; x_wconf 70' lang='lat' dir='ltr'><strong>perfectum</strong></span> 
     </span>
    </p>
   </div>
   <div class='ocr_carea' id='block_1_5' title="bbox 503 677 3799 761">
    <p class='ocr_par' dir='ltr' id='par_1_5' title="bbox 503 677 3799 761">
     <span class='ocr_line' id='line_1_5' title="bbox 503 677 3799 761; baseline -0.005 -17"><span class='ocrx_word' id='word_1_35' title='bbox 503 689 714 761; x_wconf 79' lang='lat' dir='ltr'><strong>plenius</strong></span> <span class='ocrx_word' id='word_1_36' title='bbox 742 689 1168 746; x_wconf 79' lang='lat' dir='ltr'><strong>manifestantes.</strong></span> <span class='ocrx_word' id='word_1_37' title='bbox 2156 751 2163 758; x_wconf 84' lang='lat'><strong><em>_</em></strong></span> <span class='ocrx_word' id='word_1_38' title='bbox 2189 684 2434 739; x_wconf 87' lang='lat' dir='ltr'><strong>eumdem</strong></span> <span class='ocrx_word' id='word_1_39' title='bbox 2465 682 2741 738; x_wconf 84' lang='lat' dir='ltr'><strong>iudcitate</strong></span> <span class='ocrx_word' id='word_1_40' title='bbox 2784 681 2973 741; x_wconf 90' lang='lat' dir='ltr'><strong>Deum,</strong></span> <span class='ocrx_word' id='word_1_41' title='bbox 3018 686 3070 733; x_wconf 86' lang='lat' dir='ltr'><strong>et</strong></span> <span class='ocrx_word' id='word_1_42' title='bbox 3101 677 3377 751; x_wconf 67' lang='lat' dir='ltr'><strong>hominem</strong></span> <span class='ocrx_word' id='word_1_43' title='bbox 3401 690 3599 747; x_wconf 74' lang='lat' dir='ltr'><strong>verum</strong></span> <span class='ocrx_word' id='word_1_44' title='bbox 3623 688 3799 729; x_wconf 77' lang='lat' dir='ltr'><strong>eunt-</strong></span> 
     </span>
    </p>
   </div>
   <div class='ocr_carea' id='block_1_6' title="bbox 575 762 3797 854">
    <p class='ocr_par' dir='ltr' id='par_1_6' title="bbox 575 762 3797 854">
     <span class='ocr_line' id='line_1_6' title="bbox 575 762 3797 854; baseline -0.006 -19"><span class='ocrx_word' id='word_1_45' title='bbox 575 780 803 851; x_wconf 79' lang='lat' dir='ltr'><strong>Propter</strong></span> <span class='ocrx_word' id='word_1_46' title='bbox 850 795 946 837; x_wconf 91' lang='lat' dir='ltr'><strong>eos</strong></span> <span class='ocrx_word' id='word_1_47' title='bbox 991 797 1121 837; x_wconf 84' lang='lat' dir='ltr'><strong>sane</strong></span> <span class='ocrx_word' id='word_1_48' title='bbox 1169 782 1259 850; x_wconf 85' lang='lat' dir='ltr'><strong>qui</strong></span> <span class='ocrx_word' id='word_1_49' title='bbox 1310 781 1726 853; x_wconf 79' lang='lat' dir='ltr'><strong>dispensationis</strong></span> <span class='ocrx_word' id='word_1_50' title='bbox 1771 781 2087 854; x_wconf 78' lang='lat' dir='ltr'><strong>mysterium</strong></span> <span class='ocrx_word' id='word_1_51' title='bbox 2190 774 2308 827; x_wconf 88' lang='lat' dir='ltr'><strong>dem</strong></span> <span class='ocrx_word' id='word_1_52' title='bbox 2331 789 2395 828; x_wconf 81' lang='lat' dir='ltr'><strong>ex</strong></span> <span class='ocrx_word' id='word_1_53' title='bbox 2425 773 2603 827; x_wconf 87' lang='lat' dir='ltr'><strong>anima</strong></span> <span class='ocrx_word' id='word_1_54' title='bbox 2628 769 2875 825; x_wconf 81' lang='lat' dir='ltr'><strong>rationali</strong></span> <span class='ocrx_word' id='word_1_55' title='bbox 2907 777 2964 853; x_wconf 84' lang='lat' dir='ltr'><strong>ct</strong></span> <span class='ocrx_word' id='word_1_56' title='bbox 2988 765 3555 840; x_wconf 69' lang='lat' dir='ltr'><strong>corpore,secttudum</strong></span> <span class='ocrx_word' id='word_1_57' title='bbox 3583 762 3797 821; x_wconf 86' lang='lat' dir='ltr'><strong>divini-</strong></span> 
     </span>
    </p>
   </div>
   <div class='ocr_carea' id='block_1_7' title="bbox 509 854 3797 944">
    <p class='ocr_par' dir='ltr' id='par_1_7' title="bbox 509 854 3797 944">
     <span class='ocr_line' id='line_1_7' title="bbox 509 854 3797 944; baseline -0.001 -16"><span class='ocrx_word' id='word_1_58' title='bbox 509 880 719 928; x_wconf 87' lang='lat' dir='ltr'><strong>tentant</strong></span> <span class='ocrx_word' id='word_1_59' title='bbox 761 887 1129 943; x_wconf 90' lang='lat' dir='ltr'><strong>corrumpere,</strong></span> <span class='ocrx_word' id='word_1_60' title='bbox 1161 882 1217 929; x_wconf 90' lang='lat' dir='ltr'><strong>et</strong></span> <span class='ocrx_word' id='word_1_61' title='bbox 1264 889 1459 944; x_wconf 85' lang='lat' dir='ltr'><strong>purum</strong></span> <span class='ocrx_word' id='word_1_62' title='bbox 1508 874 1779 929; x_wconf 89' lang='lat' dir='ltr'><strong>hominem</strong></span> <span class='ocrx_word' id='word_1_63' title='bbox 1826 886 1964 935; x_wconf 80' lang='lat' dir='ltr'><strong>esse,</strong></span> <span class='ocrx_word' id='word_1_64' title='bbox 1999 871 2087 941; x_wconf 89' lang='lat' dir='ltr'><strong>qui</strong></span> <span class='ocrx_word' id='word_1_65' title='bbox 2193 875 2354 920; x_wconf 88' lang='lat' dir='ltr'><strong>tatem</strong></span> <span class='ocrx_word' id='word_1_66' title='bbox 2386 865 2543 920; x_wconf 90' lang='lat' dir='ltr'><strong>unius</strong></span> <span class='ocrx_word' id='word_1_67' title='bbox 2574 879 2696 918; x_wconf 90' lang='lat' dir='ltr'><strong>cum</strong></span> <span class='ocrx_word' id='word_1_68' title='bbox 2742 861 2901 919; x_wconf 80' lang='lat' dir='ltr'><strong>Patre</strong></span> <span class='ocrx_word' id='word_1_69' title='bbox 2938 869 3173 926; x_wconf 66' lang='lat' dir='ltr'><strong>natum.</strong></span> <span class='ocrx_word' id='word_1_70' title='bbox 3198 857 3495 919; x_wconf 66' lang='grc' dir='ltr'><strong>βθωθάυω</strong></span> <span class='ocrx_word' id='word_1_71' title='bbox 3523 854 3797 912; x_wconf 65' lang='lat' dir='ltr'><strong>humani-</strong></span> 
     </span>
    </p>
   </div>
   <div class='ocr_carea' id='block_1_8' title="bbox 506 948 3797 1036">
    <p class='ocr_par' dir='ltr' id='par_1_8' title="bbox 506 948 3797 1036">
     <span class='ocr_line' id='line_1_8' title="bbox 506 948 3797 1036; baseline -0.004 -20"><span class='ocrx_word' id='word_1_72' title='bbox 506 975 573 1016; x_wconf 80' lang='lat' dir='ltr'><strong>ex</strong></span> <span class='ocrx_word' id='word_1_73' title='bbox 622 971 807 1017; x_wconf 89' lang='lat' dir='ltr'><strong>sancta</strong></span> <span class='ocrx_word' id='word_1_74' title='bbox 869 962 1034 1019; x_wconf 87' lang='lat' dir='ltr'><strong>Maria</strong></span> <span class='ocrx_word' id='word_1_75' title='bbox 1084 963 1305 1036; x_wconf 79' lang='lat' dir='ltr'><strong>Virgine</strong></span> <span class='ocrx_word' id='word_1_76' title='bbox 1368 975 1524 1020; x_wconf 89' lang='lat' dir='ltr'><strong>natus</strong></span> <span class='ocrx_word' id='word_1_77' title='bbox 1572 977 1675 1031; x_wconf 86' lang='lat' dir='ltr'><strong>est,</strong></span> <span class='ocrx_word' id='word_1_78' title='bbox 1724 965 2092 1034; x_wconf 81' lang='lat' dir='ltr'><strong>imprudenter</strong></span> <span class='ocrx_word' id='word_1_79' title='bbox 2195 970 2356 1014; x_wconf 86' lang='lat' dir='ltr'><strong>tatem</strong></span> <span class='ocrx_word' id='word_1_80' title='bbox 2389 956 2634 1013; x_wconf 84' lang='lat' dir='ltr'><strong>eumdem</strong></span> <span class='ocrx_word' id='word_1_81' title='bbox 2674 956 2837 1013; x_wconf 80' lang='lat' dir='ltr'><strong>unius</strong></span> <span class='ocrx_word' id='word_1_82' title='bbox 2872 953 3414 1017; x_wconf 44' lang='lat' dir='ltr'><strong>naturaanohiscum,</strong></span> <span class='ocrx_word' id='word_1_83' title='bbox 3454 965 3555 1023; x_wconf 89' lang='lat' dir='ltr'><strong>per</strong></span> <span class='ocrx_word' id='word_1_84' title='bbox 3598 948 3797 1005; x_wconf 83' lang='lat' dir='ltr'><strong>omnia</strong></span> 
     </span>
    </p>
   </div>
   <div class='ocr_carea' id='block_1_9' title="bbox 506 1038 3799 1127">
    <p class='ocr_par' dir='ltr' id='par_1_9' title="bbox 506 1038 3799 1127">
     <span class='ocr_line' id='line_1_9' title="bbox 506 1038 3799 1127; baseline -0.004 -22"><span class='ocrx_word' id='word_1_85' title='bbox 506 1049 802 1123; x_wconf 83' lang='lat' dir='ltr'><strong>divulgant,</strong></span> <span class='ocrx_word' id='word_1_86' title='bbox 848 1055 1144 1111; x_wconf 83' lang='lat' dir='ltr'><strong>beatissimi</strong></span> <span class='ocrx_word' id='word_1_87' title='bbox 1189 1057 1457 1127; x_wconf 88' lang='lat' dir='ltr'><strong>quondam</strong></span> <span class='ocrx_word' id='word_1_88' title='bbox 1493 1056 1674 1127; x_wconf 78' lang='lat' dir='ltr'><strong>Cyrilli</strong></span> <span class='ocrx_word' id='word_1_89' title='bbox 1715 1055 2093 1110; x_wconf 72' lang='lat' dir='ltr'><strong>Alexandriam</strong></span> <span class='ocrx_word' id='word_1_90' title='bbox 2193 1050 2422 1107; x_wconf 83' lang='lat' dir='ltr'><strong>similem</strong></span> <span class='ocrx_word' id='word_1_91' title='bbox 2450 1048 2607 1105; x_wconf 78' lang='lat' dir='ltr'><strong>nobis</strong></span> <span class='ocrx_word' id='word_1_92' title='bbox 2644 1047 2853 1116; x_wconf 84' lang='lat' dir='ltr'><strong>absque</strong></span> <span class='ocrx_word' id='word_1_93' title='bbox 2874 1053 3099 1116; x_wconf 87' lang='lat' dir='ltr'><strong>peccato</strong></span> <span class='ocrx_word' id='word_1_94' title='bbox 3123 1060 3141 1108; x_wconf 79' lang='lat'><strong>;</strong></span> <span class='ocrx_word' id='word_1_95' title='bbox 3167 1052 3293 1097; x_wconf 88' lang='lat' dir='ltr'><strong>ante</strong></span> <span class='ocrx_word' id='word_1_96' title='bbox 3336 1040 3532 1097; x_wconf 60' lang='lat' dir='ltr'><strong>saecula</strong></span> <span class='ocrx_word' id='word_1_97' title='bbox 3559 1038 3799 1110; x_wconf 83' lang='lat' dir='ltr'><strong>quidem</strong></span> 
     </span>
    </p>
   </div>
   <div class='ocr_carea' id='block_1_10' title="bbox 2192 1128 3804 1199">
    <p class='ocr_par' dir='ltr' id='par_1_10' title="bbox 2192 1128 3804 1199">
     <span class='ocr_line' id='line_1_10' title="bbox 2192 1128 3804 1199; baseline -0.009 -3"><span class='ocrx_word' id='word_1_98' title='bbox 2192 1156 2257 1199; x_wconf 77' lang='lat' dir='ltr'><strong>ex</strong></span> <span class='ocrx_word' id='word_1_99' title='bbox 2301 1139 2459 1195; x_wconf 84' lang='lat' dir='ltr'><strong>Patre</strong></span> <span class='ocrx_word' id='word_1_100' title='bbox 2493 1147 2679 1199; x_wconf 86' lang='lat' dir='ltr'><strong>natum</strong></span> <span class='ocrx_word' id='word_1_101' title='bbox 2722 1136 3017 1193; x_wconf 88' lang='lat' dir='ltr'><strong>secundum</strong></span> <span class='ocrx_word' id='word_1_102' title='bbox 3051 1134 3419 1197; x_wconf 83' lang='lat' dir='ltr'><strong>divinitatem,</strong></span> <span class='ocrx_word' id='word_1_103' title='bbox 3460 1131 3515 1187; x_wconf 89' lang='lat' dir='ltr'><strong>in</strong></span> <span class='ocrx_word' id='word_1_104' title='bbox 3546 1128 3804 1186; x_wconf 75' lang='lat' dir='ltr'><strong>novissi-</strong></span> 
     </span>
    </p>
   </div>
   <div class='ocr_carea' id='block_1_11' title="bbox 2192 1227 3805 1297">
    <p class='ocr_par' dir='ltr' id='par_1_11' title="bbox 2192 1227 3805 1297">
     <span class='ocr_line' id='line_1_11' title="bbox 2192 1227 3805 1297; baseline -0.009 -8"><span class='ocrx_word' id='word_1_105' title='bbox 2192 1234 2298 1289; x_wconf 87' lang='lat' dir='ltr'><strong>mis</strong></span> <span class='ocrx_word' id='word_1_106' title='bbox 2330 1247 2462 1291; x_wconf 70' lang='grc' dir='ltr'><strong>νει-ο</strong></span> <span class='ocrx_word' id='word_1_107' title='bbox 2512 1231 2703 1286; x_wconf 89' lang='lat' dir='ltr'><strong>diebus</strong></span> <span class='ocrx_word' id='word_1_108' title='bbox 2750 1227 2998 1282; x_wconf 88' lang='lat' dir='ltr'><strong>eumdem</strong></span> <span class='ocrx_word' id='word_1_109' title='bbox 3046 1236 3266 1297; x_wconf 86' lang='lat' dir='ltr'><strong>propter</strong></span> <span class='ocrx_word' id='word_1_110' title='bbox 3313 1239 3413 1281; x_wconf 90' lang='lat' dir='ltr'><strong>nos</strong></span> <span class='ocrx_word' id='word_1_111' title='bbox 3459 1230 3510 1280; x_wconf 90' lang='lat' dir='ltr'><strong>et</strong></span> <span class='ocrx_word' id='word_1_112' title='bbox 3563 1228 3805 1295; x_wconf 79' lang='lat' dir='ltr'><strong>propter</strong></span> 
     </span>
    </p>
   </div>
   <div class='ocr_carea' id='block_1_12' title="bbox 508 1141 2093 1218">
    <p class='ocr_par' dir='ltr' id='par_1_12' title="bbox 508 1141 2093 1218">
     <span class='ocr_line' id='line_1_12' title="bbox 508 1141 2093 1218; baseline 0.003 -21"><span class='ocrx_word' id='word_1_113' title='bbox 508 1141 762 1200; x_wconf 69' lang='lat' dir='ltr'><strong>Ecclesia:</strong></span> <span class='ocrx_word' id='word_1_114' title='bbox 799 1146 1098 1202; x_wconf 90' lang='lat' dir='ltr'><strong>sacerdotis</strong></span> <span class='ocrx_word' id='word_1_115' title='bbox 1127 1148 1416 1218; x_wconf 87' lang='lat' dir='ltr'><strong>synodicas</strong></span> <span class='ocrx_word' id='word_1_116' title='bbox 1445 1147 1699 1218; x_wconf 87' lang='lat' dir='ltr'><strong>epistolas</strong></span> <span class='ocrx_word' id='word_1_117' title='bbox 1729 1156 1835 1203; x_wconf 88' lang='lat' dir='ltr'><strong>tam</strong></span> <span class='ocrx_word' id='word_1_118' title='bbox 1876 1147 1942 1201; x_wconf 89' lang='lat' dir='ltr'><strong>ad</strong></span> <span class='ocrx_word' id='word_1_119' title='bbox 1987 1145 2093 1202; x_wconf 75' lang='lat' dir='ltr'><strong>Ne-</strong></span> 
     </span>
    </p>
   </div>
   <div class='ocr_carea' id='block_1_13' title="bbox 506 1233 2093 1307">
    <p class='ocr_par' dir='ltr' id='par_1_13' title="bbox 506 1233 2093 1307">
     <span class='ocr_line' id='line_1_13' title="bbox 506 1233 2093 1307; baseline 0.002 -20"><span class='ocrx_word' id='word_1_120' title='bbox 506 1233 734 1288; x_wconf 78' lang='lat' dir='ltr'><strong>storium</strong></span> <span class='ocrx_word' id='word_1_121' title='bbox 761 1249 921 1303; x_wconf 88' lang='lat' dir='ltr'><strong>quam</strong></span> <span class='ocrx_word' id='word_1_122' title='bbox 954 1236 1020 1290; x_wconf 91' lang='lat' dir='ltr'><strong>ad</strong></span> <span class='ocrx_word' id='word_1_123' title='bbox 1050 1246 1276 1292; x_wconf 59' lang='lat' dir='ltr'><strong>caeteros</strong></span> <span class='ocrx_word' id='word_1_124' title='bbox 1309 1252 1405 1307; x_wconf 82' lang='lat' dir='ltr'><strong>per</strong></span> <span class='ocrx_word' id='word_1_125' title='bbox 1431 1238 1707 1295; x_wconf 87' lang='lat' dir='ltr'><strong>Orientem</strong></span> <span class='ocrx_word' id='word_1_126' title='bbox 1749 1252 2013 1307; x_wconf 79' lang='lat' dir='ltr'><strong>congruas</strong></span> <span class='ocrx_word' id='word_1_127' title='bbox 2040 1245 2093 1290; x_wconf 89' lang='lat' dir='ltr'><strong>et</strong></span> 
     </span>
    </p>
   </div>
   <div class='ocr_carea' id='block_1_14' title="bbox 502 1323 2093 1400">
    <p class='ocr_par' dir='ltr' id='par_1_14' title="bbox 502 1323 2093 1400">
     <span class='ocr_line' id='line_1_14' title="bbox 502 1323 2093 1400; baseline 0.006 -23"><span class='ocrx_word' id='word_1_128' title='bbox 502 1323 611 1378; x_wconf 80' lang='lat' dir='ltr'><strong>sibi</strong></span> <span class='ocrx_word' id='word_1_129' title='bbox 641 1326 1043 1384; x_wconf 87' lang='lat' dir='ltr'><strong>consentientes</strong></span> <span class='ocrx_word' id='word_1_130' title='bbox 1070 1331 1310 1399; x_wconf 87' lang='lat' dir='ltr'><strong>suscepit</strong></span> <span class='ocrx_word' id='word_1_131' title='bbox 1335 1331 1403 1386; x_wconf 88' lang='lat' dir='ltr'><strong>ad</strong></span> <span class='ocrx_word' id='word_1_132' title='bbox 1428 1329 1848 1386; x_wconf 78' lang='lat' dir='ltr'><strong>confutationem</strong></span> <span class='ocrx_word' id='word_1_133' title='bbox 1874 1330 2093 1400; x_wconf 82' lang='lat' dir='ltr'><strong>quidem</strong></span> 
     </span>
    </p>
   </div>
   <div class='ocr_carea' id='block_1_15' title="bbox 500 1412 2095 1491">
    <p class='ocr_par' dir='ltr' id='par_1_15' title="bbox 500 1412 2095 1491">
     <span class='ocr_line' id='line_1_15' title="bbox 500 1412 2095 1491; baseline 0.004 -24"><span class='ocrx_word' id='word_1_134' title='bbox 500 1412 846 1470; x_wconf 63' lang='lat' dir='ltr'><strong>Nestorium:</strong></span> <span class='ocrx_word' id='word_1_135' title='bbox 881 1419 1154 1483; x_wconf 64' lang='lat' dir='ltr'><strong>amentiae,</strong></span> <span class='ocrx_word' id='word_1_136' title='bbox 1180 1428 1237 1474; x_wconf 92' lang='lat' dir='ltr'><strong>ct</strong></span> <span class='ocrx_word' id='word_1_137' title='bbox 1271 1422 1337 1475; x_wconf 88' lang='lat' dir='ltr'><strong>ad</strong></span> <span class='ocrx_word' id='word_1_138' title='bbox 1378 1421 1877 1491; x_wconf 83' lang='lat' dir='ltr'><strong>interpretationem</strong></span> <span class='ocrx_word' id='word_1_139' title='bbox 1905 1436 2095 1476; x_wconf 88' lang='lat' dir='ltr'><strong>eorum</strong></span> 
     </span>
    </p>
   </div>
   <div class='ocr_carea' id='block_1_16' title="bbox 478 1504 2100 1583">
    <p class='ocr_par' dir='ltr' id='par_1_16' title="bbox 478 1504 2100 1583">
     <span class='ocr_line' id='line_1_16' title="bbox 478 1504 2100 1583; baseline 0.004 -24"><span class='ocrx_word' id='word_1_140' title='bbox 478 1504 601 1574; x_wconf 59' lang='lat' dir='ltr'><strong>qui</strong></span> <span class='ocrx_word' id='word_1_141' title='bbox 647 1506 905 1578; x_wconf 72' lang='lat' dir='ltr'><strong>religioso</strong></span> <span class='ocrx_word' id='word_1_142' title='bbox 938 1509 1057 1564; x_wconf 78' lang='lat' dir='ltr'><strong>zelo</strong></span> <span class='ocrx_word' id='word_1_143' title='bbox 1096 1509 1353 1566; x_wconf 77' lang='lat' dir='ltr'><strong>salutat-is</strong></span> <span class='ocrx_word' id='word_1_144' title='bbox 1398 1512 1626 1582; x_wconf 83' lang='lat' dir='ltr'><strong>symboli</strong></span> <span class='ocrx_word' id='word_1_145' title='bbox 1673 1512 1894 1583; x_wconf 84' lang='lat' dir='ltr'><strong>cupiunt</strong></span> <span class='ocrx_word' id='word_1_146' title='bbox 1941 1511 2100 1567; x_wconf 92' lang='lat' dir='ltr'><strong>intel-</strong></span> 
     </span>
    </p>
   </div>
   <div class='ocr_carea' id='block_1_17' title="bbox 506 1594 2096 1672">
    <p class='ocr_par' dir='ltr' id='par_1_17' title="bbox 506 1594 2096 1672">
     <span class='ocr_line' id='line_1_17' title="bbox 506 1594 2096 1672; baseline 0.005 -23"><span class='ocrx_word' id='word_1_147' title='bbox 506 1594 731 1651; x_wconf 80' lang='lat' dir='ltr'><strong>lectum.</strong></span> <span class='ocrx_word' id='word_1_148' title='bbox 784 1599 989 1665; x_wconf 82' lang='lat' dir='ltr'><strong>Quibus</strong></span> <span class='ocrx_word' id='word_1_149' title='bbox 1035 1609 1091 1656; x_wconf 91' lang='lat' dir='ltr'><strong>et</strong></span> <span class='ocrx_word' id='word_1_150' title='bbox 1140 1602 1423 1672; x_wconf 80' lang='lat' dir='ltr'><strong>epistolam</strong></span> <span class='ocrx_word' id='word_1_151' title='bbox 1467 1602 1637 1657; x_wconf 79' lang='lat' dir='ltr'><strong>sancti</strong></span> <span class='ocrx_word' id='word_1_152' title='bbox 1688 1619 1752 1658; x_wconf 90' lang='lat' dir='ltr'><strong>ac</strong></span> <span class='ocrx_word' id='word_1_153' title='bbox 1800 1602 2096 1657; x_wconf 84' lang='lat' dir='ltr'><strong>beatissimi</strong></span> 
     </span>
    </p>
   </div>
   <div class='ocr_carea' id='block_1_18' title="bbox 486 1685 2098 1764">
    <p class='ocr_par' dir='ltr' id='par_1_18' title="bbox 486 1685 2098 1764">
     <span class='ocr_line' id='line_1_18' title="bbox 486 1685 2098 1764; baseline 0.007 -27"><span class='ocrx_word' id='word_1_154' title='bbox 486 1685 699 1754; x_wconf 76' lang='lat' dir='ltr'><strong>prima:</strong></span> <span class='ocrx_word' id='word_1_155' title='bbox 726 1689 870 1743; x_wconf 83' lang='lat' dir='ltr'><strong>sedis</strong></span> <span class='ocrx_word' id='word_1_156' title='bbox 901 1690 1285 1761; x_wconf 75' lang='lat' dir='ltr'><strong>archiepiscopi</strong></span> <span class='ocrx_word' id='word_1_157' title='bbox 1326 1693 1521 1748; x_wconf 86' lang='lat' dir='ltr'><strong>Leonis</strong></span> <span class='ocrx_word' id='word_1_158' title='bbox 1560 1696 1813 1764; x_wconf 83' lang='lat' dir='ltr'><strong>scriptam</strong></span> <span class='ocrx_word' id='word_1_159' title='bbox 1861 1693 1927 1748; x_wconf 88' lang='lat' dir='ltr'><strong>ad</strong></span> <span class='ocrx_word' id='word_1_160' title='bbox 1974 1694 2098 1761; x_wconf 85' lang='lat' dir='ltr'><strong>Fla-</strong></span> 
     </span>
    </p>
   </div>
   <div class='ocr_carea' id='block_1_19' title="bbox 490 1773 2098 1856">
    <p class='ocr_par' dir='ltr' id='par_1_19' title="bbox 490 1773 2098 1856">
     <span class='ocr_line' id='line_1_19' title="bbox 490 1773 2098 1856; baseline 0.011 -32"><span class='ocrx_word' id='word_1_161' title='bbox 490 1773 729 1828; x_wconf 59' lang='lat' dir='ltr'><strong>vianum</strong></span> <span class='ocrx_word' id='word_1_162' title='bbox 766 1789 965 1833; x_wconf 85' lang='lat' dir='ltr'><strong>sanctae</strong></span> <span class='ocrx_word' id='word_1_163' title='bbox 987 1783 1372 1838; x_wconf 86' lang='lat' dir='ltr'><strong>recordationis</strong></span> <span class='ocrx_word' id='word_1_164' title='bbox 1393 1785 1881 1856; x_wconf 86' lang='lat' dir='ltr'><strong>archiepiscopum,</strong></span> <span class='ocrx_word' id='word_1_165' title='bbox 1912 1785 1978 1840; x_wconf 89' lang='lat' dir='ltr'><strong>ad</strong></span> <span class='ocrx_word' id='word_1_166' title='bbox 2006 1800 2098 1855; x_wconf 88' lang='lat' dir='ltr'><strong>pe-</strong></span> 
     </span>
    </p>
   </div>
   <div class='ocr_carea' id='block_1_20' title="bbox 2195 1317 3808 1386">
    <p class='ocr_par' dir='ltr' id='par_1_20' title="bbox 2195 1317 3808 1386">
     <span class='ocr_line' id='line_1_20' title="bbox 2195 1317 3808 1386; baseline -0.008 -5"><span class='ocrx_word' id='word_1_167' title='bbox 2195 1335 2436 1381; x_wconf 82' lang='lat' dir='ltr'><strong>nostram</strong></span> <span class='ocrx_word' id='word_1_168' title='bbox 2465 1322 2693 1378; x_wconf 83' lang='lat' dir='ltr'><strong>salutem</strong></span> <span class='ocrx_word' id='word_1_169' title='bbox 2723 1321 2992 1375; x_wconf 86' lang='lat' dir='ltr'><strong>hominem</strong></span> <span class='ocrx_word' id='word_1_170' title='bbox 3015 1319 3212 1375; x_wconf 80' lang='lat' dir='ltr'><strong>factum</strong></span> <span class='ocrx_word' id='word_1_171' title='bbox 3234 1335 3251 1386; x_wconf 89' lang='lat'><strong>;</strong></span> <span class='ocrx_word' id='word_1_172' title='bbox 3276 1317 3417 1373; x_wconf 87' lang='lat' dir='ltr'><strong>hunc</strong></span> <span class='ocrx_word' id='word_1_173' title='bbox 3442 1331 3617 1373; x_wconf 85' lang='lat' dir='ltr'><strong>unum</strong></span> <span class='ocrx_word' id='word_1_174' title='bbox 3640 1328 3808 1369; x_wconf 86' lang='lat' dir='ltr'><strong>eum-</strong></span> 
     </span>
    </p>
   </div>
   <div class='ocr_carea' id='block_1_21' title="bbox 2197 1405 3809 1487">
    <p class='ocr_par' dir='ltr' id='par_1_21' title="bbox 2197 1405 3809 1487">
     <span class='ocr_line' id='line_1_21' title="bbox 2197 1405 3809 1487; baseline -0.008 -15"><span class='ocrx_word' id='word_1_175' title='bbox 2197 1417 2427 1484; x_wconf 87' lang='lat' dir='ltr'><strong>demque</strong></span> <span class='ocrx_word' id='word_1_176' title='bbox 2455 1413 2731 1487; x_wconf 81' lang='lat' dir='ltr'><strong>Christum</strong></span> <span class='ocrx_word' id='word_1_177' title='bbox 2776 1411 2970 1467; x_wconf 87' lang='lat' dir='ltr'><strong>Filium</strong></span> <span class='ocrx_word' id='word_1_178' title='bbox 3002 1411 3286 1467; x_wconf 86' lang='lat' dir='ltr'><strong>Dominum</strong></span> <span class='ocrx_word' id='word_1_179' title='bbox 3334 1408 3709 1479; x_wconf 77' lang='lat' dir='ltr'><strong>unigenitum,</strong></span> <span class='ocrx_word' id='word_1_180' title='bbox 3749 1405 3809 1460; x_wconf 88' lang='lat' dir='ltr'><strong>in</strong></span> 
     </span>
    </p>
   </div>
   <div class='ocr_carea' id='block_1_22' title="bbox 2198 1498 3810 1570">
    <p class='ocr_par' dir='ltr' id='par_1_22' title="bbox 2198 1498 3810 1570">
     <span class='ocr_line' id='line_1_22' title="bbox 2198 1498 3810 1570; baseline -0.006 -8"><span class='ocrx_word' id='word_1_181' title='bbox 2198 1507 2331 1563; x_wconf 90' lang='lat' dir='ltr'><strong>duas</strong></span> <span class='ocrx_word' id='word_1_182' title='bbox 2358 1514 2601 1570; x_wconf 85' lang='lat' dir='ltr'><strong>naturas,</strong></span> <span class='ocrx_word' id='word_1_183' title='bbox 2629 1502 2933 1568; x_wconf 78' lang='lat' dir='ltr'><strong>inconfuse,</strong></span> <span class='ocrx_word' id='word_1_184' title='bbox 2963 1503 3390 1562; x_wconf 85' lang='lat' dir='ltr'><strong>immutabiliter.</strong></span> <span class='ocrx_word' id='word_1_185' title='bbox 3422 1499 3689 1563; x_wconf 79' lang='lat' dir='ltr'><strong>indivise,</strong></span> <span class='ocrx_word' id='word_1_186' title='bbox 3726 1498 3810 1552; x_wconf 48' lang='lat' dir='ltr'><strong>in.</strong></span> 
     </span>
    </p>
   </div>
   <div class='ocr_carea' id='block_1_23' title="bbox 2199 1592 3809 1668">
    <p class='ocr_par' dir='ltr' id='par_1_23' title="bbox 2199 1592 3809 1668">
     <span class='ocr_line' id='line_1_23' title="bbox 2199 1592 3809 1668; baseline -0.008 -14"><span class='ocrx_word' id='word_1_187' title='bbox 2199 1597 2607 1668; x_wconf 76' lang='lat' dir='ltr'><strong>separabiliter,</strong></span> <span class='ocrx_word' id='word_1_188' title='bbox 2640 1594 3111 1667; x_wconf 75' lang='lat' dir='ltr'><strong>cognoscendum,</strong></span> <span class='ocrx_word' id='word_1_189' title='bbox 3162 1593 3216 1649; x_wconf 89' lang='lat' dir='ltr'><strong>in</strong></span> <span class='ocrx_word' id='word_1_190' title='bbox 3272 1592 3418 1648; x_wconf 91' lang='lat' dir='ltr'><strong>nullo</strong></span> <span class='ocrx_word' id='word_1_191' title='bbox 3469 1599 3809 1657; x_wconf 75' lang='lat' dir='ltr'><strong>naturarum</strong></span> 
     </span>
    </p>
   </div>
   <div class='ocr_carea' id='block_1_24' title="bbox 2199 1680 3811 1757">
    <p class='ocr_par' dir='ltr' id='par_1_24' title="bbox 2199 1680 3811 1757">
     <span class='ocr_line' id='line_1_24' title="bbox 2199 1680 3811 1757; baseline -0.007 -14"><span class='ocrx_word' id='word_1_192' title='bbox 2199 1688 2529 1744; x_wconf 84' lang='lat' dir='ltr'><strong>dilierentias</strong></span> <span class='ocrx_word' id='word_1_193' title='bbox 2564 1696 2783 1757; x_wconf 85' lang='lat' dir='ltr'><strong>propter</strong></span> <span class='ocrx_word' id='word_1_194' title='bbox 2811 1686 3073 1739; x_wconf 88' lang='lat' dir='ltr'><strong>unitatem</strong></span> <span class='ocrx_word' id='word_1_195' title='bbox 3100 1684 3463 1754; x_wconf 71' lang='lat' dir='ltr'><strong>perimendas,</strong></span> <span class='ocrx_word' id='word_1_196' title='bbox 3492 1680 3681 1751; x_wconf 81' lang='lat' dir='ltr'><strong>magis</strong></span> <span class='ocrx_word' id='word_1_197' title='bbox 3715 1695 3811 1735; x_wconf 86' lang='lat' dir='ltr'><strong>au-</strong></span> 
     </span>
    </p>
   </div>
   <div class='ocr_carea' id='block_1_25' title="bbox 2203 1770 3810 1845">
    <p class='ocr_par' dir='ltr' id='par_1_25' title="bbox 2203 1770 3810 1845">
     <span class='ocr_line' id='line_1_25' title="bbox 2203 1770 3810 1845; baseline -0.008 -11"><span class='ocrx_word' id='word_1_198' title='bbox 2203 1790 2308 1835; x_wconf 89' lang='lat' dir='ltr'><strong>tem</strong></span> <span class='ocrx_word' id='word_1_199' title='bbox 2354 1777 2500 1832; x_wconf 83' lang='lat' dir='ltr'><strong>salva</strong></span> <span class='ocrx_word' id='word_1_200' title='bbox 2546 1776 2827 1845; x_wconf 85' lang='lat' dir='ltr'><strong>utriusque</strong></span> <span class='ocrx_word' id='word_1_201' title='bbox 2870 1782 3076 1831; x_wconf 76' lang='lat' dir='ltr'><strong>natura:</strong></span> <span class='ocrx_word' id='word_1_202' title='bbox 3120 1771 3449 1843; x_wconf 86' lang='lat' dir='ltr'><strong>proprietate</strong></span> <span class='ocrx_word' id='word_1_203' title='bbox 3486 1777 3542 1825; x_wconf 89' lang='lat' dir='ltr'><strong>ct</strong></span> <span class='ocrx_word' id='word_1_204' title='bbox 3587 1770 3643 1824; x_wconf 84' lang='lat' dir='ltr'><strong>in</strong></span> <span class='ocrx_word' id='word_1_205' title='bbox 3699 1783 3810 1822; x_wconf 87' lang='lat' dir='ltr'><strong>una</strong></span> 
     </span>
    </p>
   </div>
   <div class='ocr_carea' id='block_1_26' title="bbox 486 1859 3811 1946">
    <p class='ocr_par' dir='ltr' id='par_1_26' title="bbox 486 1859 3811 1946">
     <span class='ocr_line' id='line_1_26' title="bbox 486 1859 3811 1946; baseline 0.002 -27"><span class='ocrx_word' id='word_1_206' title='bbox 486 1866 812 1921; x_wconf 73' lang='lat' dir='ltr'><strong>~rimendam</strong></span> <span class='ocrx_word' id='word_1_207' title='bbox 857 1869 1169 1941; x_wconf 77' lang='lat' dir='ltr'><strong>Eutychetis</strong></span> <span class='ocrx_word' id='word_1_208' title='bbox 1197 1889 1283 1926; x_wconf 90' lang='lat' dir='ltr'><strong>ma</strong></span> <span class='ocrx_word' id='word_1_209' title='bbox 1311 1875 1612 1944; x_wconf 85' lang='lat' dir='ltr'><strong>ignitatem,</strong></span> <span class='ocrx_word' id='word_1_210' title='bbox 1658 1889 1884 1946; x_wconf 67' lang='lat' dir='ltr'><strong>quaeque</strong></span> <span class='ocrx_word' id='word_1_211' title='bbox 1920 1874 2172 1945; x_wconf 68' lang='lat' dir='ltr'><strong>magni];</strong></span> <span class='ocrx_word' id='word_1_212' title='bbox 2200 1876 2426 1923; x_wconf 89' lang='lat' dir='ltr'><strong>coeunte</strong></span> <span class='ocrx_word' id='word_1_213' title='bbox 2456 1880 2710 1935; x_wconf 86' lang='lat' dir='ltr'><strong>persona,</strong></span> <span class='ocrx_word' id='word_1_214' title='bbox 2757 1878 2973 1934; x_wconf 87' lang='lat' dir='ltr'><strong>unoque</strong></span> <span class='ocrx_word' id='word_1_215' title='bbox 2996 1872 3134 1919; x_wconf 82' lang='lat' dir='ltr'><strong>statu</strong></span> <span class='ocrx_word' id='word_1_216' title='bbox 3181 1868 3575 1924; x_wconf 61' lang='lat' dir='ltr'><strong>concurrente;</strong></span> <span class='ocrx_word' id='word_1_217' title='bbox 3603 1874 3724 1915; x_wconf 73' lang='lat' dir='ltr'><strong>non</strong></span> <span class='ocrx_word' id='word_1_218' title='bbox 3757 1859 3811 1917; x_wconf 69' lang='lat' dir='ltr'><strong>ill</strong></span> 
     </span>
    </p>
   </div>
   <div class='ocr_carea' id='block_1_27' title="bbox 490 1955 2097 2035">
    <p class='ocr_par' dir='ltr' id='par_1_27' title="bbox 490 1955 2097 2035">
     <span class='ocr_line' id='line_1_27' title="bbox 490 1955 2097 2035; baseline 0.006 -24"><span class='ocrx_word' id='word_1_219' title='bbox 490 1955 658 2012; x_wconf 66' lang='lat' dir='ltr'><strong>Petri</strong></span> <span class='ocrx_word' id='word_1_220' title='bbox 699 1961 1021 2016; x_wconf 81' lang='lat' dir='ltr'><strong>confessioni</strong></span> <span class='ocrx_word' id='word_1_221' title='bbox 1073 1965 1490 2021; x_wconf 86' lang='lat' dir='ltr'><strong>concordantem</strong></span> <span class='ocrx_word' id='word_1_222' title='bbox 1540 1981 1877 2021; x_wconf 88' lang='lat' dir='ltr'><strong>communem</strong></span> <span class='ocrx_word' id='word_1_223' title='bbox 1911 1981 2097 2035; x_wconf 87' lang='lat' dir='ltr'><strong>quam-</strong></span> 
     </span>
    </p>
   </div>
   <div class='ocr_carea' id='block_1_28' title="bbox 492 2046 2102 2127">
    <p class='ocr_par' dir='ltr' id='par_1_28' title="bbox 492 2046 2102 2127">
     <span class='ocr_line' id='line_1_28' title="bbox 492 2046 2102 2127; baseline 0.007 -29"><span class='ocrx_word' id='word_1_224' title='bbox 492 2046 638 2101; x_wconf 25' lang='lat' dir='ltr'><strong>ldatn</strong></span> <span class='ocrx_word' id='word_1_225' title='bbox 673 2064 908 2121; x_wconf 79' lang='lat' dir='ltr'><strong>pugnam</strong></span> <span class='ocrx_word' id='word_1_226' title='bbox 947 2056 1333 2110; x_wconf 88' lang='lat' dir='ltr'><strong>consistentem</strong></span> <span class='ocrx_word' id='word_1_227' title='bbox 1361 2066 1549 2111; x_wconf 91' lang='lat' dir='ltr'><strong>contra</strong></span> <span class='ocrx_word' id='word_1_228' title='bbox 1579 2073 1673 2113; x_wconf 90' lang='lat' dir='ltr'><strong>eos</strong></span> <span class='ocrx_word' id='word_1_229' title='bbox 1700 2057 1790 2127; x_wconf 92' lang='lat' dir='ltr'><strong>qui</strong></span> <span class='ocrx_word' id='word_1_230' title='bbox 1823 2072 1928 2111; x_wconf 90' lang='lat' dir='ltr'><strong>non</strong></span> <span class='ocrx_word' id='word_1_231' title='bbox 1958 2046 2102 2112; x_wconf 87' lang='lat' dir='ltr'><strong>recte</strong></span> 
     </span>
    </p>
   </div>
   <div class='ocr_carea' id='block_1_29' title="bbox 513 2136 2102 2219">
    <p class='ocr_par' dir='ltr' id='par_1_29' title="bbox 513 2136 2102 2219">
     <span class='ocr_line' id='line_1_29' title="bbox 513 2136 2102 2219; baseline 0.008 -28"><span class='ocrx_word' id='word_1_232' title='bbox 513 2136 815 2208; x_wconf 76' lang='lat' dir='ltr'><strong>gloriﬁcent</strong></span> <span class='ocrx_word' id='word_1_233' title='bbox 863 2143 930 2197; x_wconf 90' lang='lat' dir='ltr'><strong>ad</strong></span> <span class='ocrx_word' id='word_1_234' title='bbox 972 2144 1436 2203; x_wconf 89' lang='lat' dir='ltr'><strong>conﬁrmationem</strong></span> <span class='ocrx_word' id='word_1_235' title='bbox 1472 2148 1752 2205; x_wconf 73' lang='lat' dir='ltr'><strong>catholiete</strong></span> <span class='ocrx_word' id='word_1_236' title='bbox 1804 2138 2102 2219; x_wconf 67' lang='lat' dir='ltr'><strong>religionis,</strong></span> 
     </span>
    </p>
   </div>
   <div class='ocr_carea' id='block_1_30' title="bbox 498 2226 2105 2309">
    <p class='ocr_par' dir='ltr' id='par_1_30' title="bbox 498 2226 2105 2309">
     <span class='ocr_line' id='line_1_30' title="bbox 498 2226 2105 2309; baseline 0.011 -34"><span class='ocrx_word' id='word_1_237' title='bbox 498 2226 802 2284; x_wconf 80' lang='lat' dir='ltr'><strong>evidenter</strong></span> <span class='ocrx_word' id='word_1_238' title='bbox 841 2232 1141 2302; x_wconf 85' lang='lat' dir='ltr'><strong>subjunxit.</strong></span> <span class='ocrx_word' id='word_1_239' title='bbox 1187 2235 1320 2290; x_wconf 87' lang='lat' dir='ltr'><strong>Nam</strong></span> <span class='ocrx_word' id='word_1_240' title='bbox 1349 2252 1444 2292; x_wconf 91' lang='lat' dir='ltr'><strong>eos</strong></span> <span class='ocrx_word' id='word_1_241' title='bbox 1471 2239 1562 2309; x_wconf 90' lang='lat' dir='ltr'><strong>qui</strong></span> <span class='ocrx_word' id='word_1_242' title='bbox 1590 2239 1644 2293; x_wconf 89' lang='lat' dir='ltr'><strong>in</strong></span> <span class='ocrx_word' id='word_1_243' title='bbox 1669 2239 1802 2294; x_wconf 90' lang='lat' dir='ltr'><strong>duos</strong></span> <span class='ocrx_word' id='word_1_244' title='bbox 1832 2236 1968 2293; x_wconf 88' lang='lat' dir='ltr'><strong>lilios</strong></span> <span class='ocrx_word' id='word_1_245' title='bbox 1996 2238 2105 2294; x_wconf 89' lang='lat' dir='ltr'><strong>dis—</strong></span> 
     </span>
    </p>
   </div>
   <div class='ocr_carea' id='block_1_31' title="bbox 506 2322 2105 2401">
    <p class='ocr_par' dir='ltr' id='par_1_31' title="bbox 506 2322 2105 2401">
     <span class='ocr_line' id='line_1_31' title="bbox 506 2322 2105 2401; baseline 0.008 -28"><span class='ocrx_word' id='word_1_246' title='bbox 506 2322 851 2387; x_wconf 87' lang='lat' dir='ltr'><strong>pensationis</strong></span> <span class='ocrx_word' id='word_1_247' title='bbox 907 2323 1196 2384; x_wconf 77' lang='lat' dir='ltr'><strong>Dominicze</strong></span> <span class='ocrx_word' id='word_1_248' title='bbox 1234 2332 1549 2401; x_wconf 80' lang='lat' dir='ltr'><strong>mysterium</strong></span> <span class='ocrx_word' id='word_1_249' title='bbox 1588 2332 1835 2387; x_wconf 85' lang='lat' dir='ltr'><strong>scindere</strong></span> <span class='ocrx_word' id='word_1_250' title='bbox 1876 2331 2105 2386; x_wconf 90' lang='lat' dir='ltr'><strong>moliun-</strong></span> 
     </span>
    </p>
   </div>
   <div class='ocr_carea' id='block_1_32' title="bbox 516 2415 2106 2492">
    <p class='ocr_par' dir='ltr' id='par_1_32' title="bbox 516 2415 2106 2492">
     <span class='ocr_line' id='line_1_32' title="bbox 516 2415 2106 2492; baseline 0.009 -29"><span class='ocrx_word' id='word_1_251' title='bbox 516 2419 607 2465; x_wconf 84' lang='lat' dir='ltr'><strong>tur</strong></span> <span class='ocrx_word' id='word_1_252' title='bbox 632 2415 937 2482; x_wconf 82' lang='lat' dir='ltr'><strong>exsecrati,</strong></span> <span class='ocrx_word' id='word_1_253' title='bbox 966 2426 1019 2472; x_wconf 92' lang='lat' dir='ltr'><strong>et</strong></span> <span class='ocrx_word' id='word_1_254' title='bbox 1041 2434 1135 2475; x_wconf 91' lang='lat' dir='ltr'><strong>eos</strong></span> <span class='ocrx_word' id='word_1_255' title='bbox 1163 2423 1254 2490; x_wconf 92' lang='lat' dir='ltr'><strong>qui</strong></span> <span class='ocrx_word' id='word_1_256' title='bbox 1284 2423 1589 2492; x_wconf 90' lang='lat' dir='ltr'><strong>passibilem</strong></span> <span class='ocrx_word' id='word_1_257' title='bbox 1622 2423 1954 2477; x_wconf 82' lang='lat' dir='ltr'><strong>divinitatem</strong></span> <span class='ocrx_word' id='word_1_258' title='bbox 1987 2423 2106 2478; x_wconf 90' lang='lat' dir='ltr'><strong>uui-</strong></span> 
     </span>
    </p>
   </div>
   <div class='ocr_carea' id='block_1_33' title="bbox 515 2502 2105 2569">
    <p class='ocr_par' dir='ltr' id='par_1_33' title="bbox 515 2502 2105 2569">
     <span class='ocr_line' id='line_1_33' title="bbox 515 2502 2105 2569; baseline 0.008 -14"><span class='ocrx_word' id='word_1_259' title='bbox 515 2502 680 2569; x_wconf 80' lang='lat' dir='ltr'><strong>geniti</strong></span> <span class='ocrx_word' id='word_1_260' title='bbox 720 2503 842 2560; x_wconf 78' lang='lat' dir='ltr'><strong>Filii</strong></span> <span class='ocrx_word' id='word_1_261' title='bbox 889 2507 1089 2563; x_wconf 89' lang='lat' dir='ltr'><strong>audent</strong></span> <span class='ocrx_word' id='word_1_262' title='bbox 1135 2525 1379 2568; x_wconf 89' lang='lat' dir='ltr'><strong>asserere</strong></span> <span class='ocrx_word' id='word_1_263' title='bbox 1407 2513 1474 2568; x_wconf 90' lang='lat' dir='ltr'><strong>de</strong></span> <span class='ocrx_word' id='word_1_264' title='bbox 1504 2512 1735 2569; x_wconf 90' lang='lat' dir='ltr'><strong>concilio</strong></span> <span class='ocrx_word' id='word_1_265' title='bbox 1765 2514 2105 2569; x_wconf 86' lang='lat' dir='ltr'><strong>sacerdotum</strong></span> 
     </span>
    </p>
   </div>
   <div class='ocr_carea' id='block_1_34' title="bbox 520 2593 2106 2676">
    <p class='ocr_par' dir='ltr' id='par_1_34' title="bbox 520 2593 2106 2676">
     <span class='ocr_line' id='line_1_34' title="bbox 520 2593 2106 2676; baseline 0.007 -28"><span class='ocrx_word' id='word_1_266' title='bbox 520 2593 755 2662; x_wconf 80' lang='lat' dir='ltr'><strong>repellit,</strong></span> <span class='ocrx_word' id='word_1_267' title='bbox 803 2605 859 2651; x_wconf 86' lang='lat' dir='ltr'><strong>et</strong></span> <span class='ocrx_word' id='word_1_268' title='bbox 902 2598 982 2653; x_wconf 88' lang='lat' dir='ltr'><strong>eis</strong></span> <span class='ocrx_word' id='word_1_269' title='bbox 1012 2600 1102 2670; x_wconf 87' lang='lat' dir='ltr'><strong>qui</strong></span> <span class='ocrx_word' id='word_1_270' title='bbox 1144 2601 1196 2655; x_wconf 91' lang='lat' dir='ltr'><strong>in</strong></span> <span class='ocrx_word' id='word_1_271' title='bbox 1245 2603 1450 2659; x_wconf 88' lang='lat' dir='ltr'><strong>duabus</strong></span> <span class='ocrx_word' id='word_1_272' title='bbox 1493 2603 1708 2661; x_wconf 88' lang='lat' dir='ltr'><strong>naturis</strong></span> <span class='ocrx_word' id='word_1_273' title='bbox 1738 2601 1936 2660; x_wconf 88' lang='lat' dir='ltr'><strong>Christi</strong></span> <span class='ocrx_word' id='word_1_274' title='bbox 1979 2620 2106 2676; x_wconf 88' lang='lat' dir='ltr'><strong>per-</strong></span> 
     </span>
    </p>
   </div>
   <div class='ocr_carea' id='block_1_35' title="bbox 520 2682 2109 2762">
    <p class='ocr_par' dir='ltr' id='par_1_35' title="bbox 520 2682 2109 2762">
     <span class='ocr_line' id='line_1_35' title="bbox 520 2682 2109 2762; baseline 0.009 -27"><span class='ocrx_word' id='word_1_275' title='bbox 520 2682 852 2752; x_wconf 83' lang='lat' dir='ltr'><strong>mistioncm,</strong></span> <span class='ocrx_word' id='word_1_276' title='bbox 880 2686 963 2741; x_wconf 84' lang='lat' dir='ltr'><strong>vel</strong></span> <span class='ocrx_word' id='word_1_277' title='bbox 1006 2688 1377 2746; x_wconf 79' lang='lat' dir='ltr'><strong>confusionem</strong></span> <span class='ocrx_word' id='word_1_278' title='bbox 1410 2702 1878 2762; x_wconf 80' lang='lat' dir='ltr'><strong>argumentantur,</strong></span> <span class='ocrx_word' id='word_1_279' title='bbox 1913 2694 2109 2749; x_wconf 81' lang='lat' dir='ltr'><strong>adver-</strong></span> 
     </span>
    </p>
   </div>
   <div class='ocr_carea' id='block_1_36' title="bbox 519 2775 2108 2856">
    <p class='ocr_par' dir='ltr' id='par_1_36' title="bbox 519 2775 2108 2856">
     <span class='ocr_line' id='line_1_36' title="bbox 519 2775 2108 2856; baseline 0.01 -30"><span class='ocrx_word' id='word_1_280' title='bbox 519 2782 694 2828; x_wconf 84' lang='lat' dir='ltr'><strong>satur.</strong></span> <span class='ocrx_word' id='word_1_281' title='bbox 741 2775 808 2830; x_wconf 87' lang='lat' dir='ltr'><strong>Et</strong></span> <span class='ocrx_word' id='word_1_282' title='bbox 848 2778 940 2846; x_wconf 88' lang='lat' dir='ltr'><strong>qui</strong></span> <span class='ocrx_word' id='word_1_283' title='bbox 973 2780 1251 2835; x_wconf 69' lang='lat' dir='ltr'><strong>caelestem</strong></span> <span class='ocrx_word' id='word_1_284' title='bbox 1282 2790 1374 2835; x_wconf 86' lang='lat' dir='ltr'><strong>aut</strong></span> <span class='ocrx_word' id='word_1_285' title='bbox 1419 2781 1642 2840; x_wconf 88' lang='lat' dir='ltr'><strong>alterius</strong></span> <span class='ocrx_word' id='word_1_286' title='bbox 1672 2785 1931 2856; x_wconf 86' lang='lat' dir='ltr'><strong>cujusque</strong></span> <span class='ocrx_word' id='word_1_287' title='bbox 1978 2787 2108 2841; x_wconf 84' lang='lat' dir='ltr'><strong>sub-</strong></span> 
     </span>
    </p>
   </div>
   <div class='ocr_carea' id='block_1_37' title="bbox 521 2866 2108 2947">
    <p class='ocr_par' dir='ltr' id='par_1_37' title="bbox 521 2866 2108 2947">
     <span class='ocr_line' id='line_1_37' title="bbox 521 2866 2108 2947; baseline 0.011 -30"><span class='ocrx_word' id='word_1_288' title='bbox 521 2866 779 2921; x_wconf 77' lang='lat' dir='ltr'><strong>stantiam</strong></span> <span class='ocrx_word' id='word_1_289' title='bbox 807 2871 1041 2926; x_wconf 80' lang='lat' dir='ltr'><strong>existere</strong></span> <span class='ocrx_word' id='word_1_290' title='bbox 1085 2872 1314 2928; x_wconf 81' lang='lat' dir='ltr'><strong>formam</strong></span> <span class='ocrx_word' id='word_1_291' title='bbox 1344 2877 1485 2931; x_wconf 87' lang='lat' dir='ltr'><strong>servi</strong></span> <span class='ocrx_word' id='word_1_292' title='bbox 1516 2892 1679 2947; x_wconf 87' lang='lat' dir='ltr'><strong>quam</strong></span> <span class='ocrx_word' id='word_1_293' title='bbox 1709 2893 1776 2932; x_wconf 79' lang='lat' dir='ltr'><strong>ex</strong></span> <span class='ocrx_word' id='word_1_294' title='bbox 1821 2880 1975 2934; x_wconf 89' lang='lat' dir='ltr'><strong>nobis</strong></span> <span class='ocrx_word' id='word_1_295' title='bbox 2021 2896 2108 2934; x_wconf 90' lang='lat' dir='ltr'><strong>as-</strong></span> 
     </span>
    </p>
   </div>
   <div class='ocr_carea' id='block_1_38' title="bbox 523 2960 2112 3039">
    <p class='ocr_par' dir='ltr' id='par_1_38' title="bbox 523 2960 2112 3039">
     <span class='ocr_line' id='line_1_38' title="bbox 523 2960 2112 3039; baseline 0.01 -29"><span class='ocrx_word' id='word_1_296' title='bbox 523 2960 773 3027; x_wconf 78' lang='lat' dir='ltr'><strong>sumpsit,</strong></span> <span class='ocrx_word' id='word_1_297' title='bbox 814 2960 1131 3019; x_wconf 89' lang='lat' dir='ltr'><strong>insauiendo</strong></span> <span class='ocrx_word' id='word_1_298' title='bbox 1161 2977 1430 3033; x_wconf 86' lang='lat' dir='ltr'><strong>asserunt,</strong></span> <span class='ocrx_word' id='word_1_299' title='bbox 1467 2969 1653 3038; x_wconf 85' lang='lat' dir='ltr'><strong>procul</strong></span> <span class='ocrx_word' id='word_1_300' title='bbox 1681 2969 1884 3039; x_wconf 88' lang='lat' dir='ltr'><strong>abjicit.</strong></span> <span class='ocrx_word' id='word_1_301' title='bbox 1926 2971 1996 3027; x_wconf 86' lang='lat' dir='ltr'><strong>Et</strong></span> <span class='ocrx_word' id='word_1_302' title='bbox 2018 2988 2112 3026; x_wconf 90' lang='lat' dir='ltr'><strong>eos</strong></span> 
     </span>
    </p>
   </div>
   <div class='ocr_carea' id='block_1_39' title="bbox 504 3048 2109 3126">
    <p class='ocr_par' dir='ltr' id='par_1_39' title="bbox 504 3048 2109 3126">
     <span class='ocr_line' id='line_1_39' title="bbox 504 3048 2109 3126; baseline 0.01 -26"><span class='ocrx_word' id='word_1_303' title='bbox 504 3048 615 3115; x_wconf 15' lang='lat' dir='ltr'><strong>equi</strong></span> <span class='ocrx_word' id='word_1_304' title='bbox 642 3049 781 3105; x_wconf 88' lang='lat' dir='ltr'><strong>duas</strong></span> <span class='ocrx_word' id='word_1_305' title='bbox 803 3061 929 3107; x_wconf 88' lang='lat' dir='ltr'><strong>ante</strong></span> <span class='ocrx_word' id='word_1_306' title='bbox 952 3053 1331 3112; x_wconf 90' lang='lat' dir='ltr'><strong>adunationem</strong></span> <span class='ocrx_word' id='word_1_307' title='bbox 1363 3067 1585 3114; x_wconf 89' lang='lat' dir='ltr'><strong>naturas</strong></span> <span class='ocrx_word' id='word_1_308' title='bbox 1616 3059 1825 3115; x_wconf 91' lang='lat' dir='ltr'><strong>Domini</strong></span> <span class='ocrx_word' id='word_1_309' title='bbox 1857 3060 2109 3126; x_wconf 90' lang='lat' dir='ltr'><strong>delirant,</strong></span> 
     </span>
    </p>
   </div>
   <div class='ocr_carea' id='block_1_40' title="bbox 505 3147 2107 3224">
    <p class='ocr_par' dir='ltr' id='par_1_40' title="bbox 505 3147 2107 3224">
     <span class='ocr_line' id='line_1_40' title="bbox 505 3147 2107 3224; baseline 0.012 -35"><span class='ocrx_word' id='word_1_310' title='bbox 505 3152 686 3193; x_wconf 47' lang='lat' dir='ltr'><strong>‘nuam</strong></span> <span class='ocrx_word' id='word_1_311' title='bbox 721 3156 848 3198; x_wconf 89' lang='lat' dir='ltr'><strong>vero</strong></span> <span class='ocrx_word' id='word_1_312' title='bbox 872 3153 992 3214; x_wconf 90' lang='lat' dir='ltr'><strong>post</strong></span> <span class='ocrx_word' id='word_1_313' title='bbox 1020 3147 1400 3205; x_wconf 89' lang='lat' dir='ltr'><strong>adunationem</strong></span> <span class='ocrx_word' id='word_1_314' title='bbox 1431 3152 1766 3224; x_wconf 86' lang='lat' dir='ltr'><strong>conﬁngunt,</strong></span> <span class='ocrx_word' id='word_1_315' title='bbox 1791 3154 2107 3208; x_wconf 83' lang='lat' dir='ltr'><strong>anathema-</strong></span> 
     </span>
    </p>
   </div>
   <div class='ocr_carea' id='block_1_41' title="bbox 524 3228 2111 3298">
    <p class='ocr_par' dir='ltr' id='par_1_41' title="bbox 524 3228 2111 3298">
     <span class='ocr_line' id='line_1_41' title="bbox 524 3228 2111 3298; baseline 0.008 -16"><span class='ocrx_word' id='word_1_316' title='bbox 524 3228 680 3287; x_wconf 82' lang='lat' dir='ltr'><strong>tizat.</strong></span> <span class='ocrx_word' id='word_1_317' title='bbox 720 3231 1134 3294; x_wconf 85' lang='lat' dir='ltr'><strong>Consentientes</strong></span> <span class='ocrx_word' id='word_1_318' title='bbox 1178 3239 1380 3295; x_wconf 87' lang='lat' dir='ltr'><strong>sanctis</strong></span> <span class='ocrx_word' id='word_1_319' title='bbox 1424 3241 1676 3298; x_wconf 85' lang='lat' dir='ltr'><strong>Patribus</strong></span> <span class='ocrx_word' id='word_1_320' title='bbox 1740 3258 1907 3297; x_wconf 90' lang='lat' dir='ltr'><strong>unum</strong></span> <span class='ocrx_word' id='word_1_321' title='bbox 1961 3258 2111 3298; x_wconf 91' lang='lat' dir='ltr'><strong>eum-</strong></span> 
     </span>
    </p>
   </div>
   <div class='ocr_carea' id='block_1_42' title="bbox 2182 1950 3813 2039">
    <p class='ocr_par' dir='ltr' id='par_1_42' title="bbox 2182 1950 3813 2039">
     <span class='ocr_line' id='line_1_42' title="bbox 2182 1950 3813 2039; baseline -0.006 -26"><span class='ocrx_word' id='word_1_322' title='bbox 2182 1958 2412 2039; x_wconf 22' lang='lat' dir='ltr'><strong>‘duabus</strong></span> <span class='ocrx_word' id='word_1_323' title='bbox 2455 1957 2705 2028; x_wconf 89' lang='lat' dir='ltr'><strong>personis</strong></span> <span class='ocrx_word' id='word_1_324' title='bbox 2748 1955 3114 2026; x_wconf 88' lang='lat' dir='ltr'><strong>partiendum,</strong></span> <span class='ocrx_word' id='word_1_325' title='bbox 3155 1953 3240 2009; x_wconf 88' lang='lat' dir='ltr'><strong>vel</strong></span> <span class='ocrx_word' id='word_1_326' title='bbox 3283 1951 3663 2021; x_wconf 81' lang='lat' dir='ltr'><strong>dividendum,</strong></span> <span class='ocrx_word' id='word_1_327' title='bbox 3716 1950 3813 2006; x_wconf 78' lang='lat' dir='ltr'><strong>sed</strong></span> 
     </span>
    </p>
   </div>
   <div class='ocr_carea' id='block_1_43' title="bbox 2203 2042 3812 2119">
    <p class='ocr_par' dir='ltr' id='par_1_43' title="bbox 2203 2042 3812 2119">
     <span class='ocr_line' id='line_1_43' title="bbox 2203 2042 3812 2119; baseline -0.004 -15"><span class='ocrx_word' id='word_1_328' title='bbox 2203 2066 2370 2104; x_wconf 92' lang='lat' dir='ltr'><strong>unum</strong></span> <span class='ocrx_word' id='word_1_329' title='bbox 2398 2050 2757 2118; x_wconf 89' lang='lat' dir='ltr'><strong>cumdemque</strong></span> <span class='ocrx_word' id='word_1_330' title='bbox 2787 2048 2953 2101; x_wconf 89' lang='lat' dir='ltr'><strong>ﬁlium</strong></span> <span class='ocrx_word' id='word_1_331' title='bbox 2981 2046 3312 2119; x_wconf 88' lang='lat' dir='ltr'><strong>unigenitum</strong></span> <span class='ocrx_word' id='word_1_332' title='bbox 3356 2046 3524 2101; x_wconf 86' lang='lat' dir='ltr'><strong>Deum</strong></span> <span class='ocrx_word' id='word_1_333' title='bbox 3557 2042 3812 2098; x_wconf 77' lang='lat' dir='ltr'><strong>Verbum</strong></span> 
     </span>
    </p>
   </div>
   <div class='ocr_carea' id='block_1_44' title="bbox 2206 2138 3812 2205">
    <p class='ocr_par' dir='ltr' id='par_1_44' title="bbox 2206 2138 3812 2205">
     <span class='ocr_line' id='line_1_44' title="bbox 2206 2138 3812 2205; baseline -0.006 -8"><span class='ocrx_word' id='word_1_334' title='bbox 2206 2143 2492 2197; x_wconf 92' lang='lat' dir='ltr'><strong>Dominum</strong></span> <span class='ocrx_word' id='word_1_335' title='bbox 2537 2140 2719 2196; x_wconf 85' lang='lat' dir='ltr'><strong>Jesum</strong></span> <span class='ocrx_word' id='word_1_336' title='bbox 2769 2139 3068 2205; x_wconf 86' lang='lat' dir='ltr'><strong>Christum,</strong></span> <span class='ocrx_word' id='word_1_337' title='bbox 3113 2139 3255 2194; x_wconf 89' lang='lat' dir='ltr'><strong>sicut</strong></span> <span class='ocrx_word' id='word_1_338' title='bbox 3298 2140 3367 2194; x_wconf 86' lang='lat' dir='ltr'><strong>ab</strong></span> <span class='ocrx_word' id='word_1_339' title='bbox 3399 2138 3630 2191; x_wconf 80' lang='lat' dir='ltr'><strong>exordio</strong></span> <span class='ocrx_word' id='word_1_340' title='bbox 3678 2150 3812 2205; x_wconf 53' lang='lat' dir='ltr'><strong>pro.</strong></span> 
     </span>
    </p>
   </div>
   <div class='ocr_carea' id='block_1_45' title="bbox 2204 2217 3817 2304">
    <p class='ocr_par' dir='ltr' id='par_1_45' title="bbox 2204 2217 3817 2304">
     <span class='ocr_line' id='line_1_45' title="bbox 2204 2217 3817 2304; baseline -0.007 -16"><span class='ocrx_word' id='word_1_341' title='bbox 2204 2224 2380 2304; x_wconf 64' lang='lat' dir='ltr'><strong>phetm</strong></span> <span class='ocrx_word' id='word_1_342' title='bbox 2407 2233 2475 2288; x_wconf 90' lang='lat' dir='ltr'><strong>de</strong></span> <span class='ocrx_word' id='word_1_343' title='bbox 2503 2237 2591 2296; x_wconf 87' lang='lat' dir='ltr'><strong>co&#39;,</strong></span> <span class='ocrx_word' id='word_1_344' title='bbox 2620 2217 2673 2286; x_wconf 87' lang='lat' dir='ltr'><strong>et</strong></span> <span class='ocrx_word' id='word_1_345' title='bbox 2716 2230 2828 2300; x_wconf 89' lang='lat' dir='ltr'><strong>ipse</strong></span> <span class='ocrx_word' id='word_1_346' title='bbox 2863 2245 2964 2285; x_wconf 91' lang='lat' dir='ltr'><strong>nos</strong></span> <span class='ocrx_word' id='word_1_347' title='bbox 3002 2229 3254 2296; x_wconf 88' lang='lat' dir='ltr'><strong>erudivit,</strong></span> <span class='ocrx_word' id='word_1_348' title='bbox 3287 2238 3342 2284; x_wconf 85' lang='lat' dir='ltr'><strong>et</strong></span> <span class='ocrx_word' id='word_1_349' title='bbox 3380 2227 3537 2282; x_wconf 88' lang='lat' dir='ltr'><strong>nobis</strong></span> <span class='ocrx_word' id='word_1_350' title='bbox 3580 2226 3817 2281; x_wconf 84' lang='lat' dir='ltr'><strong>tradidit</strong></span> 
     </span>
    </p>
   </div>
   <div class='ocr_carea' id='block_1_46' title="bbox 2207 2317 3817 2397">
    <p class='ocr_par' dir='ltr' id='par_1_46' title="bbox 2207 2317 3817 2397">
     <span class='ocr_line' id='line_1_46' title="bbox 2207 2317 3817 2397; baseline -0.006 -18"><span class='ocrx_word' id='word_1_351' title='bbox 2207 2323 2528 2397; x_wconf 84' lang='lat' dir='ltr'><strong>symbolum.</strong></span> <span class='ocrx_word' id='word_1_352' title='bbox 2575 2322 2670 2377; x_wconf 85' lang='lat' dir='ltr'><strong>llis</strong></span> <span class='ocrx_word' id='word_1_353' title='bbox 2702 2323 2884 2391; x_wconf 89' lang='lat' dir='ltr'><strong>itaque</strong></span> <span class='ocrx_word' id='word_1_354' title='bbox 2910 2336 3031 2377; x_wconf 90' lang='lat' dir='ltr'><strong>cum</strong></span> <span class='ocrx_word' id='word_1_355' title='bbox 3059 2320 3204 2375; x_wconf 92' lang='lat' dir='ltr'><strong>omni</strong></span> <span class='ocrx_word' id='word_1_356' title='bbox 3234 2319 3471 2390; x_wconf 90' lang='lat' dir='ltr'><strong>undique</strong></span> <span class='ocrx_word' id='word_1_357' title='bbox 3499 2317 3817 2373; x_wconf 81' lang='lat' dir='ltr'><strong>subtilitate</strong></span> 
     </span>
    </p>
   </div>
   <div class='ocr_carea' id='block_1_47' title="bbox 2206 2411 3817 2487">
    <p class='ocr_par' dir='ltr' id='par_1_47' title="bbox 2206 2411 3817 2487">
     <span class='ocr_line' id='line_1_47' title="bbox 2206 2411 3817 2487; baseline -0.007 -15"><span class='ocrx_word' id='word_1_358' title='bbox 2206 2425 2261 2472; x_wconf 89' lang='lat' dir='ltr'><strong>et</strong></span> <span class='ocrx_word' id='word_1_359' title='bbox 2303 2413 2578 2487; x_wconf 83' lang='lat' dir='ltr'><strong>diligentia</strong></span> <span class='ocrx_word' id='word_1_360' title='bbox 2624 2430 2655 2467; x_wconf 89' lang='lat' dir='ltr'><strong>a</strong></span> <span class='ocrx_word' id='word_1_361' title='bbox 2721 2412 2878 2469; x_wconf 91' lang='lat' dir='ltr'><strong>nobis</strong></span> <span class='ocrx_word' id='word_1_362' title='bbox 2922 2412 3224 2477; x_wconf 87' lang='lat' dir='ltr'><strong>ordinatis,</strong></span> <span class='ocrx_word' id='word_1_363' title='bbox 3278 2411 3464 2466; x_wconf 87' lang='lat' dir='ltr'><strong>statuit</strong></span> <span class='ocrx_word' id='word_1_364' title='bbox 3504 2418 3713 2465; x_wconf 81' lang='lat' dir='ltr'><strong>sancta</strong></span> <span class='ocrx_word' id='word_1_365' title='bbox 3762 2416 3817 2462; x_wconf 90' lang='lat' dir='ltr'><strong>ct</strong></span> 
     </span>
    </p>
   </div>
   <div class='ocr_carea' id='block_1_48' title="bbox 2208 2501 3815 2577">
    <p class='ocr_par' dir='ltr' id='par_1_48' title="bbox 2208 2501 3815 2577">
     <span class='ocr_line' id='line_1_48' title="bbox 2208 2501 3815 2577; baseline -0.004 -16"><span class='ocrx_word' id='word_1_366' title='bbox 2208 2505 2527 2563; x_wconf 79' lang='lat' dir='ltr'><strong>universalis</strong></span> <span class='ocrx_word' id='word_1_367' title='bbox 2578 2504 2813 2577; x_wconf 85' lang='lat' dir='ltr'><strong>synodus</strong></span> <span class='ocrx_word' id='word_1_368' title='bbox 2859 2503 3018 2558; x_wconf 89' lang='lat' dir='ltr'><strong>aliam</strong></span> <span class='ocrx_word' id='word_1_369' title='bbox 3069 2503 3228 2557; x_wconf 89' lang='lat' dir='ltr'><strong>ﬁdem</strong></span> <span class='ocrx_word' id='word_1_370' title='bbox 3276 2502 3405 2557; x_wconf 90' lang='lat' dir='ltr'><strong>nulli</strong></span> <span class='ocrx_word' id='word_1_371' title='bbox 3458 2501 3628 2556; x_wconf 90' lang='lat' dir='ltr'><strong>licere</strong></span> <span class='ocrx_word' id='word_1_372' title='bbox 3690 2514 3815 2571; x_wconf 85' lang='lat' dir='ltr'><strong>pro-</strong></span> 
     </span>
    </p>
   </div>
   <div class='ocr_carea' id='block_1_49' title="bbox 2211 2584 3811 2663">
    <p class='ocr_par' dir='ltr' id='par_1_49' title="bbox 2211 2584 3811 2663">
     <span class='ocr_line' id='line_1_49' title="bbox 2211 2584 3811 2663; baseline -0.006 -11"><span class='ocrx_word' id='word_1_373' title='bbox 2211 2598 2372 2663; x_wconf 86' lang='lat' dir='ltr'><strong>ﬁteri,</strong></span> <span class='ocrx_word' id='word_1_374' title='bbox 2406 2604 2499 2651; x_wconf 90' lang='lat' dir='ltr'><strong>aut</strong></span> <span class='ocrx_word' id='word_1_375' title='bbox 2544 2595 2807 2660; x_wconf 87' lang='lat' dir='ltr'><strong>scribere,</strong></span> <span class='ocrx_word' id='word_1_376' title='bbox 2852 2602 2948 2649; x_wconf 91' lang='lat' dir='ltr'><strong>aut</strong></span> <span class='ocrx_word' id='word_1_377' title='bbox 2994 2593 3209 2659; x_wconf 88' lang='lat' dir='ltr'><strong>docere,</strong></span> <span class='ocrx_word' id='word_1_378' title='bbox 3256 2601 3351 2646; x_wconf 88' lang='lat' dir='ltr'><strong>aut</strong></span> <span class='ocrx_word' id='word_1_379' title='bbox 3398 2584 3581 2647; x_wconf 86' lang='lat' dir='ltr'><strong>dicere</strong></span> <span class='ocrx_word' id='word_1_380' title='bbox 3626 2589 3811 2644; x_wconf 86' lang='lat' dir='ltr'><strong>aliter.</strong></span> 
     </span>
    </p>
   </div>
   <div class='ocr_carea' id='block_1_50' title="bbox 2210 2682 3816 2758">
    <p class='ocr_par' dir='ltr' id='par_1_50' title="bbox 2210 2682 3816 2758">
     <span class='ocr_line' id='line_1_50' title="bbox 2210 2682 3816 2758; baseline -0.006 -14"><span class='ocrx_word' id='word_1_381' title='bbox 2210 2689 2312 2758; x_wconf 93' lang='lat' dir='ltr'><strong>Qui</strong></span> <span class='ocrx_word' id='word_1_382' title='bbox 2355 2698 2533 2745; x_wconf 88' lang='lat' dir='ltr'><strong>autem</strong></span> <span class='ocrx_word' id='word_1_383' title='bbox 2563 2687 2762 2742; x_wconf 90' lang='lat' dir='ltr'><strong>audent</strong></span> <span class='ocrx_word' id='word_1_384' title='bbox 2802 2697 3073 2756; x_wconf 78' lang='lat' dir='ltr'><strong>exponere</strong></span> <span class='ocrx_word' id='word_1_385' title='bbox 3120 2683 3279 2738; x_wconf 89' lang='lat' dir='ltr'><strong>aliam</strong></span> <span class='ocrx_word' id='word_1_386' title='bbox 3328 2682 3507 2748; x_wconf 89' lang='lat' dir='ltr'><strong>ﬁdem,</strong></span> <span class='ocrx_word' id='word_1_387' title='bbox 3542 2689 3643 2734; x_wconf 90' lang='lat' dir='ltr'><strong>aut</strong></span> <span class='ocrx_word' id='word_1_388' title='bbox 3693 2695 3816 2751; x_wconf 79' lang='lat' dir='ltr'><strong>pro-</strong></span> 
     </span>
    </p>
   </div>
   <div class='ocr_carea' id='block_1_51' title="bbox 2212 2770 3816 2846">
    <p class='ocr_par' dir='ltr' id='par_1_51' title="bbox 2212 2770 3816 2846">
     <span class='ocr_line' id='line_1_51' title="bbox 2212 2770 3816 2846; baseline -0.007 -14"><span class='ocrx_word' id='word_1_389' title='bbox 2212 2779 2375 2843; x_wconf 79' lang='lat' dir='ltr'><strong>ferre,</strong></span> <span class='ocrx_word' id='word_1_390' title='bbox 2421 2785 2516 2832; x_wconf 86' lang='lat' dir='ltr'><strong>aut</strong></span> <span class='ocrx_word' id='word_1_391' title='bbox 2543 2778 2740 2832; x_wconf 91' lang='lat' dir='ltr'><strong>docere</strong></span> <span class='ocrx_word' id='word_1_392' title='bbox 2767 2775 2914 2829; x_wconf 90' lang='lat' dir='ltr'><strong>aliud</strong></span> <span class='ocrx_word' id='word_1_393' title='bbox 2960 2773 3284 2846; x_wconf 81' lang='lat' dir='ltr'><strong>symbolum,</strong></span> <span class='ocrx_word' id='word_1_394' title='bbox 3326 2770 3641 2826; x_wconf 86' lang='lat' dir='ltr'><strong>volentibus</strong></span> <span class='ocrx_word' id='word_1_395' title='bbox 3688 2785 3816 2823; x_wconf 88' lang='lat' dir='ltr'><strong>con-</strong></span> 
     </span>
    </p>
   </div>
   <div class='ocr_carea' id='block_1_52' title="bbox 2212 2859 3814 2937">
    <p class='ocr_par' dir='ltr' id='par_1_52' title="bbox 2212 2859 3814 2937">
     <span class='ocr_line' id='line_1_52' title="bbox 2212 2859 3814 2937; baseline -0.008 -10"><span class='ocrx_word' id='word_1_396' title='bbox 2212 2873 2349 2927; x_wconf 79' lang='lat' dir='ltr'><strong>verti</strong></span> <span class='ocrx_word' id='word_1_397' title='bbox 2371 2872 2437 2927; x_wconf 91' lang='lat' dir='ltr'><strong>ad</strong></span> <span class='ocrx_word' id='word_1_398' title='bbox 2467 2869 2750 2926; x_wconf 88' lang='lat' dir='ltr'><strong>scientiam</strong></span> <span class='ocrx_word' id='word_1_399' title='bbox 2772 2862 3041 2933; x_wconf 79' lang='lat' dir='ltr'><strong>veritatis,</strong></span> <span class='ocrx_word' id='word_1_400' title='bbox 3067 2883 3131 2922; x_wconf 84' lang='lat' dir='ltr'><strong>ex</strong></span> <span class='ocrx_word' id='word_1_401' title='bbox 3155 2865 3462 2937; x_wconf 80' lang='lat' dir='ltr'><strong>gentilibus,</strong></span> <span class='ocrx_word' id='word_1_402' title='bbox 3486 2878 3555 2917; x_wconf 78' lang='lat' dir='ltr'><strong>ex</strong></span> <span class='ocrx_word' id='word_1_403' title='bbox 3583 2859 3814 2923; x_wconf 71' lang='lat' dir='ltr'><strong>Iudaeis,</strong></span> 
     </span>
    </p>
   </div>
   <div class='ocr_carea' id='block_1_53' title="bbox 2211 2951 3817 3030">
    <p class='ocr_par' dir='ltr' id='par_1_53' title="bbox 2211 2951 3817 3030">
     <span class='ocr_line' id='line_1_53' title="bbox 2211 2951 3817 3030; baseline -0.009 -12"><span class='ocrx_word' id='word_1_404' title='bbox 2211 2964 2296 3018; x_wconf 89' lang='lat' dir='ltr'><strong>vel</strong></span> <span class='ocrx_word' id='word_1_405' title='bbox 2323 2961 2593 3018; x_wconf 74' lang='lat' dir='ltr'><strong>haereticis</strong></span> <span class='ocrx_word' id='word_1_406' title='bbox 2622 2959 3052 3030; x_wconf 89' lang='lat' dir='ltr'><strong>quibuscunque,</strong></span> <span class='ocrx_word' id='word_1_407' title='bbox 3083 2959 3125 3012; x_wconf 93' lang='lat' dir='ltr'><strong>si</strong></span> <span class='ocrx_word' id='word_1_408' title='bbox 3172 2956 3389 3027; x_wconf 89' lang='lat' dir='ltr'><strong>quidem</strong></span> <span class='ocrx_word' id='word_1_409' title='bbox 3426 2951 3675 3024; x_wconf 90' lang='lat' dir='ltr'><strong>episcopi</strong></span> <span class='ocrx_word' id='word_1_410' title='bbox 3726 2959 3817 3005; x_wconf 88' lang='lat' dir='ltr'><strong>aut</strong></span> 
     </span>
    </p>
   </div>
   <div class='ocr_carea' id='block_1_54' title="bbox 2214 3046 3814 3123">
    <p class='ocr_par' dir='ltr' id='par_1_54' title="bbox 2214 3046 3814 3123">
     <span class='ocr_line' id='line_1_54' title="bbox 2214 3046 3814 3123; baseline -0.011 -10"><span class='ocrx_word' id='word_1_411' title='bbox 2214 3057 2396 3113; x_wconf 89' lang='lat' dir='ltr'><strong>clerici</strong></span> <span class='ocrx_word' id='word_1_412' title='bbox 2432 3054 2654 3121; x_wconf 81' lang='lat' dir='ltr'><strong>fuerint,</strong></span> <span class='ocrx_word' id='word_1_413' title='bbox 2687 3053 2894 3109; x_wconf 89' lang='lat' dir='ltr'><strong>alienos</strong></span> <span class='ocrx_word' id='word_1_414' title='bbox 2918 3067 3039 3108; x_wconf 91' lang='lat' dir='ltr'><strong>esse</strong></span> <span class='ocrx_word' id='word_1_415' title='bbox 3062 3051 3343 3123; x_wconf 89' lang='lat' dir='ltr'><strong>episcopos</strong></span> <span class='ocrx_word' id='word_1_416' title='bbox 3372 3047 3439 3101; x_wconf 88' lang='lat' dir='ltr'><strong>ab</strong></span> <span class='ocrx_word' id='word_1_417' title='bbox 3465 3046 3814 3116; x_wconf 87' lang='lat' dir='ltr'><strong>episcopatu,</strong></span> 
     </span>
    </p>
   </div>
   <div class='ocr_carea' id='block_1_55' title="bbox 2213 3137 3815 3204">
    <p class='ocr_par' dir='ltr' id='par_1_55' title="bbox 2213 3137 3815 3204">
     <span class='ocr_line' id='line_1_55' title="bbox 2213 3137 3815 3204; baseline -0.008 0"><span class='ocrx_word' id='word_1_418' title='bbox 2213 3158 2267 3204; x_wconf 88' lang='lat' dir='ltr'><strong>et</strong></span> <span class='ocrx_word' id='word_1_419' title='bbox 2292 3149 2467 3204; x_wconf 88' lang='lat' dir='ltr'><strong>cleros</strong></span> <span class='ocrx_word' id='word_1_420' title='bbox 2493 3162 2521 3201; x_wconf 92' lang='lat' dir='ltr'><strong>a</strong></span> <span class='ocrx_word' id='word_1_421' title='bbox 2555 3147 2726 3202; x_wconf 87' lang='lat' dir='ltr'><strong>clero.</strong></span> <span class='ocrx_word' id='word_1_422' title='bbox 2767 3145 2825 3202; x_wconf 89' lang='lat' dir='ltr'><strong>Si</strong></span> <span class='ocrx_word' id='word_1_423' title='bbox 2857 3159 2989 3202; x_wconf 87' lang='lat' dir='ltr'><strong>vero</strong></span> <span class='ocrx_word' id='word_1_424' title='bbox 3025 3142 3273 3201; x_wconf 86' lang='lat' dir='ltr'><strong>monachi</strong></span> <span class='ocrx_word' id='word_1_425' title='bbox 3302 3140 3388 3197; x_wconf 88' lang='lat' dir='ltr'><strong>vel</strong></span> <span class='ocrx_word' id='word_1_426' title='bbox 3426 3140 3551 3195; x_wconf 86' lang='lat' dir='ltr'><strong>laici</strong></span> <span class='ocrx_word' id='word_1_427' title='bbox 3587 3137 3815 3201; x_wconf 80' lang='lat' dir='ltr'><strong>fuerint,</strong></span> 
     </span>
    </p>
   </div>
   <div class='ocr_carea' id='block_1_56' title="bbox 2218 3236 2673 3294">
    <p class='ocr_par' dir='ltr' id='par_1_56' title="bbox 2218 3236 2673 3294">
     <span class='ocr_line' id='line_1_56' title="bbox 2218 3236 2673 3294; baseline -0.004 -1"><span class='ocrx_word' id='word_1_428' title='bbox 2218 3239 2506 3294; x_wconf 87' lang='lat' dir='ltr'><strong>anathema</strong></span> <span class='ocrx_word' id='word_1_429' title='bbox 2535 3236 2673 3292; x_wconf 87' lang='lat' dir='ltr'><strong>ﬁeri.</strong></span> 
     </span>
    </p>
   </div>
   <div class='ocr_carea' id='block_1_57' title="bbox 1319 3485 3017 3549">
    <p class='ocr_par' dir='ltr' id='par_1_57' title="bbox 1319 3485 3017 3549">
     <span class='ocr_line' id='line_1_57' title="bbox 1319 3485 3017 3549; baseline -0.004 -2"><span class='ocrx_word' id='word_1_430' title='bbox 1319 3489 1665 3549; x_wconf 79' lang='lat' dir='ltr'><strong>CAPITULA</strong></span> <span class='ocrx_word' id='word_1_431' title='bbox 1705 3488 2021 3548; x_wconf 73' lang='lat' dir='ltr'><strong>EIUSDEM</strong></span> <span class='ocrx_word' id='word_1_432' title='bbox 2062 3486 2676 3547; x_wconf 77' lang='lat' dir='ltr'><strong>CllALCEDONENSIS</strong></span> <span class='ocrx_word' id='word_1_433' title='bbox 2704 3485 3017 3543; x_wconf 75' lang='lat' dir='ltr'><strong>CONClLll.</strong></span> 
     </span>
    </p>
   </div>
   <div class='ocr_carea' id='block_1_58' title="bbox 510 3651 2186 3734">
    <p class='ocr_par' dir='ltr' id='par_1_58' title="bbox 510 3651 2186 3734">
     <span class='ocr_line' id='line_1_58' title="bbox 510 3651 2186 3734; baseline 0.004 -20"><span class='ocrx_word' id='word_1_434' title='bbox 510 3696 515 3703; x_wconf 85' lang='grc'><strong>-</strong></span> <span class='ocrx_word' id='word_1_435' title='bbox 584 3657 653 3723; x_wconf 89' lang='grc'><strong>1.</strong></span> <span class='ocrx_word' id='word_1_436' title='bbox 692 3659 769 3716; x_wconf 88' lang='lat' dir='ltr'><strong>De</strong></span> <span class='ocrx_word' id='word_1_437' title='bbox 814 3662 1114 3718; x_wconf 77' lang='lat' dir='ltr'><strong>canonibus</strong></span> <span class='ocrx_word' id='word_1_438' title='bbox 1144 3662 1569 3734; x_wconf 83' lang='lat' dir='ltr'><strong>uniuscuiusque</strong></span> <span class='ocrx_word' id='word_1_439' title='bbox 1621 3662 1836 3720; x_wconf 87' lang='lat' dir='ltr'><strong>concilii</strong></span> <span class='ocrx_word' id='word_1_440' title='bbox 1884 3678 2110 3721; x_wconf 39' lang='lat' dir='ltr'><strong>consere</strong></span> <span class='ocrx_word' id='word_1_441' title='bbox 2141 3651 2186 3714; x_wconf 84' lang='lat' dir='ltr'><strong>C</strong></span> 
     </span>
    </p>
   </div>
   <div class='ocr_carea' id='block_1_59' title="bbox 529 3749 743 3804">
    <p class='ocr_par' dir='ltr' id='par_1_59' title="bbox 529 3749 743 3804">
     <span class='ocr_line' id='line_1_59' title="bbox 529 3749 743 3804; baseline 0.009 -2"><span class='ocrx_word' id='word_1_442' title='bbox 529 3763 593 3802; x_wconf 85' lang='lat' dir='ltr'><strong>va</strong></span> <span class='ocrx_word' id='word_1_443' title='bbox 602 3749 743 3804; x_wconf 9' lang='lat' dir='ltr'><strong>nudis.</strong></span> 
     </span>
    </p>
   </div>
   <div class='ocr_carea' id='block_1_60' title="bbox 518 3839 2117 3917">
    <p class='ocr_par' dir='ltr' id='par_1_60' title="bbox 518 3839 2117 3917">
     <span class='ocr_line' id='line_1_60' title="bbox 518 3839 2117 3917; baseline 0.008 -24"><span class='ocrx_word' id='word_1_444' title='bbox 518 3890 521 3893; x_wconf 89' lang='lat'><strong>.</strong></span> <span class='ocrx_word' id='word_1_445' title='bbox 599 3839 653 3892; x_wconf 79' lang='lat'><strong>‘2.</strong></span> <span class='ocrx_word' id='word_1_446' title='bbox 696 3839 847 3906; x_wconf 83' lang='lat' dir='ltr'><strong>Quod</strong></span> <span class='ocrx_word' id='word_1_447' title='bbox 875 3857 979 3895; x_wconf 92' lang='lat' dir='ltr'><strong>non</strong></span> <span class='ocrx_word' id='word_1_448' title='bbox 1014 3850 1228 3911; x_wconf 87' lang='lat' dir='ltr'><strong>oportet</strong></span> <span class='ocrx_word' id='word_1_449' title='bbox 1255 3843 1482 3898; x_wconf 84' lang='lat' dir='ltr'><strong>clericos</strong></span> <span class='ocrx_word' id='word_1_450' title='bbox 1510 3853 1604 3898; x_wconf 89' lang='lat' dir='ltr'><strong>aut</strong></span> <span class='ocrx_word' id='word_1_451' title='bbox 1644 3845 1941 3903; x_wconf 83' lang='lat' dir='ltr'><strong>monachos</strong></span> <span class='ocrx_word' id='word_1_452' title='bbox 1981 3862 2117 3917; x_wconf 49' lang='lat' dir='ltr'><strong>pm:-</strong></span> 
     </span>
    </p>
   </div>
   <div class='ocr_carea' id='block_1_61' title="bbox 508 3933 1671 4007">
    <p class='ocr_par' dir='ltr' id='par_1_61' title="bbox 508 3933 1671 4007">
     <span class='ocr_line' id='line_1_61' title="bbox 508 3933 1671 4007; baseline 0.009 -24"><span class='ocrx_word' id='word_1_453' title='bbox 508 3933 618 3993; x_wconf 66' lang='lat' dir='ltr'><strong>.t‘ia</strong></span> <span class='ocrx_word' id='word_1_454' title='bbox 648 3935 926 3989; x_wconf 65' lang='lat' dir='ltr'><strong>saecularia</strong></span> <span class='ocrx_word' id='word_1_455' title='bbox 953 3936 1036 3989; x_wconf 82' lang='lat' dir='ltr'><strong>vel</strong></span> <span class='ocrx_word' id='word_1_456' title='bbox 1060 3951 1258 3991; x_wconf 87' lang='lat' dir='ltr'><strong>causas</strong></span> <span class='ocrx_word' id='word_1_457' title='bbox 1282 3937 1581 4007; x_wconf 78' lang='lat' dir='ltr'><strong>suscipere.</strong></span> <span class='ocrx_word' id='word_1_458' title='bbox 1666 3960 1671 3963; x_wconf 48' lang='lat'><strong><em>*</em></strong></span> 
     </span>
    </p>
   </div>
   <div class='ocr_carea' id='block_1_62' title="bbox 580 4022 2114 4100">
    <p class='ocr_par' dir='ltr' id='par_1_62' title="bbox 580 4022 2114 4100">
     <span class='ocr_line' id='line_1_62' title="bbox 580 4022 2114 4100; baseline 0.009 -27"><span class='ocrx_word' id='word_1_459' title='bbox 580 4022 655 4075; x_wconf 28' lang='lat'><strong>.5.</strong></span> <span class='ocrx_word' id='word_1_460' title='bbox 692 4022 845 4089; x_wconf 85' lang='lat' dir='ltr'><strong>Quod</strong></span> <span class='ocrx_word' id='word_1_461' title='bbox 888 4041 996 4080; x_wconf 91' lang='lat' dir='ltr'><strong>non</strong></span> <span class='ocrx_word' id='word_1_462' title='bbox 1032 4036 1278 4094; x_wconf 83' lang='lat' dir='ltr'><strong>oporteat</strong></span> <span class='ocrx_word' id='word_1_463' title='bbox 1305 4028 1587 4098; x_wconf 87' lang='lat' dir='ltr'><strong>episcopos</strong></span> <span class='ocrx_word' id='word_1_464' title='bbox 1610 4037 1714 4100; x_wconf 79' lang='lat' dir='ltr'><strong>aut</strong></span> <span class='ocrx_word' id='word_1_465' title='bbox 1744 4029 2013 4100; x_wconf 88' lang='lat' dir='ltr'><strong>quoslibet</strong></span> <span class='ocrx_word' id='word_1_466' title='bbox 2049 4046 2114 4087; x_wconf 76' lang='lat' dir='ltr'><strong>ex</strong></span> 
     </span>
    </p>
   </div>
   <div class='ocr_carea' id='block_1_63' title="bbox 516 4114 1385 4185">
    <p class='ocr_par' dir='ltr' id='par_1_63' title="bbox 516 4114 1385 4185">
     <span class='ocr_line' id='line_1_63' title="bbox 516 4114 1385 4185; baseline 0.002 -14"><span class='ocrx_word' id='word_1_467' title='bbox 516 4114 676 4171; x_wconf 69' lang='lat' dir='ltr'><strong>clero</strong></span> <span class='ocrx_word' id='word_1_468' title='bbox 703 4131 800 4183; x_wconf 78' lang='lat' dir='ltr'><strong>per</strong></span> <span class='ocrx_word' id='word_1_469' title='bbox 827 4118 1083 4185; x_wconf 83' lang='lat' dir='ltr'><strong>pecunias</strong></span> <span class='ocrx_word' id='word_1_470' title='bbox 1113 4118 1385 4173; x_wconf 84' lang='lat' dir='ltr'><strong>ordinare.</strong></span> 
     </span>
    </p>
   </div>
   <div class='ocr_carea' id='block_1_64' title="bbox 516 4200 2117 4280">
    <p class='ocr_par' dir='ltr' id='par_1_64' title="bbox 516 4200 2117 4280">
     <span class='ocr_line' id='line_1_64' title="bbox 516 4200 2117 4280; baseline 0.004 -19"><span class='ocrx_word' id='word_1_471' title='bbox 516 4250 521 4261; x_wconf 84' lang='lat'><strong>.</strong></span> <span class='ocrx_word' id='word_1_472' title='bbox 601 4205 659 4258; x_wconf 77' lang='grc'><strong>4.</strong></span> <span class='ocrx_word' id='word_1_473' title='bbox 702 4200 778 4259; x_wconf 86' lang='lat' dir='ltr'><strong>De</strong></span> <span class='ocrx_word' id='word_1_474' title='bbox 816 4208 1019 4261; x_wconf 83' lang='lat' dir='ltr'><strong>honore</strong></span> <span class='ocrx_word' id='word_1_475' title='bbox 1050 4210 1329 4263; x_wconf 86' lang='lat' dir='ltr'><strong>monachis</strong></span> <span class='ocrx_word' id='word_1_476' title='bbox 1360 4219 1721 4280; x_wconf 86' lang='lat' dir='ltr'><strong>competente,</strong></span> <span class='ocrx_word' id='word_1_477' title='bbox 1757 4220 1811 4267; x_wconf 90' lang='lat' dir='ltr'><strong>et</strong></span> <span class='ocrx_word' id='word_1_478' title='bbox 1847 4219 1906 4266; x_wconf 88' lang='lat' dir='ltr'><strong>ut</strong></span> <span class='ocrx_word' id='word_1_479' title='bbox 1940 4212 2117 4268; x_wconf 84' lang='lat' dir='ltr'><strong>nullus</strong></span> 
     </span>
    </p>
   </div>
   <div class='ocr_carea' id='block_1_65' title="bbox 515 4299 2115 4376">
    <p class='ocr_par' dir='ltr' id='par_1_65' title="bbox 515 4299 2115 4376">
     <span class='ocr_line' id='line_1_65' title="bbox 515 4299 2115 4376; baseline 0.006 -25"><span class='ocrx_word' id='word_1_480' title='bbox 515 4311 716 4351; x_wconf 74' lang='lat' dir='ltr'><strong>eorum</strong></span> <span class='ocrx_word' id='word_1_481' title='bbox 756 4307 924 4352; x_wconf 88' lang='lat' dir='ltr'><strong>tentet</strong></span> <span class='ocrx_word' id='word_1_482' title='bbox 952 4299 1447 4357; x_wconf 58' lang='lat' dir='ltr'><strong>ecclesiastica‘aut</strong></span> <span class='ocrx_word' id='word_1_483' title='bbox 1489 4304 1771 4358; x_wconf 84' lang='lat' dir='ltr'><strong>saecularia</strong></span> <span class='ocrx_word' id='word_1_484' title='bbox 1814 4306 2115 4376; x_wconf 75' lang='lat' dir='ltr'><strong>inquietare</strong></span> 
     </span>
    </p>
   </div>
   <div class='ocr_carea' id='block_1_66' title="bbox 533 4388 2118 4465">
    <p class='ocr_par' dir='ltr' id='par_1_66' title="bbox 533 4388 2118 4465">
     <span class='ocr_line' id='line_1_66' title="bbox 533 4388 2118 4465; baseline 0.005 -22"><span class='ocrx_word' id='word_1_485' title='bbox 533 4388 770 4457; x_wconf 75' lang='lat' dir='ltr'><strong>negotia,</strong></span> <span class='ocrx_word' id='word_1_486' title='bbox 818 4405 917 4445; x_wconf 87' lang='lat' dir='ltr'><strong>nec</strong></span> <span class='ocrx_word' id='word_1_487' title='bbox 960 4390 1199 4445; x_wconf 87' lang='lat' dir='ltr'><strong>alienum</strong></span> <span class='ocrx_word' id='word_1_488' title='bbox 1234 4404 1451 4447; x_wconf 84' lang='lat' dir='ltr'><strong>servum</strong></span> <span class='ocrx_word' id='word_1_489' title='bbox 1498 4405 1695 4465; x_wconf 59' lang='lat' dir='ltr'><strong>praeter</strong></span> <span class='ocrx_word' id='word_1_490' title='bbox 1732 4396 2118 4451; x_wconf 90' lang='lat' dir='ltr'><strong>conscientiam</strong></span> 
     </span>
    </p>
   </div>
   <div class='ocr_carea' id='block_1_67' title="bbox 517 4478 1206 4551">
    <p class='ocr_par' dir='ltr' id='par_1_67' title="bbox 517 4478 1206 4551">
     <span class='ocr_line' id='line_1_67' title="bbox 517 4478 1206 4551; baseline 0.007 -18"><span class='ocrx_word' id='word_1_491' title='bbox 517 4478 744 4547; x_wconf 71' lang='lat' dir='ltr'><strong>Domini</strong></span> <span class='ocrx_word' id='word_1_492' title='bbox 772 4478 886 4549; x_wconf 74' lang='lat' dir='ltr'><strong>ejus</strong></span> <span class='ocrx_word' id='word_1_493' title='bbox 913 4483 1206 4551; x_wconf 84' lang='lat' dir='ltr'><strong>suscipere.</strong></span> 
     </span>
    </p>
   </div>
   <div class='ocr_carea' id='block_1_68' title="bbox 516 4572 2118 4646">
    <p class='ocr_par' dir='ltr' id='par_1_68' title="bbox 516 4572 2118 4646">
     <span class='ocr_line' id='line_1_68' title="bbox 516 4572 2118 4646; baseline 0.006 -18"><span class='ocrx_word' id='word_1_494' title='bbox 516 4614 524 4628; x_wconf 75' lang='lat'><strong>.</strong></span> <span class='ocrx_word' id='word_1_495' title='bbox 602 4572 657 4627; x_wconf 80' lang='lat'><strong>5.</strong></span> <span class='ocrx_word' id='word_1_496' title='bbox 698 4573 850 4640; x_wconf 87' lang='lat' dir='ltr'><strong>Quod</strong></span> <span class='ocrx_word' id='word_1_497' title='bbox 883 4590 988 4628; x_wconf 90' lang='lat' dir='ltr'><strong>non</strong></span> <span class='ocrx_word' id='word_1_498' title='bbox 1021 4575 1180 4629; x_wconf 89' lang='lat' dir='ltr'><strong>liceat</strong></span> <span class='ocrx_word' id='word_1_499' title='bbox 1206 4577 1460 4646; x_wconf 86' lang='lat' dir='ltr'><strong>episcopo</strong></span> <span class='ocrx_word' id='word_1_500' title='bbox 1490 4588 1582 4633; x_wconf 86' lang='lat' dir='ltr'><strong>aut</strong></span> <span class='ocrx_word' id='word_1_501' title='bbox 1628 4580 1850 4636; x_wconf 89' lang='lat' dir='ltr'><strong>cuilibet</strong></span> <span class='ocrx_word' id='word_1_502' title='bbox 1877 4596 1940 4635; x_wconf 82' lang='lat' dir='ltr'><strong>ex</strong></span> <span class='ocrx_word' id='word_1_503' title='bbox 1973 4581 2118 4637; x_wconf 88' lang='lat' dir='ltr'><strong>clero</strong></span> 
     </span>
    </p>
   </div>
   <div class='ocr_carea' id='block_1_69' title="bbox 516 4662 1599 4723">
    <p class='ocr_par' dir='ltr' id='par_1_69' title="bbox 516 4662 1599 4723">
     <span class='ocr_line' id='line_1_69' title="bbox 516 4662 1599 4723; baseline 0.006 -7"><span class='ocrx_word' id='word_1_504' title='bbox 516 4662 729 4717; x_wconf 68' lang='lat' dir='ltr'><strong>tle&#39;alia</strong></span> <span class='ocrx_word' id='word_1_505' title='bbox 759 4664 826 4718; x_wconf 87' lang='lat' dir='ltr'><strong>ad</strong></span> <span class='ocrx_word' id='word_1_506' title='bbox 857 4664 1019 4718; x_wconf 87' lang='lat' dir='ltr'><strong>aliam</strong></span> <span class='ocrx_word' id='word_1_507' title='bbox 1048 4667 1281 4721; x_wconf 70' lang='lat' dir='ltr'><strong>transire</strong></span> <span class='ocrx_word' id='word_1_508' title='bbox 1305 4669 1599 4723; x_wconf 87' lang='lat' dir='ltr'><strong>civitatem.</strong></span> 
     </span>
    </p>
   </div>
   <div class='ocr_carea' id='block_1_70' title="bbox 522 4753 2117 4831">
    <p class='ocr_par' dir='ltr' id='par_1_70' title="bbox 522 4753 2117 4831">
     <span class='ocr_line' id='line_1_70' title="bbox 522 4753 2117 4831; baseline 0.008 -25"><span class='ocrx_word' id='word_1_509' title='bbox 522 4806 527 4811; x_wconf 82' lang='grc'>,</span> <span class='ocrx_word' id='word_1_510' title='bbox 605 4753 657 4808; x_wconf 86' lang='lat'><strong>6.</strong></span> <span class='ocrx_word' id='word_1_511' title='bbox 700 4754 853 4821; x_wconf 82' lang='lat' dir='ltr'><strong>Quod</strong></span> <span class='ocrx_word' id='word_1_512' title='bbox 890 4771 997 4811; x_wconf 88' lang='lat' dir='ltr'><strong>non</strong></span> <span class='ocrx_word' id='word_1_513' title='bbox 1028 4766 1244 4827; x_wconf 85' lang='lat' dir='ltr'><strong>oportet</strong></span> <span class='ocrx_word' id='word_1_514' title='bbox 1285 4760 1529 4815; x_wconf 85' lang='lat' dir='ltr'><strong>absolute</strong></span> <span class='ocrx_word' id='word_1_515' title='bbox 1559 4763 1827 4831; x_wconf 84' lang='lat' dir='ltr'><strong>quoslibet</strong></span> <span class='ocrx_word' id='word_1_516' title='bbox 1846 4765 2117 4820; x_wconf 87' lang='lat' dir='ltr'><strong>ordinari.</strong></span> 
     </span>
    </p>
   </div>
   <div class='ocr_carea' id='block_1_71' title="bbox 604 4845 2118 4925">
    <p class='ocr_par' dir='ltr' id='par_1_71' title="bbox 604 4845 2118 4925">
     <span class='ocr_line' id='line_1_71' title="bbox 604 4845 2118 4925; baseline 0.009 -26"><span class='ocrx_word' id='word_1_517' title='bbox 604 4845 656 4901; x_wconf 70' lang='grc' dir='ltr'><strong>ἴ.</strong></span> <span class='ocrx_word' id='word_1_518' title='bbox 697 4845 773 4901; x_wconf 84' lang='lat' dir='ltr'><strong>De</strong></span> <span class='ocrx_word' id='word_1_519' title='bbox 808 4847 1021 4904; x_wconf 83' lang='lat' dir='ltr'><strong>clericis</strong></span> <span class='ocrx_word' id='word_1_520' title='bbox 1063 4852 1438 4919; x_wconf 51' lang='grc' dir='ltr'><strong>ειιληιοηειειιὶε</strong></span> <span class='ocrx_word' id='word_1_521' title='bbox 1479 4854 1530 4906; x_wconf 88' lang='lat' dir='ltr'><strong>in</strong></span> <span class='ocrx_word' id='word_1_522' title='bbox 1572 4870 1671 4909; x_wconf 90' lang='lat' dir='ltr'><strong>suo</strong></span> <span class='ocrx_word' id='word_1_523' title='bbox 1711 4857 1985 4925; x_wconf 87' lang='lat' dir='ltr'><strong>proposito</strong></span> <span class='ocrx_word' id='word_1_524' title='bbox 2012 4874 2118 4912; x_wconf 91' lang='lat' dir='ltr'><strong>non</strong></span> 
     </span>
    </p>
   </div>
   <div class='ocr_carea' id='block_1_72' title="bbox 532 4938 897 4994">
    <p class='ocr_par' dir='ltr' id='par_1_72' title="bbox 532 4938 897 4994">
     <span class='ocr_line' id='line_1_72' title="bbox 532 4938 897 4994; baseline 0.011 -4"><span class='ocrx_word' id='word_1_525' title='bbox 532 4938 897 4994; x_wconf 81' lang='lat' dir='ltr'><strong>manentibus.</strong></span> 
     </span>
    </p>
   </div>
   <div class='ocr_carea' id='block_1_73' title="bbox 506 5025 2115 5104">
    <p class='ocr_par' dir='ltr' id='par_1_73' title="bbox 506 5025 2115 5104">
     <span class='ocr_line' id='line_1_73' title="bbox 506 5025 2115 5104; baseline 0.009 -25"><span class='ocrx_word' id='word_1_526' title='bbox 506 5080 511 5085; x_wconf 89' lang='lat'><strong><em>_</em></strong></span> <span class='ocrx_word' id='word_1_527' title='bbox 603 5025 656 5080; x_wconf 88' lang='lat'><strong>8.</strong></span> <span class='ocrx_word' id='word_1_528' title='bbox 700 5027 774 5083; x_wconf 87' lang='lat' dir='ltr'><strong>De</strong></span> <span class='ocrx_word' id='word_1_529' title='bbox 808 5029 1020 5085; x_wconf 89' lang='lat' dir='ltr'><strong>clericis</strong></span> <span class='ocrx_word' id='word_1_530' title='bbox 1045 5032 1136 5102; x_wconf 90' lang='lat' dir='ltr'><strong>qui</strong></span> <span class='ocrx_word' id='word_1_531' title='bbox 1178 5042 1302 5088; x_wconf 74' lang='lat' dir='ltr'><strong>sum</strong></span> <span class='ocrx_word' id='word_1_532' title='bbox 1332 5034 1386 5089; x_wconf 87' lang='lat' dir='ltr'><strong>in</strong></span> <span class='ocrx_word' id='word_1_533' title='bbox 1423 5036 1716 5104; x_wconf 86' lang='lat' dir='ltr'><strong>paroeniis,</strong></span> <span class='ocrx_word' id='word_1_534' title='bbox 1749 5039 2115 5102; x_wconf 86' lang='lat' dir='ltr'><strong>monasteriis,</strong></span> 
     </span>
    </p>
   </div>
   <div class='ocr_carea' id='block_1_74' title="bbox 518 5121 2116 5198">
    <p class='ocr_par' dir='ltr' id='par_1_74' title="bbox 518 5121 2116 5198">
     <span class='ocr_line' id='line_1_74' title="bbox 518 5121 2116 5198; baseline 0.009 -30"><span class='ocrx_word' id='word_1_535' title='bbox 518 5125 696 5186; x_wconf 64' lang='lat' dir='ltr'><strong>atque</strong></span> <span class='ocrx_word' id='word_1_536' title='bbox 754 5121 1027 5191; x_wconf 79' lang='lat' dir='ltr'><strong>martyriis</strong></span> <span class='ocrx_word' id='word_1_537' title='bbox 1083 5137 1205 5191; x_wconf 74' lang='lat' dir='ltr'><strong>quze</strong></span> <span class='ocrx_word' id='word_1_538' title='bbox 1264 5125 1363 5178; x_wconf 89' lang='lat' dir='ltr'><strong>sub</strong></span> <span class='ocrx_word' id='word_1_539' title='bbox 1422 5132 1689 5193; x_wconf 83' lang='lat' dir='ltr'><strong>potestate</strong></span> <span class='ocrx_word' id='word_1_540' title='bbox 1741 5128 2116 5198; x_wconf 83' lang='lat' dir='ltr'><strong>episcoporum</strong></span> 
     </span>
    </p>
   </div>
   <div class='ocr_carea' id='block_1_75' title="bbox 533 5208 1504 5281">
    <p class='ocr_par' dir='ltr' id='par_1_75' title="bbox 533 5208 1504 5281">
     <span class='ocr_line' id='line_1_75' title="bbox 533 5208 1504 5281; baseline 0.005 -19"><span class='ocrx_word' id='word_1_541' title='bbox 533 5208 957 5281; x_wconf 84' lang='lat' dir='ltr'><strong>uniuscujusque</strong></span> <span class='ocrx_word' id='word_1_542' title='bbox 982 5212 1220 5268; x_wconf 85' lang='lat' dir='ltr'><strong>civitatis</strong></span> <span class='ocrx_word' id='word_1_543' title='bbox 1248 5215 1504 5269; x_wconf 76' lang='lat' dir='ltr'><strong>existunt.</strong></span> 
     </span>
    </p>
   </div>
   <div class='ocr_carea' id='block_1_76' title="bbox 603 5305 2117 5383">
    <p class='ocr_par' dir='ltr' id='par_1_76' title="bbox 603 5305 2117 5383">
     <span class='ocr_line' id='line_1_76' title="bbox 603 5305 2117 5383; baseline 0.007 -25"><span class='ocrx_word' id='word_1_544' title='bbox 603 5306 656 5359; x_wconf 84' lang='lat'><strong>9.</strong></span> <span class='ocrx_word' id='word_1_545' title='bbox 698 5305 850 5372; x_wconf 89' lang='lat' dir='ltr'><strong>Quod</strong></span> <span class='ocrx_word' id='word_1_546' title='bbox 895 5322 1001 5362; x_wconf 90' lang='lat' dir='ltr'><strong>non</strong></span> <span class='ocrx_word' id='word_1_547' title='bbox 1051 5318 1299 5378; x_wconf 72' lang='lat' dir='ltr'><strong>apol-teat</strong></span> <span class='ocrx_word' id='word_1_548' title='bbox 1343 5311 1553 5366; x_wconf 88' lang='lat' dir='ltr'><strong>clericis</strong></span> <span class='ocrx_word' id='word_1_549' title='bbox 1594 5310 1959 5383; x_wconf 70' lang='lat' dir='ltr'><strong>prtetermisse</strong></span> <span class='ocrx_word' id='word_1_550' title='bbox 2001 5313 2117 5383; x_wconf 80' lang='lat' dir='ltr'><strong>epi-</strong></span> 
     </span>
    </p>
   </div>
   <div class='ocr_carea' id='block_1_77' title="bbox 522 5398 1683 5469">
    <p class='ocr_par' dir='ltr' id='par_1_77' title="bbox 522 5398 1683 5469">
     <span class='ocr_line' id='line_1_77' title="bbox 522 5398 1683 5469; baseline 0.003 -18"><span class='ocrx_word' id='word_1_551' title='bbox 522 5410 707 5465; x_wconf 62' lang='lat' dir='ltr'><strong>scopo</strong></span> <span class='ocrx_word' id='word_1_552' title='bbox 728 5398 797 5451; x_wconf 86' lang='lat' dir='ltr'><strong>ad</strong></span> <span class='ocrx_word' id='word_1_553' title='bbox 826 5398 1105 5453; x_wconf 77' lang='lat' dir='ltr'><strong>szeeularia</strong></span> <span class='ocrx_word' id='word_1_554' title='bbox 1130 5400 1332 5469; x_wconf 78' lang='lat' dir='ltr'><strong>judicia</strong></span> <span class='ocrx_word' id='word_1_555' title='bbox 1359 5416 1683 5458; x_wconf 85' lang='lat' dir='ltr'><strong>commeare.</strong></span> 
     </span>
    </p>
   </div>
   <div class='ocr_carea' id='block_1_78' title="bbox 522 5485 2120 5555">
    <p class='ocr_par' dir='ltr' id='par_1_78' title="bbox 522 5485 2120 5555">
     <span class='ocr_line' id='line_1_78' title="bbox 522 5485 2120 5555; baseline 0.004 -15"><span class='ocrx_word' id='word_1_556' title='bbox 522 5517 539 5528; x_wconf 69' lang='grc' dir='ltr'><strong>ρ</strong></span> <span class='ocrx_word' id='word_1_557' title='bbox 609 5488 698 5541; x_wconf 88' lang='grc'><strong>10.</strong></span> <span class='ocrx_word' id='word_1_558' title='bbox 737 5485 892 5555; x_wconf 86' lang='lat' dir='ltr'><strong>Quod</strong></span> <span class='ocrx_word' id='word_1_559' title='bbox 930 5503 1037 5543; x_wconf 91' lang='lat' dir='ltr'><strong>non</strong></span> <span class='ocrx_word' id='word_1_560' title='bbox 1082 5488 1244 5544; x_wconf 84' lang='lat' dir='ltr'><strong>liceat</strong></span> <span class='ocrx_word' id='word_1_561' title='bbox 1285 5492 1515 5547; x_wconf 86' lang='lat' dir='ltr'><strong>clericos</strong></span> <span class='ocrx_word' id='word_1_562' title='bbox 1559 5492 1611 5546; x_wconf 91' lang='lat' dir='ltr'><strong>in</strong></span> <span class='ocrx_word' id='word_1_563' title='bbox 1638 5492 1847 5547; x_wconf 84' lang='lat' dir='ltr'><strong>duabus</strong></span> <span class='ocrx_word' id='word_1_564' title='bbox 1875 5491 2120 5547; x_wconf 82' lang='lat' dir='ltr'><strong>ecclesiis</strong></span> 
     </span>
    </p>
   </div>
   <div class='ocr_carea' id='block_1_79' title="bbox 530 5579 866 5637">
    <p class='ocr_par' dir='ltr' id='par_1_79' title="bbox 530 5579 866 5637">
     <span class='ocr_line' id='line_1_79' title="bbox 530 5579 866 5637; baseline -0.015 0"><span class='ocrx_word' id='word_1_565' title='bbox 530 5579 714 5637; x_wconf 73' lang='lat' dir='ltr'><strong>minis!</strong></span> <span class='ocrx_word' id='word_1_566' title='bbox 725 5594 866 5635; x_wconf 89' lang='lat' dir='ltr'><strong>rare.</strong></span> 
     </span>
    </p>
   </div>
   <div class='ocr_carea' id='block_1_80' title="bbox 524 5670 2120 5748">
    <p class='ocr_par' dir='ltr' id='par_1_80' title="bbox 524 5670 2120 5748">
     <span class='ocr_line' id='line_1_80' title="bbox 524 5670 2120 5748; baseline 0.003 -23"><span class='ocrx_word' id='word_1_567' title='bbox 524 5688 531 5695; x_wconf 62' lang='grc' dir='ltr'><strong><em>ο</em></strong></span> <span class='ocrx_word' id='word_1_568' title='bbox 592 5670 692 5726; x_wconf 90' lang='grc'><strong>.11.</strong></span> <span class='ocrx_word' id='word_1_569' title='bbox 722 5671 877 5739; x_wconf 85' lang='lat' dir='ltr'><strong>Quod</strong></span> <span class='ocrx_word' id='word_1_570' title='bbox 898 5687 1004 5727; x_wconf 84' lang='lat' dir='ltr'><strong>non</strong></span> <span class='ocrx_word' id='word_1_571' title='bbox 1030 5683 1279 5746; x_wconf 84' lang='lat' dir='ltr'><strong>oporteat</strong></span> <span class='ocrx_word' id='word_1_572' title='bbox 1297 5689 1483 5748; x_wconf 77' lang='lat' dir='ltr'><strong>egents</strong></span> <span class='ocrx_word' id='word_1_573' title='bbox 1511 5675 1788 5746; x_wconf 76' lang='lat' dir='ltr'><strong>epistolam</strong></span> <span class='ocrx_word' id='word_1_574' title='bbox 1814 5675 2003 5740; x_wconf 81' lang='lat' dir='ltr'><strong>tribui,</strong></span> <span class='ocrx_word' id='word_1_575' title='bbox 2024 5675 2120 5730; x_wconf 88' lang='lat' dir='ltr'><strong>ho-</strong></span> 
     </span>
    </p>
   </div>
   <div class='ocr_carea' id='block_1_81' title="bbox 534 5764 2117 5841">
    <p class='ocr_par' dir='ltr' id='par_1_81' title="bbox 534 5764 2117 5841">
     <span class='ocr_line' id='line_1_81' title="bbox 534 5764 2117 5841; baseline 0.003 -22"><span class='ocrx_word' id='word_1_576' title='bbox 534 5764 807 5823; x_wconf 73' lang='lat' dir='ltr'><strong>nestiores</strong></span> <span class='ocrx_word' id='word_1_577' title='bbox 846 5776 1030 5823; x_wconf 81' lang='lat' dir='ltr'><strong>autem</strong></span> <span class='ocrx_word' id='word_1_578' title='bbox 1071 5769 1526 5827; x_wconf 84' lang='lat' dir='ltr'><strong>commendatitiis</strong></span> <span class='ocrx_word' id='word_1_579' title='bbox 1564 5770 1759 5826; x_wconf 81' lang='lat' dir='ltr'><strong>litteris</strong></span> <span class='ocrx_word' id='word_1_580' title='bbox 1799 5770 2117 5841; x_wconf 81' lang='lat' dir='ltr'><strong>approbare.</strong></span> 
     </span>
    </p>
   </div>
   <div class='ocr_carea' id='block_1_82' title="bbox 2289 3654 3818 3729">
    <p class='ocr_par' dir='ltr' id='par_1_82' title="bbox 2289 3654 3818 3729">
     <span class='ocr_line' id='line_1_82' title="bbox 2289 3654 3818 3729; baseline -0.003 -14"><span class='ocrx_word' id='word_1_581' title='bbox 2289 3659 2378 3715; x_wconf 73' lang='lat' dir='ltr'><strong>i2.</strong></span> <span class='ocrx_word' id='word_1_582' title='bbox 2417 3658 2573 3726; x_wconf 88' lang='lat' dir='ltr'><strong>Quod</strong></span> <span class='ocrx_word' id='word_1_583' title='bbox 2608 3672 2948 3729; x_wconf 89' lang='lat' dir='ltr'><strong>nequaquam</strong></span> <span class='ocrx_word' id='word_1_584' title='bbox 2976 3656 3187 3712; x_wconf 90' lang='lat' dir='ltr'><strong>duobus</strong></span> <span class='ocrx_word' id='word_1_585' title='bbox 3221 3654 3663 3726; x_wconf 77' lang='lat' dir='ltr'><strong>metropolitanis</strong></span> <span class='ocrx_word' id='word_1_586' title='bbox 3695 3667 3818 3727; x_wconf 82' lang='lat' dir='ltr'><strong>pro-</strong></span> 
     </span>
    </p>
   </div>
   <div class='ocr_carea' id='block_1_83' title="bbox 2215 3752 2721 3819">
    <p class='ocr_par' dir='ltr' id='par_1_83' title="bbox 2215 3752 2721 3819">
     <span class='ocr_line' id='line_1_83' title="bbox 2215 3752 2721 3819; baseline -0.004 -12"><span class='ocrx_word' id='word_1_587' title='bbox 2215 3752 2395 3819; x_wconf 72' lang='lat' dir='ltr'><strong>vincia</strong></span> <span class='ocrx_word' id='word_1_588' title='bbox 2427 3752 2721 3807; x_wconf 79' lang='lat' dir='ltr'><strong>dividatur.</strong></span> 
     </span>
    </p>
   </div>
   <div class='ocr_carea' id='block_1_84' title="bbox 2212 3839 3818 3914">
    <p class='ocr_par' dir='ltr' id='par_1_84' title="bbox 2212 3839 3818 3914">
     <span class='ocr_line' id='line_1_84' title="bbox 2212 3839 3818 3914; baseline -0.006 -11"><span class='ocrx_word' id='word_1_589' title='bbox 2212 3900 2217 3903; x_wconf 94' lang='lat'>_</span> <span class='ocrx_word' id='word_1_590' title='bbox 2288 3843 2394 3914; x_wconf 77' lang='grc'><strong>’13</strong></span> <span class='ocrx_word' id='word_1_591' title='bbox 2429 3843 2517 3898; x_wconf 79' lang='grc'><strong>15.</strong></span> <span class='ocrx_word' id='word_1_592' title='bbox 2548 3841 2699 3909; x_wconf 89' lang='lat' dir='ltr'><strong>Quod</strong></span> <span class='ocrx_word' id='word_1_593' title='bbox 2731 3857 2837 3895; x_wconf 87' lang='lat' dir='ltr'><strong>non</strong></span> <span class='ocrx_word' id='word_1_594' title='bbox 2857 3849 3107 3912; x_wconf 86' lang='lat' dir='ltr'><strong>oporteat</strong></span> <span class='ocrx_word' id='word_1_595' title='bbox 3133 3847 3425 3896; x_wconf 77' lang='lat' dir='ltr'><strong>extraneos</strong></span> <span class='ocrx_word' id='word_1_596' title='bbox 3446 3839 3688 3896; x_wconf 86' lang='lat' dir='ltr'><strong>clericos</strong></span> <span class='ocrx_word' id='word_1_597' title='bbox 3703 3840 3818 3896; x_wconf 81' lang='lat' dir='ltr'><strong>sine</strong></span> 
     </span>
    </p>
   </div>
   <div class='ocr_carea' id='block_1_85' title="bbox 2210 3932 3264 3991">
    <p class='ocr_par' dir='ltr' id='par_1_85' title="bbox 2210 3932 3264 3991">
     <span class='ocr_line' id='line_1_85' title="bbox 2210 3932 3264 3991; baseline -0.005 0"><span class='ocrx_word' id='word_1_598' title='bbox 2210 3934 2673 3991; x_wconf 78' lang='lat' dir='ltr'><strong>commendatitiis</strong></span> <span class='ocrx_word' id='word_1_599' title='bbox 2701 3932 2898 3988; x_wconf 90' lang='lat' dir='ltr'><strong>litteris</strong></span> <span class='ocrx_word' id='word_1_600' title='bbox 2927 3932 3264 3988; x_wconf 87' lang='lat' dir='ltr'><strong>ministrare.</strong></span> 
     </span>
    </p>
   </div>
   <div class='ocr_carea' id='block_1_86' title="bbox 2210 4021 3817 4094">
    <p class='ocr_par' dir='ltr' id='par_1_86' title="bbox 2210 4021 3817 4094">
     <span class='ocr_line' id='line_1_86' title="bbox 2210 4021 3817 4094; baseline -0.004 -10"><span class='ocrx_word' id='word_1_601' title='bbox 2210 4070 2213 4073; x_wconf 53' lang='grc' dir='ltr'>ι</span> <span class='ocrx_word' id='word_1_602' title='bbox 2289 4027 2376 4084; x_wconf 75' lang='grc'><strong>1-1.</strong></span> <span class='ocrx_word' id='word_1_603' title='bbox 2416 4026 2569 4094; x_wconf 87' lang='lat' dir='ltr'><strong>Quod</strong></span> <span class='ocrx_word' id='word_1_604' title='bbox 2592 4040 2698 4080; x_wconf 89' lang='lat' dir='ltr'><strong>non</strong></span> <span class='ocrx_word' id='word_1_605' title='bbox 2728 4024 2893 4080; x_wconf 87' lang='lat' dir='ltr'><strong>liceat</strong></span> <span class='ocrx_word' id='word_1_606' title='bbox 2915 4023 3116 4079; x_wconf 89' lang='lat' dir='ltr'><strong>clerico</strong></span> <span class='ocrx_word' id='word_1_607' title='bbox 3145 4036 3368 4077; x_wconf 75' lang='lat' dir='ltr'><strong>uxorem</strong></span> <span class='ocrx_word' id='word_1_608' title='bbox 3393 4030 3559 4083; x_wconf 58' lang='lat' dir='ltr'><strong>sectae</strong></span> <span class='ocrx_word' id='word_1_609' title='bbox 3583 4021 3817 4078; x_wconf 80' lang='lat' dir='ltr'><strong>alterius</strong></span> 
     </span>
    </p>
   </div>
   <div class='ocr_carea' id='block_1_87' title="bbox 2213 4115 3816 4188">
    <p class='ocr_par' dir='ltr' id='par_1_87' title="bbox 2213 4115 3816 4188">
     <span class='ocr_line' id='line_1_87' title="bbox 2213 4115 3816 4188; baseline -0.001 -15"><span class='ocrx_word' id='word_1_610' title='bbox 2213 4119 2495 4188; x_wconf 85' lang='lat' dir='ltr'><strong>accipere,</strong></span> <span class='ocrx_word' id='word_1_611' title='bbox 2550 4117 2657 4172; x_wconf 85' lang='lat' dir='ltr'><strong>nisi</strong></span> <span class='ocrx_word' id='word_1_612' title='bbox 2717 4115 2859 4173; x_wconf 75' lang='lat' dir='ltr'><strong>forte</strong></span> <span class='ocrx_word' id='word_1_613' title='bbox 2912 4116 3174 4186; x_wconf 84' lang='lat' dir='ltr'><strong>spondeat</strong></span> <span class='ocrx_word' id='word_1_614' title='bbox 3209 4130 3270 4170; x_wconf 89' lang='lat' dir='ltr'><strong>se</strong></span> <span class='ocrx_word' id='word_1_615' title='bbox 3312 4116 3382 4170; x_wconf 87' lang='lat' dir='ltr'><strong>ad</strong></span> <span class='ocrx_word' id='word_1_616' title='bbox 3418 4126 3610 4170; x_wconf 84' lang='lat' dir='ltr'><strong>veram</strong></span> <span class='ocrx_word' id='word_1_617' title='bbox 3650 4116 3816 4171; x_wconf 82' lang='lat' dir='ltr'><strong>ﬁdem</strong></span> 
     </span>
    </p>
   </div>
   <div class='ocr_carea' id='block_1_88' title="bbox 2216 4216 2424 4271">
    <p class='ocr_par' dir='ltr' id='par_1_88' title="bbox 2216 4216 2424 4271">
     <span class='ocr_line' id='line_1_88' title="bbox 2216 4216 2424 4271; baseline 0 -3"><span class='ocrx_word' id='word_1_618' title='bbox 2216 4216 2424 4271; x_wconf 86' lang='lat' dir='ltr'><strong>venire.</strong></span> 
     </span>
    </p>
   </div>
   <div class='ocr_carea' id='block_1_89' title="bbox 2291 4301 3816 4373">
    <p class='ocr_par' dir='ltr' id='par_1_89' title="bbox 2291 4301 3816 4373">
     <span class='ocr_line' id='line_1_89' title="bbox 2291 4301 3816 4373; baseline -0.003 -13"><span class='ocrx_word' id='word_1_619' title='bbox 2291 4305 2376 4361; x_wconf 83' lang='grc'><strong>15.</strong></span> <span class='ocrx_word' id='word_1_620' title='bbox 2417 4304 2494 4360; x_wconf 82' lang='lat' dir='ltr'><strong>De</strong></span> <span class='ocrx_word' id='word_1_621' title='bbox 2518 4304 2835 4360; x_wconf 89' lang='lat' dir='ltr'><strong>diaconissis</strong></span> <span class='ocrx_word' id='word_1_622' title='bbox 2853 4303 3187 4370; x_wconf 80' lang='lat' dir='ltr'><strong>mulieribus,</strong></span> <span class='ocrx_word' id='word_1_623' title='bbox 3220 4303 3362 4373; x_wconf 90' lang='lat' dir='ltr'><strong>quod</strong></span> <span class='ocrx_word' id='word_1_624' title='bbox 3384 4317 3493 4357; x_wconf 92' lang='lat' dir='ltr'><strong>non</strong></span> <span class='ocrx_word' id='word_1_625' title='bbox 3520 4301 3688 4358; x_wconf 81' lang='lat' dir='ltr'><strong>liceat</strong></span> <span class='ocrx_word' id='word_1_626' title='bbox 3714 4302 3816 4357; x_wconf 86' lang='lat' dir='ltr'><strong>nisi</strong></span> 
     </span>
    </p>
   </div>
   <div class='ocr_carea' id='block_1_90' title="bbox 2217 4397 2959 4469">
    <p class='ocr_par' dir='ltr' id='par_1_90' title="bbox 2217 4397 2959 4469">
     <span class='ocr_line' id='line_1_90' title="bbox 2217 4397 2959 4469; baseline -0.005 -15"><span class='ocrx_word' id='word_1_627' title='bbox 2217 4398 2679 4469; x_wconf 80' lang='lat' dir='ltr'><strong>quadragenarias</strong></span> <span class='ocrx_word' id='word_1_628' title='bbox 2696 4397 2959 4452; x_wconf 90' lang='lat' dir='ltr'><strong>ordinari.</strong></span> 
     </span>
    </p>
   </div>
   <div class='ocr_carea' id='block_1_91' title="bbox 2291 4486 3816 4559">
    <p class='ocr_par' dir='ltr' id='par_1_91' title="bbox 2291 4486 3816 4559">
     <span class='ocr_line' id='line_1_91' title="bbox 2291 4486 3816 4559; baseline -0.003 -14"><span class='ocrx_word' id='word_1_629' title='bbox 2291 4492 2376 4546; x_wconf 77' lang='lat' dir='ltr'><strong>lli.</strong></span> <span class='ocrx_word' id='word_1_630' title='bbox 2417 4491 2494 4545; x_wconf 86' lang='lat' dir='ltr'><strong>De</strong></span> <span class='ocrx_word' id='word_1_631' title='bbox 2524 4489 2803 4544; x_wconf 85' lang='lat' dir='ltr'><strong>monachis</strong></span> <span class='ocrx_word' id='word_1_632' title='bbox 2830 4487 2912 4542; x_wconf 82' lang='lat' dir='ltr'><strong>vel</strong></span> <span class='ocrx_word' id='word_1_633' title='bbox 2940 4487 3131 4559; x_wconf 85' lang='lat' dir='ltr'><strong>puellis</strong></span> <span class='ocrx_word' id='word_1_634' title='bbox 3154 4487 3261 4542; x_wconf 90' lang='lat' dir='ltr'><strong>Deo</strong></span> <span class='ocrx_word' id='word_1_635' title='bbox 3281 4486 3502 4552; x_wconf 88' lang='lat' dir='ltr'><strong>dicatis;</strong></span> <span class='ocrx_word' id='word_1_636' title='bbox 3536 4487 3685 4557; x_wconf 88' lang='lat' dir='ltr'><strong>quod</strong></span> <span class='ocrx_word' id='word_1_637' title='bbox 3710 4502 3816 4543; x_wconf 93' lang='lat' dir='ltr'><strong>non</strong></span> 
     </span>
    </p>
   </div>
   <div class='ocr_carea' id='block_1_92' title="bbox 2219 4578 2901 4650">
    <p class='ocr_par' dir='ltr' id='par_1_92' title="bbox 2219 4578 2901 4650">
     <span class='ocr_line' id='line_1_92' title="bbox 2219 4578 2901 4650; baseline -0.003 -15"><span class='ocrx_word' id='word_1_638' title='bbox 2219 4582 2381 4636; x_wconf 85' lang='lat' dir='ltr'><strong>liceat</strong></span> <span class='ocrx_word' id='word_1_639' title='bbox 2401 4580 2483 4636; x_wconf 83' lang='lat' dir='ltr'><strong>eis</strong></span> <span class='ocrx_word' id='word_1_640' title='bbox 2505 4580 2710 4650; x_wconf 84' lang='lat' dir='ltr'><strong>nuptiis</strong></span> <span class='ocrx_word' id='word_1_641' title='bbox 2724 4578 2901 4649; x_wconf 84' lang='lat' dir='ltr'><strong>jungi:</strong></span> 
     </span>
    </p>
   </div>
   <div class='ocr_carea' id='block_1_93' title="bbox 2292 4667 3816 4740">
    <p class='ocr_par' dir='ltr' id='par_1_93' title="bbox 2292 4667 3816 4740">
     <span class='ocr_line' id='line_1_93' title="bbox 2292 4667 3816 4740; baseline -0.003 -11"><span class='ocrx_word' id='word_1_642' title='bbox 2292 4673 2376 4729; x_wconf 84' lang='grc'><strong>17.</strong></span> <span class='ocrx_word' id='word_1_643' title='bbox 2420 4673 2497 4727; x_wconf 85' lang='lat' dir='ltr'><strong>De</strong></span> <span class='ocrx_word' id='word_1_644' title='bbox 2522 4670 2769 4725; x_wconf 87' lang='lat' dir='ltr'><strong>ecclesiis</strong></span> <span class='ocrx_word' id='word_1_645' title='bbox 2791 4669 2844 4723; x_wconf 93' lang='lat' dir='ltr'><strong>in</strong></span> <span class='ocrx_word' id='word_1_646' title='bbox 2873 4668 3148 4739; x_wconf 81' lang='lat' dir='ltr'><strong>parochiis</strong></span> <span class='ocrx_word' id='word_1_647' title='bbox 3172 4684 3270 4738; x_wconf 90' lang='lat' dir='ltr'><strong>per</strong></span> <span class='ocrx_word' id='word_1_648' title='bbox 3298 4667 3522 4740; x_wconf 82' lang='lat' dir='ltr'><strong>triginta</strong></span> <span class='ocrx_word' id='word_1_649' title='bbox 3545 4682 3726 4724; x_wconf 88' lang='lat' dir='ltr'><strong>annos</strong></span> <span class='ocrx_word' id='word_1_650' title='bbox 3750 4671 3816 4723; x_wconf 80' lang='lat' dir='ltr'><strong>ab</strong></span> 
     </span>
    </p>
   </div>
   <div class='ocr_carea' id='block_1_94' title="bbox 2221 4759 3359 4834">
    <p class='ocr_par' dir='ltr' id='par_1_94' title="bbox 2221 4759 3359 4834">
     <span class='ocr_line' id='line_1_94' title="bbox 2221 4759 3359 4834; baseline -0.007 -14"><span class='ocrx_word' id='word_1_651' title='bbox 2221 4765 2475 4834; x_wconf 87' lang='lat' dir='ltr'><strong>epise0po</strong></span> <span class='ocrx_word' id='word_1_652' title='bbox 2503 4762 2698 4817; x_wconf 89' lang='lat' dir='ltr'><strong>habitis</strong></span> <span class='ocrx_word' id='word_1_653' title='bbox 2722 4762 2805 4816; x_wconf 87' lang='lat' dir='ltr'><strong>vel</strong></span> <span class='ocrx_word' id='word_1_654' title='bbox 2830 4761 3100 4816; x_wconf 83' lang='lat' dir='ltr'><strong>renovatis</strong></span> <span class='ocrx_word' id='word_1_655' title='bbox 3117 4759 3359 4815; x_wconf 86' lang='lat' dir='ltr'><strong>urbibus.</strong></span> 
     </span>
    </p>
   </div>
   <div class='ocr_carea' id='block_1_95' title="bbox 2294 4846 3816 4923">
    <p class='ocr_par' dir='ltr' id='par_1_95' title="bbox 2294 4846 3816 4923">
     <span class='ocr_line' id='line_1_95' title="bbox 2294 4846 3816 4923; baseline -0.005 -14"><span class='ocrx_word' id='word_1_656' title='bbox 2294 4855 2383 4909; x_wconf 84' lang='grc'><strong>18.</strong></span> <span class='ocrx_word' id='word_1_657' title='bbox 2428 4855 2501 4908; x_wconf 87' lang='lat' dir='ltr'><strong>De</strong></span> <span class='ocrx_word' id='word_1_658' title='bbox 2529 4852 2933 4923; x_wconf 86' lang='lat' dir='ltr'><strong>conspiratione</strong></span> <span class='ocrx_word' id='word_1_659' title='bbox 2960 4850 3306 4915; x_wconf 87' lang='lat' dir='ltr'><strong>clericorum,</strong></span> <span class='ocrx_word' id='word_1_660' title='bbox 3328 4848 3474 4919; x_wconf 88' lang='lat' dir='ltr'><strong>quod</strong></span> <span class='ocrx_word' id='word_1_661' title='bbox 3500 4846 3681 4905; x_wconf 67' lang='grc' dir='ltr'><strong>ϐιτρεῖ</strong></span> <span class='ocrx_word' id='word_1_662' title='bbox 3708 4849 3816 4919; x_wconf 69' lang='grc' dir='ltr'><strong>[τοι</strong></span> 
     </span>
    </p>
   </div>
   <div class='ocr_carea' id='block_1_96' title="bbox 2224 4944 2590 5005">
    <p class='ocr_par' dir='ltr' id='par_1_96' title="bbox 2224 4944 2590 5005">
     <span class='ocr_line' id='line_1_96' title="bbox 2224 4944 2590 5005; baseline -0.008 -6"><span class='ocrx_word' id='word_1_663' title='bbox 2224 4946 2355 5005; x_wconf 68' lang='lat' dir='ltr'><strong>tria:</strong></span> <span class='ocrx_word' id='word_1_664' title='bbox 2383 4944 2590 4999; x_wconf 88' lang='lat' dir='ltr'><strong>dicunt.</strong></span> 
     </span>
    </p>
   </div>
   <div class='ocr_carea' id='block_1_97' title="bbox 2300 5031 3815 5102">
    <p class='ocr_par' dir='ltr' id='par_1_97' title="bbox 2300 5031 3815 5102">
     <span class='ocr_line' id='line_1_97' title="bbox 2300 5031 3815 5102; baseline -0.003 -13"><span class='ocrx_word' id='word_1_665' title='bbox 2300 5033 2388 5089; x_wconf 86' lang='grc'><strong>19.</strong></span> <span class='ocrx_word' id='word_1_666' title='bbox 2428 5034 2580 5099; x_wconf 85' lang='lat' dir='ltr'><strong>Quod</strong></span> <span class='ocrx_word' id='word_1_667' title='bbox 2598 5040 2846 5101; x_wconf 87' lang='lat' dir='ltr'><strong>oporteat</strong></span> <span class='ocrx_word' id='word_1_668' title='bbox 2860 5046 2963 5100; x_wconf 88' lang='lat' dir='ltr'><strong>per</strong></span> <span class='ocrx_word' id='word_1_669' title='bbox 2982 5031 3293 5102; x_wconf 87' lang='lat' dir='ltr'><strong>provincias</strong></span> <span class='ocrx_word' id='word_1_670' title='bbox 3331 5031 3415 5086; x_wconf 89' lang='lat' dir='ltr'><strong>bis</strong></span> <span class='ocrx_word' id='word_1_671' title='bbox 3441 5031 3495 5085; x_wconf 93' lang='lat' dir='ltr'><strong>in</strong></span> <span class='ocrx_word' id='word_1_672' title='bbox 3520 5046 3671 5087; x_wconf 84' lang='lat' dir='ltr'><strong>anno</strong></span> <span class='ocrx_word' id='word_1_673' title='bbox 3690 5046 3815 5088; x_wconf 78' lang='lat' dir='ltr'><strong>con-</strong></span> 
     </span>
    </p>
   </div>
   <div class='ocr_carea' id='block_1_98' title="bbox 2228 5124 2513 5182">
    <p class='ocr_par' dir='ltr' id='par_1_98' title="bbox 2228 5124 2513 5182">
     <span class='ocr_line' id='line_1_98' title="bbox 2228 5124 2513 5182; baseline -0.011 0"><span class='ocrx_word' id='word_1_674' title='bbox 2228 5126 2351 5182; x_wconf 85' lang='lat' dir='ltr'><strong>cilia</strong></span> <span class='ocrx_word' id='word_1_675' title='bbox 2377 5124 2513 5182; x_wconf 87' lang='lat' dir='ltr'><strong>ﬁeri.</strong></span> 
     </span>
    </p>
   </div>
   <div class='ocr_carea' id='block_1_99' title="bbox 2295 5215 3815 5285">
    <p class='ocr_par' dir='ltr' id='par_1_99' title="bbox 2295 5215 3815 5285">
     <span class='ocr_line' id='line_1_99' title="bbox 2295 5215 3815 5285; baseline -0.001 -13"><span class='ocrx_word' id='word_1_676' title='bbox 2295 5217 2386 5272; x_wconf 74' lang='lat'><strong>20.</strong></span> <span class='ocrx_word' id='word_1_677' title='bbox 2426 5216 2578 5285; x_wconf 89' lang='lat' dir='ltr'><strong>Quod</strong></span> <span class='ocrx_word' id='word_1_678' title='bbox 2606 5216 2826 5271; x_wconf 89' lang='lat' dir='ltr'><strong>minime</strong></span> <span class='ocrx_word' id='word_1_679' title='bbox 2840 5216 3055 5272; x_wconf 89' lang='lat' dir='ltr'><strong>clericis</strong></span> <span class='ocrx_word' id='word_1_680' title='bbox 3076 5217 3127 5271; x_wconf 90' lang='lat' dir='ltr'><strong>in</strong></span> <span class='ocrx_word' id='word_1_681' title='bbox 3152 5216 3313 5270; x_wconf 88' lang='lat' dir='ltr'><strong>aliam</strong></span> <span class='ocrx_word' id='word_1_682' title='bbox 3339 5215 3616 5271; x_wconf 83' lang='lat' dir='ltr'><strong>civitatem</strong></span> <span class='ocrx_word' id='word_1_683' title='bbox 3639 5224 3815 5271; x_wconf 72' lang='lat' dir='ltr'><strong>trans~</strong></span> 
     </span>
    </p>
   </div>
   <div class='ocr_carea' id='block_1_100' title="bbox 2226 5306 3812 5380">
    <p class='ocr_par' dir='ltr' id='par_1_100' title="bbox 2226 5306 3812 5380">
     <span class='ocr_line' id='line_1_100' title="bbox 2226 5306 3812 5380; baseline -0.002 -16"><span class='ocrx_word' id='word_1_684' title='bbox 2226 5311 2464 5380; x_wconf 88' lang='lat' dir='ltr'><strong>migrare</strong></span> <span class='ocrx_word' id='word_1_685' title='bbox 2506 5306 2666 5363; x_wconf 83' lang='lat' dir='ltr'><strong>liceat</strong></span> <span class='ocrx_word' id='word_1_686' title='bbox 2691 5350 2704 5374; x_wconf 93' lang='lat'><strong>,</strong></span> <span class='ocrx_word' id='word_1_687' title='bbox 2745 5309 2846 5363; x_wconf 90' lang='lat' dir='ltr'><strong>nisi</strong></span> <span class='ocrx_word' id='word_1_688' title='bbox 2893 5310 2973 5364; x_wconf 91' lang='lat' dir='ltr'><strong>eis</strong></span> <span class='ocrx_word' id='word_1_689' title='bbox 3015 5310 3107 5380; x_wconf 89' lang='lat' dir='ltr'><strong>qui</strong></span> <span class='ocrx_word' id='word_1_690' title='bbox 3152 5323 3253 5380; x_wconf 90' lang='lat' dir='ltr'><strong>pro</strong></span> <span class='ocrx_word' id='word_1_691' title='bbox 3289 5309 3672 5379; x_wconf 82' lang='lat' dir='ltr'><strong>persecutione</strong></span> <span class='ocrx_word' id='word_1_692' title='bbox 3697 5324 3812 5380; x_wconf 85' lang='lat' dir='ltr'><strong>pro-</strong></span> 
     </span>
    </p>
   </div>
   <div class='ocr_carea' id='block_1_101' title="bbox 2228 5399 2986 5472">
    <p class='ocr_par' dir='ltr' id='par_1_101' title="bbox 2228 5399 2986 5472">
     <span class='ocr_line' id='line_1_101' title="bbox 2228 5399 2986 5472; baseline -0.003 -17"><span class='ocrx_word' id='word_1_693' title='bbox 2228 5404 2373 5472; x_wconf 88' lang='lat' dir='ltr'><strong>prias</strong></span> <span class='ocrx_word' id='word_1_694' title='bbox 2403 5399 2685 5454; x_wconf 80' lang='lat' dir='ltr'><strong>amiserint</strong></span> <span class='ocrx_word' id='word_1_695' title='bbox 2715 5399 2986 5455; x_wconf 84' lang='lat' dir='ltr'><strong>civitates.</strong></span> 
     </span>
    </p>
   </div>
   <div class='ocr_carea' id='block_1_102' title="bbox 2296 5489 3812 5563">
    <p class='ocr_par' dir='ltr' id='par_1_102' title="bbox 2296 5489 3812 5563">
     <span class='ocr_line' id='line_1_102' title="bbox 2296 5489 3812 5563; baseline -0.003 -16"><span class='ocrx_word' id='word_1_696' title='bbox 2296 5493 2386 5547; x_wconf 75' lang='lat' dir='ltr'><strong>2t.</strong></span> <span class='ocrx_word' id='word_1_697' title='bbox 2433 5491 2507 5547; x_wconf 88' lang='lat' dir='ltr'><strong>De</strong></span> <span class='ocrx_word' id='word_1_698' title='bbox 2532 5491 2905 5563; x_wconf 77' lang='lat' dir='ltr'><strong>episcOporum</strong></span> <span class='ocrx_word' id='word_1_699' title='bbox 2929 5498 3025 5545; x_wconf 89' lang='lat' dir='ltr'><strong>aut</strong></span> <span class='ocrx_word' id='word_1_700' title='bbox 3044 5490 3363 5545; x_wconf 89' lang='lat' dir='ltr'><strong>clericorum</strong></span> <span class='ocrx_word' id='word_1_701' title='bbox 3384 5489 3812 5554; x_wconf 86' lang='lat' dir='ltr'><strong>accusatoribus,</strong></span> 
     </span>
    </p>
   </div>
   <div class='ocr_carea' id='block_1_103' title="bbox 2227 5580 3415 5653">
    <p class='ocr_par' dir='ltr' id='par_1_103' title="bbox 2227 5580 3415 5653">
     <span class='ocr_line' id='line_1_103' title="bbox 2227 5580 3415 5653; baseline -0.002 -16"><span class='ocrx_word' id='word_1_702' title='bbox 2227 5584 2414 5653; x_wconf 88' lang='lat' dir='ltr'><strong>quales</strong></span> <span class='ocrx_word' id='word_1_703' title='bbox 2436 5582 2670 5638; x_wconf 88' lang='lat' dir='ltr'><strong>debeant</strong></span> <span class='ocrx_word' id='word_1_704' title='bbox 2691 5581 2888 5651; x_wconf 88' lang='lat' dir='ltr'><strong>suscipi</strong></span> <span class='ocrx_word' id='word_1_705' title='bbox 2912 5581 2965 5636; x_wconf 90' lang='lat' dir='ltr'><strong>in</strong></span> <span class='ocrx_word' id='word_1_706' title='bbox 2993 5580 3415 5636; x_wconf 88' lang='lat' dir='ltr'><strong>accusationem.</strong></span> 
     </span>
    </p>
   </div>
   <div class='ocr_carea' id='block_1_104' title="bbox 2295 5671 3811 5743">
    <p class='ocr_par' dir='ltr' id='par_1_104' title="bbox 2295 5671 3811 5743">
     <span class='ocr_line' id='line_1_104' title="bbox 2295 5671 3811 5743; baseline -0.003 -13"><span class='ocrx_word' id='word_1_707' title='bbox 2295 5674 2386 5731; x_wconf 60' lang='grc' dir='ltr'><strong>ΞΩ.</strong></span> <span class='ocrx_word' id='word_1_708' title='bbox 2429 5674 2582 5743; x_wconf 85' lang='lat' dir='ltr'><strong>Quod</strong></span> <span class='ocrx_word' id='word_1_709' title='bbox 2613 5690 2718 5730; x_wconf 93' lang='lat' dir='ltr'><strong>nou</strong></span> <span class='ocrx_word' id='word_1_710' title='bbox 2742 5673 2902 5729; x_wconf 90' lang='lat' dir='ltr'><strong>liccat</strong></span> <span class='ocrx_word' id='word_1_711' title='bbox 2931 5672 3144 5729; x_wconf 90' lang='lat' dir='ltr'><strong>clericis</strong></span> <span class='ocrx_word' id='word_1_712' title='bbox 3162 5681 3287 5743; x_wconf 87' lang='lat' dir='ltr'><strong>post</strong></span> <span class='ocrx_word' id='word_1_713' title='bbox 3313 5680 3544 5730; x_wconf 83' lang='lat' dir='ltr'><strong>mortem</strong></span> <span class='ocrx_word' id='word_1_714' title='bbox 3574 5672 3675 5729; x_wconf 81' lang='lat' dir='ltr'><strong>‘sui</strong></span> <span class='ocrx_word' id='word_1_715' title='bbox 3706 5671 3811 5743; x_wconf 86' lang='lat' dir='ltr'><strong>cpi—</strong></span> 
     </span>
    </p>
   </div>
   <div class='ocr_carea' id='block_1_105' title="bbox 2228 5760 3391 5841">
    <p class='ocr_par' dir='ltr' id='par_1_105' title="bbox 2228 5760 3391 5841">
     <span class='ocr_line' id='line_1_105' title="bbox 2228 5760 3391 5841; baseline -0.003 -15"><span class='ocrx_word' id='word_1_716' title='bbox 2228 5769 2374 5841; x_wconf 82' lang='lat' dir='ltr'><strong>scopi</strong></span> <span class='ocrx_word' id='word_1_717' title='bbox 2417 5782 2504 5827; x_wconf 84' lang='lat' dir='ltr'><strong>res</strong></span> <span class='ocrx_word' id='word_1_718' title='bbox 2533 5769 2599 5825; x_wconf 90' lang='lat' dir='ltr'><strong>ad</strong></span> <span class='ocrx_word' id='word_1_719' title='bbox 2626 5784 2749 5825; x_wconf 87' lang='lat' dir='ltr'><strong>cum</strong></span> <span class='ocrx_word' id='word_1_720' title='bbox 2776 5760 3391 5840; x_wconf 78' lang='lat' dir='ltr'><strong>pe‘rtincntcsdiripere.</strong></span> 
     </span>
    </p>
   </div>
  </div>
