3926 6434
114 369 215 426 309

1323 370 1813 433 DECRETALIUM
1849 370 2249 431 COLLECTIO.

3224 383 3356 469 sto

164 470 256 533 Β.
287 476 365 538 De
406 476 616 535 clericis
652 488 707 535 et
762 481 1045 536 monachis
1086 466 1661 548 “communicandis,
1692 490 1742 546 Α
1788 470 1793 473 μ
1841 482 1931 543 9.5.
1972 466 2126 550 Quod
2155 500 2260 542 non
2284 494 2543 555 oporteat.
2571 495 2692 558 post
2718 486 2923 542 obitum
2951 488 3183 562 episcopi
3208 466 3356 549 ordi-

112 568 190 635 qui
212 573 403 635 prater
416 567 745 623 voluntatem
770 570 857 624 sui
877 568 1112 643 episcopi
1140 570 1206 626 ad
1237 571 1423 628 urbem
1456 573 1658 644 regiam

113 658 329 711 veniunt.

170 748 250 801 2t.
288 748 437 813 Quod
486 730 589 807 non
632 748 795 808 liceat
840 752 1167 808 monasteria
1193 767 1314 822 qua:
1342 750 1662 810 consecrata

112 838 527 895 sunt'divcrsoria
555 840 834 896 saecularia
849 839 986 896 ﬁeri.

1764 575 2037 631 nationem
2061 573 2286 630 alterius
2313 575 2529 633 diﬂ‘errc
2560 578 2819 650 episcopi.

1835 664 1925 720 26.
1971 665 2046 721 De
2074 669 2409 734 (Bconomis,
2451 668 2502 724 id
2530 681 2613 726 est
2643 672 3104 741 dispensatoribus
3132 669 3355 753 singulis

1735 749 1741 754 ’
1764 756 2041 823 Ecclesiis
2063 760 2347 817 habendis.

1841 848 1932 905 27.
1976 851 2053 906 De
2082 851 2166 907 his
2192 850 2285 923 qui
2311 850 2414 907 sibi
2437 853 2652 925 rapiunt
2682 869 2900 911 uxores.

1380 995 2002 1027 Ἠ

418 1146 976 1228 INCIPIUNT
1029 1115 1489 1231 DECRETA
1564 1116 2029 1236 CONCILII
2088 1157 3022 1242 CHALCEBONE-NSIS.

1207 1327 1412 1409 (Anno
1450 1332 1709 1396 Domini
1748 1332 1889 1407 55h,
1933 1333 2003 1395 in
2040 1333 2250 1414 Asia.)

164 1632 378 1706 Regulas
398 1635 604 1691 sanctis
627 1635 882 1693 Patribus
912 1637 965 1693 in
992 1654 1316 1711 unaquaque
1344 1643 1549 1714 synodo
1567 1659 1663 1698 ns-
1695 1640 1738 1700 Β
1766 1655 1913 1712 sunt,
1931 1645 2206 1717 subjectos
2228 1661 2348 1704 esse
2368 1648 2567 1705 debere
2590 1649 2846 1723 episcopo
2873 1659 2926 1709 et
2955 1653 3121 1724 quieti
3136 1668 3359 1728 cperam

111 1742 197 1797 que
224 1743 358 1782 nunc
385 1728 649 1795 prolatas,
692 1731 971 1801 proprium
1001 1733 1168 1788 robur
1194 1735 1443 1790 obtinere
1477 1736 1669 1791 statui-

111 1838 228 1878 111115.

168 1913 221 1967 ll.
258 1913 310 1968 Si
356 1914 481 1984 quis
511 1914 889 1986 episcoporum
932 1924 1153 1988 accepta
1181 1919 1409 1987 pecunia
1449 1921 1669 1977 ordina-

113 2006 279 2061 tionem
302 2007 514 2074 fecerit,
543 2019 598 2064 et
636 2009 735 2064 sub
757 2011 987 2079 pretium
1015 2012 1297 2068 deduxerit
1326 2014 1666 2084 impretiabi-

114 2094 196 2150 lem
217 2098 440 2168 gratiam
484 2108 653 2169 atque
681 2100 1018 2156 ordinauerit
1039 2116 1135 2172 per
1174 2106 1431 2173 pecunias
1457 2108 1667 2177 episco-

110 2197 230 2254 pum,
251 2188 919 2261 sivecoepiscoptIszive
941 2195 1340 2265 presbyterum,
1356 2197 1470 2252 sive
1490 2198 1671 2254 diacoo

114 2294 248 2339 num,
301 2291 391 2334 aut
437 2297 821 2353 quemcunque
872 2285 1036 2338 alium
1092 2286 1183 2355 qui
1235 2296 1668 2343 connumeratur

112 2368 227 2425 inter
248 2371 487 2438 clericos,
522 2384 615 2429 aut
643 2386 865 2446 accepta
891 2378 1117 2446 pecunia
1150 2379 1485 2435 ordinaverit
1522 2395 1667 2436 acco-

113 2478 330 2532 nomum,
378 2466 431 2522 id
480 2478 568 2523 est
607 2468 942 2525 defensorem
1017 2471 1132 2527 sive
1179 2473 1617 2542 paramonarium
1646 2516 1662 2541 ,

111 2554 376 2626 quicunque
403 2573 542 2628 ergo
565 2558 679 2614 hzec
703 2560 996 2616 meditatus
1026 2560 1215 2626 fuerit,
1241 2562 1354 2618 sive
1384 2566 1667 2622 convictus

115 2639 263 2712 luerit,
291 2646 402 2717 ipse
441 2649 666 2719 quidem
723 2650 915 2706 subeat
959 2652 1158 2723 gradus
1187 2654 1267 2709 sui
1303 2655 1564 2726 periculi,
1612 2667 1666 2713 et

115 2734 275 2799 quisic
295 2736 576 2793 ordinatus
608 2737 799 2806 fuerit,
840 2741 1041 2796 nullum
1082 2744 1280 2799 habeat
1333 2745 1565 2801 fructum
1596 2762 1664 2802 ex

113 2820 377 2895 huiusmodi
405 2830 764 2887 mercimonio
790 2842 843 2886 et
873 2834 1146 2890 creatione
1175 2838 1457 2904 probrosa,
1474 2838 1567 2893 sed
1594 2840 1667 2896 sit

116 2914 287 2972 alienus
316 2926 366 2973 et
399 2919 687 2991 dignitatis
722 2931 777 2977 et
810 2922 1189 2981 sollicitudinis
1228 2925 1347 2995 eius
1372 2942 1533 2997 quam
1563 2944 1662 2998 per

1771 1738 1922 1804 dare,
1958 1746 2122 1809 atque
2173 1739 2466 1796 observare
2488 1739 2690 1810 ieiunia
2740 1752 2796 1797 et
2821 1746 3094 1802 orationes
3123 1748 3177 1802 in
3223 1749 3361 1807 locis

1768 1828 1823 1882 in
1853 1827 2048 1897 quibus
2067 1829 2232 1883 semel
2259 1828 2369 1884 Deo
2395 1844 2454 1884 se
2479 1830 2815 1886 devoverunt
2859 1844 3268 1905 permanentes,
3302 1848 3360 1893 et

1770 1933 1947 1988 neque
1974 1918 2379 1975 communicare
2425 1919 2821 1977 ecclesiasticas
2860 1938 3037 1994 neque
3068 1925 3360 1983 saeculares

1769 2008 1978 2079 aliquas
1999 2018 2296 2066 attrectare
2323 2011 2566 2066 actiones
2592 2013 2961 2083 relinquentes
3000 2017 3219 2086 propria
3248 2032 3359 2073 mo-

1767 2102 2027 2165 nasteria,
2060 2101 2162 2155 nisi
2201 2100 2340 2157 forte
2375 2102 2671 2172 iubeantur
2702 2115 2921 2177 propter
2960 2114 3227 2179 urgentes
3257 2123 3355 2165 ne-

1766 2189 2049 2245 cessitates
2091 2191 2160 2246 ab
2194 2189 2362 2261 ipsius
2392 2193 2626 2249 civitatis
2650 2195 2925 2266 episcopo;
2968 2206 3024 2251 et
3074 2198 3348 2252 neminem

1736 2292 1741 2297 '
1767 2294 2047 2335 servorum
2076 2282 2278 2353 suscipi
2305 2283 2357 2337 in
2389 2287 2776 2341 monasterium
2805 2298 2862 2343 ut
2884 2289 2954 2342 sit
2991 2304 3112 2343 cum
3144 2290 3224 2345 eis
3249 2306 3359 2345 mo-

1746 2369 1997 2435 Inachus,
2030 2370 2133 2426 nisi
2167 2385 2290 2426 cum
2326 2372 2540 2429 Domini
2586 2377 2791 2446 proprii
2823 2379 3178 2443 conscientia,
3220 2395 3362 2451 prm-

1769 2466 2068 2515 tereuntem
2107 2475 2238 2517 vero
2267 2464 2384 2518 haec
2404 2465 2738 2521 decrevimus
2752 2475 2902 2521 extra
2924 2470 3359 2525 communionem

1766 2565 1920 2616 esse,
1976 2567 2045 2607 ue
2102 2567 2299 2608 nomen
2350 2553 2563 2609 Domini
2617 2555 3043 2626 blasphemetur.
3095 2558 3358 2615 Convenit

1766 2658 1896 2714 ergo
1922 2644 2156 2700 civitatis
2186 2646 2441 2717 episcopo
2467 2662 2651 2703 curam
2696 2648 3225 2720 sollicitudinemque
3261 2662 3360 2706 ne-

1770 2736 2066 2792 cessariam
2094 2739 2436 2793 monasteriis
2459 2738 2738 2794 exhibere.
3198 2802 3201 2805 η

1836 2826 1903 2883 γ.
1944 2825 2172 2897 Propter
2198 2841 2293 2883 eos
2322 2829 2611 2899 episcopos
2639 2829 2755 2885 sive
2795 2824 3024 2885 clericos
3058 2829 3149 2900 qui
3180 2829 3248 2885 de
3284 2831 3363 2885 ci-

1748 2917 1936 2972 vitate
1985 2918 2052 2972 ad
2101 2918 2374 2975 civitatem
2429 2928 2733 2985 transeunt,
2788 2920 2992 2993 placuit
3012 2921 3361 2978 deﬁnitiones

114 3007 331 3071 pecunias
355 3008 605 3075 intravit,
634 3012 728 3066 sed
759 3019 814 3067 et
844 3012 933 3068 ille
961 3014 1050 3082 qui
1078 3023 1187 3069 tam
1226 3010 1486 3087 turpibus
1514 2997 1573 3072 et
1595 3018 1657 3073 il-
1688 2997 1732 3060 C
1767 3013 1920 3069 datas
1959 3028 1990 3068 a
2017 3016 2240 3085 _sanctis
2280 3013 2534 3070 Patribus
2582 3015 2783 3072 habere
2827 3016 3102 3089 propriam
3130 3015 3365 3071 ﬁrmita-

116 3093 245 3153 iicitis
279 3101 608 3158 intercessor
636 3104 904 3175 apparuit,
930 3107 1194 3177 siquidem
1219 3108 1450 3166 clericus
1477 3111 1660 3177 fuerit,

115 3186 166 3240 de
184 3193 381 3261 proprio
426 3193 679 3250 discedat
714 3198 902 3267 gradu.
942 3197 1002 3254 Si
1032 3213 1161 3255 vero
1190 3200 1362 3258 laicus
1405 3202 1522 3258 sive
1551 3220 1667 3260 Ino-

117 3280 284 3337 uachus
300 3281 485 3349 fuerit,
512 3287 801 3342 anathema
837 3288 927 3344 sit.

168 3370 239 3425 ΙΙΙ.
269 3373 527 3433 Pervenit
557 3377 609 3432 in
636 3388 880 3434 sanctam
904 3379 1167 3451 synodum
1197 3378 1324 3453 quia
1353 3380 1422 3437 de
1457 3380 1544 3437 his
1570 3383 1662 3452 qui

117 3460 159 3514 in
194 3464 324 3520 clero
360 3478 847 3538 connumerantur,
875 3471 1092 3541 quidam
1129 3482 1352 3544 propter
1379 3474 1557 3545 turpis
1583 3475 1665 3531 lu-

116 3553 177 3606 cri
199 3558 406 3626 gratiam
456 3561 728 3632 majorum
757 3565 1161 3635 possessionum
1196 3566 1584 3623 conductiones
1609 3577 1665 3624 et

1746 3115 1751 3121 ’
1768 3111 1898 3160 tem.

1836 3194 1923 3249 Vl.
1960 3195 2243 3253 Neminem
2279 3206 2523 3253 aosomte
2562 3198 2803 3254 ordinari
2842 3200 3228 3273 presbyterum
3274 3199 3361 3256 vel

1765 3283 2091 3352 diaconum,
2145 3300 2248 3343 nec
2297 3290 2592 3358 quemlibet
2632 3291 2685 3343 in
2727 3291 3094 3346 ecclesiastica
3135 3290 3357 3345 ordina-

1767 3374 1912 3430 tione
1944 3376 2333 3443 constitntum,
2382 3378 2484 3433 nisi
2516 3377 2807 3435 manifeste
2847 3380 2899 3434 in
2936 3378 3179 3436 Ecclesia
3224 3380 3360 3435 civi-

1748 3467 1913 3531 ‘tatis,
1940 3466 2060 3523 sive
2094 3467 2474 3537 possessionis,
2502 3477 2597 3523 aut
2643 3469 2694 3524 in
2724 3469 3007 3540 martyrio,
3038 3480 3132 3525 aut
3161 3468 3215 3524 in
3246 3485 3357 3524 mo-

1766 3558 2010 3613 nasterio
2048 3559 2136 3614 hic
2162 3559 2253 3628 qui
2275 3558 2558 3613 ordinatur
2580 3566 2851 3616 mereatur
2868 3558 3230 3616 ordinationis
3254 3575 3359 3631 pu-

119 3659 275 3705 esusas
311 3653 605 3711 smenlares
648 3656 991 3726 suscipiunt,
1042 3667 1096 3714 et
1135 3659 1344 3729 seipsos
1385 3660 1601 3731 quidem
1631 3677 1661 3717 ιι
1750 3649 1971 3706 blicare
1999 3648 2343 3705 vocabulum.
2380 3649 2582 3705 Eorum
2607 3649 2697 3719 qui
2741 3647 2986 3704 absolute
3012 3648 3358 3714 ordinantur,

119 3736 389 3797 ministeriis
413 3744 622 3799 sanctis
651 3761 749 3814 per
769 3746 1030 3801 desidiam
1066 3756 1341 3816 separant,
1374 3748 1441 3804 ad
1469 3750 1661 3806 densos
1763 3738 2004 3795 ἀεθτθνίί
2025 3747 2209 3794 sane“!
2237 3739 2474 3810 δΥηοάυδ
2518 3753 2743 3794 vacuam
2772 3738 2976 3793 habere
3019 3751 3213 3793 mimus
3252 3737 3359 3790 im“

117 3836 259 3885 autem
296 3815 638 3890 smetrlarium
672 3845 1000 3893 concurrunt
1028 3845 1084 3893 et
1118 3815 1665 3897 substantiarum‘eo-
1762 3830 2107 3901 Ροδίῑῗοηθῐην
2144 3837 2200 3886 εί
2232 3829 2439 3885 "nullm
2467 3829 2575 3884 ιθῐθ
2634 3827 2835 3884 {aetum
2878 3827 3061 3883 "ille"!
3095 3826 3162 3881 ad
3213 3824 3358 3917 ῖηὶιι-

119 3934 211 3974 rum
236 3927 646 3994 gubernationes
693 3931 935 3985 avaritiae
987 3944 1154 3985 causa
1203 3932 1527 4001 suscipiunt.
1562 3934 1666 3989 De-

117 4013 255 4070 crevit
278 4030 403 4086 ergo
431 4028 625 4073 sancta
643 4027 696 4075 et
726 4035 919 4091 magna
941 4020 1200 4092 synodus,
1225 4022 1494 4077 neminem
1518 4022 1666 4077 dein-

117 4116 216 4168 ατη
241 4119 440 4173 eorum,
475 4108 577 4164 hoc
600 4118 713 4175 est,
736 4125 841 4164 non
867 4111 1179 4180 episcopum
1200 4150 1215 4177 ,
1245 4111 1361 4166 sive
1383 4111 1662 4179 clericum,

126 4202 201 4247 aut
223 4201 537 4255 monachum
580 4200 882 4257 conducere
902 4203 1295 4272 possessiones,
1326 4211 1418 4258 aut
1446 4204 1662 4260 misceri

119 4286 420 4347 mulieribus
451 4288 947 4362 procurationibus,
973 4292 1077 4348 nisi
1102 4294 1239 4349 forte
1266 4294 1579 4365 quilegibus
1594 4296 1661 4350 ad

1766 3921 1901 3975 riam
1935 3919 2050 3989 eius
2079 3920 2170 3991 qui
2198 3935 2319 3976 eum
2347 3919 2638 3976 ordinavit.

1837 4010 1945 4067 VII.
1987 4012 2094 4068 Eos
2116 4013 2206 4082 qui
2239 4012 2406 4068 semel
2435 4013 2488 4067 in
2520 4011 2665 4067 clero
2691 4010 3129 4086 taxatijl‘uerunt,
3155 4010 3270 4065 sive
3303 4008 3359 4065 in

1766 4105 2110 4161 mOnasteriis
2153 4104 2433 4174 deputati,
2465 4105 2841 4171 decrevimus,
2881 4118 3059 4175 neque
3105 4104 3172 4158 ad
3208 4101 3355 4157 milio

1768 4195 1918 4260 tiam,
1942 4209 2115 4265 neque
2140 4196 2206 4249 ad
2235 4195 2478 4251 honores
2502 4195 2792 4251 saeculares
2816 4197 3021 4250 venire.
3048 4192 3155 4250 Eos
3178 4202 3357 4247 autem

1767 4286 1856 4355 qui
1886 4287 1988 4340 hoc
2013 4285 2128 4338 ausi
2174 4283 2393 4340 fuerunt
2437 4284 2615 4340 facere
2639 4295 2693 4340 et
2727 4300 2830 4340 non
2859 4290 3038 4340 actum
3074 4284 3151 4339 rei
3183 4283 3361 4363 ραδηῇ

119 4376 341 4436 minorum
366 4383 567 4440 tutelas
596 4392 812 4439 aetatum
832 4385 1004 4467 ..τεῖνε
1026 4385 1335 4442 curationes
1371 4383 1659 4443 inexcusa-

1773 4384 1879 4431 tere
1908 4373 2234 4440 maluerint,
2267 4387 2319 4431 ut
2359 4377 2425 4432 ad
2468 4376 2574 4432 hoc
2622 4378 2762 4432 idem
2810 4383 3175 4439 revertantur,
3211 4358 3358 4444 quod

118 4464 231 4525 biles
248 4474 613 4540 attrahuntur,
635 4481 728 4529 ant
753 4476 840 4530 cui
856 4464 1050 4545 'ipsius
1096 4475 1335 4530 civitatis
1371 4476 1661 4546 episcopus

120 4559 564 4621 ecclesiasticarum
592 4580 775 4621 rerum
798 4564 1129 4621 commiserit
1161 4565 1661 4635 gnbernacula,-vel

123 4651 463 4723 orphanorum,
490 4665 584 4712 aut
613 4657 891 4713 viduarum
917 4670 1039 4726 qua:
1067 4655 1361 4712 indefensa:
1387 4666 1534 4723 sunt,
1566 4667 1662 4712 aut

124 4747 274 4796 earum
309 4760 657 4814 personarum
696 4761 816 4817 qum
845 4747 1082 4801 ma-xi'me
1113 4746 1484 4802 ecclesiastico
1521 4746 1662 4802 iudi-

126 4841 224 4895 gent
245 4836 578 4903 adminiculo,
608 4848 830 4909 propter
855 4838 1101 4893 timorem
1125 4839 1241 4894 Dei.
1272 4838 1330 4894 Si
1366 4839 1489 4910 quis
1533 4853 1662 4895 vero

126 4926 448 4998 transgressus
476 4930 639 4986 fuerit
667 4938 890 4997 statuta,
919 4930 1248 5000 correptioni
1278 4931 1662 4988 ecclesiastica;

126 5013 375 5079 subiaceat.

180 5103 253 5162 IV.
287 5110 382 5179 Qtii
406 5127 534 5170 vere
559 5121 617 5170 et
632 5128 769 5184 pure
799 5113 1098 5171 solitariam
1124 5113 1329 5187 eligunt
1357 5113 1546 5178 vitam,
1580 5114 1661 5170 di-

129 5195 331 5261 tinisunt
371 5203 713 5261 convenienti
759 5205 987 5260 honore.
1024 5203 1162 5272 Quia
1214 5213 1393 5259 tamen
1439 5204 1658 5274 quidam

131 5291 333 5347 monachi
365 5294 550 5351 habitu
574 5304 810 5351 ‘ntentes
857 5294 1226 5350 indiﬂ'erenter
1255 5308 1357 5364 per
1385 5294 1657 5361 civitates,

130 5388 298 5437 necnon
325 5393 379 5439 et
403 5388 729 5443 monasteria
761 5387 969 5459 seipsos
997 5386 1213 5457 propria
1240 5386 1658 5456 prtesumptione

131 5474 491 5544 coutmendaut,
522 5478 725 5549 placuit
767 5479 1060 5544 neminem,
1109 5486 1204 5532 aut
1242 5476 1535 5543 aediﬁcare,
1564 5485 1659 5532 aut

131 5561 412 5624 constituere
451 5569 818 5637 monasteria,
866 5578 960 5625 aut
1009 5568 1238 5625 oraturil
1287 5569 1506 5623 domum
1541 5567 1660 5622 sine

130 5652 410 5713 mnsclentia
430 5660 597 5732 ipsius
620 5661 856 5718 civitatis
874 5661 1135 5733 episcopi.
1158 5660 1266 5716 Eos
1284 5673 1416 5716 vero
1444 5659 1534 5730 qui
1559 5672 1660 5729 per

132 5738 326 5814 singulas
360 5752 602 5810 civitates
654 5768 747 5809 seu
789 5746 1161 5824 possessiones
1207 5752 1262 5808 in
1308 5750 1660 5809 monasteriis

1056 5984 1101 5996 ἡ

1765 4477 1890 4523 ante
1939 4469 2221 4524 obtentum
2273 4467 2367 4525 Dei
2415 4466 2815 4541 proposuerunt
2845 4468 2946 4524 sibi
2993 4466 3355 4524 anathemati‘

1762 4558 1901 4613 zari.
2870 4574 2873 4575 '

1839 4648 1971 4706 Vill.
1993 4648 2191 4705 Clerici
2216 4650 2267 4704 in
2290 4651 2584 4721 parocbiis,
2611 4651 2955 4706 monasteriis
2977 4646 3356 4720 autmartyriis

1761 4742 2064 4805 constituti,
2088 4741 2187 4795 sub
2207 4749 2474 4811 potestate
2501 4743 2605 4797 sint
2623 4742 2738 4813 eius
2754 4742 2913 4812 quiin
2950 4754 3011 4795 ea
3035 4751 3116 4795 est
3134 4741 3354 4794 civitate

1738 4876 1739 4879 η
1764 4833 2053 4903 episcOpus
2074 4832 2369 4886 secundum
2396 4831 2736 4887 traditionem
2772 4839 3078 4886 sanctorum
3103 4828 3350 4893 Patrum,

1758 4932 1864 4978 nec
1885 4938 1981 4992 per
1997 4922 2473 4992 praesumptionem
2511 4922 2763 4976 recedant
2779 4936 2807 4973 a
2824 4934 2924 4974 suo
2946 4919 3225 4989 episcopo.
3245 4918 3352 4974 Eos

1761 5029 1892 5069 vero
1918 5014 2008 5083 qui
2032 5013 2148 5068 ausi
2179 5012 2394 5067 fuemut
2431 5011 2746 5068 rescindere
2789 5009 3095 5077 huiusmodi
3130 5010 3352 5065 institu-

1765 5104 1963 5159 tionem
1990 5116 2319 5174 qnocunqne‘
2350 5104 2533 5168 modo,
2561 5101 2647 5156 vel
2674 5101 2718 5155 si
2749 5099 3022 5154 noluerint
3069 5097 3352 5168 subiacere

1762 5197 1984 5267 proprio
2011 5198 2289 5268 episcopo,
2315 5196 2359 5251 si
2385 5195 2603 5265 quidem
2635 5190 2835 5246 fuerint
2875 5189 3078 5255 clerici,
3101 5206 3202 5263 pro
3228 5206 3350 5263 per-

1762 5301 2021 5343 sonarum
2057 5285 2399 5341 ordinatione
2428 5282 2744 5352 subiaceant
2807 5279 3347 5337 condemnationibus

1762 5388 2051 5432 canonum.
2078 5374 2137 5431 Si
2163 5390 2294 5433 vero
2316 5374 2566 5432 monachi
2590 5388 2684 5429 seu
2709 5371 2831 5428 laici
2857 5370 3078 5440 fuerint,
3102 5386 3345 5429 commu-

1762 5469 1926 5524 nione
1950 5468 2254 5538 priventur.
2604 5488 2605 5497 ι
2798 5486 2803 5491 ο

1831 5560 1929 5617 IX.
1971 5559 2028 5616 Si
2062 5560 2292 5615 clericus
2326 5555 2586 5613 adversus
2628 5556 2886 5615 clericum
2933 5556 3134 5614 habeat
3180 5548 3352 5625 nego;

1762 5653 1920 5718 tium,
1953 5664 2060 5707 non
2091 5651 2360 5720 relinquat
2383 5662 2540 5705 suum
2566 5648 2878 5720 episcopum
2908 5656 2963 5703 et
2984 5646 3051 5702 ad
3067 5642 3355 5723 macularit

1764 5743 1969 5815 iudicia
2000 5749 2310 5808 concurrat,
2341 5742 2435 5797 sed
2462 5743 2609 5812 prius
2639 5745 2911 5814 negotium
2943 5738 3178 5811 agitetur
3205 5736 3353 5796 apud

2446 5842 2447 5845 η
2756 5848 2761 5851 ,
3226 5824 3343 5861 ἠδ
