3908 5434
538 321 638 377 su
1438 315 1728 371 APPEND.
1777 315 1869 370 AD
1897 313 2072 370 sec.
2111 292 2586 367 Ix."—I‘tstnont
2624 294 3064 358 MERCATORIS
3704 286 3793 351 si:

508 428 820 504 ‘proprtum
867 431 1199 503 episcopum,
1243 429 1327 484 vel
1364 437 1514 485 certe
1565 429 1610 484 si
1650 426 1815 483 fuerit
1856 425 2120 496 judicium
2153 428 2203 489 Α
2230 422 2368 475 hanc
2389 413 2758 472 dillinitionem
2794 420 2995 466 sancta:
3020 404 3577 504 synomprzeterierit,
3607 406 3793 476 regula-

552 527 720 597 ipsius
745 525 1003 596 episcopi,
1032 524 1173 595 apud
1197 524 1430 577 arbitros
1464 536 1530 576 ex
1559 529 1790 590 utraque
1832 527 1986 591 parte
2018 516 2124 573 ele-

543 625 662 669 ctos
685 614 937 668 audiatur
958 614 1253 685 negotium.
1282 612 1341 666 Si
1366 612 1491 681 quis
1520 626 1649 666 vero
1671 620 1859 665 contra
1892 609 2006 662 haec
2046 607 2125 662 fe-

544 706 702 770 cerit,
729 720 996 759 canonum
1024 704 1301 774 subjaceat
1322 702 1774 773 correptionibus.
1806 700 1873 754 Et
1902 700 1945 755 si
1971 698 2127 754 cleri-

547 809 645 850 cus
686 795 947 849 adversus
1005 810 1161 849 suum
1208 792 1294 848 vel
1347 793 1512 846 alium
1562 793 1874 861 episcopum
1934 789 2131 844 babeat

548 901 796 952 causam,
823 887 962 956 apud
991 886 1322 941 audientiam
1356 884 1545 957 synodi
1578 882 1871 957 provinciae
1892 894 2131 950 conque-

548 988 722 1031 ratur.
753 977 811 1032 Si
835 993 962 1033 vero
990 989 1179 1033 contra
1225 978 1396 1048 ipsius
1440 977 1728 1049 provinciae
1755 950 2129 1046 metropolita-

549 1082 677 1121 num
703 1067 1012 1138 episcopum
1040 1068 1324 1138 epISCOptlS
1351 1068 1465 1123 sive
1502 1066 1736 1121 clericus
1777 1065 1975 1120 habeat
2003 1080 2131 1119 con-

550 1156 893 1221 troversiam,
922 1166 1111 1228 pergat
1130 1158 1197 1212 ad
1231 1157 1400 1227 ipsius
1428 1151 1680 1211 dioecesis
1708 1155 2019 1225 primatem,
2040 1162 2134 1207 aut

549 1256 696 1302 certe
724 1246 791 1301 ad
818 1246 1427 1317 Constantinopolitanre
1466 1246 1627 1316 regiae
1649 1244 1887 1301 civitatis
1913 1245 2097 1299 sedem
2115 1282 2129 1309 ,

550 1346 608 1392 ut
630 1352 819 1393 eorum
843 1338 918 1393 ibi
949 1340 1226 1409 proprium
1257 1338 1530 1410 negotium
1558 1337 1896 1406 exquiratur.

621 1426 692 1481 X.
732 1427 849 1482 Non
879 1428 1044 1484 licere
1082 1428 1340 1485 clericum
1386 1429 1438 1483 in
1465 1428 1709 1483 ecclesiis
1733 1427 1962 1482 duarum
2007 1426 2136 1482 civi-

553 1529 722 1575 tatum
752 1521 1014 1585 ordinari,
1042 1522 1137 1577 sed
1168 1522 1222 1577 in
1264 1537 1326 1576 ea
1358 1522 1410 1576 iu
1438 1537 1543 1591 qua
1573 1520 1639 1575 ab
1668 1520 1827 1575 initio
1852 1519 2134 1574 ordinatus

551 1621 655 1680 est,
690 1620 745 1669 et
780 1612 934 1684 cujus
978 1614 1236 1685 expetitio
1277 1621 1394 1668 erat
1439 1621 1565 1668 ante
1608 1610 1932 1681 profugiunt.
1974 1609 2042 1663 Et
2086 1607 2133 1662 si

551 1714 772 1775 propter
810 1719 962 1760 vanae
987 1705 1175 1776 gloria:
1204 1704 1534 1760 desiderium
1568 1703 1877 1774 contigerit,
1912 1709 1973 1755 ut
2010 1708 2131 1770 post

2223 523 2342 563 rum
2368 502 2911 561 condenmationibus
2946 498 3244 567 subjaceat.

2295 593 2412 649 XV.
2451 593 2815 648 Diaconissam
2862 605 2967 645 non
3020 587 3219 644 debere
3268 598 3393 642 ante
3434 586 3785 656 quadraginta

2228 701 2397 741 annos
2424 683 2687 748 ordinari,
2713 690 2768 736 et
2807 682 2908 735 IIOC
2938 695 3058 735 cum
3087 679 3327 749 diligenti
3382 678 3727 748 probatione.
3753 676 3795 731 Si

2234 790 2361 829 vero
2390 773 2687 843 susceperit
2712 771 3108 826 ordinationem
3139 778 3192 823 et
3227 776 3662 836 quantocunque
3689 776 3799 819 tem-

2228 880 2359 936 pore
2383 863 2753 919 observaverit
2789 860 3170 924 ministerium,
3214 869 3268 915 et
3298 869 3488 928 postea
3535 872 3600 913 se
3628 859 3800 927 nuptiis

2234 954 2533 1020 tradiderit,
2582 951 2832 1021 injuriam
2876 950 3078 1006 faciens
3125 949 3219 1005 Dci
3267 950 3479 1019 gratiae,
3524 949 3652 1002 haec
3698 963 3802 1001 ana-

2233 1047 2413 1103 thema
2437 1046 2528 1111 sit,
2552 1060 2673 1099 cum
2703 1058 2768 1101 eo
2796 1044 2887 1114 qui
2918 1044 2971 1100 in
2999 1043 3140 1098 illius
3166 1042 3368 1113 nuptiis
3398 1041 3687 1097 convenit.

2306 1136 2445 1192 XVI.
2494 1136 2554 1191 Si
2585 1152 2691 1205 qua
2742 1136 2896 1204 virgo
2937 1150 2996 1191 se
3029 1135 3362 1190 dedicaverit
3405 1134 3550 1198 Deo,
3584 1133 3807 1188 similiter

2235 1228 2550 1292 monachus,
2587 1241 2691 1281 non
2726 1226 2890 1281 licere
2931 1226 3011 1281 eis
3038 1224 3190 1296 jungi
3225 1224 3446 1294 nuptiis.
3496 1222 3561 1277 Si
3592 1238 3719 1278 vero
3744 1224 3805 1276 iu-

2235 1319 2382 1372 venti
2432 1316 2634 1371 fuerint
2680 1316 2783 1370 hoc
2825 1314 3116 1378 facientes,
3153 1322 3406 1368 maneant
3450 1313 3809 1367 excommuni-

2236 1410 2364 1465 cati.
2390 1408 2691 1463 Statuimus
2712 1422 2842 1471 vero
2861 1422 3019 1477 posse
3035 1407 3087 1460 in
3111 1406 3188 1461 eis
3207 1405 3388 1460 facere
3406 1405 3807 1469 humanitatem,

2235 1501 2279 1555 si
2306 1501 2377 1554 ita
2402 1497 2711 1569 probaverit
2737 1497 2841 1553 loci
2865 1500 3169 1568 episcopus.

2305 1589 2469 1645 XVII.
2512 1589 2616 1644 Per
2643 1587 2882 1658 singulas
2902 1587 3159 1644 ecclesias
3180 1587 3518 1651 rusticanus,
3548 1585 3807 1656 parochias

2237 1682 2352 1737 sive
2394 1682 2783 1752 possessiones,
2814 1696 3032 1736 manere
3085 1680 3389 1736 immobiles
3434 1680 3592 1750 apud
3618 1694 3709 1734 eos
3740 1679 3809 1749 qui

552 1792 620 1848 ad
646 1792 1220 1863 majoremecclesiarn
1247 1792 1586 1864 confugerit,
1616 1808 1738 1847 eum
1766 1769 2134 1846 indubitanter

2251 1788 2335 1827 eas
2364 1772 2600 1827 retinent
2638 1771 2939 1841 episcopos,
2969 1778 3024 1825 et
3051 1772 3284 1824 maxime
3322 1770 3411 1839 qui
3442 1786 3550 1823 eas
3581 1769 3698 1824 sine
3718 1770 3809 1820 vie-

551 1886 797 1942 revocari
827 1885 1025 1941 debere
1052 1886 1118 1940 ad
1141 1900 1263 1940 eam
1287 1885 1469 1953 inqua
1504 1884 1571 1937 ab
1603 1882 1827 1938 exordio
1849 1881 2137 1937 ordinatus

551 1984 656 2040 est,
690 1983 746 2030 et
775 1975 847 2030 ibi
878 1973 1601 2029 tantummodoministrare.
1630 1971 1688 2025 Si
1716 1970 1837 2041 quis
1876 1969 2135 2039 verojam

554 2066 849 2123 translatus
871 2074 953 2120 est
972 2064 1040 2119 ab
1064 2064 1244 2118 aliain
1273 2063 1431 2116 aliam
1456 2059 1765 2122 ecclesiam,
1790 2059 1922 2114 nihil
1947 2058 2140 2112 habeat

552 2170 838 2211 commune
858 2170 982 2210 cum
1004 2155 1185 2224 priore
1210 2152 1464 2217 ecclesia,
1491 2152 1605 2208 sive
1626 2150 1729 2206 sub
1758 2149 1986 2205 ecclesia
2008 2165 2142 2205 con-

556 2243 763 2300 stitutis
794 2243 1092 2315 martyriis,
1116 2242 1229 2297 sive
1266 2242 1321 2297 in
1359 2240 1632 2310 parocltiis
1658 2238 1738 2294 vel
1765 2238 2134 2304 xenodochiis,

558 2346 652 2393 aut
674 2352 861 2395 eorum
904 2335 1150 2407 negotiis.
1201 2333 1309 2389 Eos
1334 2348 1462 2387 vero
1488 2332 1579 2403 qui
1600 2331 1728 2385 ausi
1773 2329 1975 2385 fuerint
2018 2337 2140 2399 post

559 2430 956 2487 ordinationem
1010 2426 1168 2496 hujus
1213 2442 1422 2499 magna:
1473 2434 1528 2480 et
1571 2424 1894 2480 universalis
1946 2423 2138 2494 synodi

550 2538 710 2595 agere
743 2519 1167 2593 quieproltiliita
1223 2528 1366 2583 sunt,
1415 2518 1603 2572 statuit
1648 2525 1836 2571 sancta
1888 2514 2123 2585 synodus

559 2615 756 2669 cadere
784 2614 851 2668 de
886 2612 1106 2683 proprio
1131 2612 1321 2684 gradu.

622 2705 712 2761 XI.
754 2706 953 2762 Omnes
997 2718 1258 2775 pauperes
1292 2711 1348 2756 et
1389 2703 1691 2774 indigentes
1740 2698 2127 2765 ecclesiasticis

555 2797 771 2852 auxiliis
797 2812 920 2851 cum
946 2795 1362 2865 proﬁciscuntur
1395 2794 1499 2847 sub
1527 2791 1850 2863 probatione
1880 2788 2140 2860 episwlii,

554 2888 668 2944 sive
690 2892 863 2959 pacis,
893 2903 1011 2957 quae
1042 2886 1297 2940 dicuntur
1331 2883 1734 2960 ecclesias_tic:e,
1766 2879 2142 2936 tantummodo

554 2979 925 3037 commendari
965 2979 1277 3042 statuimus,
1321 2985 1376 3031 et
1410 2991 1514 3031 non
1537 2973 1993 3030 commendatitiis
2029 2972 2141 3042 epi-

557 3071 730 3138 stolis,
766 3070 893 3141 quia
924 3067 1394 3131 cotnmendatitias
1432 3066 1689 3136 epistolas
1715 3080 1851 3136 quas
1882 3064 2138 3129 dicimus,

556 3176 652 3217 eos
680 3170 889 3216 tantum
915 3162 1162 3231 accipere
1191 3158 1446 3215 convenit
1475 3159 1566 3228 qui
1594 3158 1649 3213 in
1679 3172 1842 3230 opere
1876 3164 2001 3211 sunt
2031 3155 2142 3211 ela-

558 3251 751 3314 riores,
780 3261 838 3304 ut
857 3251 936 3305 eis
962 3251 1333 3304 tantummodo
1363 3249 1727 3320 praebeantur.
2112 3308 2115 3313 λ

636 3339 753 3395 XII.
791 3340 1131 3395 Pervenitad
1163 3356 1259 3395 nos
1288 3354 1352 3396 eo
1390 3340 1536 3410 quod
1561 3339 1781 3409 quidam
1824 3346 2021 3409 prreter
2049 3351 2143 3393 (c-

558 3429 897 3487 clesiasticos
944 3432 1166 3485 ordines
1206 3428 1525 3486 alfeetantes
1553 3428 1850 3500 potentiam
1888 3442 1985 3497 per
2010 3442 2141 3497 pra—

558 3522 846 3593 gmaticum
882 3521 1112 3577 formam
1142 3536 1320 3599 uuam
1368 3519 1703 3590 provinciam
1753 3520 1807 3574 in
1838 3517 1974 3573 duas
2004 3516 2144 3571 divi-

562 3613 711 3679 dant,
750 3615 825 3667 ita
858 3621 917 3667 ut
963 3628 1030 3668 ex
1071 3612 1175 3667 hoc
1221 3612 1571 3666 inveniantur
1597 3610 1702 3665 duo
1743 3607 2145 3678 metropolitani

556 3704 794 3773 episcopi
828 3703 883 3757 in
926 3703 1117 3777 eadem
1148 3716 1255 3755 una
1283 3715 1405 3755 esse
1443 3699 1744 3769 provincia.
1780 3696 1982 3752 Statuit
2019 3711 2147 3768 ergo

560 3801 749 3848 sancta
823 3792 1059 3862 synodus
1114 3791 1366 3867 deinceps
1434 3788 1571 3843 nihil
1642 3788 1749 3842 tale
1802 3787 2058 3842 attentari
2113 3804 2145 3842 a

559 3884 801 3954 quolibet
825 3884 1076 3953 episcopo
1122 3882 1228 3936 Eos
1257 3896 1384 3936 vero
1410 3881 1501 3951 qui
1534 3878 1638 3934 tale
1661 3878 1864 3948 aliquid
1906 3886 2150 3933 tentave—

558 3975 691 4039 rint,
717 3973 783 4028 de
814 3973 1030 4043 proprio
1052 3972 1219 4044 gradu
1241 3971 1455 4027 cadere.
1480 3969 1537 4025 Si
1564 3985 1684 4039 quae
1709 3983 1836 4023 vero
1861 3978 1986 4024 ante
2017 3968 2149 4023 civi-

563 4072 701 4118 tates
751 4077 847 4132 pcr
898 4052 1287 4132 pragmaticum
1350 4046 1685 4130 imperialem
1746 4056 2146 4127 metropolitani

560 4153 801 4209 nominis
848 4154 1054 4208 honore
1093 4151 1360 4206 decorata:
1395 4158 1520 4205 sunt
1548 4149 1764 4203 nomine
1792 4148 1907 4203 solo
1937 4146 2146 4218 perfru-

559 4254 743 4309 antur,
784 4252 838 4298 et
870 4242 961 4312 qui
1002 4240 1287 4297 ecclesiam
1322 4240 1438 4310 ejus
1472 4239 1610 4310 regit
1651 4240 1953 4309 episcopus,
1981 4235 2149 4308 privi-

563 4331 702 4403 legio
729 4331 1140 4402 metmpolitano
1166 4331 1418 4400 episc0po
1449 4329 1572 4399 jure
1602 4330 1820 4399 proprio
1843 4336 2140 4384 reservato.

635 4422 768 4477 XIII.
809 4422 1137 4477 Extraneum
1172 4420 1424 4475 clericum
1450 4429 1504 4474 et
1534 4419 1787 4474 lectorem
1823 4429 1976 4473 extra
2020 4417 2147 4472 civi-

2238 1864 2401 1919 leutia
2428 1862 2542 1932 jam
2591 1878 2689 1933 per
2726 1863 2942 1933 triginta
2992 1876 3166 1915 annos
3211 1869 3457 1914 tenentes
3488 1848 3811 1930 gubernave-

2238 1968 2384 2014 runt.
2433 1958 2490 2013 Si
2524 1972 2652 2012 vero
2683 1956 2823 2011 intra
2851 1955 3069 2026 triginta
3111 1970 3282 2008 annos
3304 1953 3420 2022 jam
3466 1953 3624 2006 facta
3656 1949 3808 2009 fuerit,

2212 2059 2334 2125 _aut
2379 2050 2491 2116 fiat,
2523 2050 2589 2104 de
2621 2050 2705 2104 his
2732 2048 3016 2104 altercatio
3048 2046 3211 2101 licere
3235 2046 3315 2100 eis
3337 2043 3449 2116 74
3474 2044 3582 2113 qui
3608 2058 3668 2097 se
3690 2042 3810 2095 dixe.

2240 2149 2367 2195 runt
2406 2130 2562 2194 laesos
2591 2148 2810 2209 propter
2848 2152 2941 2192 eas
2977 2149 3192 2190 movere
3218 2135 3360 2204 apud
3403 2132 3685 2203 synodum
3710 2145 3810 2199 pro-

2239 2232 2431 2288 vincia:
2461 2240 2758 2286 certamen.
2796 2226 2853 2283 Si
2880 2226 3002 2298 quis
3024 2239 3152 2281 vero
3173 2223 3449 2294 putaverit
3470 2237 3539 2278 se
3573 2238 3604 2276 a
3625 2220 3811 2292 proprio

2239 2322 2656 2392 metropolitano
2704 2319 2918 2392 gravari
2972 2319 3112 2388 apud
3166 2317 3458 2388 primatem
3516 2316 3806 2373 ditecesets.

2239 2424 2333 2471 aut
2368 2415 2509 2485 apud
2550 2410 3157 2482 Constantinopoliumm
3187 2408 3427 2464 civitatis
3452 2407 3675 2472 sedem,
3717 2415 3810 2473 agat

2233 2507 2522 2579 judicium,
2559 2505 2701 2560 sicut
2728 2503 2930 2559 dictum
2962 2508 3065 2556 est.
3099 2499 3156 2555 Si
3188 2514 3314 2554 vero
3361 2497 3629 2568 qualibet
3654 2495 3811 2551 civitas

2241 2614 2338 2669 per
2364 2596 2743 2652 auctoritatem
2770 2589 3103 2662 imperialem
3135 2596 3395 2644 renovata
3426 2594 3543 2651 est,
3570 2595 3669 2640 aut
3690 2585 3732 2639 si
3751 2598 3811 2637 re-

2177 2726 2180 2730 ι
2226 2697 2490 2754 novetur,
2532 2685 2587 2740 in
2635 2692 2910 2755 posterum
2953 2680 3202 2737 civilibus
3233 2689 3289 2753 et
3332 2679 3580 2749 publicis
3628 2676 3812 2732 ordina-

2245 2780 2499 2845 tionibus,
2530 2778 2695 2834 etiam
2723 2773 3082 2831 ecclesiarum
3137 2770 3617 2845 parocltianarum
3662 2781 3813 2837 sequ

2246 2879 2337 2925 tur
2359 2870 2661 2925 ordinatio:

2313 2957 2495 3016 XVIII.
2536 2959 2976 3028 Coujurationum
3007 2966 3062 3011 et
3100 2954 3579 3026 conspirationum
3609 2953 3809 3011 crimen,

2244 3055 2387 3127 quod
2440 3053 2581 3124 apud
2614 3053 2832 3107 Graecos
2876 3050 3075 3105 dicitur
3123 3048 3348 3117 fratrea,
3390 3045 3638 3116 publicis
3681 3042 3811 3097 etiam

2247 3151 2452 3220 legibus
2474 3159 2683 3205 eertum
2710 3156 2794 3203 est
2818 3145 3035 3216 penitus
3056 3141 3305 3206 inhiberi,
3333 3141 3441 3196 hoc
3468 3141 3649 3194 multo
3676 3135 3813 3209 magis

2245 3245 2299 3300 in
2326 3252 2514 3299 sancta
2541 3241 2635 3296 Dei
2666 3238 2931 3302 Ecclesia,
2956 3252 3024 3291 ne
3052 3234 3169 3300 flat,
3197 3231 3458 3288 convenit
3483 3229 3746 3285 abdicari.
3771 3224 3811 3277 Si

2228 3335 2340 3407 qui
2373 3347 2501 3389 vero
2540 3330 2726 3388 clerici
2763 3328 2849 3384 vel
2874 3325 3133 3403 monachi
3167 3323 3370 3378 inventi
3417 3319 3632 3376 fuerint
3657 3317 3811 3387 conju-

2247 3432 2451 3489 rnntes,
2478 3430 2572 3477 aut
2593 3420 2823 3476 fratreas
2839 3416 2920 3472 vel
2937 3414 3198 3471 factiones
3219 3421 3621 3482 componentes
3641 3409 3816 3477 aliquas
3856 3409 3857 3483 ξ

2247 3514 2359 3568 suis
2402 3511 2693 3583 episcopis,
2732 3516 2826 3565 aut
2851 3506 2975 3563 aliis
3005 3504 3242 3572 clericis,
3268 3502 3500 3559 omnino
3545 3499 3739 3556 cadant
3766 3497 3815 3550 de

2248 3603 2467 3675 proprio
2506 3601 2698 3674 gradu.
2904 3586 2911 3593 ⁷

2319 3693 2831 3753 XlX..Pervenitad
2860 3706 3019 3748 aures
3048 3699 3264 3746 nostras
3289 3686 3435 3758 quod
3466 3686 3524 3741 in
3552 3680 3814 3757 provinciis

2250 3788 2543 3845 constituta
2563 3786 2941 3856 episcoporum
2971 3781 3197 3838 concilia
3221 3778 3445 3835 minime
3474 3776 3813 3833 celebrentur.
3856 3794 3857 3856 ξ

2250 3883 2328 3937 Ex
2366 3882 2468 3936 hoc
2495 3879 2778 3951 probatur,
2811 3874 2955 3945 quod
2982 3872 3162 3928 multae
3190 3885 3312 3941 quae
3340 3868 3690 3925 correctione
3709 3877 3815 3932 opus
3856 3884 3857 3899 ι

2250 3974 2486 4029 habeant
2511 3954 2892 4027 ecclesiastica:
2922 3980 3009 4019 res
3036 3962 3393 4034 negligantur.
3431 3957 3645 4013 Statuit
3684 3954 3815 4025 igitur
3856 3960 3857 3965 ‘

2250 4072 2437 4120 sancta
2471 4061 2707 4134 synodus
2749 4059 2867 4115 haec
2904 4055 3199 4112 secundum
3227 4052 3451 4106 Patrum
3491 4047 3727 4120 regulas,
3752 4043 3813 4097 his

2250 4157 2304 4212 in
2345 4168 2487 4209 anno
2517 4153 2572 4207 in
2601 4166 2768 4205 unum
2798 4147 3090 4203 convenire
3130 4158 3228 4215 per
3260 4141 3508 4211 singulas
3535 4136 3810 4208 provincias

2250 4249 2550 4320 episc0pos,
2582 4244 2674 4300 ubi
2701 4240 2909 4313 singula
2944 4253 3065 4310 quae
3086 4234 3434 4298 emerserint,
3469 4233 3809 4303 corrigantur.

2251 4318 2353 4409 Qui
2382 4318 2510 4396 vero
2536 4337 2807 4393 noluerint
2835 4332 3126 4391 convenire
3153 4328 3394 4400 episcopi
3433 4324 3735 4385 constituti,
3771 4318 3810 4371 in

2251 4431 2367 4487 suis
2392 4418 2723 4489 civitatibus,
2758 4434 2812 4481 et
2851 4425 2956 4480 hoc
3002 4421 3238 4477 maxime
3289 4434 3415 4474 cmn
3464 4416 3554 4471 sui
3602 4411 3812 4482 corporis

564 4525 728 4572 tatetn
760 4531 914 4571 suam
943 4515 1060 4570 sine
1084 4512 1542 4569 commendatitiis
1582 4512 1774 4567 litteris
1802 4510 2002 4581 proprii
2036 4509 2138 4579 epi-

2251 4521 2485 4578 sanitate
2524 4502 2910 4580 consistentes,
2945 4513 3109 4568 etiam
3147 4509 3398 4564 onmibus
3439 4507 3568 4562 aliis
3601 4501 3809 4574 urgenti-

563 4609 709 4680 scopi
738 4623 1002 4678 nusquam
1032 4607 1249 4677 penitus
1274 4605 1434 4661 liceat
1460 4605 1790 4659 ministrare.
2132 4668 2135 4673 ν

635 4701 772 4757 XIV.
813 4701 950 4768 Quia
999 4700 1052 4754 itt
1102 4699 1421 4768 quibusdam
1473 4699 1768 4768 provinciis
1825 4698 2148 4753 conceditur

562 4796 856 4868 psalmistis
878 4802 933 4851 et
951 4793 1247 4849 lectoribus
1287 4806 1483 4847 uxores
1514 4791 1779 4862 accipere,
1809 4791 1998 4845 statuit
2025 4806 2150 4845 san-

562 4899 648 4945 cta
671 4887 909 4959 synodus
938 4902 1159 4958 prorsus
1204 4901 1309 4940 non
1335 4885 1495 4939 licere
1530 4885 1783 4953 cuiquam
1813 4901 1880 4939 ex
1907 4884 1988 4939 his
2014 4884 2150 4938 alte-

566 4979 680 5034 rius
711 4986 872 5033 sectan
911 4978 1159 5048 accipere
1203 4991 1446 5030 uxorem.
1481 4974 1537 5028 Si
1584 4974 1705 5043 quis
1735 4989 1861 5028 vero
1889 4973 2147 5042 praevenit

563 5080 618 5127 et
651 5069 813 5131 habet
833 5069 944 5139 jam
976 5070 1042 5125 de
1083 5069 1173 5123 tali
1203 5069 1471 5123 connubio
1503 5066 1662 5129 ﬁlios,
1698 5067 1741 5119 si
1771 5066 1906 5121 forte
1949 5081 2149 5134 prmvc-

565 5161 707 5217 nerit
741 5176 834 5216 eos
872 5161 984 5232 jam
1014 5161 1155 5230 apud
1204 5158 1490 5213 haereticos
1537 5156 1819 5225 baptizari,
1847 5156 2004 5211 debet
2054 5171 2148 5211 eos

559 5253 758 5311 offerre
782 5262 986 5309 sancta:
1020 5251 1277 5309 Ecclesia:
1313 5250 1611 5315 catholicae,
1650 5259 1710 5303 ut
1739 5250 1809 5304 ibi
1837 5251 2146 5305 communi-

564 5353 710 5402 cent.
743 5344 841 5396 01Ιῖ
873 5361 917 5380 τ·’
943 5359 990 5364 “’
1085 5342 1114 5358 ’⁸
1233 5341 1244 5350 ’
1361 5341 1371 5346 ’
1447 5341 1479 5356 “’
1521 5356 1615 5364 ⁷““·“
1649 5352 1762 5372 “⁴¹··¹
1838 5341 2146 5395 multimodo

2251 4613 2353 4666 bus
2379 4618 2433 4664 et
2459 4585 3176 4672 inexcusabilibus'negotiis
3199 4597 3351 4652 liberi
3383 4605 3536 4659 sunt,
3563 4595 3720 4649 licere
3740 4604 3809 4644 eos

2251 4703 2510 4757 fraternae
2534 4697 2814 4755 cltaritatis
2843 4689 3301 4750 admonitionibus
3327 4682 3557 4756 corripi.

2324 4791 2442 4848 XX.
2485 4790 2726 4846 Clericos
2774 4787 2827 4842 in
2872 4785 2987 4840 suis
3024 4780 3268 4837 ecclesiis
3313 4778 3662 4839 constitutos,
3701 4772 3810 4826 sicut

2244 4886 2360 4955 jam
2386 4882 2748 4945 delinivimus,
2782 4893 2888 4933 non
2937 4876 3099 4929 licere
3132 4873 3183 4926 iu
3213 4870 3438 4924 alterius
3472 4866 3708 4922 civitatis
3738 4877 3805 4914 cr-

2254 4975 2435 5033 clesiis
2460 4971 2719 5035 ordinari,
2742 4968 2835 5025 sed
2856 4965 3200 5036 acquiescere
3225 4961 3277 5013 in
3307 4974 3370 5013 ea
3393 4958 3447 5011 iu
3472 4956 3662 5026 quaab
3688 4950 3806 5007 initio
3856 4998 3857 5005 η

2254 5066 2567 5123 ministrare
2617 5064 2970 5120 meruerunt,
3017 5051 3256 5129 exceptis
3306 5046 3412 5102 illis
3459 5046 3556 5116 qui
3594 5040 3806 5115 propria:

2255 5158 2503 5212 civitates
2531 5152 2897 5225 perdiderunt,
2929 5156 2984 5202 et
3019 5161 3086 5199 ex
3122 5139 3450 5197 necessitate
3488 5138 3557 5191 ad
3588 5136 3715 5189 alias
3735 5146 3801 5183 cc-

2256 5250 2450 5306 clesias
2500 5249 2888 5316 migraverunt.
2939 5239 2997 5295 Si
3031 5253 3157 5292 vero
3198 5234 3511 5304 quicunque
3557 5229 3803 5298 episcopus

2257 5350 2372 5411 post
2406 5338 2778 5395 dillinitionem
2822 5333 2980 5387 istam
3030 5330 3098 5385 ad
3141 5327 3306 5382 aliam
3349 5323 3665 5393 episcopum
