3926 6436
90 379 172 436 3i3

1244 386 1736 447 DECRETALIUM
1772 394 2175 456 COLLECTIO.

3208 409 3315 467 3H

144 491 268 547 XXI.
305 492 540 550 Clericos
558 494 679 579 ’sive
704 494 872 553 laicos
902 496 992 569 qui
1019 501 1391 571 accusaverim
1418 501 1628 583 cpiscoe
1660 509 1704 567 Λ
1734 507 2012 564 Anatolius
2071 513 2354 583 cpiscopus
2415 514 3024 585 Constanlittopolilante
3085 521 3320 579 civitatis

83 595 189 652 pum
231 589 315 636 aut
355 572 601 650 clericos,
645 593 848 640 temere
901 595 1062 657 atque
1111 578 1626 644 indiﬂ‘erenter‘non

84 672 254 728 debere
298 674 493 745 suscipi
545 677 598 730 in
629 679 1056 742 accusationem,
1107 677 1212 734 nisi
1261 680 1413 750 prius
1443 695 1629 736 eorum

83 765 236 833 opinio
261 764 417 820 fuerit
455 778 814 835 perscrutata.

138 848 282 908 XXII.
330 852 444 910 Non
481 854 641 912 licere
687 855 901 913 clericis
949 868 1071 929 post
1108 867 1334 915 mortem
1393 859 1628 931 episcopi

84 961 243 1014 rapere
274 948 604 1016 pertinentes
642 949 708 1003 ad
737 964 860 1004 eum
884 964 991 1011 res,
1024 949 1164 1004 sicut
1185 950 1293 1020 iam
1325 950 1631 1020 praeceden-

84 1038 199 1092 tibus
227 1038 417 1108 regulis
444 1048 704 1095 statutum
746 1041 996 1095 habetur.
1043 1040 1101 1094 Si
1147 1056 1275 1096 vero
1323 1042 1439 1096 haec
1486 1039 1631 1095 fece-

83 1129 185 1191 riut,
209 1131 495 1199 periclitari
518 1148 577 1188 se
607 1133 858 1188 noverint
891 1148 920 1186 a
951 1133 1170 1203 proprio
1200 1133 1390 1204 gradu.

138 1223 301 1277 XXIII.
340 1225 595 1281 Pervenit
621 1226 687 1280 ad
723 1241 884 1281 aures
907 1235 1108 1281 sancue
1132 1225 1342 1295 synodi,
1375 1224 1498 1294 quia
1525 1224 1632 1279 (le-

84 1314 160 1367 rici
189 1314 392 1382 quidam
429 1323 487 1369 et
523 1316 773 1371 monachi
821 1315 954 1370 nihil
987 1315 1089 1370 sibi
1139 1315 1403 1370 habentes
1457 1312 1633 1383 iniun-

84 1411 196 1455 ctum
226 1417 253 1455 a
296 1405 517 1474 proprio
560 1406 833 1477 episc0po,
882 1406 1151 1461 interdum
1178 1420 1307 1460 vero
1336 1406 1501 1460 etiam
1558 1404 1628 1459 illi

85 1480 151 1561 Qui
176 1493 233 1546 ab
260 1508 322 1548 eo
345 1491 564 1549 fuerant
584 1496 1066 1563 excommunicati,
1092 1496 1310 1550 veniant
1333 1494 1398 1549 ad
1423 1495 1627 1565 regiam

85 1584 316 1638 civitatem
347 1583 1024 1658 Coustantinopolitanam,
1051 1595 1107 1643 et
1150 1587 1336 1643 multis
1376 1587 1630 1657 tempori-

84 1672 161 1727 bus
186 1673 231 1729 iu
268 1689 326 1730 ea
371 1675 741 1732 consistentes
780 1677 1215 1748 perturbationes
1251 1675 1625 1746 tranquillitati

84 1762 414 1819 ecclesiasticae
456 1764 661 1833 ferant,
698 1774 754 1822 et
792 1767 1131 1823 diversorum
1162 1766 1352 1822 domos
1385 1781 1626 1822 corrum-

83 1859 200 1920 pant.
228 1850 423 1907 Statuit
459 1864 655 1910 sancta
698 1856 933 1927 synodus
974 1857 1073 1912 hos
1119 1840 1337 1925 quidem
1389 1855 1623 1925 primum
1657 1865 1700 1924 Β

84 1956 378 1998 commonere
443 1960 547 2014 per
615 1944 956 2001 defensorem
1017 1944 1630 2015 Constantinopolitanze

85 2041 245 2087 sancta
270 2032 549 2100 Ecclesiae,
579 2044 639 2088 ut
664 2045 863 2090 exeant
891 2034 958 2090 de
998 2034 1144 2106 regia
1171 2035 1409 2091 civitate.
1443 2032 1500 2088 Si
1530 2049 1627 2088 au-

88 2134 170 2178 tem
219 2124 268 2179 in
316 2127 510 2182 eodem
564 2128 843 2198 proposito
896 2128 1138 2199 improbe
1189 2126 1624 2198 perduraverint,

83 2214 212 2268 etiam
234 2214 423 2272 invitos
462 2232 563 2273 eos
591 2216 706 2287 ipse
739 2216 977 2286 expellat
1006 2215 1257 2273 defensor
1322 2224 1381 2270 ut
1411 2216 1478 2271 ad
1531 2230 1627 2271 sua

85 2304 173 2359 loca
198 2308 529 2375 perveniant.

137 2395 297 2454 XXIV.
333 2400 464 2468 Qua:
495 2399 668 2455 semel
698 2411 1008 2456 consecrata
1046 2399 1247 2456 fuerint
1276 2399 1624 2464 monasteria,

87 2503 179 2542 cum
197 2488 384 2557 iudicio
410 2491 497 2545 sui
531 2490 768 2561 episcopi
797 2500 1051 2546 maneant
1093 2499 1373 2561 perpetua,
1408 2499 1463 2544 et
1505 2504 1629 2559 pcr-

86 2576 270 2633 tinentes
297 2579 360 2634 ad
387 2595 449 2634 ea
489 2595 582 2634 res
607 2582 916 2635 conservari
963 2581 1095 2651 ipsis
1140 2580 1485 2634 monasteriis
1536 2579 1629 2633 de-

86 2668 324 2734 crevimus,
364 2685 463 2724 nec
502 2669 731 2725 ulterius
758 2686 915 2740 posse
944 2687 1004 2726 ea
1057 2671 1171 2725 ﬁeri
1206 2670 1485 2726 saecularia
1533 2671 1627 2725 ha-

84 2757 291 2813 bitacula.
315 2760 415 2829 Qui
442 2777 577 2817 vero
612 2762 962 2831 permiserint
994 2762 1108 2817 hcce
1141 2762 1279 2829 ﬁeri,
1312 2759 1627 2830 subiaceant

85 2848 706 2919 hiscondemnationibus,
738 2867 859 2922 quae
900 2866 997 2922 per
1045 2866 1284 2907 canones
1319 2851 1625 2907 constituta:

85 2946 196 2991 sunt.

138 3026 275 3082 XXV.
305 3029 577 3097 Quoniam
606 3031 826 3101 quidam
874 3032 1439 3103 metropolitanorum,
1482 3032 1625 3086 sicut

86 3116 133 3167 ad
156 3134 237 3173 nos
260 3121 526 3189 perlatum
553 3131 656 3185 est,
676 3122 949 3194 negligunt
972 3124 1236 3178 creditum
1258 3123 1357 3177 sibi
1383 3138 1622 3194 gregem,

84 3213 124 3259 ct
142 3206 364 3264 differunt
387 3211 770 3268 ordinationes
793 3214 973 3267 lacere
999 3213 1397 3283 episcoporum,
1423 3213 1621 3281 placuit
1650 3211 1695 3274 C

86 3311 245 3356 sancta;
269 3307 473 3375 synodo
522 3304 666 3359 intra
698 3314 809 3361 tres
856 3321 1071 3360 menses
1110 3304 1227 3360 ﬁeri
1257 3305 1626 3358 ordinationes

84 3390 429 3464 cpiscOporum,
477 3395 585 3450 nisi
621 3394 759 3451 forte
790 3394 1175 3450 inexcusabilis
1218 3395 1513 3449 necessitas
1538 3409 1627 3449 co-

84 3483 219 3549 egerit
245 3493 445 3555 tempus
479 3485 838 3540 ordinationis
866 3484 1175 3555 propagari.
1214 3483 1271 3538 Si
1298 3492 1476 3537 autem
1506 3483 1628 3553 quis

86 3571 405 3643 episcoporum
455 3576 576 3632 haec
617 3591 721 3630 non
762 3574 1154 3640 observaverit,
1209 3573 1383 3644 ipsum
1431 3574 1627 3628 debere

86 3662 410 3722 ecclesiastica:
432 3649 880 3722 condemnationi
904 3666 1209 3735 subiacere,
1237 3665 1476 3720 redditus
1500 3679 1627 3719 vero

87 3749 278 3816 eiusdem
324 3758 559 3812 viduatae
609 3756 853 3812 ecclesia:
900 3756 1141 3827 integros
1172 3758 1440 3812 reservari
1487 3757 1627 3826 apud

87 3852 372 3902 teconomum
403 3849 648 3917 ejusdem
680 3848 925 3903 ecclesia:
945 3846 1168 3919 placuit.
1298 3853 1301 3856 ‘

138 3932 297 3990 XXVI.
327 3938 468 4006 Quia
500 3940 554 3993 in
581 3938 902 4008 quibusdam
953 3938 1198 3994 ecclesiis
1244 3938 1386 3994 sicut
1430 3938 1496 3993 ad
1530 3954 1626 3995 nos

88 4029 302 4096 pervenit,
345 4032 798 4087 sine‘mconomo
826 4032 1064 4101 episcopi
1114 4047 1202 4088 res
1230 4032 1628 4088 ecclesiasticas

91 4125 297 4185 tractant,
321 4122 525 4191 placuit
550 4137 739 4179 omnes
761 4123 1017 4179 ecclesias
1047 4123 1327 4194 episcopos
1345 4124 1623 4191 habentes,

89 4206 247 4267 habere
274 4230 584 4270 teconomos
624 4215 691 4269 de
719 4215 939 4286 pr0prio
966 4214 1133 4282 clero,
1182 4216 1272 4285 qui
1324 4216 1628 4287 gubernent

90 4301 287 4359 ecclesia:
310 4323 395 4362 res
423 4323 552 4362 Cum
588 4308 816 4362 arbitrio
856 4308 937 4363 sui
965 4307 1224 4378 episcopi,
1269 4316 1332 4362 ut
1373 4324 1479 4363 non
1509 4308 1627 4364 sine

91 4392 347 4452 testimonio
397 4398 475 4453 sit
523 4398 842 4470 gubernatio
897 4399 1136 4468 ipsarum
1200 4413 1380 4454 rerum
1449 4400 1625 4455 eccle-

92 4479 400 4555 siasticarum,
428 4497 488 4544 et
504 4502 571 4543 ex
599 4489 702 4544 hoc
724 4488 973 4543 deveniat
992 4488 1227 4560 dispergi
1262 4489 1500 4558 ejusdem
1536 4505 1624 4545 res

90 4570 304 4643 ecclesias,
343 4590 396 4635 et
433 4580 757 4635 sacerdotali
795 4580 1042 4649 dignitati
1086 4579 1413 4635 obtrectatio
1458 4597 1622 4652 gene-
1655 4563 1703 4621 Ῑ)

95 4671 224 4719 retur.
254 4666 307 4723 Si
334 4685 463 4726 vero
505 4670 628 4742 quis
669 4686 774 4725 non
821 4669 1192 4725 observaverit
1238 4670 1376 4737 haec,
1429 4672 1625 4728 divinis

96 4755 324 4825 subiaceat
347 4763 571 4834 regulis.

148 4843 327 4906 XXVII.
373 4855 481 4910 Eos
516 4855 609 4924 qui
651 4854 754 4911 sibi
783 4855 1000 4925 rapiunt
1029 4871 1246 4921 uxores,
1280 4854 1361 4911 vel
1404 4870 1498 4911 eos
1533 4856 1623 4926 qui

97 4938 306 4996 auxilium
336 4947 723 5014 praestiterunt,
748 4948 937 5003 statuit
966 4957 1153 5002 sancta
1183 4948 1440 5018 synodus,
1459 4947 1627 5017 siqni-

100 5023 190 5081 dcm
207 5030 368 5108 clerici
395 5036 611 5099 fuerint,
643 5039 837 5093 cadere
859 5038 923 5094 de
951 5039 1171 5109 proprio
1194 5039 1385 5109 gradu.
1413 5037 1470 5093 Si
1500 5054 1629 5094 vero

99 5109 193 5171 laici
216 5119 420 5192 fuerint,
443 5128 732 5182 anathema
769 5128 897 5183 sint.

471 5217 792 5290 Subscriptio
821 5237 1201 5292 episcoporum.

151 5292 445 5362 Paschasius
479 5309 765 5379 episcopus
815 5311 1050 5365 civitatis
1100 5310 1423 5378 Lilibitanae,
1454 5312 1625 5369 vicem

103 5399 231 5455 agens
255 5395 539 5455 beatissimi
570 5401 803 5472 episcopi
843 5400 1056 5468 Leonis,
1087 5402 1349 5458 deﬁniens
1388 5405 1627 5460 subseri-

103 5477 199 5542 Ibit.
239 5483 512 5547 Lucentius
538 5494 843 5563 episcopus,
883 5493 1118 5548 civitatis
1143 5480 1523 5561 Attscttlitanae,
1575 5497 1627 5552 id

104 5573 353 5656 eslniccm
396 5597 556 5654 agens
606 5585 932 5639 sanctissimi
976 5584 1173 5640 Leonis
1209 5587 1468 5656 episcopi,
1493 5587 1629 5643 deii-

105 5655 226 5747 nieus
246 5668 563 5742 subscripsit.
592 5672 900 5731 Bonifacius
925 5676 1209 5747 presbyter
1242 5655 1392 5732 urbis
1421 5670 1653 5746 Romae,

106 5745 241 5808 vicem
271 5773 424 5829 agens
445 5765 749 5839 apostolicze
776 5766 953 5836 Sedis,
980 5745 1243 5823 deﬁniens
1290 5767 1627 5840 subscripsit.

1733 598 2109 666 novteltomre,
2148 603 2409 658 deﬁniens
2453 607 2793 676 subscripsit.
2834 608 3160 665 .Iuveneulus
3205 613 3327 682 epi-

1732 703 1925 756 scopas
1961 689 2485 761 Ilicrosolymitanus
2511 696 2773 752 definiens
2798 699 3112 767 subcripsit.
3158 699 3322 755 Maxi-

1732 792 1852 832 mus
1908 778 2192 849 cpiscopus
2237 781 2606 840 Autiocltenus
2655 786 2922 842 deﬁniens
2973 789 3315 858 subscripsit.

1733 865 2023 933 Quintilius
2049 869 2331 940 episcopus
2380 873 2729 942 Cappadocia
2781 874 3153 940 Czesariensis,
3195 878 3321 930 dctis

1733 959 1889 1013 nicns
1939 962 2281 1032 subscripsit.
2336 964 2645 1021 Palaﬁndus
2690 968 2975 1037 episcopus
3026 969 3317 1025 Ilcraclaza-

1734 1048 2185 1117 Macedoniensis,
2225 1054 2394 1109 vicem
2441 1071 2606 1125 agens
2650 1059 2976 1114 sanctissimi
3023 1062 3123 1115 viri
3167 1063 3316 1115 Aua-

1732 1140 1907 1207 stasii,
1957 1142 2222 1198 definiens
2274 1147 2613 1217 subscripsit.
2678 1148 2986 1218 Stephanus
3036 1151 3321 1220 episcopus

1732 1232 2032 1301 Ephesinus
2063 1234 2326 1291 deﬁniens
2358 1239 2695 1309 subscripsit.
2724 1240 2993 1297 Lucianns
3028 1244 3314 1312 episcopus

1731 1322 1999 1389 Bizensis,
2033 1326 2207 1380 vicem
2239 1342 2404 1398 agens
2444 1331 2774 1386 sanctissimi
2815 1333 3048 1402 episcopi
3080 1333 3317 1399 Quiriaci

1731 1414 1993 1470 lleracliae
2024 1415 2352 1485 Traciensis,
2378 1419 2640 1476 deﬁniens
2669 1423 3009 1493 subscripsit.
3060 1423 3322 1480 Eusebius

1731 1506 2017 1575 episcopus
2043 1507 2309 1564 Galathiae
2336 1511 2715 1580 Anquiriensis
2760 1513 3024 1569 deﬁniens
3075 1514 3317 1569 subscri-

1732 1597 1859 1664 psit.
1891 1597 2158 1667 Diogenes
2191 1599 2479 1669 episcopus
2528 1601 2833 1668 Quiriensis
2883 1603 3146 1659 deﬁniens
3188 1604 3320 1659 sub-

1730 1688 1967 1757 scripsit.
2031 1688 2225 1745 Petrus
2284 1691 2572 1762 episcopus
2629 1693 3006 1751 Corinthensis
3056 1696 3323 1752 deﬁniens

1729 1778 2071 1848 subscripsit.
2105 1779 2299 1836 Florus
2340 1783 2626 1853 episcopus
2668 1782 3017 1840 Sardinensis
3058 1785 3322 1845 deﬁniens

1727 1870 2066 1941 subscripsit.
2097 1872 2394 1930 Eunomius
2437 1877 2721 1947 episcopus
2748 1878 3161 1937 Nicomedensis
3184 1880 3318 1935 deﬁ-

1729 1965 1886 2021 niens
1907 1966 2248 2037 subscripsit.
2272 1967 2595 2025 Anastasius
2623 1971 2907 2042 episcopus
2938 1970 3184 2026 Nicensis
3231 1971 3323 2025 de-

1731 2052 1924 2110 ﬁniens
1958 2054 2299 2127 subscripsit.
2342 2057 2684 2117 Eleutherius
2707 2062 2992 2132 episcopus
3024 2060 3324 2117 Chalcedo-

1729 2147 1912 2203 nensis
1951 2146 2217 2205 deﬁniens
2260 2150 2598 2219 subscripsit.
2651 2151 2796 2208 Idem
2846 2167 3036 2209 omnes
3080 2153 3322 2223 episcopi

1727 2237 1855 2303 630,
1888 2236 2205 2294 deﬁnientes
2232 2240 2692 2312 subscripserunt.

1797 2327 2091 2398 Postquam
2142 2330 2369 2387 recitata
2416 2339 2535 2397 est,
2582 2332 2859 2400 piissimus
2909 2333 3208 2405 imperator
3256 2335 3324 2389 ad

1729 2425 1976 2472 sanctum
2010 2418 2300 2473 concilium
2337 2419 2472 2474 dixit
2506 2438 2519 2472 :
2571 2420 2722 2475 Dicat
2751 2433 2997 2477 sanctum
3028 2423 3317 2480 concilium

1727 2507 1772 2562 si
1804 2522 1869 2562 ex
1902 2523 2173 2565 consensu
2203 2510 2441 2563 onmium
2477 2510 2852 2581 episcoporum
2892 2514 3159 2579 deﬁnitio,
3200 2530 3320 2584 qua:

1728 2611 1873 2651 nunc
1923 2596 2058 2652 lecta
2090 2607 2188 2661 est,
2230 2599 2441 2668 prolata
2492 2600 2585 2655 sit.
2628 2600 2828 2657 Omnes
2882 2604 3320 2659 revcrcndissimi

1726 2688 1966 2759 episcopi
2019 2691 2416 2760 responderunt
2452 2711 2466 2748 :
2510 2694 2713 2750 Omnes
2745 2694 2825 2750 sic
2880 2697 3173 2762 credimus,
3216 2711 3321 2752 una

1729 2779 1885 2844 ﬁdes,
1933 2795 2040 2835 una
2068 2783 2358 2847 sententia,
2391 2785 2613 2840 omnino
2643 2785 2781 2841 idem
2810 2786 3093 2843 faciamus.
3119 2789 3322 2844 Omnes

1726 2871 2131 2927 consentientes
2166 2872 2607 2945 subscripsimus.
2649 2875 2850 2933 Omnes
2894 2877 3182 2934 orthodoxi
3231 2895 3321 2933 su-

1726 2976 1869 3026 mus,
1896 2961 2013 3016 haec
2040 2962 2172 3018 ﬁdes
2193 2963 2441 3029 Patrum,
2473 2966 2589 3020 h:ec
2614 2965 2748 3022 ﬁdes
2768 2968 3135 3037 apostolorum
3152 3008 3167 3033 ,
3194 2970 3314 3025 lucc

1728 3060 1874 3106 recte
1907 3052 2269 3131 credentium,
2310 3056 2424 3110 luce
2458 3063 2542 3110 est
2596 3056 2729 3113 ﬁdes
2775 3073 2895 3127 qua:
2924 3060 3111 3114 orbem
3141 3067 3316 3115 terra-

1728 3159 1847 3198 rum
1875 3144 2068 3199 salvat.
2087 3144 2371 3211 Martiano,
2400 3164 2540 3205 novo
2564 3148 2944 3215 Constantino,
2968 3166 3108 3207 novo
3127 3150 3320 3217 Paulo,

1726 3251 1867 3291 novo
1916 3237 2105 3302 David,
2160 3238 2475 3308 imperatori
2521 3240 2764 3310 piissimo
2811 3242 3321 3313 dominoyAugnsto

1726 3330 1835 3384 vita
1872 3329 2009 3397 eius.
2038 3329 2103 3384 Et
2132 3339 2256 3400 post
2284 3332 2384 3386 has
2408 3347 2568 3388 voces
2598 3333 2881 3402 piissimus
2896 3343 2953 3389 et
2974 3334 3321 3391 ﬁdelissimus

1728 3420 2022 3491 imperator
2048 3420 2114 3473 ad
2144 3429 2388 3476 sanctam
2444 3423 2708 3493 synodum
2763 3424 2944 3480 dixit:
3000 3424 3321 3481 Veneranda

1728 3512 1994 3568 catholica
2039 3511 2172 3569 ﬁdes
2210 3529 2241 3568 a
2273 3522 2459 3570 sancta
2489 3523 2545 3570 et
2576 3516 2869 3572 universali
2900 3518 3106 3588 synodo
3131 3533 3320 3574 secun-

1727 3603 1852 3657 dum
1880 3601 2100 3657 Patrum
2126 3604 2524 3673 expositionem
2561 3605 2846 3660 manifesta
2873 3615 2976 3661 est.
3004 3606 3070 3660 Et
3094 3606 3140 3662 si
3170 3606 3319 3662 labo-

1716 3708 1842 3748 rem
1870 3694 2185 3749 reverentiae
2214 3703 2408 3750 vestrae
2447 3703 2504 3750 et
2532 3696 2832 3751 convicium
2862 3695 3111 3763 fecimus,
3143 3699 3317 3753 maxi-

1728 3800 1846 3840 mas
1875 3785 2087 3854 agimus
2125 3786 2329 3856 gratias
2375 3787 2732 3856 omnipotenti
2770 3787 2882 3843 Deo
2911 3786 3179 3845 Salvatori
3219 3805 3319 3845 no-

1729 3883 1863 3939 stro,
1898 3874 2025 3944 quia
2054 3874 2344 3931 multorum
2366 3877 2666 3931 errantium
2688 3876 2834 3932 circa
2867 3876 3026 3933 ﬁdem
3046 3886 3323 3948 amputata

1729 3962 1997 4018 discordia
2037 3963 2090 4017 in
2142 3979 2304 4018 unam
2346 3966 2700 4035 eamdemque
2748 3965 2906 4021 ﬁdem
2949 3982 3137 4023 omnes
3176 3983 3323 4025 nunc

1728 4053 2100 4119 convenimus,
2129 4063 2411 4125 sperantes
2450 4054 2716 4111 celebrem
2743 4058 2939 4112 vestris
2966 4060 3220 4127 precibus
3266 4069 3323 4114 et

1729 4143 2006 4198 meliorem
2034 4158 2412 4215 superetnucs
2440 4154 2651 4215 partem
2683 4161 2712 4200 a
2744 4147 2855 4201 Dco
2885 4148 3096 4203 donari.
3121 4149 3321 4205 Sancta

1728 4232 1965 4303 synodus
1980 4232 2174 4287 iterum
2195 4234 2517 4289 exclamavit
2539 4252 2553 4289 :
2580 4234 2703 4290 llaec
2719 4237 2875 4307 digna
2898 4239 3060 4293 vestri
3085 4239 3318 4310 imperii,

1729 4326 1843 4381 lucc
1873 4326 2088 4396 propria
2112 4327 2281 4382 vestri
2303 4327 2535 4396 imperii,
2564 4328 2679 4383 ιιωο
2713 4330 2983 4385 correctio
3009 4332 3175 4386 vestri
3216 4333 3318 4387 im-

1728 4418 1867 4486 perii
1921 4418 2085 4489 digna
2138 4417 2379 4483 Christo,
2414 4419 2574 4490 digna
2622 4420 2833 4491 imperii
2878 4423 3006 4490 ﬁde,
3032 4434 3319 4496 propterea

1728 4510 2047 4580 paciﬁcatur
2075 4511 2222 4566 orbis
2249 4519 2424 4565 terrae.
2452 4511 2521 4565 Et
2549 4521 2671 4582 post
2723 4514 2820 4568 has
2859 4530 3016 4570 voces
3043 4517 3320 4586 piissimus

1730 4614 1781 4656 et
1813 4600 2155 4655 fidelissimus
2186 4601 2480 4670 imperator
2501 4602 2567 4655 ad
2594 4612 2834 4657 sanctam
2862 4614 3121 4675 synodum
3147 4610 3313 4660 dixit:

1735 4692 2104 4746 \‘encrandam
2119 4690 2436 4746 catholicam
2454 4692 2609 4747 ﬁdem
2627 4705 2826 4750 sancta:
2840 4696 3159 4752 venerabilis
3192 4714 3321 4769 syn-

1736 4794 1765 4834 ο
1786 4783 1816 4834 li
1842 4783 2133 4835 secundum
2148 4780 2364 4836 Patrum
2384 4786 2772 4852 expositionem
2790 4786 3150 4851 manifestam,
3160 4789 3315 4857 iuxta

1722 4869 1901 4941 legem
1928 4879 1982 4925 et
2008 4873 2413 4926 convenientem
2439 4889 2578 4937 esse,
2610 4884 2784 4929 vestra
2811 4877 3169 4945 tranquillitas
3195 4894 3318 4947 pro-

1732 4960 1849 5025 bet,
1877 4968 1932 5014 et
1957 4974 2169 5014 omnem
2206 4962 2255 5015 in
2281 4971 2554 5031 posterum
2590 4965 2949 5019 contentionis
2973 4969 3313 5025 occasionem

1737 5051 1878 5104 circa
1907 5066 2057 5104 suam
2089 5052 2244 5105 Iidem
2274 5054 2559 5123 amputari.
2589 5055 2643 5108 Si
2668 5055 2787 5123 quis
2818 5055 2981 5125 igitur
3009 5057 3197 5123 idiota,
3230 5062 3313 5116 vel

1736 5139 2010 5205 militaris,
2061 5155 2152 5195 seu
2193 5141 2427 5197 clericus
2474 5143 2686 5213 publice
2736 5144 2946 5197 turbam
2981 5162 3317 5220 congregans

1733 5230 1833 5283 sub
1860 5230 2078 5284 obtentu
2111 5231 2476 5301 dispositionis
2501 5233 2783 5287 tumultum
2811 5233 3018 5300 fecerit,
3048 5240 3313 5309 siquidem

1734 5320 1899 5374 idiota
1927 5321 2258 5390 proscriptus
2285 5323 2586 5391 expellatur
2613 5338 2643 5376 a
2690 5325 2834 5394 regia
2865 5326 3019 5394 urbe,
3064 5329 3315 5386 militaris

1733 5423 1864 5463 vero
1891 5425 1985 5463 seu
2017 5410 2246 5465 clericus
2275 5413 2491 5481 :gradus
2538 5414 2621 5467 sui
2649 5413 2958 5484 periculum
3005 5419 3311 5487 sustinebit,

1734 5507 1789 5555 et
1808 5498 1927 5553 aliis
1954 5500 2127 5567 posuis
2149 5500 2462 5572 subiacebit.

1739 5613 1983 5668 Edictum
2020 5612 2640 5691 Martianiuimperoloris
2675 5619 2729 5673 in
2762 5622 3158 5691 conﬁrmatione
3190 5638 3314 5677 can-

2230 5684 2338 5739 cilii
2365 5684 2819 5745 Chalcedonensis.

1806 5771 2165 5845 Imperatores
2206 5772 2654 5855 Valentinianus,
2710 5781 3004 5839 Martianus
3062 5781 3310 5855 Augusti,
