3926 6436
613 397 725 457 ἶ»ιῦ

1411 392 1702 450 APPEND.
1742 392 1835 449 an
1865 392 2037 450 suae.
2093 393 2179 451 IX.
2217 345 2556 450 —tsmoat
2606 374 3047 452 ncncaronts
3748 398 3825 454 διο

611 510 885 569 uniVersis
922 504 1152 579 populis.
1196 506 1434 564 Tandem
1485 507 1773 578 aliquando
1802 508 1946 579 quod
1971 509 2199 565 summis
2228 523 2276 582 Α
2305 508 2508 581 gligere
2561 511 2703 581 qttod
2752 510 2841 567 ditt
2909 509 3160 575 latuerat,
3191 498 3378 576 scivit,
3444 524 3544 569 nec
3607 512 3825 583 patefacto

612 604 757 660 votis
784 609 943 671 atque
969 599 1161 655 studiis
1189 597 1509 666 Optabamus
1546 596 1747 661 evenit,
1788 605 1991 652 remota
2017 606 2103 651 est
2131 597 2198 652 de

612 694 915 751 orthodoxa
970 688 1399 745 Christianorum
1452 687 1570 756 lege
1623 687 1919 751 cententio,
1976 687 2195 742 tandem

613 785 849 842 remedia
889 782 1173 852 culpabilis
1218 780 1421 835 erroris
1452 780 1675 833 inventa
1725 789 1870 843 sunt,
1911 786 1967 832 et
1994 779 2200 833 discors

611 879 930 949 populorum
974 873 1240 929 sententia
1284 871 1335 926 in
1381 886 1547 924 unum
1583 882 1928 932 consensum,
1969 875 2197 923 concor-

615 969 868 1036 diamqne
888 963 1158 1026 convenit;
1182 961 1251 1015 ab
1273 960 1541 1015 universis
1562 960 1726 1013 etiam
1754 958 2048 1028 provinciis
2077 957 2200 1010 reli-

612 1055 900 1128 giosissimi
949 1052 1259 1108 sacerdotes
1288 1049 1687 1106 Chalcedonam
1740 1045 2198 1113 venerunt,juxta

614 1159 798 1203 nostra
830 1154 1120 1213 praecepta,
1149 1151 1203 1197 et
1241 1142 1385 1210 quod
1421 1141 1698 1195 observari
1738 1139 1789 1193 in
1831 1137 2085 1209 religione
2110 1137 2202 1191 de-

612 1240 739 1294 beat
778 1235 1061 1307 perspicua
1101 1231 1418 1287 dillinitione
1438 1233 1779 1287 ~docuerunt.
1816 1226 2073 1283 Discessit
2100 1227 2202 1298 igi-

613 1342 700 1387 tur
733 1331 848 1400 jam
878 1327 1101 1400 profana
1139 1323 1431 1379 contentio.
1459 1320 1592 1375 Nam
1630 1333 1757 1375 vere
1800 1320 1997 1389 impius
2044 1326 2205 1388 atque

610 1423 908 1490 sacrilegus
932 1416 1121 1487 estqui
1148 1401 1274 1486 post
1291 1423 1366 1469 tot
1389 1414 1730 1468 sacerdotum
1753 1412 2202 1481 sententiamopi;

612 1514 759 1568 nioni
815 1526 927 1567 suae
975 1498 1174 1577 aliquid
1243 1505 1582 1559 tractamlum
1640 1502 1875 1570 reliquit.
1939 1501 2205 1554 Extrema

612 1605 812 1673 quippe
833 1599 1113 1657 dementizc
1143 1604 1227 1652 est
1255 1595 1310 1648 in
1338 1594 1515 1648 medio
1542 1602 1597 1646 et
1619 1592 1906 1663 perspicuo
1936 1590 2024 1644 die
2049 1604 2203 1644 com-

612 1691 919 1748 mentitium
940 1689 1123 1742 lumen
1155 1698 1419 1755 quierere.
1445 1680 1702 1751 Quisquis
1725 1681 1872 1735 enim
1905 1687 2024 1748 post
2065 1677 2206 1733 veri-

616 1791 783 1838 tatem
814 1788 1083 1849 repertam
1110 1775 1310 1846 aliquid
1337 1774 1565 1829 ulterius
1592 1772 1835 1838 discutit,
1862 1770 2204 1826 mendacium

620 1874 831 1944 quaerit.
856 1872 1024 1926 Nemo
1049 1870 1232 1938 itaque
1260 1866 1346 1922 vel
1372 1864 1604 1922 clericus
1635 1858 1874 1919 militans
1905 1872 1959 1916 et
1980 1860 2206 1917 alterius
2238 1869 2280 1926 Β

613 1963 899 2033 cujuslibet
923 1958 1250 2016 conditionis
1276 1958 1345 2012 de
1379 1956 1482 2010 fide
1510 1952 1819 2010 Christiana
1847 1953 2061 2023 publice
2092 1963 2205 2006 tero

612 2056 820 2110 minata
857 2053 1172 2109 ccadtutatis
1212 2058 1269 2103 et
1312 2046 1656 2102 audientibus
1699 2053 1936 2100 tractare
1978 2052 2206 2099 conetur

612 2148 672 2202 in
700 2147 998 2216 posterum,
1015 2158 1082 2198 ex
1104 2143 1209 2196 hoc
1234 2139 1496 2196 tumultus
1517 2146 1572 2193 et
1600 2137 1845 2207 perﬁdiae
1861 2135 2203 2191 occasionem

617 2237 923 2306 requirens.
961 2232 1094 2287 Nam
1126 2231 1377 2299 injuriam
1401 2228 1757 2297 facitjudicio
1783 2225 2204 2298 religiosissime

614 2325 830 2400 synodi,
858 2327 904 2382 si
936 2326 1060 2396 quis
1101 2323 1266 2379 semel
1298 2323 1537 2394 judicata
1565 2330 1715 2377 recte
1743 2319 2003 2390 disposita
2034 2317 2207 2373 revol-

615 2436 764 2488 vere,
796 2429 850 2477 et
876 2419 1090 2490 pub!ice
1116 2418 1392 2486 disputare
1434 2414 1732 2470 contendit.
1781 2412 1915 2468 Cum
1965 2425 2028 2466 ea
2082 2424 2203 2478 quae

614 2529 758 2569 nuttc
776 2514 848 2568 de
869 2511 1174 2567 Christiana
1198 2510 1301 2563 lidc
1326 2515 1530 2563 statuta
1560 2504 1853 2573 suntjuxta
1878 2500 2205 2574 apostolicus

616 2603 984 2671 expositiones
1030 2611 1086 2656 ct
1116 2600 1363 2655 instituta
1404 2605 1711 2652 sanctorum
1750 2593 1970 2648 Patrum
2018 2590 2123 2646 518
2150 2597 2208 2644 et

612 2695 723 2750 130
754 2694 972 2749 definita
1001 2708 1125 2747 esse
1153 2697 1471 2745 noscuntur.
1501 2685 1631 2741 Nam
1657 2686 1710 2739 in
1741 2681 2205 2751 eontemptoribus

616 2785 776 2854 hujus
805 2784 939 2853 legis
967 2797 1124 2853 pmna
1161 2797 1267 2835 non
1298 2778 1485 2839 deerit,
1527 2777 1652 2846 quia
1683 2790 1784 2829 non
1814 2774 1987 2828 solum
2012 2782 2202 2827 contra

624 2875 786 2930 fidem
824 2874 961 2927 bene
983 2870 1335 2940 compositam
1368 2868 1608 2928 veniunt,
1639 2865 1734 2918 sed
1758 2864 1922 2918 etiam
1953 2860 2124 2916 ,ἰηιιωί
2152 2870 2208 2916 et

619 2964 813 3037 pagani
857 2972 912 3019 et
951 2959 1322 3031 hujuscemodi
1363 2957 1664 3014 certamine
1705 2952 1994 3026 profanant
2046 2966 2209 3006 vene-

623 3057 793 3113 randa
825 3055 1105 3126 mysteria.
1143 3052 1311 3123 lgitttr
1357 3049 1400 3106 si
1431 3050 1666 3104 clericus
1705 3047 1831 3110 erit,
1862 3046 1953 3114 qui
1994 3043 2208 3114 publice

610 3158 856 3204 tractare
892 3146 958 3201 de
989 3145 1245 3215 religione
1272 3158 1437 3197 ausus
1472 3141 1653 3205 fuerit,
1676 3156 1705 3192 a
1748 3137 2021 3193 consortio
2050 3136 2204 3191 cleri-

618 3252 811 3297 corum
869 3234 1250 3293 removebitur.
1295 3234 1352 3290 Si
1405 3249 1531 3288 vero
1561 3232 1751 3287 militia
1800 3230 2060 3301 prteditus
2111 3230 2201 3294 sit,
2232 3237 2277 3300 ρ

620 3330 839 3401 cingulo
868 3327 1277 3399 eXSpoliabitur.
1325 3325 1517 3381 (Σπιθιί
1553 3325 1717 3378 etiam
1754 3324 1911 3392 hujus
1961 3322 2209 3376 criminis

612 3421 700 3476 rei
744 3421 819 3475 de
845 3420 948 3475 hac
984 3418 1331 3473 'sanctiSsima
1384 3417 1516 3471 urbe
1577 3415 1842 3485 pellentur
1881 3427 1980 3481 pro
2026 3414 2209 3482 vigore

606 3511 1101 3582 judiciario,etiam
1126 3508 1553 3580 competentibus
1570 3505 1844 3576 suppliciis
1868 3503 2206 3575 subjugaudi.

617 3604 846 3661 Constat
876 3605 1021 3660 enim
1055 3602 1322 3657 lueretica:
1352 3600 1580 3655 insania:
1608 3599 1828 3653 exordia
1859 3598 2210 3665 fomitemque

619 3698 850 3762 nutriri,
883 3698 1008 3751 dum
1041 3694 1253 3765 publice
1297 3694 1518 3763 quidam
1562 3692 1840 3761 disputant
1887 3699 2049 3757 atque
2082 3702 2211 3744 con-

606 3792 869 3846 ‘tendnnt.
904 3789 1171 3845 Universa
1194 3801 1325 3857 ergo
1347 3800 1467 3855 qua:
1496 3796 1525 3838 a
1551 3795 1741 3840 sancta
1764 3784 1967 3854 synodo
1988 3782 2211 3837 Chalce~

608 3880 783 3935 deuia
802 3880 1099 3935 constituta
1123 3888 1269 3944 sunt,
1294 3876 1570 3932 custodire
1596 3875 1887 3937 debebunt,
1914 3874 2041 3928 nihil
2066 3883 2212 3944 post-

623 3988 689 4026 ea
720 3970 1034 4026 dubitaturi.
1076 3968 1186 4024 Hoc
1227 3969 1408 4038 itaque
1436 3966 1748 4023 commoniti
1793 3975 1991 4020 nostne
2032 3966 2209 4021 since-

620 4061 802 4116 ritatis
830 4060 1027 4125 edicto,
1051 4060 1297 4115 obsistite
1330 4058 1571 4129 profanis
1599 4056 1842 4119 vocibus.
1865 4056 2090 4110 ulterius
2117 4055 2211 4111 de-

606 4147 789 4207 ‘sin'ite
817 4151 884 4205 de
917 4149 1114 4206 divinis
1144 4148 1419 4220 disputare
1462 4149 1605 4220 quod
1636 4147 1787 4203 nefas
1814 4158 1920 4210 est,
1950 4147 2073 4216 quia
2102 4162 2208 4201 non

608 4244 795 4300 'solum
825 4243 1006 4298 divino
1037 4241 1242 4310 judicio
1270 4251 1550 4311 peccatum
1580 4241 1704 4305 hoc,
1728 4250 1887 4309 prout
1915 4238 2207 4303 credimus,

606 4334 894 4407 punietur,
927 4349 1114 4389 verum
1141 4333 1304 4387 etiam
1335 4332 1507 4403 legum
1531 4339 1585 4386 ct
1608 4331 1855 4400 judicum
1880 4331 2209 4386 auctoritate

607 4426 980 4481 coercebitur.
1027 4424 1306 4495 Proposita
1349 4439 1426 4478 vn
1474 4422 1697 4479 Kalend.
1747 4420 2028 4478 Februarii
2074 4420 2211 4477 Cou-

606 4514 975 4586 ‘stantinopoli
1010 4515 1249 4569 Patricio
1278 4512 1520 4570 consule.

2300 599 2506 654 scelere
2536 615 2693 670 passa
2724 608 2808 655 est
2832 613 3049 670 poenam
3078 598 3302 654 sceleris
3331 600 3556 656 evitare.
3586 603 3827 665 Sententiis

2300 690 2481 760 itaque
2525 691 2723 746 divinis
2775 692 3131 762 humanisque
3182 690 3506 758 damnatus,
3565 692 3825 767 synodicum

2303 783 2602 846 decretum,
2653 790 2712 836 ut
2758 782 3099 847 merebatur,
3146 785 3391 853 accepit,
3430 797 3556 839 reus
3591 784 3825 854 divinitati,

2303 870 2408 942 '75
2444 872 2527 926 cui
2579 871 2812 927 faciebat
2853 870 3103 941 injuriam
3130 913 3145 939 ,
3196 888 3320 929 reus
3359 873 3688 945 hominibus,
3727 895 3826 950 quos

2302 962 2556 1031 decipere
2623 964 2943 1018 conabatur.
3001 961 3253 1018 Proxime
3319 964 3519 1019 etenim
3577 968 3827 1024 innumera-

2301 1053 2439 1109 biles
2499 1069 2566 1109 ex
2631 1063 2744 1108 toto
2808 1054 2941 1108 orbe
3003 1053 3297 1110 beatissimi
3362 1056 3597 1127 episcopi
3657 1057 3826 1119 Chalce-

2304 1146 2457 1200 dome
2505 1143 2815 1216 congregati
2864 1144 3104 1214 improba
3166 1145 3411 1215 praedicti
3442 1144 3719 1203 Eutichetis
3750 1165 3826 1206 una

2312 1250 2435 1289 cum
2472 1236 2677 1306 synodo
2701 1234 2818 1304 ejus
2851 1250 3013 1290 causa
3044 1235 3227 1291 habita
3268 1237 3526 1306 expulere
3546 1250 3823 1307 commenta,

2304 1327 2446 1381 sicut
2497 1335 2807 1380 sanctorum
2863 1322 3087 1381 definita
3138 1326 3404 1398 majorum
3453 1342 3573 1398 qua:
3613 1329 3690 1384 vel
3723 1330 3825 1401 apud

2306 1417 2540 1472 Nicmam
2570 1432 2602 1473 a
2630 1417 2884 1472 trecentis
2917 1418 3103 1472 decem
3129 1427 3185 1472 et
3213 1427 3337 1473 octo
3379 1404 3667 1474 constituta
3706 1429 3824 1486 sunt,

2308 1509 2390 1564 vel
2420 1510 2473 1564 in
2502 1510 2604 1564 hac
2631 1506 2814 1579 postea
2846 1508 2988 1562 alma
3021 1508 3155 1562 urbe
3188 1523 3219 1563 a
3249 1518 3471 1564 centum
3499 1510 3825 1581 quinquaginta

2307 1612 2434 1657 sunt
2463 1601 2732 1672 episcOpis
2762 1600 3072 1665 declarata,
3109 1599 3194 1655 vel
3222 1601 3363 1675 apud
3410 1598 3666 1671 Ephesum
3690 1641 3704 1667 ,
3738 1617 3825 1658 cum

2310 1692 2545 1748 Nestorii
2575 1699 2658 1747 est
2683 1704 2838 1746 error
2865 1690 3149 1755 exclusus,
3179 1689 3592 1761 prmsideutibus
3627 1688 3826 1746 Romana

2309 1786 2458 1840 urbis
2512 1783 2805 1840 Caelestino
2827 1823 2841 1848 ,
2873 1781 3077 1854 Cyrillo
3135 1791 3190 1838 et
3230 1781 3611 1836 Alexandrinas
3647 1781 3825 1837 civitatis

2309 1879 2595 1949 episcopis.
2614 1872 2619 1879 ’
2641 1877 2715 1931 Ea
2740 1876 2906 1947 igitur
2940 1889 3058 1945 qua:
3084 1882 3211 1930 sunt
3242 1874 3397 1944 juxta
3424 1872 3690 1943 pristinam
3709 1872 3825 1927 disci-

2309 1972 2514 2042 plinam
2569 1974 2603 2024 a’
2650 1968 2945 2024 venerabili
2974 1967 3183 2041 synodo
3215 1962 3826 2022 Chalcedonensidelinita

2308 2062 2397 2118 illa
2431 2061 2534 2118 fide
2568 2077 2672 2134 qua
2705 2060 2871 2116 Deum
2901 2050 3128 2113 colimus
3157 2070 3255 2129 per
3271 2058 3459 2112 omnia
3484 2054 3721 2133 servanda
3739 2069 3827 2109 cen-

2307 2156 2513 2210 suimus
2544 2129 2707 2221 atque
2748 2164 3053 2215 censemus,
3076 2148 3202 2220 quia
3227 2146 3385 2202 valde
3425 2129 3736 2215 consequens
3767 2152 3827 2198 est

2307 2254 2366 2300 ut
2386 2243 2724 2300 sacerdotum
2755 2254 2889 2312 pura
2909 2248 3101 2295 mente
3129 2237 3296 2292 Deum
3324 2235 3610 2292 colentium
3631 2232 3820 2297 definita,

2307 2351 2428 2408 quae
2495 2349 2594 2406 pro
2656 2333 3079 2389 orthodoxorum
3142 2329 3274 2393 fide_
3298 2334 3826 2408 sacrosancta.wa-

2306 2405 2435 2482 dum
2462 2405 2680 2482 Patrum
2706 2421 2918 2496 regulas
2948 2427 3364 2493 praecesserunt,
3389 2430 3497 2474 una
3518 2405 3827 2474 cum‘venen-

2312 2520 2459 2576 tione
2483 2532 2831 2576 conservare;
2878 2515 3144 2583 Quoniam
3184 2513 3505 2585 principalis
3535 2506 3824 2582 providentia

2309 2623 2393 2669 est
2418 2627 2581 2669 omne
2611 2608 2810 2665 malum
2837 2609 2978 2664 inter
3014 2608 3171 2662 initia
3198 2605 3544 2678 opprimere,
3575 2612 3627 2659 et
3659 2615 3825 2680 serpet-

2310 2714 2425 2759 tum
2478 2702 2726 2758 morbum
2778 2698 2960 2772 legum
3012 2697 3281 2754 medicina
3330 2709 3599 2762 resecare,
3645 2695 3729 2749 hac
3744 2692 3825 2764 lege

2312 2795 2660 2851 decernimus
2688 2807 2781 2848 eos
2807 2789 2901 2863 qui
2927 2788 3228 2845 Eutichetis
3246 2801 3440 2844 errore
3464 2785 3763 2856 decipiuntur
3779 2780 3825 2834 ad

2315 2883 2623 2955 exemplum
2680 2882 3173 2953 Appollinariorum
3206 2893 3343 2949 quos
3398 2876 3823 2939 Eutichessccutus

2308 2984 2414 3041 est,
2440 2989 2576 3045 quos
2605 2971 2944 3028 venerabiles
2978 2970 3203 3025 Patrum
3233 2968 3465 3041 regulaa,
3494 2968 3546 3022 id
3572 2975 3675 3031 est,
3699 2962 3826 3020 eccle-

2314 3054 2535 3121 siastici
2557 3077 2792 3121 canones
2817 3071 2871 3119 et
2895 3062 3140 3117 divorum
3177 3059 3490 3131 principum
3516 3053 3823 3112 sacratissime

2310 3160 2622 3215 sanctiones
2652 3156 3047 3220 condemnant,
3076 3152 3281 3208 nullum
3304 3151 3613 3225 episcopum
3634 3186 3651 3213 ,
3673 3144 3821 3200 nullum

2309 3252 2684 3323 presbyterum
2706 3288 2725 3315 ,
2757 3247 2934 3303 nullos
2975 3259 3168 3302 creare
3211 3242 3297 3300 vel
3323 3241 3595 3313 appellare
3615 3236 3820 3296 clericos,

2302 3345 2592 3414 ipsumque
2606 3341 2945 3396 Eutichetem
2963 3337 3179 3393 nomine
3209 3334 3515 3407 presbyteri
3540 3343 3638 3401 quo
3662 3326 3824 3393 indigne

2310 3443 2467 3489 utens
2490 3432 2822 3503 exspoliatus
2851 3439 2956 3497 est,
2989 3429 3042 3485 in
3072 3438 3243 3484 totum
3269 3441 3483 3483 carere.
3517 3423 3570 3479 Si
3594 3420 3674 3493 qui
3694 3429 3822 3473 tamen

2310 3533 2498 3580 contra
2530 3522 2752 3579 definita
2780 3530 2966 3577 nostra
2994 3520 3299 3592 episcopos,
3329 3516 3686 3588 presbyteros,
3706 3517 3823 3565 cele-

2311 3631 2509 3687 rosque
2557 3615 2781 3673 clericos
2837 3613 2957 3669 ausi
3013 3611 3216 3668 fuerint
3256 3626 3326 3666 ex
3380 3612 3468 3666 his
3504 3621 3709 3670 creare,
3746 3612 3822 3656 tam

2309 3707 2483 3763 factos
2513 3722 2675 3777 quam
2707 3704 2967 3761 facientes
2995 3702 3076 3759 vel
3096 3714 3491 3774 praesumentes
3512 3700 3630 3764 sibi,
3659 3702 3823 3750 cuncte

2311 3816 2430 3853 rum
2461 3800 2726 3854 bonorum
2759 3796 3040 3853 amissioni
3068 3794 3422 3865 periculoque
3452 3792 3705 3863 subjacere
3721 3782 3824 3840 exsi-

2309 3888 2369 3945 lii
2395 3888 2643 3960 perpetui
2667 3887 3030 3958 praecipimus.
3076 3884 3457 3956 Congregandi
3486 3889 3653 3936 autem
3684 3888 3819 3931 mons.
3886 3926 3887 3931 η

2297 3985 2476 4059 νοίιοε,
2525 3992 2619 4038 aut
2680 3981 2985 4037 aedificandi
3045 3979 3383 4035 monasteria
3408 3975 3630 4032 .nullum
3681 3978 3820 4025 eorum
3886 3986 3887 3989 ‘

2304 4076 2557 4146 iubemus
2604 4076 2808 4130 habere
2855 4073 3168 4138 licentiam,
3218 4071 3335 4126 loca
3366 4069 3508 4126 forte
3534 4070 3583 4122 in
3619 4078 3721 4135 qua:
3739 4056 3821 4113 ausi

2310 4168 2603 4226 convenire
2631 4166 2921 4236 aliquando
2945 4162 3273 4219 tcntaverint
3294 4158 3600 4222 confiscari,
3628 4154 3666 4209 si
3691 4161 3820 4206 talen
3886 4152 3887 4159 ‘

2309 4264 2530 4320 domino
2561 4260 2665 4317 loci
2702 4260 2925 4341 sciente
2955 4258 3327 4316 convenerint.
3358 4256 3511 4324 Quod
3538 4255 3578 4309 si
3606 4250 3820 4323 ignorante

2312 4368 2534 4414 auctore
2551 4354 2927 4418 convenerint,
2946 4351 3305 4409 conductores
3317 4349 3442 4415 loci,
3473 4345 3683 4403 fustibus
3699 4348 3819 4395 caesos

2311 4448 2742 4520 deportationem
2765 4444 2950 4500 subire
2972 4456 3280 4497 censemus.
3309 4440 3707 4510 lpsospraeterea
3726 4423 3820 4520 nihil

2310 4558 2377 4598 ex
2409 4547 2733 4596 testamento
2779 4534 3149 4604 cujuscunque
3202 4546 3434 4603 capere,
3492 4527 3619 4583 nihil
3655 4523 3722 4577 eis
3757 4514 3817 4585 qui

620 4624 815 4696 Incipit
861 4621 1429 4703 sacrtthnlentininni.
1466 4632 1513 4675 et
1555 4616 1809 4702 Martiani
1850 4621 2202 4703 Augustorum
2234 4603 2284 4663 Ῐ)
2312 4632 2548 4703 ejusdem
2579 4628 2783 4686 erroris
2807 4626 2917 4682 sim
2951 4625 3259 4696 relinquere
3286 4639 3383 4696 per
3434 4624 3737 4677 testamenta,
3774 4606 3818 4659 ad

686 4638 815 4696 tetpu
861 4641 1014 4679 sacra
1063 4638 1415 4677 Vatenmmmt
1466 4638 1513 4675 et
1555 4638 1807 4676 maritam
1850 4638 1929 4673 Αιι
1970 4638 2202 4673 ustorum

686 4705 805 4766 post
837 4765 841 4766 ν
870 4693 1169 4766 conciliant
1202 4691 1624 4766 Cltafcedonense
1678 4692 1742 4766 in
1808 4638 2203 4766 con/igrmatione

690 4761 927 4846 ejusdem
962 4763 1171 4818 concilii
1207 4774 1253 4817 et
1296 4762 1635 4816 damnatione
1666 4761 2032 4815 hrrreticorum
2082 4775 2206 4813 sano

693 4846 816 4889 6110.

692 4924 1051 4996 Imperatores
1083 4924 1515 4979 VALENTINIANUS
1548 4931 1602 4977 et
1629 4920 1950 4977 MARTIANUS
1979 4918 2205 4992 Augusti

620 5016 893 5071 Pacuuio
925 5015 1176 5086 praefecto
1203 5016 1461 5085 praetorii.

695 5106 899 5162 Divina:
941 5123 1154 5177 semper
1181 5106 1433 5175 potentia:
1464 5103 1762 5160 referenda:
1798 5111 1959 5173 atque
1987 5103 2208 5172 agendae

621 5208 749 5252 sunt
774 5196 980 5268 gratia),
1005 5212 1125 5267 qua:
1151 5205 1401 5253 auctores
1431 5192 1672 5255 haeresis,
1697 5207 1817 5261 quae
1845 5191 2075 5256 occulta,
2106 5206 2209 5246 nec

606 5288 795 5357 .latere
857 5287 1139 5353 concedit,
1195 5302 1297 5343 nec
1351 5285 1550 5340 durare
1608 5282 1874 5353 impunita
1919 5282 2203 5350 permittit.

609 5381 863 5461 ‘Quorum
894 5394 1060 5433 unum
1100 5377 1360 5433 malorum
1406 5375 1617 5446 legendi
1669 5374 1831 5431 habet
1874 5374 2089 5443 plenam
2122 5373 2205 5429 fa-

622 5471 901 5532 cultatem,
936 5468 1161 5521 alterum
1185 5466 1514 5537 prrecavendi
1539 5466 1750 5521 caeteris
1774 5473 1996 5534 praestat
2022 5479 2205 5519 exem-

624 5561 793 5633 plum.
824 5560 979 5615 Cum:
1023 5557 1187 5628 igitur
1230 5547 1352 5612 esse
1395 5558 1661 5612 divinitati
1703 5555 1983 5611 hominum
2030 5566 2201 5619 actus,

604 5636 679 5704 ’ἐι
706 5650 938 5703 maxime
963 5647 1320 5703 reverentiam
1351 5646 1628 5718 religionis
1650 5644 1895 5716 proxime
1923 5645 1975 5698 in
2008 5643 2205 5698 confir—

608 5740 818 5827 ptanda
864 5739 1123 5797 catholica
1166 5738 1274 5795 ﬁde
1316 5740 1594 5799 evidenter
1619 5737 1908 5810 “apparuit,
1935 5750 2059 5792 cum
2100 5749 2205 5789 nec

629 5832 960 5887 Entiehctem
988 5830 1377 5887 sceleratorum
1403 5829 1711 5898 dogmatum
1742 5836 2065 5882 sectatorem
2104 5838 2201 5878 ue-

2311 4695 2517 4779 n'ullatn
2548 4737 2642 4776 eos
2669 4719 2908 4790 patimur
2937 4695 3150 4787 spirare
3187 4695 3436 4769 militiam
3459 4753 3473 4777 ,
3517 4709 3612 4765 nisi
3637 4705 3749 4760 forte
3773 4695 3817 4749 ad

2311 4815 2702 4874 cohortaliuam
2745 4811 2829 4866 vel
2860 4810 3220 4872 litnitaneam.
3272 4806 3330 4861 Si
3353 4790 3484 4876 quis
3524 4801 3674 4856 etiam
3707 4798 3816 4847 eam

2309 4909 2626 4981 praedictam
2677 4905 2925 4960 tuilitiam
2978 4904 3231 4957 inventus
3276 4898 3440 4956 fuerit
3484 4895 3718 4952 militare,
3760 4878 3816 4981 "31'

2312 4967 2441 5071 quia
2469 4999 2587 5070 ejus
2625 4997 2680 5061 in
2710 4996 2977 5067 religione
3007 4993 3360 5065 ignorabatur
3403 4983 3734 5059 perversitas,
3760 4967 3816 5023 vel

2312 5090 2439 5160 quia
2470 5097 2592 5160 post
2622 5088 2874 5156 adeptum
2905 5085 3180 5154 cingulum
3204 5082 3273 5138 ad
3302 5084 3445 5137 hunc
3473 5072 3669 5133 devenit
3705 5074 3813 5160 erro-

2317 5157 2699 5245 rcut,'solutus
2727 5176 2920 5233 militia
2954 5173 3294 5230 infidelitatis
3325 5186 3436 5227 sua:
3474 5171 3688 5223 fructum
3712 5157 3814 5245 hunc

2314 5244 2619 5335 habeat,iut
2646 5262 2972 5337 optimorum
3002 5273 3058 5320 et
3084 5263 3269 5334 palatii
3303 5258 3664 5317 communione
3687 5244 3813 5338 prii?

2313 5372 2419 5428 tur,
2449 5375 2550 5416 nec
2580 5358 2709 5415 alibi
2740 5371 2902 5425 quam
2935 5357 2988 5412 in
3036 5333 3145 5427 quo
3172 5362 3332 5408 natus
3374 5362 3457 5407 eat
3482 5348 3593 5402 vico
3619 5338 3690 5397 vel
3720 5333 3815 5428 cit'i'

2315 5422 2423 5505 tate
2449 5458 2717 5506 versetur.
2747 5422 2901 5513 Quod
2929 5446 2973 5500 si
2995 5422 3090 5515 qui
3123 5459 3314 5499 eorum
3343 5442 3396 5498 in
3429 5441 3529 5495 hac
3551 5435 3675 5489 alma
3698 5422 3811 5519 urbe.

2311 5543 2455 5613 quod
2480 5540 2632 5596 credi
2669 5512 2824 5592 nefas
2872 5546 2957 5592 est
2977 5574 2993 5602 ,
3014 5512 3192 5607 geniti
3217 5542 3366 5598 sunt,
3398 5541 3504 5586 tam
3530 5529 3591 5582 de
3615 5525 3700 5579 hac
3721 5512 3813 5613 citi:

2314 5611 2425 5688 tate
2460 5628 2759 5686 venerabili
2806 5642 2969 5699 quam
3013 5611 3810 5699 sacratissimo,comitatuele‘

2311 5723 2457 5779 omni
2503 5692 2862 5795 exeludantdr
2908 5715 3329 5791 metropolitana
3371 5709 3596 5777 civitate.
3648 5696 3704 5753 Ει

2312 5815 2526 5890 quidem
2559 5811 2884 5887 generaliter
2928 5798 3089 5867 circa
3121 5823 3315 5867 omnes
3342 5798 3718 5863 constituimus,
3743 5796 3808 5851 «ιιιι
