3926 6432
96 426 182 482 5ιῖ

1213 417 1703 475 necnerALtun
1730 392 2132 475 consciae.

3219 358 3328 499 si;

98 538 183 592 hac
207 532 351 589 Clade
378 530 685 602 pollutionis
708 529 894 602 polluti
923 528 1149 585 suntvel
1173 528 1503 599 polluuntur.
1532 529 1639 585 Eos
1669 536 1714 593 Α
1740 528 1883 601 centi
1914 528 2102 583 decem
2139 535 2196 585 et
2224 536 2350 585 octo
2398 530 2572 586 sancti
2627 529 2820 586 Patres
2842 532 3200 601 tradiderunt,
3238 552 3328 594 ca-

98 632 252 677 autem
273 621 364 690 qui
391 628 519 674 ante
545 612 729 674 clerici
753 619 1181 674 orthodoxorum
1210 616 1333 672 lidei
1359 626 1415 672 et
1448 633 1641 671 mona-

99 717 169 772 chi
192 715 399 786 qnidant
425 713 515 784 qui
535 712 835 767 Eutichetis
849 712 1087 767 habuere
1103 710 1480 772 diversorium,
1499 708 1642 779 quod

97 823 250 878 neque
269 804 652 861 monasterium
686 803 975 860 dicendum
1001 811 1109 866 est,
1138 817 1204 856 eo
1224 800 1364 869 quod
1394 800 1446 854 in
1473 812 1531 853 se
1562 815 1644 853 re-

98 898 282 968 ligionis
302 896 489 951 habuit
516 894 784 957 inimicos,
817 892 908 963 qui
935 892 1113 945 adhuc
1154 905 1324 960 usque
1350 889 1401 943 in
1436 898 1641 942 tantam

99 987 337 1044 insaniam
396 991 775 1046 recesserunt,
810 992 868 1034 ut
919 981 1106 1035 relicto
1146 978 1471 1033 venerabilis
1496 978 1643 1031 cultu

100 1078 343 1151 religionis
381 1077 434 1130 in
460 1073 717 1147 synodico
745 1073 964 1128 decreto
992 1069 1353 1127 Chalcedonio
1385 1068 1525 1140 quod
1566 1078 1644 1122 to-

100 1157 189 1225 tius
218 1184 346 1237 pene
370 1168 521 1222 orbis
551 1166 771 1221 adunati
804 1164 1063 1220 deliniere
1091 1164 1404 1219 sacerdotes
1429 1202 1445 1226 ,
1470 1160 1646 1215 infau—

100 1270 211 1314 stam
235 1258 531 1314 Eutichetis
572 1255 743 1310 secuti
789 1264 915 1310 sunt
961 1255 1341 1315 assertionem,
1374 1252 1489 1321 qui,
1516 1266 1642 1304 vera

100 1350 195 1403 luce
214 1349 446 1411 deserta,
499 1346 754 1401 tenebras
784 1342 1062 1415 eligendos
1090 1356 1210 1399 esse
1254 1342 1601 1397 crediderunt
1625 1381 1641 1403 ,

98 1437 313 1493 omnibus
338 1435 516 1506 poenis
542 1448 661 1505 qua:
688 1433 1119 1504 praecedentibus
1148 1432 1360 1503 legibus
1387 1433 1646 1488 adversus

100 1528 343 1601 Ingereticos
368 1524 606 1580 delinitce
636 1534 763 1579 sunt
787 1565 800 1587 ,
822 1521 1079 1592 jubemus
1111 1521 1306 1586 teneri,
1345 1522 1454 1574 imo
1491 1530 1642 1574 extra

99 1619 361 1675 Romanum
398 1616 595 1686 expelli
627 1616 821 1680 solum,
862 1616 1001 1670 sicut
1033 1615 1402 1685 prmccdentes
1433 1612 1645 1681 religio-

102 1709 293 1765 sissimze
317 1706 735 1764 constitutiones
766 1705 832 1762 de
860 1704 1167 1759 Manichaeis
1192 1703 1540 1766 constituere,
1578 1717 1645 1756 ne

104 1780 271 1861 eorum,
298 1798 585 1855 venenatis
622 1796 905 1852 fraudibus
926 1795 1312 1865 sceleratisque
1325 1793 1643 1849 commentis

1745 618 1997 673 tholicam
2028 628 2274 674 sanctam
2305 621 2462 677 [idem
2487 621 2539 675 in
2572 612 2749 677 Nicaea
2775 623 2993 679 civitate
3019 623 3326 695 fundentes,

1740 705 1826 760 vel
1858 708 1931 761 ita
1967 718 2025 761 ut
2076 708 2179 764 l50
2223 709 2314 763 alii
2367 711 2702 767 venerabiles
2731 712 2968 782 episcopi
2999 716 3091 785 qui
3131 716 3183 770 in
3226 718 3330 775 hac

1743 797 1885 855 alma
1915 800 2047 855 urbe
2083 801 2677 872 Constantinopolitana
2711 815 2894 873 postea
2933 818 3325 873 convenerunt,

1746 888 1888 942 sicut
1918 889 2251 945 Athanasius
2281 901 2335 945 et
2365 889 2693 961 Theophilus
2713 934 2727 955 ,
2763 903 2816 948 et
2868 892 3097 964 Cyrillus
3132 907 3332 952 sancta:

1746 979 2142 1035 recordationis
2198 982 2433 1051 episcopi
2482 982 2858 1057 Alexandrinae
2905 984 3164 1049 civitatis,
3209 1002 3328 1042 crc-

1744 1069 2018 1133 diderunl,
2057 1085 2194 1139 quos
2222 1070 2387 1123 etiam
2432 1071 2702 1139 Ephesina
2742 1073 3003 1145 synodus,
3037 1075 3124 1129 cui
3154 1076 3327 1132 lenta:

1744 1159 2020 1214 memoria:
2078 1158 2314 1231 Cyr-illus
2352 1160 2587 1231 praefuit,
2638 1163 2690 1217 in
2732 1178 2840 1232 qua
2891 1163 3125 1220 Nestorii
3176 1182 3333 1223 error

1743 1249 1999 1319 expulsus
2034 1260 2115 1307 est
2138 1291 2153 1314 ,
2204 1251 2492 1307 universos
2517 1262 2701 1307 secuta
2726 1269 2848 1308 esse
2868 1294 2885 1319 ,
2911 1270 3050 1323 quos
3078 1265 3133 1311 et
3158 1272 3334 1328 nuper

1744 1327 2069 1394 venerabilis
2099 1338 2439 1398 Chalcedone
2455 1343 2689 1414 synodus
2714 1352 2799 1398 est
2822 1355 3032 1411 secuta,
3057 1327 3333 1416 prioribus

1744 1427 1990 1505 conciliis
2027 1428 2369 1486 sacerdotum
2405 1447 2468 1487 ex
2500 1433 2646 1489 omni
2672 1448 2899 1503 prorsus
2929 1445 3082 1507 parte
3105 1452 3333 1493 consen-

1746 1516 2031 1595 tientibus,
2069 1518 2316 1590 nihilque
2350 1522 2595 1579 adimens
2624 1538 2654 1578 a
2702 1535 3049 1582 sacrosancto
3085 1528 3331 1601 symbolo

1745 1624 1921 1679 neque
1953 1609 2211 1678 adjiciens
2237 1627 2331 1667 seu
2366 1612 2669 1671 Eutichetis
2694 1617 2942 1688 dogmata
2959 1618 3173 1677 funesta
3202 1636 3333 1677 con-

1744 1698 2244 1755 demnans:sciant
2299 1719 2359 1759 se
2431 1719 2552 1761 esse
2614 1706 2935 1773 hmreticos;
2992 1709 3323 1778 Apollinaris

1744 1789 1887 1844 enim
1910 1789 2422 1848 facinerosissimam
2446 1782 2646 1851 sectam
2677 1796 2932 1853 Eutiches
2957 1809 3012 1854 et
3044 1800 3188 1855 Diosi
3201 1815 3332 1857 ortis

100 1890 406 1947 innocentum
480 1887 567 1942 vel
634 1887 974 1942 infirmorum
1043 1883 1209 1940 animi
1278 1882 1641 1953 decipiantur.
1678 1871 1721 1930 Β
1752 1892 1874 1935 sunt
1915 1883 2106 1937 secuti.
2150 1883 2382 1953 Ideoque
2424 1902 2613 1942 oinncs
2650 1887 2704 1942 hi
2749 1888 2843 1958 qui
2873 1888 3204 1958 Apollinaris
3242 1892 3327 1948 vel

100 1977 430 2051 Comperimus
456 1986 721 2047 praeterea
749 1975 995 2048 quaedam
1019 1991 1115 2031 eos
1156 1974 1209 2029 in
1254 1973 1638 2029 contumeliam

103 2068 333 2140 religionis
358 2078 412 2125 et
454 2067 718 2122 invidiam
771 2067 1096 2122 venerabilis
1137 2064 1412 2137 synodicae
1446 2064 1641 2120 diilini-

102 2163 232 2220 tionis
252 2162 410 2218 fuisse
436 2161 721 2227 mentitos,
750 2161 1188 2230 conscriptisque
1214 2159 1367 2214 libris
1399 2169 1451 2217 et
1482 2160 1642 2213 char-

106 2261 248 2309 tarum
277 2253 432 2310 tomis
474 2251 639 2324 plura
675 2250 931 2316 ﬁnxisse,
981 2266 1102 2321 qua:
1133 2265 1320 2304 eorum
1371 2250 1640 2304 insaniam

103 2346 318 2401 adversus
344 2358 535 2405 veram
566 2343 726 2400 fidem
772 2353 957 2415 aperte
982 2344 1264 2416 signarent
1284 2383 1300 2411 ,
1330 2352 1492 2414 atque
1522 2343 1641 2399 ideo

103 2437 398 2509 praecipimus
435 2437 757 2506 ubicunque
800 2436 1105 2506 huiusmodi
1131 2436 1400 2505 scriptura
1426 2443 1640 2505 reperta

104 2525 234 2582 fuerit
273 2529 484 2601 ignibus
523 2529 885 2584 concremari.
932 2527 1039 2582 Eos
1060 2542 1190 2582 vero
1241 2526 1333 2596 qui
1378 2524 1640 2598 sequendi

105 2619 244 2673 studio
274 2620 548 2675 audierint
575 2619 655 2675 sic
670 2618 937 2674 scelerata
967 2618 1346 2679 disserentem,
1376 2616 1640 2673 denarum

107 2705 319 2763 librarum
370 2710 492 2765 auri
551 2709 870 2765 multatione
900 2710 1315 2787 compescimus.
1360 2708 1467 2765 Eos
1512 2724 1641 2765 vero

107 2797 177 2865 qui
197 2798 270 2854 vel
292 2801 618 2871 scripserint
642 2801 725 2854 vel
758 2801 881 2856 aliis
908 2800 1136 2871 legenda
1177 2798 1505 2856 tradiderint
1546 2801 1642 2856 do-

107 2888 228 2943 cendi
259 2891 427 2946 studio
472 2890 565 2946 vel
613 2891 886 2956 discendi,
931 2907 1219 2947 censemus
1262 2892 1643 2963 deportatione

108 2978 281 3047 puniri;
327 2981 556 3036 delenda
604 2991 690 3037 est
728 2968 893 3037 lenim
942 2968 1063 3038 bare
1096 2982 1331 3037 infausta
1378 2984 1640 3050 haeresis,

109 3067 219 3123 sicut
250 3070 448 3140 pridem
476 3072 679 3128 edictis
721 3074 1037 3131 serenitatis
1081 3083 1284 3130 nostra:
1309 3074 1639 3131 continetur.

109 3152 324 3216 Omnibus
362 3171 550 3220 autem
596 3161 886 3219 adimimus
937 3163 1251 3219 facultatem
1295 3179 1402 3234 qua
1451 3164 1642 3220 ultimo

108 3250 325 3322 supplicio
350 3253 757 3311 coercebuntur
784 3256 877 3327 qui
919 3255 1108 3311 illicita
1163 3257 1377 3319 docere,
1401 3264 1643 3313 teutave.

108 3339 221 3408 rint,
243 3342 311 3399 ita
335 3344 489 3401 enim
518 3345 749 3401 materia
780 3347 1135 3402 subtrahetur
1163 3348 1368 3404 erroris
1393 3386 1409 3414 ,
1447 3348 1493 3405 si
1519 3364 1643 3418 pec-

107 3440 304 3490 calorum
328 3445 381 3492 et
401 3437 601 3491 doctor
618 3435 854 3493 defuerit
873 3446 926 3494 et
957 3438 1196 3514 auditor,
1221 3438 1426 3494 Palladi
1445 3455 1644 3521 parens

110 3523 379 3584 charissima
428 3539 601 3600 atque
647 3531 1056 3597 amantissime,
1099 3531 1326 3589 illustris
1356 3533 1539 3602 itaque
1587 3543 1643 3589 et

112 3619 347 3688 magnifica
372 3623 674 3679 auctoritas
696 3635 786 3679 tua
811 3624 1026 3690 edictis,
1066 3624 1361 3695 propositis
1390 3625 1643 3682 onmibus

106 3703 243 3761 faciat
283 3719 400 3766 nota
424 3728 549 3781 qua:
583 3710 846 3782 iussimus
869 3754 886 3779 ,
934 3724 992 3769 ιιι
1027 3716 1478 3785 cognoscentibus
1530 3730 1643 3770 uto-

112 3796 402 3858 dcratoribus
427 3805 833 3874 provinciarum
860 3820 1162 3875 eorumque
1190 3804 1465 3862 olliuiariis
1487 3845 1504 3871 ,
1543 3807 1610 3862 de
1627 3836 1642 3849 -

113 3884 367 3947 lerisoribus
391 3894 563 3949 etiam
590 3892 893 3959 civitatum,
917 3896 1060 3966 quod
1086 3906 1329 3951 sanctam
1354 3912 1644 3966 veramque

112 3974 236 4032 ﬁdem
258 3992 436 4041 sancto
459 3983 739 4055 proposito
758 3984 1166 4042 custodiendam
1188 3999 1309 4038 esse
1331 4000 1641 4043 censemus.

114 4068 247 4128 Quam
277 4072 317 4125 si
353 4073 691 4145 neglexerint
728 4081 823 4127 aut
866 4074 1208 4142 permiserint
1258 4075 1509 4129 temerari
1546 4075 1642 4130 de-

116 4171 267 4215 naruin
298 4162 554 4221 librarum
582 4164 701 4219 auri
742 4164 1061 4221 multatione
1102 4164 1386 4233 percussi,
1425 4174 1482 4218 ut
1512 4165 1641 4219 reli-

116 4246 251 4323 gionis
277 4250 559 4321 legumque
601 4252 909 4321 proditores
937 4291 953 4315 ,
990 4252 1156 4306 etiam
1188 4252 1255 4307 de
1283 4254 1642 4309 aestimatione

114 4336 401 4398 laborabunt.
451 4346 586 4399 Data
642 4360 711 4398 xv
769 4342 961 4399 Kalen.
1024 4343 1252 4415 Augusti
1324 4344 1639 4400 Constanti-

117 4432 260 4500 nopoli
278 4474 293 4500 ,
318 4436 570 4507 Aspirato
598 4445 652 4492 et
680 4436 772 4505 qui
809 4436 974 4492 fuerit
1007 4436 1288 4493 nuntiatus
1307 4437 1639 4495 consulibus.

177 4543 198 4600 Ι
211 4562 279 4600 ειη
317 4548 419 4605 alia
448 4549 709 4605 Μαινιίαηί
755 4550 1088 4619 imperatoris
1135 4559 1318 4603 contra
1364 4550 1569 4603 eosdem

700 4621 997 4675 haereticos.

169 4704 431 4777 imperator
466 4711 784 4766 MARTIANDS
803 4710 1081 4781 Augustus
1103 4710 1375 4766 PALLADIO
1401 4710 1640 4781 prmtori.

177 4794 305 4855 Licet
344 4802 453 4872 jam
523 4803 894 4858 sacratissima
952 4802 1338 4858 constitutione
1384 4817 1640 4857 mansue-

121 4886 281 4945 tudinis
310 4907 438 4948 me:e
475 4901 694 4948 cautum
743 4908 809 4948 ae
857 4892 1135 4951 deﬁnitam
1171 4895 1274 4961 sit,
1299 4896 1426 4965 quia
1464 4896 1519 4950 in
1549 4911 1642 4953 eos

120 4981 334 5039 severitas
361 4986 660 5041 exercenda
690 4985 796 5050 sit,
832 4986 925 5055 qui
962 4985 1261 5043 Eutichetis
1306 4989 1390 5044 vel
1437 4988 1643 5057 Apolli-

122 5072 236 5128 naris
251 5074 543 5133 lmreticam
582 5078 997 5148 perversitatem
1029 5079 1201 5133 secuti
1237 5096 1267 5133 a
1302 5081 1565 5153 religione
1589 5089 1645 5136 et

124 5160 205 5216 lidc
224 5168 466 5225 catholica
507 5169 825 5235 deviarunt,
861 5167 1242 5224 Alexandrina“:
1279 5179 1457 5226 tamen
1494 5172 1646 5227 urhis

124 5250 238 5309 cives
277 5266 429 5331 atque
472 5260 807 5316 habitatores
865 5260 1029 5315 tantis
1082 5259 1408 5330 Apollinaris
1458 5262 1642 5319 infecti

126 5352 225 5399 sunt
250 5352 484 5417 venenis,
522 5362 582 5407 ut
619 5352 989 5409 necessarium
1024 5351 1191 5405 fuerit
1225 5367 1287 5407 ea
1328 5368 1489 5421 quam
1518 5364 1645 5408 ante

127 5438 394 5509 sanximns,
441 5444 675 5515 repetita
731 5443 892 5498 etiam
947 5440 1064 5512 lege
1098 5459 1270 5500 .nunc
1329 5444 1641 5501 decernere.

128 5518 398 5597 Quicunque
453 5547 583 5604 ergo
641 5534 724 5588 vel
781 5532 834 5585 in
879 5532 979 5587 bac
1030 5550 1183 5590 sacra
1229 5535 1400 5600 urbe,
1452 5536 1534 5591 vel
1592 5536 1647 5591 in

129 5610 439 5677 Alexandrina
466 5626 683 5683 civitate
705 5668 719 5692 ,
754 5627 839 5682 vel
876 5628 931 5683 in
977 5628 1123 5684 omni
1150 5614 1471 5698 Ai'gyptiaca
1510 5610 1647 5680 dite-1

132 5701 217 5754 cesi
247 5713 296 5759 et
322 5698 535 5770 diversis
564 5714 685 5772 aliis
720 5706 1014 5786 provinciis
1041 5715 1337 5771 Eutiehetis
1371 5717 1649 5787 profanam

134 5796 487 5859 Wcrsitalem
514 5815 839 5876 sequuntur,
876 5816 933 5865 et
955 5808 1034 5863 ita
1067 5821 1175 5863 non
1204 5808 1433 5864 credunt
1465 5817 1521 5863 ut
1547 5818 1655 5865 trc-

1744 1971 2052 2053 _Eutichetis
2090 1977 2499 2046 perversitatem
2538 1990 2839 2049 sequuntur
2869 1980 2972 2036 illis
3001 1982 3179 2051 pannis
3193 1998 3328 2053 quas

1746 2062 1857 2117 divi
1902 2073 2048 2118 retro
2097 2064 2371 2137 principes
2395 2076 2584 2121 contra
2612 2068 3023 2138 Apollinaristas
3051 2070 3137 2127 vel
3180 2087 3331 2129 seres

1741 2152 1883 2209 nitas
1937 2166 2121 2210 nostra
2189 2165 2310 2226 post
2369 2158 2587 2212 modum
2659 2169 2849 2214 contra
2896 2160 3320 2218 Eutichianistas

1741 2249 1942 2314 sanxit,
1972 2250 2223 2305 noverint
2260 2266 2320 2306 se
2349 2266 2469 2307 esse
2506 2252 2839 2323 plectendos.
2883 2253 3090 2311 Idcirco
3126 2257 3329 2326 Apolli-

1743 2336 2012 2401 naristas,
2060 2337 2164 2394 hoc
2222 2348 2308 2395 est
2351 2339 2803 2409 Eutichianistas,
2862 2343 3060 2415 quibus
3098 2347 3201 2401 etsi
3241 2356 3328 2404 est

1744 2425 1798 2482 in
1823 2428 2185 2499 appellatione
2207 2431 2513 2498 diversitas,
2539 2448 2660 2490 esse
2690 2444 2871 2489 tamen
2900 2436 2953 2491 in
2980 2438 3173 2493 haeresi
3195 2454 3329 2495 con-

1739 2520 1971 2590 junctio,
2005 2531 2062 2578 et
2086 2522 2272 2594 dispar
2295 2525 2514 2595 quidem
2538 2541 2758 2591 nomen,
2796 2526 2890 2582 sed
2921 2527 3062 2583 idem
3106 2530 3329 2584 sacrile-

1742 2614 1887 2685 gium
1909 2654 1927 2679 ,
1953 2614 2071 2670 sive
2120 2614 2174 2669 in
2218 2615 2321 2671 hac
2347 2614 2487 2670 alma
2537 2616 2669 2673 urbe
2692 2656 2708 2682 ,
2739 2615 2825 2673 vel
2859 2617 2913 2671 in
2958 2618 3326 2677 Alexandrina

1741 2704 1985 2772 civitate,
2015 2719 2109 2761 seu
2134 2705 2276 2762 intra
2298 2704 2590 2778 Egyptum
2613 2716 2762 2769 sunt,
2786 2698 2962 2777 neque
2992 2708 3066 2763 ita
3094 2711 3327 2775 credunt,

1742 2793 1886 2849 sicut
1915 2794 2161 2864 prtedicti
2232 2795 2569 2851 venerabiles
2596 2796 2929 2861 credebant,
2983 2814 3157 2869 neque
3208 2801 3326 2855 viro

1744 2885 2198 2940 reverendissimo
2254 2884 2632 2941 Alexandriam
2661 2886 2811 2943 urbis
2837 2888 3065 2943 antistiti
3101 2888 3327 2945 Prothe-

1744 2974 1826 3029 rio
1838 2972 1998 3030 ﬁdem
2010 2974 2366 3031 orthodoxam
2380 2977 2582 3032 tenenti
2598 2978 3002 3034 communicant
3025 2979 3321 3036 secundum

1745 3066 1993 3123 divorum
2046 3075 2191 3123 retro
2242 3068 2549 3141 principum
2616 3069 3031 3125 constitutiones
3078 3086 3200 3146 qna:
3238 3070 3321 3125 tle

1745 3158 2149 3229 Apollinaristis
2178 3160 2533 3235 promulgatae
2563 3170 2687 3217 sunt
2715 3200 2733 3227 ,
2777 3175 2882 3216 non
2908 3160 3143 3216 habeant
3167 3170 3329 3232 pote-

1670 3226 1715 3288 (ἶ
1747 3226 1945 3305 statem
1992 3226 2224 3307 faciendi
2259 3226 2639 3307 testamentum
2666 3291 2681 3317 ,
2734 3265 2910 3323 neque
2936 3252 2989 3308 id
3032 3226 3322 3323 acquirunt

1743 3341 1888 3410 quod
1925 3340 2057 3410 ipsis
2079 3356 2147 3397 ex
2177 3350 2500 3398 testamento
2524 3342 2843 3413 cujusquam
2868 3340 3031 3398 fuerit
3054 3343 3325 3408 relictum,

1745 3433 1881 3488 nihil
1928 3433 2092 3488 etiam
2122 3449 2189 3489 ex
2216 3434 2507 3489 donatione
2535 3433 2714 3505 aliqua
2746 3443 3178 3504 consequantur;
3231 3434 3328 3490 sed

1740 3523 1785 3579 si
1824 3524 1953 3592 quid
1988 3523 2120 3593 ipsis
2156 3524 2237 3578 vel
2268 3523 2593 3581 liberalitate
2629 3524 2927 3589 acciderit,
2973 3524 3055 3579 vel
3095 3524 3325 3587 viventis

1743 3617 1831 3671 vel
1858 3618 2139 3672 morientis
2165 3617 2327 3672 fuerit
2366 3617 2639 3675 voluntate
2663 3617 2950 3681 collatum,
2997 3617 3049 3671 id
3079 3616 3326 3686 protinus

1743 3709 1874 3763 lisco
1895 3717 2081 3763 nostro
2106 3709 2407 3765 addicatur.
2436 3709 2541 3779 Ipsi
2566 3723 2696 3765 vero
2726 3709 2780 3764 in
2810 3707 2985 3764 nullos
3015 3708 3219 3779 aliquid
3254 3722 3321 3764 ex

1744 3798 1906 3852 rebus
1953 3798 2066 3853 suis
2113 3798 2318 3853 donare
2357 3800 2581 3869 possint.
2626 3800 2923 3869 Episcopus
2969 3814 3186 3871 quoque
3236 3797 3323 3854 vel

1742 3891 2091 3961 presbyteros
2126 3889 2368 3960 aliosque
2394 3891 2623 3951 clericos
2662 3892 2771 3947 illis
2815 3904 3008 3948 creare
3036 3900 3094 3947 et
3120 3892 3326 3947 habere

1742 3997 1848 4036 non
1877 3982 2053 4034 liceat.
2086 3980 2338 4038 Scientes
2363 3989 2471 4037 tant
2498 3981 2911 4038 Eutichianisttr.
2935 3994 3095 4051 quam
3124 3981 3328 4051 Apellis

1741 4072 1960 4126 naristu:
1986 4072 2077 4140 qui
2109 4073 2226 4127 ausi
2265 4071 2467 4127 fuerint
2495 4072 2743 4143 cuiquam
2770 4073 3007 4143 episcopi
3058 4073 3145 4127 vel
3188 4087 3320 4143 pre-

1756 4167 1801 4217 sl
1823 4164 1963 4233 yteri
1992 4163 2074 4219 vel
2100 4163 2282 4220 clerici
2311 4180 2506 4220 nomen
2530 4164 3001 4235 imponere,quam
3033 4164 3086 4219 hi
3109 4167 3202 4234 qui
3229 4179 3323 4219 (ο-

1744 4253 1855 4305 nati
1890 4250 2090 4306 fuerint
2119 4252 2429 4322 impositum
2461 4267 2658 4309 nomen
2701 4252 3038 4310 sacerdotale
3066 4252 3321 4317 retinere,

1741 4344 1933 4398 exsilio
1957 4385 1971 4408 ,
2018 4360 2306 4414 rerumque
2344 4360 2565 4399 suarum
2596 4344 2941 4398 amissionem
2988 4341 3322 4413 plectendos.

1742 4436 1848 4492 Eos
1889 4451 2019 4492 vero
2063 4436 2154 4505 qui
2201 4436 2269 4490 de
2314 4436 2417 4492 hac
2447 4435 2716 4492 catholica
2760 4434 2934 4491 Roma
2968 4433 3320 4490 ecclesiarum

1670 4549 1721 4611 Ι)
1749 4529 1930 4586 clerici
1952 4530 2035 4585 vel
2056 4529 2374 4585 orthodoxa:
2401 4528 2522 4584 iidei
2542 4528 2790 4583 monachi
2816 4527 3048 4590 fuerant,
3066 4525 3325 4580 derelicto

1748 4637 1875 4677 vero
1902 4622 1995 4677 Dei
2023 4621 2204 4687 cultu,
2256 4621 2581 4691 Apollinaris
2624 4620 2706 4674 vel
2754 4617 3321 4674 Eutichctishaeresim

1748 4714 1939 4770 sectati
1975 4725 2138 4779 sunt,
2188 4713 2271 4770 vel
2319 4722 2441 4784 post
2492 4713 2609 4768 haec
2631 4712 3021 4776 scctabuutur,
3074 4708 3323 4765 omnibus

1747 4809 1924 4879 poenis
1952 4824 2072 4879 qua:
2098 4808 2182 4864 vel
2213 4807 2484 4879 prioribus
2514 4806 2721 4877 legibus
2756 4805 3017 4859 adversus
3040 4802 3324 4857 haereticos

1747 4902 2054 4956 constituta:
2084 4908 2208 4957 sunt
2223 4900 2478 4970 jubemus
2500 4899 2697 4961 teneri,
2727 4905 2780 4953 et
2801 4906 2955 4951 extra
2986 4895 3159 4966 ipsum
3187 4908 3325 4963 quo-

1747 5006 1852 5060 que
1882 4989 2110 5045 RJmani
2154 4990 2363 5060 imperii
2388 4989 2560 5044 solum
2588 4986 2733 5059 pelli.
2775 4985 3020 5042 Universi
3064 4995 3325 5055 praeterea

1747 5082 2144 5154 Apollinaristae
2179 5082 2259 5135 vel
2300 5081 2706 5135 Eutichianistte
2744 5094 2849 5133 non
2880 5075 3169 5140 ecclesias,
3218 5089 3326 5137 non

1749 5174 2077 5227 monasteria
2107 5172 2206 5227 sibi
2252 5180 2597 5235 construant,
2638 5184 2812 5238 neque
2840 5182 3106 5240 synaxcs,
3151 5178 3327 5235 neque

1747 5262 2118 5318 conventicula
2150 5262 2505 5326 contrahant,
2550 5273 2725 5329 neque
2750 5259 2817 5313 ad
2847 5258 3064 5313 domum
3086 5299 3101 5322 ,
3150 5269 3327 5326 neque

1749 5355 1816 5409 ad
1844 5355 2240 5424 possessionem
2296 5351 2697 5421 cujuscunque,
2746 5363 2920 5419 neque
2959 5350 3026 5403 ad
3060 5355 3328 5403 monaste-

1752 5443 1913 5509 rium,
1942 5461 2118 5515 neque
2143 5445 2211 5500 ad
2250 5457 2628 5515 quemcunque
2670 5440 2895 5499 alterius
2930 5440 3105 5497 locum
3140 5451 3328 5505 opera-

1752 5546 1899 5592 tores
1947 5546 2118 5594 sectae.
2161 5534 2544 5592 funcstissimae
2597 5540 3014 5602 congregentur.
3081 5526 3255 5607 Quod.
3280 5525 3326 5579 si

1750 5628 2017 5703 fecerint,
2057 5639 2110 5683 et
2137 5628 2239 5682 hoc
2262 5626 2464 5682 factum
2496 5623 2663 5680 fuisse
2692 5623 2919 5679 Domino
2959 5618 3171 5674 volente
3198 5628 3330 5671 con-

1754 5720 1985 5785 stiterit,
2037 5726 2314 5788 postremo
2350 5714 2681 5785 iudicialiter
2732 5722 2954 5777 notum,
3005 5711 3199 5767 domus
3244 5705 3329 5765 vel

1755 5811 2023 5884 possessio
2047 5810 2098 5865 in
2123 5825 2281 5879 quam
2307 5788 2681 5874 convenerint,
2707 5807 2836 5862 tiseo
2863 5803 3117 5869 societur,
3144 5815 3304 5857 mena
