3834 5428
506 314 609 369 519

1287 315 1576 370 ΑΡΡΕΝΟ.
1611 313 1699 366 AD
1725 313 1897 368 SACC.
1930 315 2019 368 IX.
2062 346 2131 356 —
2162 315 2410 371 lSlDORl
2459 314 2900 372 MERCATORIS
3665 318 3748 372 520

509 429 735 485 sterium
781 443 912 484 vero
959 428 1074 498 ejus
1111 431 1348 486 civitatis
1371 431 1685 485 orthodoxa:
1727 431 1979 485 Ecclesiie
2031 433 2082 484 in
2115 434 2158 492 Λ
2189 446 2349 484 nemo
2387 431 2689 500 hujusmedi
2736 433 2935 486 habere
2981 428 3147 486 libros
3192 430 3408 493 audeat,
3439 429 3601 498 Quod
3629 432 3668 485 si
3707 433 3748 486 in

510 519 666 587 cujus
695 519 969 572 territorio
994 528 1094 582 est,
1120 518 1370 585 iubemus
1417 519 1609 573 addici.
1665 519 1721 572 Si
1767 536 1894 573 vero
1935 519 2085 588 igno-

509 616 665 662 rante
693 607 949 672 domino,
989 608 1190 662 sciente
1215 623 1346 662 vero
1389 609 1477 679 qui
1527 610 1952 678 dispensationes
1990 612 2085 664 do-

508 714 632 753 mus
658 698 823 767 exigit
846 738 860 762 ,
903 697 986 751 vel
1020 698 1348 752 cenductorc
1374 739 1387 761 ,
1436 699 1518 753 vel
1561 709 1910 768 procuratore
1935 742 1950 764 ,
2004 701 2088 756 vel

509 788 696 857 praedii
728 787 1063 856 parasinaxis
1096 788 1468 842 conventicula
1510 789 1794 842 interdicta
1825 807 2089 845 convene-

511 877 641 941 rint,
689 876 990 930 conductor
1017 876 1096 931 vel
1125 887 1446 945 procurator
1466 878 1576 932 sive
1615 887 1825 943 auctor,
1854 879 1934 931 vel
1972 879 2090 948 qui-

511 981 723 1035 cunque
773 965 825 1018 in
875 966 1095 1020 domum
1145 965 1227 1019 vel
1261 968 1655 1036 possessionem
1689 968 1771 1021 vel
1817 980 2089 1023 monaste-

509 1056 650 1110 rium
667 1054 961 1123 receperint
974 1055 1086 1121 ,νει
1102 1056 1244 1126 passi
1263 1056 1460 1110 fuerint
1477 1057 1688 1111 illicitas
1702 1074 2088 1128 parasynaxes,

511 1153 915 1213 conventusque
930 1145 1214 1210 celebrari,
1235 1147 1278 1200 si
1305 1147 1428 1200 vilis
1449 1155 1502 1201 et
1526 1146 1747 1214 abiectae
1768 1149 2091 1203 conditionis

510 1239 621 1292 sint
648 1237 880 1292 fustibus
908 1238 1120 1307 publice
1145 1249 1198 1293 et
1222 1239 1274 1293 in
1299 1255 1512 1309 poenam
1542 1256 1692 1294 suam
1715 1242 1839 1294 etin
1865 1243 2090 1296 alierum

512 1337 872 1384 exerceantur
914 1329 1244 1399 exemplum.
1295 1329 1352 1385 Si
1401 1332 1642 1386 honesta:
1682 1347 1811 1386 vere
1851 1349 2093 1402 persona:

513 1426 673 1482 sunt,
725 1419 912 1473 decem
943 1419 1109 1473 libras
1139 1420 1256 1474 auri
1297 1423 1428 1474 tisco
1472 1431 1660 1476 nostro
1711 1431 1976 1491 cogantur
2008 1423 2091 1476 in-

512 1510 677 1566 ferre.
707 1509 921 1564 Nullum
951 1521 1213 1581 prteterea
1242 1512 1677 1582 Apollinaristam
1702 1513 1785 1568 vel
1816 1514 2093 1568 Eutichia-

512 1605 714 1662 nistam
747 1606 813 1660 ad
841 1605 1076 1675 aliquam
1097 1605 1351 1674 iubemus
1380 1608 1623 1677 aspirare
1654 1607 1900 1661 militiam
1927 1649 1941 1671 ,
1987 1607 2090 1661 nisi

516 1698 585 1753 ad
617 1697 952 1753 cohortalem
978 1699 1062 1754 vel
1099 1699 1472 1766 limitaneam;
1514 1701 1559 1754 si
1599 1701 1688 1770 qui
1732 1717 1863 1756 vero
1906 1711 2091 1755 contra

2198 519 2282 573 his
2317 521 2638 574 criminibus
2675 519 2874 574 fuerint
2923 518 3162 582 inventi,
3209 529 3476 587 perpetua
3527 519 3748 588 deporta-

2199 609 2341 663 tiene
2372 611 2718 675 damnentur;
2744 610 2796 663 hi
2826 625 2952 663 vere
2985 609 3074 677 qui
3105 607 3342 662 discendi
3372 607 3560 662 studio
3589 609 3746 662 audie~

2197 701 2305 752 rint
2335 701 2397 753 de
2427 699 2655 752 infausta
2684 699 2876 753 lueresi
2907 698 3258 768 disputantes,
3293 697 3486 751 decem
3515 696 3747 752 librarum

2197 789 2311 842 auri
2345 804 2462 858 quze
2487 788 2618 842 fisco
2649 797 2832 842 nostro
2863 786 3292 857 applicabuntur,
3309 787 3750 854 subeantdiswa-

2196 881 2361 934 dium.
2420 881 2618 935 Omnes
2649 896 2777 935 vero
2819 881 3023 934 chartae
3067 894 3130 933 ac
3181 878 3302 932 libri
3353 879 3447 947 qui
3505 877 3746 931 funestam

2197 970 2495 1024 Eutichetis
2533 971 2723 1041 dogma
2763 970 2963 1023 fuerint
2998 967 3259 1038 complexi
3283 1009 3298 1032 ,
3331 977 3747 1022 concrementur.

2199 1059 2398 1114 Parens
2419 1061 2753 1124 charissime,
2783 1069 2870 1113 tua
2894 1058 3114 1112 illustris
3138 1058 3300 1127 igitur
3324 1059 3630 1112 auctoritas
3656 1072 3749 1126 qua:

2198 1149 2299 1204 hac
2312 1151 2677 1204 sacratissima
2693 1149 3074 1205 constitutione
3089 1149 3426 1202 decrevimus
3443 1149 3502 1202 in
3525 1148 3627 1201 hac
3639 1148 3748 1200 alma

2197 1245 2352 1308 urbe,
2383 1243 2714 1312 diversisque
2759 1240 3049 1311 provinciis
3077 1255 3139 1295 ac
3162 1241 3434 1310 praecipue
3466 1239 3524 1293 in
3550 1239 3752 1292 Alexano

2197 1334 2351 1387 drina
2384 1333 2604 1388 civitate
2633 1342 2685 1387 et
2711 1348 2805 1402 per
2832 1333 3134 1386 universam
3161 1331 3554 1402 Egyptiacam
3585 1331 3754 1384 diozce-

2198 1424 2298 1477 sim
2325 1424 2516 1478 edictis
2547 1439 2609 1477 ex
2644 1439 2794 1478 more
2824 1423 3135 1492 propositis,
3167 1423 3236 1477 ad
3263 1422 3512 1476 omnium
3537 1420 3752 1474 notitiam

2199 1513 2362 1568 faciat
2396 1515 2677 1583 pervenire
2702 1554 2716 1579 ,
2750 1523 2809 1567 ut
2846 1524 3040 1568 cuncta
3069 1529 3188 1583 quze
3225 1512 3524 1568 statuimus
3546 1552 3563 1577 ,
3599 1513 3649 1566 in
3683 1525 3753 1564 eos

2199 1607 2288 1676 qui
2319 1607 2392 1660 rei
2416 1605 2617 1660 fuerint
2639 1606 2956 1676 deprehensi
2980 1646 2993 1669 ,
3028 1605 3291 1661 severitas
3337 1603 3598 1674 protinus
3632 1616 3755 1656 exer~

2199 1707 2403 1763 ceatur,
2436 1698 2730 1754 scientibus
2783 1698 3213 1753 moderatoribus
3242 1696 3654 1767 provinciarum
3681 1709 3752 1750 eo-

509 1787 768 1856 fecerint,
821 1789 1001 1844 solute
1048 1790 1265 1860 cingulo
1316 1791 1665 1845 honestorum
1717 1791 1993 1845 hominum
2036 1800 2092 1845 et
2122 1795 2165 1854 Β
2193 1805 2419 1858 rumque
2460 1790 2858 1859 apparitoribus
2903 1789 2994 1860 qui
3019 1789 3151 1859 legis
3191 1787 3537 1857 huiusquam
3570 1787 3754 1858 religie-

510 1879 699 1948 palatii
728 1879 1110 1936 communione
1133 1881 1440 1951 priventur,
1464 1897 1565 1936 nec
1589 1881 1642 1935 in
1678 1881 1878 1950 aliqua,
1912 1881 2014 1934 nisi
2041 1881 2095 1934 in

521 1985 586 2025 ea
617 1970 670 2024 in
702 1985 806 2040 qua
827 1973 940 2025 nati
974 1980 1100 2025 sunt
1128 1972 1348 2026 civitate
1367 1972 1451 2025 vel
1481 1973 1598 2025 vico
1644 1987 1706 2026 ac
1736 1972 1953 2041 regione
1979 1987 2097 2025 ver-

510 2070 723 2117 'sentur.
754 2061 810 2115 Si
833 2062 924 2130 qui
957 2077 1086 2116 vero
1117 2062 1170 2116 in
1197 2063 1301 2116 hac
1325 2062 1461 2116 alma
1484 2063 1618 2116 urbe
1654 2063 1763 2114 nati
1795 2070 1955 2124 sunt,
1987 2069 2096 2116 tam

513 2151 887 2206 sacratissimo
935 2153 1192 2206 comitatu
1232 2169 1391 2222 quam
1424 2152 1570 2206 omni
1616 2167 1713 2221 per
1757 2153 2093 2221 provinciam

513 2240 927 2310 metropolitana
965 2242 1182 2296 civitate
1212 2243 1499 2313 pellantur.
1551 2241 1687 2296 Nulli
1742 2243 1961 2311 insuper
1989 2243 2094 2295 Eu-

516 2329 845 2384 tichianista:
877 2331 960 2385 vel
1011 2332 1410 2402 Apollinaristae
1437 2333 1649 2403 publice
1705 2334 1786 2388 vel
1840 2334 2093 2402 privatim

516 2420 812 2474 advocandi
852 2432 1060 2488 uetus,
1091 2425 1618 2493 autperversitatem
1666 2423 1953 2478 facinerosi
1999 2425 2094 2478 de-

515 2511 714 2579 gmatis
761 2513 1040 2566 asserendi
1095 2513 1164 2567 sit
1214 2514 1464 2569 facultas.
1509 2513 1649 2567 Nulli
1697 2515 1858 2568 etiam
1905 2523 2093 2568 contra

513 2605 874 2660 venerabilem
889 2606 1377 2662 Chalcedoneusem
1408 2607 1668 2678 synodum
1700 2608 2092 2676 liceataliquid,

512 2695 598 2749 vel
625 2695 829 2750 dictare
849 2737 864 2760 ,
893 2697 975 2749 vel
1002 2699 1262 2764 scribere,
1291 2699 1374 2754 vel
1402 2700 1602 2767 legere,
1636 2709 1799 2767 atque
1826 2700 2094 2762 emittere,

2199 1881 2413 1934 sissima
2491 1881 2770 1935 sanctione
2815 1880 3222 1935 custodiendam
3261 1879 3646 1944 decrevimus,
3685 1889 3755 1931 aut

2200 1970 2554 2040 neglexerint,
2579 1981 2670 2024 aut
2698 1970 2934 2041 aliquam
2959 1969 3308 2040 permiserint
3333 1969 3646 2025 temeritate
3669 1969 3756 2021 vie-

2201 2061 2343 2127 lari,
2396 2062 2654 2115 dcnarutn
2700 2061 2958 2116 librarum
3003 2060 3118 2114 auri
3160 2060 3387 2114 multam
3434 2060 3571 2114 fisco
3598 2069 3756 2113 nostro

2201 2161 2463 2222 cogantur
2494 2151 2713 2215 inferre,
2756 2152 2977 2221 insuper
3032 2151 3194 2206 etiam
3223 2151 3650 2204 existimationis
3667 2164 3755 2203 sua

2201 2243 2501 2313 periculum
2543 2242 2924 2306 sustinebunt;
2977 2257 3038 2296 ea
3071 2256 3283 2311 quoque
3314 2241 3382 2296 de
3430 2241 3655 2310 paganis
3680 2254 3755 2306 per

2199 2349 2359 2388 omne
2388 2332 2687 2386 Romanum
2742 2332 3026 2400 imperium
3075 2331 3358 2400 aequaliter
3409 2329 3640 2383 valitura
3670 2328 3755 2381 ele-

2202 2425 2398 2490 gimus,
2432 2421 2819 2476 instantissime
2849 2424 2902 2475 in
2930 2437 3022 2476 eos
3069 2429 3428 2475 exerceantur
3475 2435 3614 2488 quos
3653 2434 3756 2472 cen-
3832 2431 3834 2490 ς

2202 2515 2400 2569 stiterit
2422 2512 2674 2583 profanos
2694 2513 2827 2566 ritus
2855 2511 3146 2566 celebrare.
3181 2510 3317 2563 Data
3347 2510 3450 2563 sub
3481 2509 3569 2563 die
3589 2506 3752 2561 Kalen.

2203 2604 2450 2675 Augusti,
2480 2599 2968 2670 Constantinopoli,
3019 2600 3149 2655 Divo
3186 2599 3298 2653 Vlll
3328 2609 3386 2652 et
3407 2595 3752 2666 AntemieJV.

2199 2693 2304 2750 CC.
2336 2708 2580 2748 concess.

1076 2922 1374 2984 ATTICUS
1402 2923 1803 2989 EPISCOPUS,
1826 2923 2176 2990 QUALITER
2222 2917 2555 2976 FORMATA
2585 2914 2921 2973 EPISTOLA
2955 2915 3133 2972 FIAT.

585 3051 772 3108 Grmca
824 3053 1085 3110 elementa
1126 3055 1431 3113 litterarum
1485 3075 1741 3113 numeros
1794 3059 1954 3112 etiam
2005 3072 2098 3111 cx—

512 3135 749 3211 priu'uerc
776 3145 952 3200 nullus
981 3147 1070 3216 qui
1105 3149 1190 3202 vel
1221 3152 1456 3203 tenuiter
1487 3150 1660 3205 Grteci
1705 3150 1970 3203 sermonis
2005 3164 2101 3203 no-

517 3232 693 3285 titiam
724 3233 907 3296 hahet,
936 3235 1166 3305 ignorat.
1200 3237 1277 3292 Ne
1304 3239 1466 3308 igitur
1497 3241 1546 3293 in
1573 3239 1834 3294 faciendis
1860 3240 2102 3309 epistolis

2205 3065 2310 3121 est,
2349 3053 2440 3122 qui
2493 3067 2776 3106 numerum
2828 3049 2897 3106 80
2945 3049 3232 3119 signiﬁcat,
3265 3047 3385 3117 ejus
3417 3063 3630 3118 quoque
3681 3047 3752 3118 qui

2203 3143 2418 3210 scripsit
2441 3141 2718 3208 epistolam
2737 3139 2908 3210 prima
2935 3139 3111 3193 littera
3129 3179 3143 3204 ,
3161 3139 3244 3192 cui
3260 3139 3525 3192 scribitur
3549 3139 3753 3193 secunda

2204 3233 2404 3294 littera,
2429 3229 2750 3299 accipientis
2783 3229 2941 3284 tertia
2972 3228 3173 3291 littera,
3209 3227 3449 3282 civitatis
3471 3243 3680 3299 quoque
3705 3229 3754 3279 de

517 3320 813 3386 canonicis,
837 3337 971 3391 quas
993 3340 1108 3379 mos
1132 3324 1360 3382 Latinus
1385 3327 1642 3382 formatas
1664 3328 2103 3398 appellat,aliqua
2133 3343 2177 3402 ς
2209 3339 2314 3394 qua
2373 3322 2628 3376 scribitur
2657 3329 2869 3390 quarta,
2893 3328 2948 3375 et
2993 3320 3306 3375 indic‘tienis
3332 3336 3663 3390 quacunque
3690 3326 3755 3374 est

518 3405 666 3464 fraus
692 3409 942 3467 falsitatis
969 3423 1167 3470 temere
1199 3430 1634 3485 przesumeretur,
1665 3421 1766 3474 hec
1793 3437 1822 3473 a
1849 3421 2097 3476 Patribus

521 3502 782 3556 trecentis
810 3503 995 3558 decem
1035 3514 1089 3559 et
1114 3518 1236 3562 octo
1268 3507 1440 3562 Nicma
1473 3512 1813 3580 congregatis
1855 3511 2098 3564 saluber-

519 3587 656 3643 rime
688 3591 962 3647 inventum
993 3603 1078 3648 cst
1107 3607 1162 3650 et
1188 3601 1542 3652 constitutum
1563 3641 1577 3665 ,
1609 3609 1666 3653 ut
1714 3600 1958 3654 formatre
1984 3602 2095 3669 cpi-

519 3679 835 3736 stoltebanc
871 3683 1242 3741 calculationis
1288 3703 1381 3741 seu
1427 3690 1824 3758 supputatienis
1865 3689 2096 3743 habeant

520 3767 819 3834 rationem,
851 3771 900 3823 id
945 3781 1047 3827 est.
1098 3782 1520 3829 utassumantur
1558 3778 1609 3830 in
1659 3779 2094 3846 supputationem

518 3857 695 3923 prima
721 3860 906 3913 Crat-ca
934 3860 1199 3916 elementa
1226 3904 1240 3927 ,
1286 3863 1463 3918 Patris
1509 3877 1564 3918 et
1593 3866 1713 3919 Filii
1760 3875 1816 3920 et
1864 3866 2095 3936 Spiritus

519 3948 718 4010 sancti,
759 3950 858 4002 hoc
886 3962 990 4015 est,
1021 3962 1082 4016 Il,
1107 3963 1165 4018 Υ,
1191 3962 1249 4006 Α.
1277 3955 1408 4020 Qua:
1433 3955 1693 4010 elementa
1717 3965 1772 4009 et
1801 3967 2095 4027 octogena-

520 4033 660 4086 rium
699 4046 753 4090 et
804 4042 1394 4111 quadringentesimum
1425 4054 1477 4098 et
1508 4045 1738 4114 primum
1791 4047 2099 4116 significant

527 4137 830 4179 numerum.
865 4129 1010 4184 Petri
1067 4147 1282 4201 quoque
1324 4136 1547 4203 apostoli
1592 4136 1766 4204 prima
1799 4136 2006 4201 littera,
2039 4137 2092 4191 id

2204 3413 2480 3480 temporis,
2525 3411 2663 3464 idem
2693 3412 2784 3480 qui
2817 3410 2919 3465 fuit
2951 3427 3209 3466 numerus
3236 3420 3549 3466 assumatur
3576 3428 3589 3464 :
3613 3419 3754 3478 atque

2201 3504 2273 3558 ita
2325 3504 2410 3558 his
2456 3501 2707 3556 omnibus
2751 3502 2954 3557 Graecis
2990 3503 3188 3557 litteris
3231 3517 3372 3570 qum,
3421 3510 3481 3555 ut
3522 3501 3752 3558 diximus,

2199 3610 2456 3649 numeros
2485 3596 2794 3663 exprimunt
2814 3596 2867 3648 in
2897 3609 3065 3649 unum
3110 3595 3305 3658 ductis,
3329 3610 3494 3647 unam
3530 3607 3756 3662 quaecun-

2199 3701 2305 3754 que
2332 3684 2493 3738 fuerit
2523 3685 2765 3747 collecta,
2791 3701 3058 3740 summam
3085 3685 3366 3754 epistolam
3401 3694 3601 3747 teneat,
3630 3685 3753 3736 hanc

2198 3775 2546 3846 quisuscipit,
2569 3775 2715 3829 omni
2747 3791 2869 3830 cum
2897 3776 3107 3831 cautela
3133 3775 3370 3845 requirat
3391 3790 3654 3845 expresse,
3679 3773 3755 3825 ad-
3826 3833 3827 3848 χ

2199 3866 2290 3919 dat
2317 3876 2579 3936 praeterea
2627 3868 2914 3936 separatim
2944 3866 2996 3920 in
3025 3866 3248 3936 epistola
3277 3867 3688 3936 nonagenarium
3712 3871 3756 3914 et
3826 3865 3827 3916 Υ

2199 3974 2395 4013 novum
2427 3976 2710 4014 numerum
2738 3959 2828 4029 qui
2859 3961 3153 4015 secundum
3184 3957 3378 4014 Crteca
3407 3957 3662 4012 elementa
3691 3954 3755 4008 sio

2201 4050 2480 4121 gnificant.
2517 4051 2704 4104 Valete
2732 4051 2784 4104 in
2815 4050 3065 4105 Domine.

2521 4143 2810 4212 l-lucusque
2835 4145 3073 4198 Ceucilia
3100 4143 3439 4199 Graecorum.

569 4247 3744 4303 'MW

1166 4386 1275 4458 ⁷⁶
1365 4412 2102 4540 CONCILIA
2192 4332 3127 4547 LATINORUM

1861 4654 2329 4726 SEQUUNTUR

1123 4826 1557 4918 QUORUM
1641 4830 1944 4906 PIllUS
2005 4831 2192 4907 EST
2252 4833 3132 4917 CARTHAGINENSE.

2051 4968 2308 4986 ἰι-ι-

571 4265 1980 4294 W
