3910 6508
139 504 214 560 531
737 556 744 562 κ
1275 478 1764 536 DECRETALIUM
1800 475 2206 535 COLLECTIO.
3223 467 3331 524 522

193 609 236 664 6.
270 603 330 660 Ut
351 599 515 659 clerici
541 606 696 655 actus
718 593 1062 653 saecularium
1105 590 1192 648 vel
1236 589 1646 652 procurationes
1673 591 1728 650 Α
1821 587 1908 642 10.
1949 587 2027 643 Ne
2051 584 2336 658 episcopus
2357 583 2582 639 alterius
2606 580 2845 652 episcopi
2871 580 3055 651 plebes
3079 579 3166 638 vel
3191 579 3331 638 ﬁnes

139 715 220 756 non
242 693 523 756 suscipiant.
1755 688 1999 748 usurpet.

242 710 362 752 susct
401 710 523 747 tant.
1757 710 1999 748 usu-pm.

192 715 234 842 I7‘.
269 786 328 842 Ut
348 710 512 840 clierici
536 779 621 838 vel
649 779 771 835 laici
799 780 854 834 in
893 777 1068 834 aliena
1095 775 1341 834 Ecclesia
1364 789 1474 832 non
1502 788 1650 832 com-
1829 769 1914 824 ll.
1958 768 2034 824 De
2057 766 2270 824 clericis
2308 764 2722 822 contumacibus
2759 771 2815 820 et
2851 763 2920 820 de
2943 777 3172 821 numero
3185 761 3332 834 judi-

138 879 364 938 municent
393 875 486 932 sub
511 873 707 929 litteris
731 871 816 928 sui
854 870 1116 941 episcopi.
1761 861 1999 917 nantium
2029 861 2473 930 presbyterorum
2494 867 2551 914 et
2581 857 2954 914 diaconorum.

186 973 232 1027 8.
266 970 326 1028 Ut
360 967 609 1037 implicati
650 964 884 1037 negotiis
926 963 1118 1018 alienis
1205 968 1331 1016 ante
1383 957 1650 1015 redditam
1830 953 1920 1008 12.
1960 951 2028 1008 Ut
2044 961 2202 1023 pacta
2225 952 2367 1006 inter
2386 950 2815 1021 episcoposinita
2835 950 3230 1007 custodiantur.

135 1059 353 1117 rationem
377 1055 550 1112 clerici
574 1070 679 1110 non
705 1054 1051 1110 ordinentur.
1835 1043 1923 1099 l5.
1963 1042 2035 1099 Ut
2061 1058 2168 1100 non
2193 1043 2354 1098 liceat
2381 1042 2598 1097 clericis
2619 1041 2888 1099 fenerare.

188 1151 230 1208 9.
264 1149 326 1207 Ut
351 1149 465 1205 laici
489 1147 720 1205 clericos
745 1154 961 1202 actores
985 1143 1072 1200 vel
1097 1141 1516 1200 ratiocinatores
1553 1136 1656 1196 sibi
1826 1134 1916 1189 14.
1950 1131 2022 1189 Ut
2056 1133 2178 1188 lai-ci
2207 1141 2608 1204 contemptores
2654 1147 2928 1189 canonum
2963 1133 3340 1191 excommuni-

135 1259 218 1302 non
245 1242 570 1301 constituant.
1757 1235 1952 1285 centur
1975 1266 1992 1294 ,
2030 1225 2216 1284 clerici
2241 1241 2374 1282 vero
2410 1226 2620 1282 honore
2645 1225 2952 1296 priventur.

487 1474 889 1557 INCIPIT
931 1467 1531 1554 CONCILIUM
1591 1462 2004 1545 PRIMUM
2055 1461 2942 1545 CARTHAGINENSE.

184 1653 298 1711 Cum
320 1653 512 1710 Gratus
560 1653 849 1725 episcopus
891 1650 1311 1724 Carthaginensi
1344 1648 1400 1703 in
1431 1644 1665 1702 concilio
1723 1683 1732 1717 ί
1768 1641 1898 1699 licet
1923 1649 2103 1698 vestra
2121 1641 2412 1714 prudentia
2439 1643 2512 1699 sit
2531 1643 2801 1700 instructa
2833 1659 2863 1698 a
2893 1643 3005 1699 Deo
3032 1684 3048 1710 ,
3072 1651 3128 1700 et
3148 1659 3361 1702 merea-

133 1758 213 1798 una
235 1760 343 1800 cum
365 1745 583 1816 collegis
603 1745 715 1800 suis
740 1743 1115 1810 consedisset,
1145 1751 1200 1798 et
1223 1741 1316 1813 qui
1338 1755 1406 1797 ex
1436 1737 1666 1795 diversis
1731 1734 1740 1744 '
1771 1742 1861 1790 tur
1899 1735 1956 1790 in
2000 1749 2134 1805 pace
2156 1776 2171 1800 ,
2219 1742 2275 1790 et
2321 1734 2531 1790 unitate
2561 1736 2820 1805 consequi
2872 1736 3105 1806 desuper
3131 1753 3361 1794 munera

131 1839 375 1906 provinciis
422 1837 696 1894 Africanis
739 1838 809 1894 ad
846 1835 1232 1908 Carthaginem
1263 1839 1664 1894 convenerunt,
1771 1825 1922 1896 larga
1948 1865 1963 1890 ,
1992 1833 2173 1880 tamen
2213 1833 2270 1880 et
2299 1841 2400 1897 ego
2429 1841 2570 1882 unus
2618 1841 2684 1882 ex
2728 1827 2884 1882 vobis
2912 1868 2927 1893 ,
2956 1837 3012 1883 et
3039 1844 3148 1900 quo
3173 1845 3362 1899 parem

131 1926 276 1984 Felice
314 1928 598 1985 Baianensi
627 1969 641 1994 ,
679 1927 1076 1983 Fortunatiano
1121 1925 1430 1995 Ramptano
1459 1963 1474 1987 ,
1498 1923 1670 2000 .Cres-
1773 1916 2052 1971 vobiscum
2083 1915 2502 1973 sollicitudinem
2519 1933 2673 1990 gero,
2699 1927 2922 1990 propter
2934 1919 3366 1978 ecclesiasticum

134 2027 254 2073 cente
277 2018 476 2075 Baiensi
511 2060 526 2086 ,
554 2018 878 2074 Vindiciano
895 2017 1251 2074 Lacubaiensi
1285 2057 1301 2082 ,
1327 2013 1671 2070 Abundantio
1702 2055 1745 2086 ι)
1775 2007 2024 2062 ordinem
2049 2006 2182 2062 illud
2217 2007 2500 2065 insinuare
2527 2010 2752 2066 curabo.

131 2107 436 2166 Adrumetino
463 2151 481 2177 ,
527 2110 715 2164 Priato
755 2109 1118 2181 Begesilitano
1144 2148 1158 2174 ,
1200 2104 1506 2162 Gaudentio
1529 2103 1671 2159 Tur-
1699 2099 1747 2114 "
1845 2100 1908 2154 ll.
1955 2099 2255 2171 Martyrum
2285 2101 2603 2172 dignitatem
2631 2117 2791 2160 nemo
2819 2103 3081 2173 profanus
3116 2104 3365 2173 infamet,

133 2199 401 2268 retaliensi,
464 2201 707 2257 Patricio
764 2200 1015 2256 Siucensi
1045 2239 1060 2265 ,
1122 2197 1316 2266 Quieto
1383 2193 1674 2260 Uticensi,
1777 2208 1956 2264 neque
1997 2194 2216 2264 passiva
2266 2208 2500 2264 corpora
2531 2209 2652 2264 quae
2685 2195 2976 2266 sepulturae
3019 2206 3231 2253 tantum
3251 2213 3374 2270 pro«

134 2288 324 2348 Rumulo
344 2293 673 2349 Tebestiano
699 2333 716 2360 ,
765 2301 824 2347 et
847 2291 1061 2348 caeteris
1082 2303 1312 2361 quorum
1335 2301 1529 2342 manus
1550 2300 1679 2340 con-
1777 2296 1902 2357 pter
1940 2287 2266 2342 memoriam
2319 2285 2753 2343 ecclesiasticam
2802 2289 3171 2344 commendari
3217 2305 3375 2347 man-

134 2385 331 2441 tinentur
353 2427 368 2453 ,
389 2386 539 2442 idem
563 2386 764 2443 Gratus
788 2385 1076 2456 episcopus
1107 2382 1244 2438 dixit
1276 2399 1289 2435 :
1326 2379 1544 2436 Gratias
1568 2377 1680 2434 Deo
1781 2377 1967 2431 datum
1989 2386 2074 2432 est
2099 2417 2115 2442 ,
2143 2375 2431 2448 redigant,
2478 2386 2541 2432 ut
2588 2387 2684 2432 aut
2728 2379 2938 2435 insania
2983 2379 3374 2450 praecipitatos,

133 2477 442 2547 omnipotenti
500 2485 557 2534 et
596 2477 815 2534 Christo
867 2475 996 2532 Jesu
1023 2515 1039 2540 ,
1069 2474 1162 2546 qui
1187 2473 1332 2529 dedit
1356 2470 1516 2526 malis
1537 2469 1681 2525 schi-
1780 2480 1875 2525 aut
1916 2470 2019 2524 alia
2070 2470 2283 2526 ratione
2317 2471 2530 2542 peccati
2565 2471 2865 2543 disjunctos
2912 2487 3020 2528 non
3051 2473 3262 2529 ratione
3291 2475 3378 2530 vel

131 2572 352 2627 smatibus
382 2573 554 2628 ﬁnem
583 2612 598 2640 ,
624 2581 681 2628 et
706 2571 950 2642 respexit
975 2567 1278 2624 Ecclesiam
1308 2580 1463 2621 suam
1491 2604 1508 2630 ,
1544 2572 1606 2618 ut
1627 2563 1680 2618 in
1785 2565 2024 2626 tempore
2063 2559 2389 2628 competenti
2409 2599 2424 2624 ν
2456 2575 2563 2628 (illo
2585 2561 2845 2631 martyria
2867 2560 3212 2618 celebrentur
3230 2579 3378 2619 mar-

132 2657 223 2727 ejus
252 2662 511 2732 gremium
549 2662 787 2733 erigeret
839 2660 1093 2715 universa
1126 2657 1372 2712 membra
1397 2655 1682 2724 dispersa,
1785 2659 1962 2722 tyrum
2009 2651 2232 2706 nomina
2277 2651 2594 2722 appellent,
2657 2660 2718 2708 ut
2768 2655 2814 2709 si
2853 2654 2976 2724 quis
3011 2655 3080 2710 ad
3123 2654 3380 2725 iniuriam

130 2752 202 2821 qui
225 2754 502 2825 imperavit
545 2753 954 2824 religiosissime
979 2749 1297 2806 Constantio
1329 2745 1683 2817 imperatori,
1785 2751 2097 2814 martyrum
2125 2741 2392 2798 claritatis
2416 2759 2606 2800 eorum
2629 2742 2891 2816 adjungat
2919 2746 3142 2804 insanos
3164 2787 3179 2813 ,
3205 2748 3384 2819 placet

133 2851 176 2894 ut
202 2851 366 2899 votum
418 2851 639 2916 gereret
688 2842 912 2897 unitatis
941 2882 957 2908 ,
1004 2848 1062 2896 et
1107 2839 1354 2894 mitteret
1405 2835 1684 2890 ministros
1786 2849 1902 2900 eos,
1931 2835 1976 2889 si
2000 2834 2125 2889 laici
2154 2833 2266 2890 sint
2297 2875 2312 2902 ,
2353 2836 2423 2890 ad
2453 2835 2830 2906 paenitentiam
2865 2837 3057 2909 redigi.
3106 2837 3166 2893 Si
3199 2847 3382 2894 autem

131 2937 271 2991 sancti
324 2939 512 3008 operis
561 2936 796 2992 famulos
821 2935 957 3000 Dei,
984 2933 1213 2989 Paulum
1241 2939 1296 2986 et
1324 2929 1684 2984 Macharium.
1787 2939 1916 2981 sunt
1946 2927 2166 2993 clerici,
2214 2934 2336 2996 post
2360 2927 2838 2982 commonitionem
2863 2935 2920 2983 et
2966 2937 3087 2999 post
3115 2930 3383 3000 cognitio-

132 3026 206 3082 Dei
251 3045 372 3101 ergo
423 3041 566 3086 nutu
613 3029 927 3100 congregati
957 3027 1027 3083 ad
1062 3027 1326 3081 unitatem
1349 3063 1364 3089 ,
1391 3031 1451 3076 ut
1480 3036 1577 3091 per
1603 3020 1686 3075 di-
1789 3036 1912 3076 nem
1963 3023 2172 3078 honore
2209 3023 2432 3093 privari.
2479 3021 2733 3080 Universi
2779 3025 3075 3092 dixerunt,
3098 3036 3247 3082 recte
3275 3034 3389 3080 sta-

129 3133 283 3177 versas
322 3123 642 3194 provincias
673 3121 906 3176 concilia
933 3118 1271 3174 celebremus
1293 3156 1307 3179 ,
1339 3123 1394 3169 et
1418 3113 1688 3168 universae
1791 3112 1910 3167 bilit
1951 3114 2214 3169 sanctitas
2261 3123 2443 3171 vestra
2471 3157 2485 3181 ,
2517 3117 2620 3172 hoc
2648 3125 2705 3172 et
2744 3116 2971 3188 singulis
2999 3117 3244 3173 conciliis
3274 3125 3388 3172 sta—

130 3213 383 3277 provincize
414 3213 624 3268 Africa:
665 3212 927 3266 hodierna
958 3211 1045 3266 die
1067 3208 1360 3265 concilium
1391 3204 1565 3277 gratia
1593 3203 1690 3258 Dei
1793 3212 1966 3257 tutum
1995 3214 2097 3260 cst.

129 3299 479 3377 Carthaginem
525 3305 779 3370 veniret,
829 3305 973 3359 unde
1023 3298 1500 3357 considerantibus
1535 3296 1690 3352 vobis
1863 3295 1947 3350 lll.
1989 3295 2189 3354 Gratus
2217 3299 2500 3371 episcopus
2522 3300 2660 3356 dixit
2700 3320 2713 3355 :
2744 3301 2813 3357 Et
2856 3301 2986 3358 illud
3015 3303 3306 3375 praecipue,
3340 3303 3388 3357 si

133 3404 233 3446 cunt
274 3410 388 3450 mea
419 3393 808 3451 mediocritate
844 3400 1148 3448 tractentur
1175 3389 1314 3444 tituli
1352 3387 1688 3453 necessarii,
1719 3422 1764 3484 Ο
1796 3389 2007 3445 videtur
2037 3401 2233 3448 vestra:
2258 3393 2556 3460 dilectioni,
2581 3395 2881 3450 cavendum
2930 3405 3036 3462 est,
3072 3407 3131 3451 ut
3155 3398 3388 3467 pastoris

133 3478 185 3534 de
214 3483 397 3552 quibus
448 3500 682 3542 necesse
726 3492 810 3539 est
868 3498 968 3539 nos
1004 3495 1273 3536 memores
1294 3488 1691 3552 praeceptorum
1729 3478 1764 3484 ’
1800 3497 1930 3535 cura
1955 3491 2217 3551 quantum
2258 3485 2418 3540 debet
2466 3494 2521 3539 et
2546 3496 2724 3555 potest
2755 3486 3022 3558 regularis
3049 3489 3392 3558 providentia

134 3567 402 3631 divinorum
456 3584 517 3632 et
573 3574 875 3646 magisterii
925 3573 1232 3628 divinarum
1289 3569 1697 3639 Scripturarum
1801 3584 2132 3641 prazmoneat
2161 3616 2176 3640 ,
2206 3585 2266 3630 ut
2297 3575 2639 3631 nullisliceat
2667 3578 2736 3632 ab
2763 3577 2961 3632 aﬁectu
2991 3577 3390 3633 abstinentibus

135 3668 543 3739 contemplantes
578 3668 808 3724 unitatis
832 3676 1043 3738 tempus
1066 3706 1082 3733 ,
1119 3666 1175 3721 id
1208 3666 1276 3720 de
1311 3664 1538 3736 singulis
1567 3661 1699 3717 deﬁ-
1801 3663 2008 3717 carnali
2040 3666 2183 3734 apud
2231 3675 2522 3721 extraneos
2560 3666 2765 3736 pariter
2815 3669 3142 3722 commorari
3170 3685 3184 3733 ;
3235 3684 3396 3723 occa-

132 3754 396 3828 uire-quod
445 3775 554 3816 nec
616 3758 891 3830 Carthago
935 3759 1178 3830 vigorem
1232 3756 1369 3828 legis
1405 3755 1696 3824 infringat,
1802 3755 1985 3811 siones
2038 3757 2183 3812 enim
2232 3760 2576 3828 amputandae
2623 3769 2749 3815 sunt
2787 3771 3133 3830 peccatorum
3165 3803 3179 3828 ,
3218 3772 3273 3817 et
3301 3766 3400 3818 tol-

135 3859 217 3901 nec
238 3857 415 3906 tamen
442 3860 694 3921 tempore
722 3850 948 3906 unitatis
994 3849 1195 3920 aliquid
1216 3849 1565 3905 durissimum
1591 3856 1698 3902 sta-
1803 3844 1976 3902 lendas
2033 3863 2224 3904 omnes
2272 3851 2609 3920 suspiciones
2656 3852 2855 3921 quibus
2901 3853 3174 3909 subtilitas
3197 3854 3402 3908 diaboli

134 3943 340 3998 tuamus.
1804 3940 1906 3995 sub
1960 3950 2224 4012 praetextu
2276 3943 2561 3999 charitatis
2589 3954 2646 4000 et
2669 3945 2976 4003 dilectionis
3012 3949 3258 4004 incautas
3284 3949 3397 4005 ani-

191 4031 308 4088 CAP.
346 4035 388 4091 Ι.
428 4037 580 4108 Ergo
618 4038 666 4092 si
711 4035 862 4092 vobis
916 4035 1137 4106 placet,
1165 4034 1571 4090 consideremus
1593 4033 1702 4104 pri-
1805 4050 1926 4090 mas
1971 4035 2058 4092 vel
2111 4036 2330 4107 ignaras
2378 4038 2595 4094 irretire
2644 4040 2946 4095 consuevit.
2992 4040 3183 4098 Nullus
3234 4042 3402 4112 igitur

133 4141 260 4184 mum
283 4131 508 4188 titulum
532 4131 980 4202 rebaptizationis
1014 4172 1029 4198 ,
1059 4131 1202 4186 unde
1241 4131 1584 4186 sanctitatem
1602 4143 1699 4183 ve-
1807 4129 2063 4200 nullaque
2100 4131 2474 4186 sanctimoniae
2524 4141 2579 4186 et
2611 4132 2907 4203 virginitati
2934 4132 3247 4190 deserviens
3279 4149 3404 4204 pro-

135 4228 280 4278 stram
326 4226 549 4297 postulo
599 4233 662 4281 ut
689 4225 889 4280 mentis
924 4234 1118 4280 vestrm
1142 4223 1340 4296 placita
1391 4221 1706 4294 producatis
1807 4234 1932 4295 pter
1975 4223 2367 4293 blasphemiam
2408 4223 2684 4291 Ecclesia},
2717 4226 2763 4279 si
2791 4226 2943 4280 vobis
2976 4225 3176 4295 placet,
3209 4227 3265 4281 in
3296 4241 3404 4281 una

138 4313 195 4368 ad
245 4316 671 4375 descendentem
719 4317 776 4372 in
819 4331 1016 4387 aquam
1051 4356 1066 4382 ,
1113 4325 1168 4372 et
1212 4317 1604 4386 interrogatum
1651 4314 1707 4370 in
1811 4317 1970 4371 domo
1996 4331 2118 4371 cum
2141 4317 2415 4372 extraneis
2434 4318 2649 4388 penitus
2671 4319 2996 4373 commorari
3023 4319 3250 4386 debent;
3281 4320 3404 4374 uni-

135 4402 381 4464 Trinitate
403 4409 712 4466 secundum
738 4406 1016 4478 Evangelii
1039 4407 1201 4462 ﬁdem
1222 4447 1236 4472 ,
1265 4416 1320 4462 et
1335 4405 1706 4476 apostolorum
1809 4406 1956 4460 versi
2008 4406 2261 4462 dixerunt
2302 4424 2315 4460 :
2350 4407 2453 4474 Qui
2486 4408 2676 4463 nolunt
2730 4409 2936 4465 nubere
2962 4451 2978 4476 ,
3030 4420 3087 4466 et
3122 4411 3400 4484 pudicitia:

134 4493 453 4568 doctrinam,
504 4507 565 4556 et
606 4496 913 4554 confessum
973 4499 1170 4553 bonam
1224 4496 1614 4554 conscientiam
1655 4495 1712 4550 in
1813 4498 2096 4555 meliorem
2149 4499 2356 4570 eligunt
2411 4509 2621 4570 partem
2648 4543 2663 4566 ,
2711 4501 2829 4557 haec
2864 4499 3042 4559 vitare
3081 4505 3324 4571 debent,
3353 4513 3412 4560 et

136 4585 283 4643 Deum
313 4631 329 4656 ,
352 4591 421 4647 de
452 4591 866 4647 resurrectione
895 4588 1022 4647 Jesu
1048 4588 1255 4646 Christi
1284 4629 1300 4656 ,
1338 4590 1385 4644 si
1420 4589 1585 4645 liceat
1611 4589 1713 4643 ite-
1817 4607 1925 4647 non
1977 4593 2152 4648 solum
2208 4593 2458 4649 habitare
2505 4593 2665 4648 simul
2693 4634 2709 4659 ,
2762 4595 2856 4651 sed
2897 4611 3001 4651 nec
3026 4597 3228 4653 habere
3253 4596 3322 4651 ad
3348 4611 3408 4651 se

133 4693 237 4735 rum
261 4682 592 4757 interrogari
638 4683 694 4739 in
737 4684 927 4740 eadem
971 4684 1099 4750 ﬁde,
1139 4691 1194 4738 et
1234 4684 1290 4738 in
1331 4697 1470 4754 aqua
1516 4683 1714 4738 iterum
1819 4683 2058 4752 aliquem
2091 4698 2408 4750 accessum;
2464 4686 2568 4740 hoc
2591 4699 2722 4756 ergo
2759 4694 2815 4742 et
2860 4686 2948 4742 lex
2971 4686 3126 4756 jubet
3155 4727 3170 4753 ,
3198 4696 3253 4742 et
3281 4702 3411 4740 san-

137 4769 311 4847 iutingi
346 4819 362 4845 ,
411 4780 668 4836 universi
713 4781 957 4852 episcopi
999 4781 1291 4836 dixerunt:
1322 4780 1518 4846 Absit,
1552 4780 1713 4837 absit.
1742 4773 1798 4836 D
1823 4774 1984 4830 ctitas
2032 4783 2215 4830 vestra
2263 4775 2650 4841 commendat,
2708 4785 2769 4830 ut
2813 4776 2868 4831 in
2917 4775 3141 4846 singulis
3166 4775 3413 4831 conciliis

134 4857 334 4925 illicitas
360 4886 492 4928 esse
535 4873 810 4929 sancimus
841 4873 1293 4944 rebaptizationes
1313 4915 1326 4938 ,
1359 4881 1416 4929 et
1445 4873 1580 4929 satis
1597 4887 1720 4930 esse
1822 4874 2084 4923 statutum
2119 4876 2221 4924 est.
2250 4867 2450 4923 Gratus
2478 4868 2765 4939 episcopus
2798 4868 2936 4923 dixit
2968 4886 2981 4921 :
3011 4869 3154 4938 Ergo
3180 4883 3407 4939 persua-

138 4952 356 5014 alienum
397 4977 431 5016 a
458 4963 677 5018 sincera
707 4963 813 5019 ﬁde
846 5003 864 5029 ,
890 4972 946 5018 et
973 4963 1239 5018 catholica
1261 4963 1566 5034 disciplina.
1587 4962 1721 5018 Gra-
1823 4964 1906 5018 sio
1931 4963 2198 5019 interdum
2226 4964 2521 5033 prudentes
2551 4963 2687 5020 solet
2707 4977 2893 5019 arcere
2913 4977 2943 5015 a
2969 4965 3207 5032 peccatis
3233 5002 3248 5028 ,
3280 4961 3408 5017 dum

141 5051 214 5101 lus
231 5049 532 5122 episcopus
577 5052 758 5107 dixit:
791 5052 984 5122 Magna
1022 5053 1302 5121 beatitudo
1327 5069 1359 5108 a
1381 5053 1492 5108 Deo
1516 5052 1678 5108 Patre
1701 5094 1716 5118 ,
1825 5055 2196 5126 imprudentes
2247 5057 2405 5113 debet
2446 5066 2624 5112 metus
2666 5055 2976 5125 huiusmodi
3005 5057 3413 5128 constringere,

138 5150 222 5205 per
254 5141 553 5199 Dominum
597 5144 873 5200 Christum
912 5160 1171 5201 concessa
1219 5155 1304 5201 est
1343 5155 1585 5218 tempore
1617 5161 1720 5201 no-
1825 5152 1872 5206 si
1909 5165 2100 5206 sanum
2151 5151 2438 5207 consilium
2478 5159 2782 5220 respuunt,
2826 5157 2883 5205 et
2918 5148 3156 5205 salutare
3186 5148 3418 5204 manda-

140 5242 240 5292 stro
268 5279 284 5305 ,
312 5247 376 5296 ut
420 5239 590 5296 liceat
629 5239 897 5311 religiosis
941 5240 1218 5296 mentibus
1239 5240 1529 5296 insinuare
1549 5239 1724 5294 eccle-
1831 5251 1968 5297 tum.
2023 5243 2082 5299 Si
2130 5258 2260 5315 ergo
2307 5243 2432 5298 laici
2485 5250 2656 5308 sunt,
2704 5250 2826 5312 post
2854 5242 3334 5299 commonitionem
3369 5241 3416 5296 si

141 5325 405 5385 siasticam
432 5330 776 5401 disciplinam
802 5371 818 5397 ,
859 5339 920 5385 ut
951 5331 1226 5386 auditores
1251 5332 1612 5402 percipientes
1640 5346 1727 5386 re-
1833 5335 2292 5405 contempserint,
2325 5350 2358 5390 a
2382 5332 2768 5390 communione
2792 5343 3131 5406 separentur.
3164 5332 3416 5390 Universi

141 5416 309 5485 gulam
333 5429 553 5478 rectam
576 5430 634 5477 et
656 5422 769 5478 Deo
795 5422 1102 5494 placentem
1125 5463 1140 5488 ,
1171 5425 1394 5494 praemia
1431 5422 1727 5479 multorum
1832 5423 2125 5491 dixerunt,
2154 5426 2351 5496 placet.

141 5504 400 5567 bonorum
452 5515 798 5584 percipiant,
854 5524 914 5570 ut
942 5515 997 5569 in
1028 5515 1158 5585 ipsis
1187 5516 1328 5570 Deus
1367 5516 1421 5570 in
1443 5515 1729 5595 omnibus,
1905 5516 1995 5572 IV.
2037 5517 2239 5574 Gratus
2280 5518 2568 5590 episcopus
2619 5517 2796 5586 dixit,
2842 5527 2899 5576 et
2935 5517 2984 5575 si
3011 5515 3223 5574 inﬁnita
3252 5523 3414 5574 sunt.

145 5607 194 5654 et
209 5617 305 5672 pro
328 5605 591 5662 omnibus
633 5607 932 5662 honoretur
959 5646 974 5672 ,
1005 5606 1281 5662 discussus
1305 5614 1388 5663 est
1421 5606 1604 5664 titulus
1637 5623 1731 5664 nc-
1837 5623 1958 5680 qua:
1985 5609 2104 5681 lege
2124 5611 2425 5681 perscripta
2455 5609 2797 5680 proﬁcientia
2826 5611 3122 5683 disciplinac
3150 5649 3165 5675 ,
3202 5615 3256 5664 et
3275 5621 3416 5661 unus

145 5697 413 5754 cessarius
467 5699 917 5770 rebaptizationis
942 5740 956 5766 ,
989 5701 1043 5754 in
1089 5715 1197 5771 quo
1243 5701 1364 5770 plus
1415 5700 1726 5768 schismatis
1827 5700 2057 5771 quisque
2094 5709 2340 5756 nostrum
2374 5708 2606 5756 tractatu
2649 5701 2870 5758 assiduo
2895 5709 2952 5756 et
2987 5695 3414 5756 commonitione

147 5785 318 5842 rabies
366 5787 770 5857 delitescebat,
835 5798 889 5846 et
941 5790 1128 5846 habita
1185 5792 1558 5848 moderatione
1596 5792 1730 5864 legis
1833 5791 2119 5865 frequenti"
2146 5809 2245 5865 per
2271 5794 2515 5866 singulas
2538 5811 2783 5867 quasque
2825 5795 3034 5865 species
3063 5790 3415 5862 proﬁcientes

145 5875 324 5946 vigore
345 5917 363 5943 ,
397 5888 460 5934 et
485 5882 811 5936 auctoritate
835 5880 970 5938 ﬁdes
996 5884 1269 5940 custodita
1295 5893 1399 5942 est.
1439 5886 1572 5942 lllud
1601 5902 1733 5944 sane
1833 5889 1902 5943 ad
1931 5885 2273 5957 disciplinam
2316 5887 2520 5959 poterit
2539 5888 2765 5958 populos
2805 5887 3039 5942 invitare
3064 5924 3081 5952 ,
3106 5893 3288 5940 tamen
3315 5882 3420 5936 ali-

147 5966 567 6036 sapientissimis
593 5973 790 6029 vestris
822 5975 1072 6030 sensibus
1120 5975 1400 6035 insinuare
1427 5981 1728 6047 contendo,
1838 5995 1940 6051 qua
1979 5995 2045 6036 ex
2089 5979 2187 6055 eis.
2206 5987 2428 6052 propter
2457 5979 2824 6052 blaspltemias
2872 5976 3211 6052 suggerenda
3237 5985 3364 6032 sunt
3391 5990 3423 6030 a

628 6066 902 6130 Pyram.
950 6065 1214 6134 CXXX.
1848 6130 1855 6134 .
1901 6117 2064 6135 ,κ

1848 6117 2064 6135 .
2957 6075 3030 6134 11
