  <div class='ocr_page' id='page_1' title='image "/cluster/home/n/w/nwhite01/storage/ocr_20150623/130/hvd.32044015471717/192.png"; bbox 0 0 3910 6518; ppageno 0'>
   <div class='ocr_carea' id='block_1_1' title="bbox 132 571 212 630">
    <p class='ocr_par' dir='ltr' id='par_1_1' title="bbox 132 571 212 630">
     <span class='ocr_line' id='line_1_1' title="bbox 132 571 212 630; baseline -0.038 0"><span class='ocrx_word' id='word_1_1' title='bbox 132 571 212 630; x_wconf 76' lang='lat'><strong>525</strong></span> 
     </span>
    </p>
   </div>
   <div class='ocr_carea' id='block_1_2' title="bbox 1218 570 2150 632">
    <p class='ocr_par' dir='ltr' id='par_1_2' title="bbox 1218 570 2150 632">
     <span class='ocr_line' id='line_1_2' title="bbox 1218 570 2150 632; baseline 0.001 -2"><span class='ocrx_word' id='word_1_2' title='bbox 1218 572 1711 632; x_wconf 79' lang='lat' dir='ltr'><strong>DECRETALIUM</strong></span> <span class='ocrx_word' id='word_1_3' title='bbox 1747 570 2150 631; x_wconf 85' lang='lat' dir='ltr'><strong>COLLECTIO.</strong></span> 
     </span>
    </p>
   </div>
   <div class='ocr_carea' id='block_1_3' title="bbox 3214 581 3328 649">
    <p class='ocr_par' dir='ltr' id='par_1_3' title="bbox 3214 581 3328 649">
     <span class='ocr_line' id='line_1_3' title="bbox 3214 581 3328 649; baseline 0 -6"><span class='ocrx_word' id='word_1_4' title='bbox 3214 581 3328 649; x_wconf 60' lang='grc' dir='ltr'><strong>δα</strong></span> 
     </span>
    </p>
   </div>
   <div class='ocr_carea' id='block_1_4' title="bbox 129 679 3332 763">
    <p class='ocr_par' dir='ltr' id='par_1_4' title="bbox 129 679 3332 763">
     <span class='ocr_line' id='line_1_4' title="bbox 129 679 3332 763; baseline 0.005 -24"><span class='ocrx_word' id='word_1_5' title='bbox 129 700 219 758; x_wconf 70' lang='lat' dir='ltr'><strong>qua:</strong></span> <span class='ocrx_word' id='word_1_6' title='bbox 245 681 316 750; x_wconf 79' lang='lat' dir='ltr'><strong>rei</strong></span> <span class='ocrx_word' id='word_1_7' title='bbox 346 679 473 737; x_wconf 77' lang='lat' dir='ltr'><strong>facta</strong></span> <span class='ocrx_word' id='word_1_8' title='bbox 492 679 577 735; x_wconf 88' lang='lat' dir='ltr'><strong>vel</strong></span> <span class='ocrx_word' id='word_1_9' title='bbox 601 681 744 738; x_wconf 88' lang='lat' dir='ltr'><strong>dicta</strong></span> <span class='ocrx_word' id='word_1_10' title='bbox 771 683 1022 754; x_wconf 81' lang='lat' dir='ltr'><strong>superius</strong></span> <span class='ocrx_word' id='word_1_11' title='bbox 1048 689 1439 758; x_wconf 87' lang='lat' dir='ltr'><strong>comprehensa</strong></span> <span class='ocrx_word' id='word_1_12' title='bbox 1469 698 1632 755; x_wconf 87' lang='lat' dir='ltr'><strong>sunt,</strong></span> <span class='ocrx_word' id='word_1_13' title='bbox 1661 702 1712 763; x_wconf 75' lang='grc' dir='ltr'><strong>Α</strong></span> <span class='ocrx_word' id='word_1_14' title='bbox 1738 687 1937 743; x_wconf 86' lang='lat' dir='ltr'><strong>Gratus</strong></span> <span class='ocrx_word' id='word_1_15' title='bbox 1966 687 2251 758; x_wconf 87' lang='lat' dir='ltr'><strong>episcopus</strong></span> <span class='ocrx_word' id='word_1_16' title='bbox 2285 685 2444 754; x_wconf 95' lang='lat' dir='ltr'><strong>dixit,</strong></span> <span class='ocrx_word' id='word_1_17' title='bbox 2478 698 2728 756; x_wconf 72' lang='lat' dir='ltr'><strong>superest</strong></span> <span class='ocrx_word' id='word_1_18' title='bbox 2757 688 2869 758; x_wconf 79' lang='lat' dir='ltr'><strong>iam</strong></span> <span class='ocrx_word' id='word_1_19' title='bbox 2894 699 2955 747; x_wconf 90' lang='lat' dir='ltr'><strong>ut</strong></span> <span class='ocrx_word' id='word_1_20' title='bbox 2981 691 3181 763; x_wconf 78' lang='lat' dir='ltr'><strong>placita</strong></span> <span class='ocrx_word' id='word_1_21' title='bbox 3212 709 3332 754; x_wconf 86' lang='lat' dir='ltr'><strong>om-</strong></span> 
     </span>
    </p>
   </div>
   <div class='ocr_carea' id='block_1_5' title="bbox 126 773 1626 849">
    <p class='ocr_par' dir='ltr' id='par_1_5' title="bbox 126 773 1626 849">
     <span class='ocr_line' id='line_1_5' title="bbox 126 773 1626 849; baseline 0.005 -20"><span class='ocrx_word' id='word_1_22' title='bbox 126 776 187 831; x_wconf 83' lang='lat' dir='ltr'><strong>vel</strong></span> <span class='ocrx_word' id='word_1_23' title='bbox 213 774 310 830; x_wconf 87' lang='lat' dir='ltr'><strong>aliis</strong></span> <span class='ocrx_word' id='word_1_24' title='bbox 349 773 576 830; x_wconf 85' lang='lat' dir='ltr'><strong>conciliis</strong></span> <span class='ocrx_word' id='word_1_25' title='bbox 608 777 937 847; x_wconf 89' lang='lat' dir='ltr'><strong>conscripta,</strong></span> <span class='ocrx_word' id='word_1_26' title='bbox 976 793 1097 849; x_wconf 68' lang='lat' dir='ltr'><strong>qum</strong></span> <span class='ocrx_word' id='word_1_27' title='bbox 1129 781 1424 835; x_wconf 89' lang='lat' dir='ltr'><strong>secundum</strong></span> <span class='ocrx_word' id='word_1_28' title='bbox 1454 780 1626 849; x_wconf 82' lang='lat' dir='ltr'><strong>iege</strong></span> 
     </span>
    </p>
   </div>
   <div class='ocr_carea' id='block_1_6' title="bbox 125 867 1632 940">
    <p class='ocr_par' dir='ltr' id='par_1_6' title="bbox 125 867 1632 940">
     <span class='ocr_line' id='line_1_6' title="bbox 125 867 1632 940; baseline 0.003 -18"><span class='ocrx_word' id='word_1_29' title='bbox 125 867 421 934; x_wconf 83' lang='lat' dir='ltr'><strong>inveniuntur,</strong></span> <span class='ocrx_word' id='word_1_30' title='bbox 449 867 715 922; x_wconf 89' lang='lat' dir='ltr'><strong>custodire</strong></span> <span class='ocrx_word' id='word_1_31' title='bbox 743 884 843 924; x_wconf 90' lang='lat' dir='ltr'><strong>nos</strong></span> <span class='ocrx_word' id='word_1_32' title='bbox 868 879 1100 939; x_wconf 90' lang='lat' dir='ltr'><strong>oportet.</strong></span> <span class='ocrx_word' id='word_1_33' title='bbox 1142 869 1200 926; x_wconf 84' lang='lat' dir='ltr'><strong>Si</strong></span> <span class='ocrx_word' id='word_1_34' title='bbox 1222 870 1344 940; x_wconf 82' lang='lat' dir='ltr'><strong>quis</strong></span> <span class='ocrx_word' id='word_1_35' title='bbox 1371 886 1500 926; x_wconf 90' lang='lat' dir='ltr'><strong>vero</strong></span> <span class='ocrx_word' id='word_1_36' title='bbox 1525 880 1632 926; x_wconf 85' lang='lat' dir='ltr'><strong>sta-</strong></span> 
     </span>
    </p>
   </div>
   <div class='ocr_carea' id='block_1_7' title="bbox 125 959 1662 1034">
    <p class='ocr_par' dir='ltr' id='par_1_7' title="bbox 125 959 1662 1034">
     <span class='ocr_line' id='line_1_7' title="bbox 125 959 1662 1034; baseline 0.003 -21"><span class='ocrx_word' id='word_1_37' title='bbox 125 967 207 1015; x_wconf 81' lang='lat' dir='ltr'><strong>tuta</strong></span> <span class='ocrx_word' id='word_1_38' title='bbox 233 975 572 1031; x_wconf 82' lang='lat' dir='ltr'><strong>supergressus</strong></span> <span class='ocrx_word' id='word_1_39' title='bbox 599 962 902 1032; x_wconf 75' lang='lat' dir='ltr'><strong>corruperit</strong></span> <span class='ocrx_word' id='word_1_40' title='bbox 928 963 1015 1018; x_wconf 85' lang='lat' dir='ltr'><strong>vel</strong></span> <span class='ocrx_word' id='word_1_41' title='bbox 1048 979 1147 1034; x_wconf 90' lang='lat' dir='ltr'><strong>pro</strong></span> <span class='ocrx_word' id='word_1_42' title='bbox 1190 964 1360 1019; x_wconf 86' lang='lat' dir='ltr'><strong>nihilo</strong></span> <span class='ocrx_word' id='word_1_43' title='bbox 1386 959 1662 1020; x_wconf 70' lang='lat' dir='ltr'><strong>babenda&#39;</strong></span> 
     </span>
    </p>
   </div>
   <div class='ocr_carea' id='block_1_8' title="bbox 121 1053 1631 1124">
    <p class='ocr_par' dir='ltr' id='par_1_8' title="bbox 121 1053 1631 1124">
     <span class='ocr_line' id='line_1_8' title="bbox 121 1053 1631 1124; baseline 0.005 -18"><span class='ocrx_word' id='word_1_44' title='bbox 121 1053 350 1123; x_wconf 77' lang='lat' dir='ltr'><strong>putaverit,</strong></span> <span class='ocrx_word' id='word_1_45' title='bbox 380 1053 420 1108; x_wconf 88' lang='lat' dir='ltr'><strong>si</strong></span> <span class='ocrx_word' id='word_1_46' title='bbox 443 1053 609 1108; x_wconf 84' lang='lat' dir='ltr'><strong>laicus</strong></span> <span class='ocrx_word' id='word_1_47' title='bbox 633 1063 740 1121; x_wconf 87' lang='lat' dir='ltr'><strong>est,</strong></span> <span class='ocrx_word' id='word_1_48' title='bbox 763 1057 1164 1124; x_wconf 88' lang='lat' dir='ltr'><strong>communione,</strong></span> <span class='ocrx_word' id='word_1_49' title='bbox 1193 1057 1239 1113; x_wconf 88' lang='lat' dir='ltr'><strong>si</strong></span> <span class='ocrx_word' id='word_1_50' title='bbox 1271 1057 1502 1114; x_wconf 83' lang='lat' dir='ltr'><strong>clericus</strong></span> <span class='ocrx_word' id='word_1_51' title='bbox 1527 1065 1631 1124; x_wconf 87' lang='lat' dir='ltr'><strong>est,</strong></span> 
     </span>
    </p>
   </div>
   <div class='ocr_carea' id='block_1_9' title="bbox 120 1149 1630 1223">
    <p class='ocr_par' dir='ltr' id='par_1_9' title="bbox 120 1149 1630 1223">
     <span class='ocr_line' id='line_1_9' title="bbox 120 1149 1630 1223; baseline 0.003 -19"><span class='ocrx_word' id='word_1_52' title='bbox 120 1149 276 1204; x_wconf 83' lang='lat' dir='ltr'><strong>honore</strong></span> <span class='ocrx_word' id='word_1_53' title='bbox 309 1149 555 1222; x_wconf 83' lang='lat' dir='ltr'><strong>privetur.</strong></span> <span class='ocrx_word' id='word_1_54' title='bbox 590 1150 836 1208; x_wconf 88' lang='lat' dir='ltr'><strong>Universi</strong></span> <span class='ocrx_word' id='word_1_55' title='bbox 887 1151 1142 1208; x_wconf 84' lang='lat' dir='ltr'><strong>dixerunt</strong></span> <span class='ocrx_word' id='word_1_56' title='bbox 1185 1151 1395 1223; x_wconf 82' lang='lat' dir='ltr'><strong>placet,</strong></span> <span class='ocrx_word' id='word_1_57' title='bbox 1437 1151 1630 1223; x_wconf 81' lang='lat' dir='ltr'><strong>placet.</strong></span> 
     </span>
    </p>
   </div>
   <div class='ocr_carea' id='block_1_10' title="bbox 1737 780 3336 850">
    <p class='ocr_par' dir='ltr' id='par_1_10' title="bbox 1737 780 3336 850">
     <span class='ocr_line' id='line_1_10' title="bbox 1737 780 3336 850; baseline 0.008 -14"><span class='ocrx_word' id='word_1_58' title='bbox 1737 780 1887 836; x_wconf 91' lang='lat' dir='ltr'><strong>nium</strong></span> <span class='ocrx_word' id='word_1_59' title='bbox 1933 790 2244 836; x_wconf 86' lang='lat' dir='ltr'><strong>nostrorum</strong></span> <span class='ocrx_word' id='word_1_60' title='bbox 2271 795 2391 850; x_wconf 66' lang='lat' dir='ltr'><strong>qua</strong></span> <span class='ocrx_word' id='word_1_61' title='bbox 2431 781 2500 836; x_wconf 87' lang='lat' dir='ltr'><strong>ad</strong></span> <span class='ocrx_word' id='word_1_62' title='bbox 2539 797 2865 840; x_wconf 88' lang='lat' dir='ltr'><strong>consensum</strong></span> <span class='ocrx_word' id='word_1_63' title='bbox 2914 795 3155 846; x_wconf 86' lang='lat' dir='ltr'><strong>vestrum</strong></span> <span class='ocrx_word' id='word_1_64' title='bbox 3201 798 3336 849; x_wconf 84' lang='lat' dir='ltr'><strong>sunt</strong></span> 
     </span>
    </p>
   </div>
   <div class='ocr_carea' id='block_1_11' title="bbox 1738 873 3334 945">
    <p class='ocr_par' dir='ltr' id='par_1_11' title="bbox 1738 873 3334 945">
     <span class='ocr_line' id='line_1_11' title="bbox 1738 873 3334 945; baseline 0.006 -19"><span class='ocrx_word' id='word_1_65' title='bbox 1738 873 1961 942; x_wconf 85' lang='lat' dir='ltr'><strong>scripta,</strong></span> <span class='ocrx_word' id='word_1_66' title='bbox 2012 883 2193 927; x_wconf 84' lang='lat' dir='ltr'><strong>vestra</strong></span> <span class='ocrx_word' id='word_1_67' title='bbox 2231 887 2453 942; x_wconf 84' lang='lat' dir='ltr'><strong>quoque</strong></span> <span class='ocrx_word' id='word_1_68' title='bbox 2479 874 2874 945; x_wconf 86' lang='lat' dir='ltr'><strong>subscriptione</strong></span> <span class='ocrx_word' id='word_1_69' title='bbox 2920 877 3168 938; x_wconf 75' lang='lat' dir='ltr'><strong>ﬁrmatis.</strong></span> <span class='ocrx_word' id='word_1_70' title='bbox 3204 880 3334 937; x_wconf 85' lang='lat' dir='ltr'><strong>Uni-</strong></span> 
     </span>
    </p>
   </div>
   <div class='ocr_carea' id='block_1_12' title="bbox 1737 966 3332 1043">
    <p class='ocr_par' dir='ltr' id='par_1_12' title="bbox 1737 966 3332 1043">
     <span class='ocr_line' id='line_1_12' title="bbox 1737 966 3332 1043; baseline 0.008 -23"><span class='ocrx_word' id='word_1_71' title='bbox 1737 966 1881 1022; x_wconf 85' lang='lat' dir='ltr'><strong>versi</strong></span> <span class='ocrx_word' id='word_1_72' title='bbox 1935 966 2212 1031; x_wconf 84' lang='lat' dir='ltr'><strong>dixerunt,</strong></span> <span class='ocrx_word' id='word_1_73' title='bbox 2266 975 2323 1022; x_wconf 87' lang='lat' dir='ltr'><strong>et</strong></span> <span class='ocrx_word' id='word_1_74' title='bbox 2371 969 2712 1024; x_wconf 85' lang='lat' dir='ltr'><strong>censensissc</strong></span> <span class='ocrx_word' id='word_1_75' title='bbox 2749 985 2850 1025; x_wconf 88' lang='lat' dir='ltr'><strong>nos</strong></span> <span class='ocrx_word' id='word_1_76' title='bbox 2907 972 3122 1031; x_wconf 84' lang='lat' dir='ltr'><strong>concilii</strong></span> <span class='ocrx_word' id='word_1_77' title='bbox 3170 971 3332 1043; x_wconf 75' lang='lat' dir='ltr'><strong>huius</strong></span> 
     </span>
    </p>
   </div>
   <div class='ocr_carea' id='block_1_13' title="bbox 1739 1060 3331 1134">
    <p class='ocr_par' dir='ltr' id='par_1_13' title="bbox 1739 1060 3331 1134">
     <span class='ocr_line' id='line_1_13' title="bbox 1739 1060 3331 1134; baseline 0.007 -22"><span class='ocrx_word' id='word_1_78' title='bbox 1739 1060 1945 1129; x_wconf 86' lang='lat' dir='ltr'><strong>scripta</strong></span> <span class='ocrx_word' id='word_1_79' title='bbox 1975 1067 2259 1124; x_wconf 78' lang='lat' dir='ltr'><strong>testantur,</strong></span> <span class='ocrx_word' id='word_1_80' title='bbox 2289 1068 2346 1114; x_wconf 87' lang='lat' dir='ltr'><strong>et</strong></span> <span class='ocrx_word' id='word_1_81' title='bbox 2383 1062 2780 1132; x_wconf 85' lang='lat' dir='ltr'><strong>subscriptione</strong></span> <span class='ocrx_word' id='word_1_82' title='bbox 2818 1074 3003 1126; x_wconf 72' lang='lat' dir='ltr'><strong>nostra</strong></span> <span class='ocrx_word' id='word_1_83' title='bbox 3027 1079 3331 1134; x_wconf 70' lang='lat' dir='ltr'><strong>cumcum</strong></span> 
     </span>
    </p>
   </div>
   <div class='ocr_carea' id='block_1_14' title="bbox 1739 1151 2907 1227">
    <p class='ocr_par' dir='ltr' id='par_1_14' title="bbox 1739 1151 2907 1227">
     <span class='ocr_line' id='line_1_14' title="bbox 1739 1151 2907 1227; baseline 0.004 -19"><span class='ocrx_word' id='word_1_84' title='bbox 1739 1151 2106 1209; x_wconf 79' lang='lat' dir='ltr'><strong>declarabitur</strong></span> <span class='ocrx_word' id='word_1_85' title='bbox 2127 1160 2344 1222; x_wconf 83' lang='lat' dir='ltr'><strong>noster;</strong></span> <span class='ocrx_word' id='word_1_86' title='bbox 2370 1162 2429 1210; x_wconf 89' lang='lat' dir='ltr'><strong>et</strong></span> <span class='ocrx_word' id='word_1_87' title='bbox 2452 1155 2907 1227; x_wconf 82' lang='lat' dir='ltr'><strong>subscripserunt.</strong></span> 
     </span>
    </p>
   </div>
   <div class='ocr_carea' id='block_1_15' title="bbox 681 1419 2706 1488">
    <p class='ocr_par' dir='ltr' id='par_1_15' title="bbox 681 1419 2706 1488">
     <span class='ocr_line' id='line_1_15' title="bbox 681 1419 2706 1488; baseline 0.004 -12"><span class='ocrx_word' id='word_1_88' title='bbox 681 1419 1028 1480; x_wconf 80' lang='lat' dir='ltr'><strong>INClPlUNT</strong></span> <span class='ocrx_word' id='word_1_89' title='bbox 1065 1421 1414 1482; x_wconf 79' lang='lat' dir='ltr'><strong>CAPITULA</strong></span> <span class='ocrx_word' id='word_1_90' title='bbox 1452 1419 1745 1480; x_wconf 83' lang='lat' dir='ltr'><strong>CONCILII</strong></span> <span class='ocrx_word' id='word_1_91' title='bbox 1764 1421 2369 1488; x_wconf 64' lang='lat' dir='ltr'><strong>CARTHAGINENSIS</strong></span> <span class='ocrx_word' id='word_1_92' title='bbox 2389 1423 2706 1485; x_wconf 79' lang='lat' dir='ltr'><strong>SECUNDI.</strong></span> 
     </span>
    </p>
   </div>
   <div class='ocr_carea' id='block_1_16' title="bbox 163 1598 1366 1678">
    <p class='ocr_par' dir='ltr' id='par_1_16' title="bbox 163 1598 1366 1678">
     <span class='ocr_line' id='line_1_16' title="bbox 163 1598 1366 1678; baseline 0.006 -23"><span class='ocrx_word' id='word_1_93' title='bbox 163 1598 202 1655; x_wconf 89' lang='lat' dir='ltr'><strong>l.</strong></span> <span class='ocrx_word' id='word_1_94' title='bbox 224 1599 284 1660; x_wconf 87' lang='lat' dir='ltr'><strong>Ut</strong></span> <span class='ocrx_word' id='word_1_95' title='bbox 307 1599 536 1658; x_wconf 85' lang='lat' dir='ltr'><strong>Trinitas</strong></span> <span class='ocrx_word' id='word_1_96' title='bbox 564 1611 620 1658; x_wconf 90' lang='lat' dir='ltr'><strong>et</strong></span> <span class='ocrx_word' id='word_1_97' title='bbox 638 1603 913 1672; x_wconf 87' lang='lat' dir='ltr'><strong>credatur,</strong></span> <span class='ocrx_word' id='word_1_98' title='bbox 941 1614 997 1662; x_wconf 90' lang='lat' dir='ltr'><strong>et</strong></span> <span class='ocrx_word' id='word_1_99' title='bbox 1019 1605 1366 1678; x_wconf 66' lang='lat' dir='ltr'><strong>praedicetur.</strong></span> 
     </span>
    </p>
   </div>
   <div class='ocr_carea' id='block_1_17' title="bbox 159 1683 1606 1756">
    <p class='ocr_par' dir='ltr' id='par_1_17' title="bbox 159 1683 1606 1756">
     <span class='ocr_line' id='line_1_17' title="bbox 159 1683 1606 1756; baseline 0.008 -11"><span class='ocrx_word' id='word_1_100' title='bbox 159 1689 199 1745; x_wconf 70' lang='grc' dir='ltr'><strong>Ξ.</strong></span> <span class='ocrx_word' id='word_1_101' title='bbox 224 1683 283 1748; x_wconf 87' lang='lat' dir='ltr'><strong>Ut</strong></span> <span class='ocrx_word' id='word_1_102' title='bbox 306 1695 515 1750; x_wconf 87' lang='lat' dir='ltr'><strong>castitas</strong></span> <span class='ocrx_word' id='word_1_103' title='bbox 564 1710 595 1750; x_wconf 90' lang='lat' dir='ltr'><strong>a</strong></span> <span class='ocrx_word' id='word_1_104' title='bbox 640 1694 819 1751; x_wconf 91' lang='lat' dir='ltr'><strong>levitis</strong></span> <span class='ocrx_word' id='word_1_105' title='bbox 852 1705 911 1751; x_wconf 89' lang='lat' dir='ltr'><strong>et</strong></span> <span class='ocrx_word' id='word_1_106' title='bbox 954 1711 985 1751; x_wconf 84' lang='lat' dir='ltr'><strong>a</strong></span> <span class='ocrx_word' id='word_1_107' title='bbox 1029 1697 1240 1753; x_wconf 85' lang='lat' dir='ltr'><strong>sscerd.</strong></span> <span class='ocrx_word' id='word_1_108' title='bbox 1267 1697 1606 1756; x_wconf 79' lang='lat' dir='ltr'><strong>custodiatur</strong></span> 
     </span>
    </p>
   </div>
   <div class='ocr_carea' id='block_1_18' title="bbox 156 1783 1627 1860">
    <p class='ocr_par' dir='ltr' id='par_1_18' title="bbox 156 1783 1627 1860">
     <span class='ocr_line' id='line_1_18' title="bbox 156 1783 1627 1860; baseline 0.009 -22"><span class='ocrx_word' id='word_1_109' title='bbox 156 1784 198 1839; x_wconf 78' lang='grc'><strong>5.</strong></span> <span class='ocrx_word' id='word_1_110' title='bbox 223 1783 289 1842; x_wconf 95' lang='lat' dir='ltr'><strong>Ut</strong></span> <span class='ocrx_word' id='word_1_111' title='bbox 314 1786 544 1842; x_wconf 86' lang='lat' dir='ltr'><strong>chrisma</strong></span> <span class='ocrx_word' id='word_1_112' title='bbox 572 1798 630 1844; x_wconf 91' lang='lat' dir='ltr'><strong>et</strong></span> <span class='ocrx_word' id='word_1_113' title='bbox 664 1788 971 1845; x_wconf 86' lang='lat' dir='ltr'><strong>benedictio</strong></span> <span class='ocrx_word' id='word_1_114' title='bbox 999 1789 1325 1860; x_wconf 85' lang='lat' dir='ltr'><strong>puellarum,</strong></span> <span class='ocrx_word' id='word_1_115' title='bbox 1355 1801 1410 1848; x_wconf 87' lang='lat' dir='ltr'><strong>et</strong></span> <span class='ocrx_word' id='word_1_116' title='bbox 1434 1806 1627 1852; x_wconf 82' lang='lat' dir='ltr'><strong>recon-</strong></span> 
     </span>
    </p>
   </div>
   <div class='ocr_carea' id='block_1_19' title="bbox 111 1875 1396 1953">
    <p class='ocr_par' dir='ltr' id='par_1_19' title="bbox 111 1875 1396 1953">
     <span class='ocr_line' id='line_1_19' title="bbox 111 1875 1396 1953; baseline 0.005 -22"><span class='ocrx_word' id='word_1_117' title='bbox 111 1875 263 1933; x_wconf 84' lang='lat' dir='ltr'><strong>ciliatio</strong></span> <span class='ocrx_word' id='word_1_118' title='bbox 284 1879 650 1948; x_wconf 66' lang='lat' dir='ltr'><strong>ptenitentium</strong></span> <span class='ocrx_word' id='word_1_119' title='bbox 678 1896 709 1935; x_wconf 90' lang='lat' dir='ltr'><strong>a</strong></span> <span class='ocrx_word' id='word_1_120' title='bbox 742 1881 1074 1953; x_wconf 87' lang='lat' dir='ltr'><strong>presbyteris</strong></span> <span class='ocrx_word' id='word_1_121' title='bbox 1105 1897 1211 1937; x_wconf 92' lang='lat' dir='ltr'><strong>non</strong></span> <span class='ocrx_word' id='word_1_122' title='bbox 1242 1882 1396 1938; x_wconf 88' lang='lat' dir='ltr'><strong>ﬁant.</strong></span> 
     </span>
    </p>
   </div>
   <div class='ocr_carea' id='block_1_20' title="bbox 156 1965 1626 2047">
    <p class='ocr_par' dir='ltr' id='par_1_20' title="bbox 156 1965 1626 2047">
     <span class='ocr_line' id='line_1_20' title="bbox 156 1965 1626 2047; baseline 0.01 -27"><span class='ocrx_word' id='word_1_123' title='bbox 156 1965 198 2020; x_wconf 75' lang='grc'><strong>4.</strong></span> <span class='ocrx_word' id='word_1_124' title='bbox 227 1965 298 2022; x_wconf 86' lang='lat' dir='ltr'><strong>-Ut</strong></span> <span class='ocrx_word' id='word_1_125' title='bbox 321 1972 598 2042; x_wconf 85' lang='lat' dir='ltr'><strong>presbyter</strong></span> <span class='ocrx_word' id='word_1_126' title='bbox 635 1971 994 2043; x_wconf 59' lang='lat' dir='ltr'><strong>paenitentum</strong></span> <span class='ocrx_word' id='word_1_127' title='bbox 1031 1970 1218 2043; x_wconf 82' lang='lat' dir='ltr'><strong>jussus</strong></span> <span class='ocrx_word' id='word_1_128' title='bbox 1254 1973 1325 2030; x_wconf 83' lang='lat' dir='ltr'><strong>ab</strong></span> <span class='ocrx_word' id='word_1_129' title='bbox 1369 1973 1626 2047; x_wconf 80' lang='lat' dir='ltr'><strong>episcopo</strong></span> 
     </span>
    </p>
   </div>
   <div class='ocr_carea' id='block_1_21' title="bbox 108 2063 486 2120">
    <p class='ocr_par' dir='ltr' id='par_1_21' title="bbox 108 2063 486 2120">
     <span class='ocr_line' id='line_1_21' title="bbox 108 2063 486 2120; baseline 0.013 -5"><span class='ocrx_word' id='word_1_130' title='bbox 108 2073 176 2115; x_wconf 83' lang='lat' dir='ltr'><strong>suo</strong></span> <span class='ocrx_word' id='word_1_131' title='bbox 193 2063 486 2120; x_wconf 85' lang='lat' dir='ltr'><strong>reconciliet.</strong></span> 
     </span>
    </p>
   </div>
   <div class='ocr_carea' id='block_1_22' title="bbox 1801 1606 3336 1685">
    <p class='ocr_par' dir='ltr' id='par_1_22' title="bbox 1801 1606 3336 1685">
     <span class='ocr_line' id='line_1_22' title="bbox 1801 1606 3336 1685; baseline 0.007 -19"><span class='ocrx_word' id='word_1_132' title='bbox 1801 1607 1858 1666; x_wconf 82' lang='lat'><strong>8.</strong></span> <span class='ocrx_word' id='word_1_133' title='bbox 1907 1606 1980 1665; x_wconf 88' lang='lat' dir='ltr'><strong>Ut</strong></span> <span class='ocrx_word' id='word_1_134' title='bbox 2021 1607 2068 1665; x_wconf 91' lang='lat' dir='ltr'><strong>si</strong></span> <span class='ocrx_word' id='word_1_135' title='bbox 2113 1608 2402 1682; x_wconf 77' lang='lat' dir='ltr'><strong>presbyter</strong></span> <span class='ocrx_word' id='word_1_136' title='bbox 2455 1612 2961 1685; x_wconf 77' lang='lat' dir='ltr'><strong>excommunicatus</strong></span> <span class='ocrx_word' id='word_1_137' title='bbox 3018 1615 3336 1676; x_wconf 68' lang='lat' dir='ltr'><strong>laetiﬁcum</strong></span> 
     </span>
    </p>
   </div>
   <div class='ocr_carea' id='block_1_23' title="bbox 1731 1700 2703 1771">
    <p class='ocr_par' dir='ltr' id='par_1_23' title="bbox 1731 1700 2703 1771">
     <span class='ocr_line' id='line_1_23' title="bbox 1731 1700 2703 1771; baseline 0.003 -16"><span class='ocrx_word' id='word_1_138' title='bbox 1731 1700 2163 1771; x_wconf 66' lang='lat' dir='ltr'><strong>praesumpserit,</strong></span> <span class='ocrx_word' id='word_1_139' title='bbox 2193 1702 2703 1759; x_wconf 77' lang='lat' dir='ltr'><strong>anathematizetur.</strong></span> 
     </span>
    </p>
   </div>
   <div class='ocr_carea' id='block_1_24' title="bbox 1801 1791 3332 1874">
    <p class='ocr_par' dir='ltr' id='par_1_24' title="bbox 1801 1791 3332 1874">
     <span class='ocr_line' id='line_1_24' title="bbox 1801 1791 3332 1874; baseline 0.01 -26"><span class='ocrx_word' id='word_1_140' title='bbox 1801 1792 1856 1848; x_wconf 83' lang='lat'><strong>9.</strong></span> <span class='ocrx_word' id='word_1_141' title='bbox 1891 1791 1964 1849; x_wconf 88' lang='lat' dir='ltr'><strong>Ut</strong></span> <span class='ocrx_word' id='word_1_142' title='bbox 1987 1793 2035 1848; x_wconf 89' lang='lat' dir='ltr'><strong>si</strong></span> <span class='ocrx_word' id='word_1_143' title='bbox 2068 1793 2354 1868; x_wconf 78' lang='lat' dir='ltr'><strong>presbyter</strong></span> <span class='ocrx_word' id='word_1_144' title='bbox 2389 1794 2696 1854; x_wconf 87' lang='lat' dir='ltr'><strong>inconsulto</strong></span> <span class='ocrx_word' id='word_1_145' title='bbox 2717 1797 2975 1872; x_wconf 87' lang='lat' dir='ltr'><strong>episcopo</strong></span> <span class='ocrx_word' id='word_1_146' title='bbox 3006 1803 3218 1874; x_wconf 66' lang='lat' dir='ltr'><strong>agenda</strong></span> <span class='ocrx_word' id='word_1_147' title='bbox 3240 1817 3332 1864; x_wconf 73' lang='grc' dir='ltr'><strong>ω-</strong></span> 
     </span>
    </p>
   </div>
   <div class='ocr_carea' id='block_1_25' title="bbox 1728 1884 2574 1961">
    <p class='ocr_par' dir='ltr' id='par_1_25' title="bbox 1728 1884 2574 1961">
     <span class='ocr_line' id='line_1_25' title="bbox 1728 1884 2574 1961; baseline 0.007 -21"><span class='ocrx_word' id='word_1_148' title='bbox 1728 1884 2043 1953; x_wconf 82' lang='lat' dir='ltr'><strong>lohraverit,</strong></span> <span class='ocrx_word' id='word_1_149' title='bbox 2071 1887 2280 1944; x_wconf 90' lang='lat' dir='ltr'><strong>honore</strong></span> <span class='ocrx_word' id='word_1_150' title='bbox 2310 1889 2574 1961; x_wconf 80' lang='lat' dir='ltr'><strong>privetur.</strong></span> 
     </span>
    </p>
   </div>
   <div class='ocr_carea' id='block_1_26' title="bbox 1728 1978 3336 2125">
    <p class='ocr_par' dir='ltr' id='par_1_26' title="bbox 1728 1978 3336 2125">
     <span class='ocr_line' id='line_1_26' title="bbox 1728 1978 3336 2125; baseline 0.011 -93"><span class='ocrx_word' id='word_1_151' title='bbox 1728 2071 1747 2125; x_wconf 64' lang='grc' dir='ltr'><strong>Ι</strong></span> <span class='ocrx_word' id='word_1_152' title='bbox 1801 1979 1888 2034; x_wconf 79' lang='grc'><strong>10.</strong></span> <span class='ocrx_word' id='word_1_153' title='bbox 1937 1978 2137 2048; x_wconf 86' lang='lat' dir='ltr'><strong>Quanti</strong></span> <span class='ocrx_word' id='word_1_154' title='bbox 2193 1982 2427 2039; x_wconf 87' lang='lat' dir='ltr'><strong>debeant</strong></span> <span class='ocrx_word' id='word_1_155' title='bbox 2474 1983 2724 2054; x_wconf 85' lang='lat' dir='ltr'><strong>judicare</strong></span> <span class='ocrx_word' id='word_1_156' title='bbox 2773 1987 3117 2046; x_wconf 85' lang='lat' dir='ltr'><strong>sacerdotem</strong></span> <span class='ocrx_word' id='word_1_157' title='bbox 3163 1997 3336 2063; x_wconf 78' lang='lat' dir='ltr'><strong>atque</strong></span> 
     </span>
     <span class='ocr_line' id='line_1_27' title="bbox 1749 2071 1966 2125; baseline 0 0"><span class='ocrx_word' id='word_1_158' title='bbox 1749 2071 1966 2125; x_wconf 85' lang='lat' dir='ltr'><strong>evitem.</strong></span> 
     </span>
    </p>
   </div>
   <div class='ocr_carea' id='block_1_27' title="bbox 1749 2071 1966 2128">
    <p class='ocr_par' dir='ltr' id='par_1_27' title="bbox 1749 2071 1966 2128">
     <span class='ocr_line' id='line_1_28' title="bbox 1749 2071 1966 2128; baseline 0.005 -1"><span class='ocrx_word' id='word_1_159' title='bbox 1749 2071 1966 2128; x_wconf 84' lang='lat' dir='ltr'><strong>evitem.</strong></span> 
     </span>
    </p>
   </div>
   <div class='ocr_carea' id='block_1_28' title="bbox 151 2151 3134 2271">
    <p class='ocr_par' dir='ltr' id='par_1_28' title="bbox 151 2151 3134 2271">
     <span class='ocr_line' id='line_1_29' title="bbox 151 2151 3134 2271; baseline 0.008 -62"><span class='ocrx_word' id='word_1_160' title='bbox 151 2151 542 2271; x_wconf 38' lang='lat' dir='ltr'><strong>aditecesis</strong></span> <span class='ocrx_word' id='word_1_161' title='bbox 579 2172 703 2230; x_wconf 73' lang='lat' dir='ltr'><strong>qua:</strong></span> <span class='ocrx_word' id='word_1_162' title='bbox 741 2159 1054 2233; x_wconf 84' lang='lat' dir='ltr'><strong>episcopum</strong></span> <span class='ocrx_word' id='word_1_163' title='bbox 1093 2174 1372 2232; x_wconf 87' lang='lat' dir='ltr'><strong>nunquam</strong></span> <span class='ocrx_word' id='word_1_164' title='bbox 1409 2159 1624 2231; x_wconf 79' lang='lat' dir='ltr'><strong>habuit,</strong></span> <span class='ocrx_word' id='word_1_165' title='bbox 1649 2207 1702 2271; x_wconf 76' lang='grc' dir='ltr'><strong>Β</strong></span> <span class='ocrx_word' id='word_1_166' title='bbox 1801 2166 1888 2271; x_wconf 51' lang='lat'><strong>1.</strong></span> <span class='ocrx_word' id='word_1_167' title='bbox 1916 2163 1988 2271; x_wconf 63' lang='lat' dir='ltr'><strong>Ut</strong></span> <span class='ocrx_word' id='word_1_168' title='bbox 2008 2167 2186 2271; x_wconf 73' lang='lat' dir='ltr'><strong>nullus</strong></span> <span class='ocrx_word' id='word_1_169' title='bbox 2214 2169 2528 2271; x_wconf 76' lang='lat' dir='ltr'><strong>parochiam</strong></span> <span class='ocrx_word' id='word_1_170' title='bbox 2559 2169 2793 2228; x_wconf 84' lang='lat' dir='ltr'><strong>alienam</strong></span> <span class='ocrx_word' id='word_1_171' title='bbox 2819 2183 3134 2244; x_wconf 65' lang='lat' dir='ltr'><strong>premunt.</strong></span> 
     </span>
    </p>
   </div>
   <div class='ocr_carea' id='block_1_29' title="bbox 104 2240 396 2304">
    <p class='ocr_par' dir='ltr' id='par_1_29' title="bbox 104 2240 396 2304">
     <span class='ocr_line' id='line_1_30' title="bbox 104 2240 396 2304; baseline 0.021 -5"><span class='ocrx_word' id='word_1_172' title='bbox 104 2257 182 2300; x_wconf 85' lang='lat' dir='ltr'><strong>non</strong></span> <span class='ocrx_word' id='word_1_173' title='bbox 205 2240 396 2304; x_wconf 72' lang='lat' dir='ltr'><strong>habeat.</strong></span> 
     </span>
    </p>
   </div>
   <div class='ocr_carea' id='block_1_30' title="bbox 116 2336 1623 2419">
    <p class='ocr_par' dir='ltr' id='par_1_30' title="bbox 116 2336 1623 2419">
     <span class='ocr_line' id='line_1_31' title="bbox 116 2336 1623 2419; baseline 0.01 -28"><span class='ocrx_word' id='word_1_174' title='bbox 116 2379 121 2384; x_wconf 88' lang='lat'><strong>.</strong></span> <span class='ocrx_word' id='word_1_175' title='bbox 149 2336 189 2393; x_wconf 89' lang='lat'><strong>6.</strong></span> <span class='ocrx_word' id='word_1_176' title='bbox 214 2338 271 2398; x_wconf 89' lang='lat' dir='ltr'><strong>Ut</strong></span> <span class='ocrx_word' id='word_1_177' title='bbox 296 2358 380 2414; x_wconf 87' lang='lat' dir='ltr'><strong>qut</strong></span> <span class='ocrx_word' id='word_1_178' title='bbox 420 2344 744 2403; x_wconf 87' lang='lat' dir='ltr'><strong>criminibus</strong></span> <span class='ocrx_word' id='word_1_179' title='bbox 786 2345 1052 2419; x_wconf 86' lang='lat' dir='ltr'><strong>implicati</strong></span> <span class='ocrx_word' id='word_1_180' title='bbox 1079 2357 1228 2417; x_wconf 90' lang='lat' dir='ltr'><strong>sunt,</strong></span> <span class='ocrx_word' id='word_1_181' title='bbox 1263 2347 1493 2410; x_wconf 83' lang='lat' dir='ltr'><strong>clericos</strong></span> <span class='ocrx_word' id='word_1_182' title='bbox 1514 2364 1623 2410; x_wconf 84' lang='lat' dir='ltr'><strong>non</strong></span> 
     </span>
    </p>
   </div>
   <div class='ocr_carea' id='block_1_31' title="bbox 102 2441 311 2491">
    <p class='ocr_par' dir='ltr' id='par_1_31' title="bbox 102 2441 311 2491">
     <span class='ocr_line' id='line_1_32' title="bbox 102 2441 311 2491; baseline 0.048 -10"><span class='ocrx_word' id='word_1_183' title='bbox 102 2441 311 2491; x_wconf 67' lang='grc' dir='ltr'><strong>εωιιεαιι.</strong></span> 
     </span>
    </p>
   </div>
   <div class='ocr_carea' id='block_1_32' title="bbox 146 2518 1625 2607">
    <p class='ocr_par' dir='ltr' id='par_1_32' title="bbox 146 2518 1625 2607">
     <span class='ocr_line' id='line_1_33' title="bbox 146 2518 1625 2607; baseline 0.007 -26"><span class='ocrx_word' id='word_1_184' title='bbox 146 2518 185 2576; x_wconf 86' lang='grc'><strong>7.</strong></span> <span class='ocrx_word' id='word_1_185' title='bbox 209 2520 266 2582; x_wconf 83' lang='lat' dir='ltr'><strong>Ut</strong></span> <span class='ocrx_word' id='word_1_186' title='bbox 303 2527 389 2599; x_wconf 90' lang='lat' dir='ltr'><strong>qui</strong></span> <span class='ocrx_word' id='word_1_187' title='bbox 433 2531 975 2592; x_wconf 80' lang='lat' dir='ltr'><strong>excommunicatum</strong></span> <span class='ocrx_word' id='word_1_188' title='bbox 1018 2533 1246 2594; x_wconf 77' lang='lat' dir='ltr'><strong>alterius</strong></span> <span class='ocrx_word' id='word_1_189' title='bbox 1287 2535 1625 2607; x_wconf 81' lang='lat' dir='ltr'><strong>susceperit,</strong></span> 
     </span>
    </p>
   </div>
   <div class='ocr_carea' id='block_1_33' title="bbox 97 2617 552 2682">
    <p class='ocr_par' dir='ltr' id='par_1_33' title="bbox 97 2617 552 2682">
     <span class='ocr_line' id='line_1_34' title="bbox 97 2617 552 2682; baseline 0.009 -7"><span class='ocrx_word' id='word_1_190' title='bbox 97 2617 552 2682; x_wconf 77' lang='lat' dir='ltr'><strong>exeommnicetur.</strong></span> 
     </span>
    </p>
   </div>
   <div class='ocr_carea' id='block_1_34' title="bbox 1805 2258 3327 2338">
    <p class='ocr_par' dir='ltr' id='par_1_34' title="bbox 1805 2258 3327 2338">
     <span class='ocr_line' id='line_1_35' title="bbox 1805 2258 3327 2338; baseline 0.008 -22"><span class='ocrx_word' id='word_1_191' title='bbox 1805 2258 1894 2316; x_wconf 70' lang='lat' dir='ltr'><strong>l2.</strong></span> <span class='ocrx_word' id='word_1_192' title='bbox 1929 2258 1997 2317; x_wconf 91' lang='lat' dir='ltr'><strong>Ut</strong></span> <span class='ocrx_word' id='word_1_193' title='bbox 2039 2260 2157 2318; x_wconf 87' lang='lat' dir='ltr'><strong>sine</strong></span> <span class='ocrx_word' id='word_1_194' title='bbox 2201 2261 2453 2318; x_wconf 87' lang='lat' dir='ltr'><strong>consultu</strong></span> <span class='ocrx_word' id='word_1_195' title='bbox 2501 2264 2906 2338; x_wconf 79' lang='lat' dir='ltr'><strong>metropolitani</strong></span> <span class='ocrx_word' id='word_1_196' title='bbox 2946 2266 3129 2326; x_wconf 72' lang='lat' dir='ltr'><strong>utilius</strong></span> <span class='ocrx_word' id='word_1_197' title='bbox 3169 2269 3327 2327; x_wconf 79' lang='lat' dir='ltr'><strong>ordi-</strong></span> 
     </span>
    </p>
   </div>
   <div class='ocr_carea' id='block_1_35' title="bbox 1733 2353 2228 2425">
    <p class='ocr_par' dir='ltr' id='par_1_35' title="bbox 1733 2353 2228 2425">
     <span class='ocr_line' id='line_1_36' title="bbox 1733 2353 2228 2425; baseline 0.002 -16"><span class='ocrx_word' id='word_1_198' title='bbox 1733 2363 1896 2410; x_wconf 87' lang='lat' dir='ltr'><strong>netur</strong></span> <span class='ocrx_word' id='word_1_199' title='bbox 1922 2353 2228 2425; x_wconf 85' lang='lat' dir='ltr'><strong>episcopus.</strong></span> 
     </span>
    </p>
   </div>
   <div class='ocr_carea' id='block_1_36' title="bbox 1801 2443 3334 2527">
    <p class='ocr_par' dir='ltr' id='par_1_36' title="bbox 1801 2443 3334 2527">
     <span class='ocr_line' id='line_1_37' title="bbox 1801 2443 3334 2527; baseline 0.01 -27"><span class='ocrx_word' id='word_1_200' title='bbox 1801 2445 1891 2501; x_wconf 78' lang='lat' dir='ltr'><strong>i5.</strong></span> <span class='ocrx_word' id='word_1_201' title='bbox 1923 2443 1994 2500; x_wconf 90' lang='lat' dir='ltr'><strong>Ut</strong></span> <span class='ocrx_word' id='word_1_202' title='bbox 2016 2445 2107 2516; x_wconf 88' lang='lat' dir='ltr'><strong>qui</strong></span> <span class='ocrx_word' id='word_1_203' title='bbox 2134 2454 2325 2503; x_wconf 88' lang='lat' dir='ltr'><strong>contra</strong></span> <span class='ocrx_word' id='word_1_204' title='bbox 2351 2446 2745 2518; x_wconf 75' lang='lat' dir='ltr'><strong>professionem</strong></span> <span class='ocrx_word' id='word_1_205' title='bbox 2792 2456 2851 2507; x_wconf 77' lang='lat' dir='ltr'><strong>et</strong></span> <span class='ocrx_word' id='word_1_206' title='bbox 2877 2449 3334 2527; x_wconf 63' lang='lat' dir='ltr'><strong>8W</strong></span> 
     </span>
    </p>
   </div>
   <div class='ocr_carea' id='block_1_37' title="bbox 1734 2536 2822 2612">
    <p class='ocr_par' dir='ltr' id='par_1_37' title="bbox 1734 2536 2822 2612">
     <span class='ocr_line' id='line_1_38' title="bbox 1734 2536 2822 2612; baseline 0.003 -18"><span class='ocrx_word' id='word_1_207' title='bbox 1734 2552 1890 2595; x_wconf 87' lang='lat' dir='ltr'><strong>suam</strong></span> <span class='ocrx_word' id='word_1_208' title='bbox 1913 2536 2124 2594; x_wconf 80' lang='lat' dir='ltr'><strong>venerit</strong></span> <span class='ocrx_word' id='word_1_209' title='bbox 2147 2537 2203 2592; x_wconf 90' lang='lat' dir='ltr'><strong>in</strong></span> <span class='ocrx_word' id='word_1_210' title='bbox 2223 2537 2474 2608; x_wconf 82' lang='lat' dir='ltr'><strong>concilio,</strong></span> <span class='ocrx_word' id='word_1_211' title='bbox 2495 2539 2822 2612; x_wconf 73' lang='lat' dir='ltr'><strong>deponatur.</strong></span> 
     </span>
    </p>
   </div>
   <div class='ocr_carea' id='block_1_38' title="bbox 414 2940 2957 3046">
    <p class='ocr_par' dir='ltr' id='par_1_38' title="bbox 414 2940 2957 3046">
     <span class='ocr_line' id='line_1_39' title="bbox 414 2940 2957 3046; baseline 0.002 -8"><span class='ocrx_word' id='word_1_212' title='bbox 414 2953 830 3040; x_wconf 82' lang='lat' dir='ltr'>INCIPIT</span> <span class='ocrx_word' id='word_1_213' title='bbox 869 2952 1449 3046; x_wconf 78' lang='lat' dir='ltr'><strong>CONCILIUM</strong></span> <span class='ocrx_word' id='word_1_214' title='bbox 1499 2954 2056 3046; x_wconf 77' lang='lat' dir='ltr'><strong>SECUNDUM</strong></span> <span class='ocrx_word' id='word_1_215' title='bbox 2097 2940 2957 3046; x_wconf 76' lang='lat' dir='ltr'><strong>CABTHAGINENSE</strong></span> 
     </span>
    </p>
   </div>
   <div class='ocr_carea' id='block_1_39' title="bbox 1182 3131 2078 3196">
    <p class='ocr_par' dir='ltr' id='par_1_39' title="bbox 1182 3131 2078 3196">
     <span class='ocr_line' id='line_1_40' title="bbox 1182 3131 2078 3196; baseline -0.002 -2"><span class='ocrx_word' id='word_1_216' title='bbox 1182 3131 1493 3194; x_wconf 76' lang='lat' dir='ltr'><strong>Habitum</strong></span> <span class='ocrx_word' id='word_1_217' title='bbox 1523 3151 1651 3195; x_wconf 74' lang='lat' dir='ltr'><strong>tera</strong></span> <span class='ocrx_word' id='word_1_218' title='bbox 1691 3147 2078 3196; x_wconf 81' lang='lat' dir='ltr'><strong>ccccxxvur.</strong></span> 
     </span>
    </p>
   </div>
   <div class='ocr_carea' id='block_1_40' title="bbox 135 3285 1622 3371">
    <p class='ocr_par' dir='ltr' id='par_1_40' title="bbox 135 3285 1622 3371">
     <span class='ocr_line' id='line_1_41' title="bbox 135 3285 1622 3371; baseline 0.002 -19"><span class='ocrx_word' id='word_1_219' title='bbox 135 3285 509 3359; x_wconf 57' lang='lat' dir='ltr'><strong>Memno</strong></span> <span class='ocrx_word' id='word_1_220' title='bbox 566 3297 897 3371; x_wconf 79' lang='lat' dir='ltr'><strong>imperatore</strong></span> <span class='ocrx_word' id='word_1_221' title='bbox 948 3295 1329 3355; x_wconf 77' lang='lat' dir='ltr'><strong>Valentiniano</strong></span> <span class='ocrx_word' id='word_1_222' title='bbox 1373 3298 1622 3370; x_wconf 81' lang='lat' dir='ltr'><strong>Augusto</strong></span> 
     </span>
    </p>
   </div>
   <div class='ocr_carea' id='block_1_41' title="bbox 88 3386 1620 3459">
    <p class='ocr_par' dir='ltr' id='par_1_41' title="bbox 88 3386 1620 3459">
     <span class='ocr_line' id='line_1_42' title="bbox 88 3386 1620 3459; baseline -0.004 -7"><span class='ocrx_word' id='word_1_223' title='bbox 88 3390 234 3452; x_wconf 54' lang='grc' dir='ltr'><strong>μιν)</strong></span> <span class='ocrx_word' id='word_1_224' title='bbox 260 3396 319 3446; x_wconf 80' lang='lat' dir='ltr'><strong>et</strong></span> <span class='ocrx_word' id='word_1_225' title='bbox 359 3386 702 3458; x_wconf 89' lang='lat' dir='ltr'><strong>Theodosio,</strong></span> <span class='ocrx_word' id='word_1_226' title='bbox 745 3389 879 3447; x_wconf 88' lang='lat' dir='ltr'><strong>viris</strong></span> <span class='ocrx_word' id='word_1_227' title='bbox 926 3387 1247 3447; x_wconf 82' lang='lat' dir='ltr'><strong>clarissimis</strong></span> <span class='ocrx_word' id='word_1_228' title='bbox 1284 3391 1620 3459; x_wconf 86' lang='lat' dir='ltr'><strong>consulibus,</strong></span> 
     </span>
    </p>
   </div>
   <div class='ocr_carea' id='block_1_42' title="bbox 89 3473 1621 3556">
    <p class='ocr_par' dir='ltr' id='par_1_42' title="bbox 89 3473 1621 3556">
     <span class='ocr_line' id='line_1_43' title="bbox 89 3473 1621 3556; baseline 0.005 -25"><span class='ocrx_word' id='word_1_229' title='bbox 89 3484 157 3531; x_wconf 78' lang='lat' dir='ltr'><strong>ur</strong></span> <span class='ocrx_word' id='word_1_230' title='bbox 194 3473 392 3537; x_wconf 75' lang='lat' dir='ltr'><strong>Kalend.</strong></span> <span class='ocrx_word' id='word_1_231' title='bbox 439 3482 592 3538; x_wconf 86' lang='lat' dir='ltr'><strong>Junii</strong></span> <span class='ocrx_word' id='word_1_232' title='bbox 622 3482 950 3556; x_wconf 76' lang='lat' dir='ltr'><strong>Carthagine</strong></span> <span class='ocrx_word' id='word_1_233' title='bbox 993 3482 1050 3538; x_wconf 92' lang='lat' dir='ltr'><strong>in</strong></span> <span class='ocrx_word' id='word_1_234' title='bbox 1089 3481 1316 3540; x_wconf 88' lang='lat' dir='ltr'><strong>basilica</strong></span> <span class='ocrx_word' id='word_1_235' title='bbox 1362 3490 1621 3554; x_wconf 88' lang='lat' dir='ltr'><strong>perpetua</strong></span> 
     </span>
    </p>
   </div>
   <div class='ocr_carea' id='block_1_43' title="bbox 1729 3298 3326 3376">
    <p class='ocr_par' dir='ltr' id='par_1_43' title="bbox 1729 3298 3326 3376">
     <span class='ocr_line' id='line_1_44' title="bbox 1729 3298 3326 3376; baseline -0.001 -18"><span class='ocrx_word' id='word_1_236' title='bbox 1729 3302 1999 3358; x_wconf 85' lang='lat' dir='ltr'><strong>castitatis</strong></span> <span class='ocrx_word' id='word_1_237' title='bbox 2017 3315 2116 3372; x_wconf 89' lang='lat' dir='ltr'><strong>per</strong></span> <span class='ocrx_word' id='word_1_238' title='bbox 2135 3299 2576 3356; x_wconf 87' lang='lat' dir='ltr'><strong>consecrationes</strong></span> <span class='ocrx_word' id='word_1_239' title='bbox 2601 3298 2802 3355; x_wconf 82' lang='lat' dir='ltr'><strong>annexi</strong></span> <span class='ocrx_word' id='word_1_240' title='bbox 2828 3308 2976 3356; x_wconf 82' lang='lat' dir='ltr'><strong>sunt.</strong></span> <span class='ocrx_word' id='word_1_241' title='bbox 3002 3300 3326 3376; x_wconf 55' lang='lat' dir='ltr'><strong>Episcopi“,</strong></span> 
     </span>
    </p>
   </div>
   <div class='ocr_carea' id='block_1_44' title="bbox 1729 3389 3326 3464">
    <p class='ocr_par' dir='ltr' id='par_1_44' title="bbox 1729 3389 3326 3464">
     <span class='ocr_line' id='line_1_45' title="bbox 1729 3389 3326 3464; baseline 0.003 -17"><span class='ocrx_word' id='word_1_242' title='bbox 1729 3394 1976 3462; x_wconf 88' lang='lat' dir='ltr'><strong>inquam,</strong></span> <span class='ocrx_word' id='word_1_243' title='bbox 2005 3391 2354 3464; x_wconf 87' lang='lat' dir='ltr'><strong>presbyteros</strong></span> <span class='ocrx_word' id='word_1_244' title='bbox 2384 3398 2441 3446; x_wconf 91' lang='lat' dir='ltr'><strong>et</strong></span> <span class='ocrx_word' id='word_1_245' title='bbox 2466 3389 2726 3446; x_wconf 86' lang='lat' dir='ltr'><strong>diaconos</strong></span> <span class='ocrx_word' id='word_1_246' title='bbox 2750 3390 2825 3445; x_wconf 89' lang='lat' dir='ltr'><strong>ita</strong></span> <span class='ocrx_word' id='word_1_247' title='bbox 2851 3390 3077 3462; x_wconf 89' lang='lat' dir='ltr'><strong>placuit,</strong></span> <span class='ocrx_word' id='word_1_248' title='bbox 3105 3401 3168 3448; x_wconf 92' lang='lat' dir='ltr'><strong>ut</strong></span> <span class='ocrx_word' id='word_1_249' title='bbox 3191 3410 3326 3451; x_wconf 89' lang='lat' dir='ltr'><strong>con-</strong></span> 
     </span>
    </p>
   </div>
   <div class='ocr_carea' id='block_1_45' title="bbox 1730 3481 3323 3553">
    <p class='ocr_par' dir='ltr' id='par_1_45' title="bbox 1730 3481 3323 3553">
     <span class='ocr_line' id='line_1_46' title="bbox 1730 3481 3323 3553; baseline 0.001 -12"><span class='ocrx_word' id='word_1_250' title='bbox 1730 3485 1887 3541; x_wconf 89' lang='lat' dir='ltr'><strong>decet</strong></span> <span class='ocrx_word' id='word_1_251' title='bbox 1942 3490 2321 3539; x_wconf 87' lang='lat' dir='ltr'><strong>sacrosanctos</strong></span> <span class='ocrx_word' id='word_1_252' title='bbox 2369 3481 2644 3537; x_wconf 85' lang='lat' dir='ltr'><strong>antistites</strong></span> <span class='ocrx_word' id='word_1_253' title='bbox 2707 3489 2763 3538; x_wconf 87' lang='lat' dir='ltr'><strong>et</strong></span> <span class='ocrx_word' id='word_1_254' title='bbox 2817 3482 2915 3537; x_wconf 83' lang='lat' dir='ltr'><strong>Dei</strong></span> <span class='ocrx_word' id='word_1_255' title='bbox 2969 3484 3282 3542; x_wconf 79' lang='lat' dir='ltr'><strong>sacerdotes</strong></span> <span class='ocrx_word' id='word_1_256' title='bbox 3305 3525 3323 3553; x_wconf 93' lang='lat'><strong>,</strong></span> 
     </span>
    </p>
   </div>
   <div class='ocr_carea' id='block_1_46' title="bbox 87 3568 3327 3673">
    <p class='ocr_par' dir='ltr' id='par_1_46' title="bbox 87 3568 3327 3673">
     <span class='ocr_line' id='line_1_47' title="bbox 87 3568 3327 3673; baseline 0.002 -50"><span class='ocrx_word' id='word_1_257' title='bbox 87 3568 281 3626; x_wconf 81' lang='lat' dir='ltr'><strong>restituta</strong></span> <span class='ocrx_word' id='word_1_258' title='bbox 314 3589 433 3630; x_wconf 88' lang='lat' dir='ltr'><strong>cum</strong></span> <span class='ocrx_word' id='word_1_259' title='bbox 462 3573 744 3633; x_wconf 85' lang='lat' dir='ltr'><strong>Genedius</strong></span> <span class='ocrx_word' id='word_1_260' title='bbox 787 3573 1076 3645; x_wconf 89' lang='lat' dir='ltr'><strong>episcopus</strong></span> <span class='ocrx_word' id='word_1_261' title='bbox 1115 3588 1222 3629; x_wconf 91' lang='lat' dir='ltr'><strong>una</strong></span> <span class='ocrx_word' id='word_1_262' title='bbox 1251 3588 1374 3630; x_wconf 89' lang='lat' dir='ltr'><strong>cum</strong></span> <span class='ocrx_word' id='word_1_263' title='bbox 1404 3571 1624 3630; x_wconf 82' lang='lat' dir='ltr'><strong>Victore</strong></span> <span class='ocrx_word' id='word_1_264' title='bbox 1649 3607 1696 3673; x_wconf 61' lang='grc' dir='ltr'>Ε</span> <span class='ocrx_word' id='word_1_265' title='bbox 1727 3590 1939 3632; x_wconf 89' lang='lat' dir='ltr'><strong>necnon</strong></span> <span class='ocrx_word' id='word_1_266' title='bbox 1965 3581 2020 3629; x_wconf 89' lang='lat' dir='ltr'><strong>et</strong></span> <span class='ocrx_word' id='word_1_267' title='bbox 2048 3573 2266 3640; x_wconf 88' lang='lat' dir='ltr'><strong>levitas,</strong></span> <span class='ocrx_word' id='word_1_268' title='bbox 2293 3571 2382 3626; x_wconf 87' lang='lat' dir='ltr'><strong>vel</strong></span> <span class='ocrx_word' id='word_1_269' title='bbox 2413 3572 2506 3643; x_wconf 87' lang='lat' dir='ltr'><strong>qui</strong></span> <span class='ocrx_word' id='word_1_270' title='bbox 2533 3573 2896 3629; x_wconf 84' lang='lat' dir='ltr'><strong>sacramentis</strong></span> <span class='ocrx_word' id='word_1_271' title='bbox 2921 3573 3118 3629; x_wconf 80' lang='lat' dir='ltr'><strong>divinis</strong></span> <span class='ocrx_word' id='word_1_272' title='bbox 3147 3575 3327 3631; x_wconf 89' lang='lat' dir='ltr'><strong>inser-</strong></span> 
     </span>
    </p>
   </div>
   <div class='ocr_carea' id='block_1_47' title="bbox 89 3657 3326 3742">
    <p class='ocr_par' dir='ltr' id='par_1_47' title="bbox 89 3657 3326 3742">
     <span class='ocr_line' id='line_1_48' title="bbox 89 3657 3326 3742; baseline 0.005 -30"><span class='ocrx_word' id='word_1_273' title='bbox 89 3657 272 3721; x_wconf 79' lang='lat' dir='ltr'><strong>Adriano</strong></span> <span class='ocrx_word' id='word_1_274' title='bbox 309 3677 362 3724; x_wconf 88' lang='lat' dir='ltr'><strong>et</strong></span> <span class='ocrx_word' id='word_1_275' title='bbox 407 3668 517 3726; x_wconf 89' lang='lat' dir='ltr'><strong>alio</strong></span> <span class='ocrx_word' id='word_1_276' title='bbox 576 3669 798 3726; x_wconf 77' lang='lat' dir='ltr'><strong>Victore</strong></span> <span class='ocrx_word' id='word_1_277' title='bbox 852 3667 1254 3742; x_wconf 88' lang='lat' dir='ltr'><strong>Pupinianense</strong></span> <span class='ocrx_word' id='word_1_278' title='bbox 1304 3676 1360 3725; x_wconf 91' lang='lat' dir='ltr'><strong>et</strong></span> <span class='ocrx_word' id='word_1_279' title='bbox 1409 3669 1621 3726; x_wconf 65' lang='lat' dir='ltr'><strong>caeteris</strong></span> <span class='ocrx_word' id='word_1_280' title='bbox 1653 3657 1696 3673; x_wconf 71' lang='grc'><strong>“’</strong></span> <span class='ocrx_word' id='word_1_281' title='bbox 1725 3669 1903 3736; x_wconf 92' lang='lat' dir='ltr'><strong>viunt,</strong></span> <span class='ocrx_word' id='word_1_282' title='bbox 1934 3666 2280 3726; x_wconf 76' lang='lat' dir='ltr'><strong>continentes</strong></span> <span class='ocrx_word' id='word_1_283' title='bbox 2306 3683 2428 3726; x_wconf 89' lang='lat' dir='ltr'><strong>esse</strong></span> <span class='ocrx_word' id='word_1_284' title='bbox 2456 3669 2512 3725; x_wconf 91' lang='lat' dir='ltr'><strong>in</strong></span> <span class='ocrx_word' id='word_1_285' title='bbox 2545 3670 2803 3726; x_wconf 89' lang='lat' dir='ltr'><strong>omnibus</strong></span> <span class='ocrx_word' id='word_1_286' title='bbox 2827 3686 2936 3742; x_wconf 91' lang='lat' dir='ltr'><strong>quo</strong></span> <span class='ocrx_word' id='word_1_287' title='bbox 2959 3671 3168 3741; x_wconf 90' lang='lat' dir='ltr'><strong>possint</strong></span> <span class='ocrx_word' id='word_1_288' title='bbox 3191 3672 3326 3728; x_wconf 85' lang='lat' dir='ltr'><strong>sim-</strong></span> 
     </span>
    </p>
   </div>
   <div class='ocr_carea' id='block_1_48' title="bbox 87 3755 1620 3833">
    <p class='ocr_par' dir='ltr' id='par_1_48' title="bbox 87 3755 1620 3833">
     <span class='ocr_line' id='line_1_49' title="bbox 87 3755 1620 3833; baseline 0.001 -18"><span class='ocrx_word' id='word_1_289' title='bbox 87 3755 352 3827; x_wconf 69' lang='lat' dir='ltr'><strong>coepiscopis</strong></span> <span class='ocrx_word' id='word_1_290' title='bbox 411 3763 530 3818; x_wconf 89' lang='lat' dir='ltr'><strong>suis</strong></span> <span class='ocrx_word' id='word_1_291' title='bbox 583 3759 990 3833; x_wconf 90' lang='lat' dir='ltr'><strong>provinciarum</strong></span> <span class='ocrx_word' id='word_1_292' title='bbox 1037 3761 1376 3819; x_wconf 87' lang='lat' dir='ltr'><strong>diversarum</strong></span> <span class='ocrx_word' id='word_1_293' title='bbox 1428 3774 1620 3818; x_wconf 90' lang='lat' dir='ltr'><strong>conse-</strong></span> 
     </span>
    </p>
   </div>
   <div class='ocr_carea' id='block_1_49' title="bbox 89 3843 1044 3926">
    <p class='ocr_par' dir='ltr' id='par_1_49' title="bbox 89 3843 1044 3926">
     <span class='ocr_line' id='line_1_50' title="bbox 89 3843 1044 3926; baseline 0.005 -23"><span class='ocrx_word' id='word_1_294' title='bbox 89 3843 209 3904; x_wconf 78' lang='lat' dir='ltr'><strong>disset</strong></span> <span class='ocrx_word' id='word_1_295' title='bbox 224 3890 239 3919; x_wconf 93' lang='lat'><strong>,</strong></span> <span class='ocrx_word' id='word_1_296' title='bbox 260 3849 525 3912; x_wconf 86' lang='lat' dir='ltr'><strong>Genedius</strong></span> <span class='ocrx_word' id='word_1_297' title='bbox 552 3854 840 3926; x_wconf 88' lang='lat' dir='ltr'><strong>episcopus</strong></span> <span class='ocrx_word' id='word_1_298' title='bbox 858 3853 1006 3911; x_wconf 88' lang='lat' dir='ltr'><strong>dixit</strong></span> <span class='ocrx_word' id='word_1_299' title='bbox 1029 3872 1044 3908; x_wconf 91' lang='lat'><strong>:</strong></span> 
     </span>
    </p>
   </div>
   <div class='ocr_carea' id='block_1_50' title="bbox 134 3940 1620 4021">
    <p class='ocr_par' dir='ltr' id='par_1_50' title="bbox 134 3940 1620 4021">
     <span class='ocr_line' id='line_1_51' title="bbox 134 3940 1620 4021; baseline 0.007 -25"><span class='ocrx_word' id='word_1_300' title='bbox 134 3940 236 4000; x_wconf 68' lang='lat' dir='ltr'><strong>CAP.</strong></span> <span class='ocrx_word' id='word_1_301' title='bbox 257 3945 296 4002; x_wconf 87' lang='grc' dir='ltr'><strong>ι.</strong></span> <span class='ocrx_word' id='word_1_302' title='bbox 323 3947 696 4021; x_wconf 88' lang='lat' dir='ltr'><strong>Omnipotenti</strong></span> <span class='ocrx_word' id='word_1_303' title='bbox 733 3948 846 4005; x_wconf 91' lang='lat' dir='ltr'><strong>Deo</strong></span> <span class='ocrx_word' id='word_1_304' title='bbox 882 3949 1085 4020; x_wconf 77' lang='lat' dir='ltr'><strong>gratias</strong></span> <span class='ocrx_word' id='word_1_305' title='bbox 1131 3947 1330 4014; x_wconf 83' lang='lat' dir='ltr'><strong>refero,</strong></span> <span class='ocrx_word' id='word_1_306' title='bbox 1366 3947 1462 4018; x_wconf 87' lang='lat' dir='ltr'><strong>qui</strong></span> <span class='ocrx_word' id='word_1_307' title='bbox 1499 3961 1620 4018; x_wconf 87' lang='lat' dir='ltr'><strong>per-</strong></span> 
     </span>
    </p>
   </div>
   <div class='ocr_carea' id='block_1_51' title="bbox 85 4030 1619 4096">
    <p class='ocr_par' dir='ltr' id='par_1_51' title="bbox 85 4030 1619 4096">
     <span class='ocr_line' id='line_1_52' title="bbox 85 4030 1619 4096; baseline 0.006 -13"><span class='ocrx_word' id='word_1_308' title='bbox 85 4030 192 4087; x_wconf 85' lang='lat' dir='ltr'><strong>misit</strong></span> <span class='ocrx_word' id='word_1_309' title='bbox 217 4045 268 4091; x_wconf 91' lang='lat' dir='ltr'><strong>ut</strong></span> <span class='ocrx_word' id='word_1_310' title='bbox 298 4041 599 4096; x_wconf 87' lang='lat' dir='ltr'><strong>secundum</strong></span> <span class='ocrx_word' id='word_1_311' title='bbox 638 4052 927 4095; x_wconf 88' lang='lat' dir='ltr'><strong>commune</strong></span> <span class='ocrx_word' id='word_1_312' title='bbox 965 4037 1250 4096; x_wconf 90' lang='lat' dir='ltr'><strong>consilium</strong></span> <span class='ocrx_word' id='word_1_313' title='bbox 1285 4036 1528 4093; x_wconf 89' lang='lat' dir='ltr'><strong>habitum</strong></span> <span class='ocrx_word' id='word_1_314' title='bbox 1563 4038 1619 4092; x_wconf 90' lang='lat' dir='ltr'><strong>in</strong></span> 
     </span>
    </p>
   </div>
   <div class='ocr_carea' id='block_1_52' title="bbox 79 4126 1620 4199">
    <p class='ocr_par' dir='ltr' id='par_1_52' title="bbox 79 4126 1620 4199">
     <span class='ocr_line' id='line_1_53' title="bbox 79 4126 1620 4199; baseline 0.003 -22"><span class='ocrx_word' id='word_1_315' title='bbox 79 4127 277 4188; x_wconf 64' lang='lat' dir='ltr'><strong>pralorio</strong></span> <span class='ocrx_word' id='word_1_316' title='bbox 295 4131 456 4186; x_wconf 89' lang='lat' dir='ltr'><strong>etiam</strong></span> <span class='ocrx_word' id='word_1_317' title='bbox 479 4131 557 4186; x_wconf 90' lang='lat' dir='ltr'><strong>ita</strong></span> <span class='ocrx_word' id='word_1_318' title='bbox 573 4128 729 4199; x_wconf 84' lang='lat' dir='ltr'><strong>juxta</strong></span> <span class='ocrx_word' id='word_1_319' title='bbox 753 4138 1001 4186; x_wconf 86' lang='lat' dir='ltr'><strong>tenorem</strong></span> <span class='ocrx_word' id='word_1_320' title='bbox 1021 4126 1620 4199; x_wconf 87' lang='lat' dir='ltr'><strong>petitionislitterarum</strong></span> 
     </span>
    </p>
   </div>
   <div class='ocr_carea' id='block_1_53' title="bbox 86 4220 1622 4298">
    <p class='ocr_par' dir='ltr' id='par_1_53' title="bbox 86 4220 1622 4298">
     <span class='ocr_line' id='line_1_54' title="bbox 86 4220 1622 4298; baseline 0.008 -34"><span class='ocrx_word' id='word_1_321' title='bbox 86 4231 273 4276; x_wconf 79' lang='lat' dir='ltr'><strong>mearum</strong></span> <span class='ocrx_word' id='word_1_322' title='bbox 318 4225 384 4280; x_wconf 88' lang='lat' dir='ltr'><strong>ad</strong></span> <span class='ocrx_word' id='word_1_323' title='bbox 431 4223 825 4296; x_wconf 76' lang='lat' dir='ltr'><strong>Carthaginem</strong></span> <span class='ocrx_word' id='word_1_324' title='bbox 872 4238 973 4298; x_wconf 89' lang='lat' dir='ltr'><strong>pro</strong></span> <span class='ocrx_word' id='word_1_325' title='bbox 1021 4222 1128 4278; x_wconf 88' lang='lat' dir='ltr'><strong>ﬁde</strong></span> <span class='ocrx_word' id='word_1_326' title='bbox 1177 4229 1341 4294; x_wconf 88' lang='lat' dir='ltr'><strong>atque</strong></span> <span class='ocrx_word' id='word_1_327' title='bbox 1386 4220 1622 4277; x_wconf 88' lang='lat' dir='ltr'><strong>utilitate</strong></span> 
     </span>
    </p>
   </div>
   <div class='ocr_carea' id='block_1_54' title="bbox 80 4311 1618 4386">
    <p class='ocr_par' dir='ltr' id='par_1_54' title="bbox 80 4311 1618 4386">
     <span class='ocr_line' id='line_1_55' title="bbox 80 4311 1618 4386; baseline 0.006 -28"><span class='ocrx_word' id='word_1_328' title='bbox 80 4311 388 4372; x_wconf 71' lang='lat' dir='ltr'><strong>ecclesiastica</strong></span> <span class='ocrx_word' id='word_1_329' title='bbox 417 4317 707 4386; x_wconf 86' lang='lat' dir='ltr'><strong>veniretis,</strong></span> <span class='ocrx_word' id='word_1_330' title='bbox 738 4316 869 4373; x_wconf 90' lang='lat' dir='ltr'><strong>licet</strong></span> <span class='ocrx_word' id='word_1_331' title='bbox 900 4332 1006 4372; x_wconf 89' lang='lat' dir='ltr'><strong>non</strong></span> <span class='ocrx_word' id='word_1_332' title='bbox 1027 4330 1238 4383; x_wconf 89' lang='lat' dir='ltr'><strong>omnes,</strong></span> <span class='ocrx_word' id='word_1_333' title='bbox 1272 4323 1618 4384; x_wconf 77' lang='lat' dir='ltr'><strong>tamenquo-</strong></span> 
     </span>
    </p>
   </div>
   <div class='ocr_carea' id='block_1_55' title="bbox 80 4402 1620 4482">
    <p class='ocr_par' dir='ltr' id='par_1_55' title="bbox 80 4402 1620 4482">
     <span class='ocr_line' id='line_1_56' title="bbox 80 4402 1620 4482; baseline 0.008 -33"><span class='ocrx_word' id='word_1_334' title='bbox 80 4402 187 4458; x_wconf 80' lang='lat' dir='ltr'><strong>niani</strong></span> <span class='ocrx_word' id='word_1_335' title='bbox 210 4407 434 4467; x_wconf 80' lang='lat' dir='ltr'><strong>Charitas</strong></span> <span class='ocrx_word' id='word_1_336' title='bbox 466 4420 646 4469; x_wconf 89' lang='lat' dir='ltr'><strong>totum</strong></span> <span class='ocrx_word' id='word_1_337' title='bbox 674 4410 1000 4482; x_wconf 88' lang='lat' dir='ltr'><strong>persuadet,</strong></span> <span class='ocrx_word' id='word_1_338' title='bbox 1026 4417 1085 4464; x_wconf 93' lang='lat' dir='ltr'><strong>ut</strong></span> <span class='ocrx_word' id='word_1_339' title='bbox 1113 4409 1206 4480; x_wconf 90' lang='lat' dir='ltr'><strong>qui</strong></span> <span class='ocrx_word' id='word_1_340' title='bbox 1240 4423 1468 4479; x_wconf 90' lang='lat' dir='ltr'><strong>corpore</strong></span> <span class='ocrx_word' id='word_1_341' title='bbox 1492 4416 1620 4464; x_wconf 92' lang='lat' dir='ltr'><strong>sunt</strong></span> 
     </span>
    </p>
   </div>
   <div class='ocr_carea' id='block_1_56' title="bbox 77 4493 1618 4574">
    <p class='ocr_par' dir='ltr' id='par_1_56' title="bbox 77 4493 1618 4574">
     <span class='ocr_line' id='line_1_57' title="bbox 77 4493 1618 4574; baseline 0.005 -27"><span class='ocrx_word' id='word_1_342' title='bbox 77 4493 303 4568; x_wconf 72' lang='lat' dir='ltr'><strong>absentes,</strong></span> <span class='ocrx_word' id='word_1_343' title='bbox 352 4505 643 4560; x_wconf 89' lang='lat' dir='ltr'><strong>nobiscum</strong></span> <span class='ocrx_word' id='word_1_344' title='bbox 687 4503 742 4558; x_wconf 91' lang='lat' dir='ltr'><strong>in</strong></span> <span class='ocrx_word' id='word_1_345' title='bbox 792 4502 984 4574; x_wconf 89' lang='lat' dir='ltr'><strong>spiritu</strong></span> <span class='ocrx_word' id='word_1_346' title='bbox 1019 4501 1308 4558; x_wconf 90' lang='lat' dir='ltr'><strong>videantur</strong></span> <span class='ocrx_word' id='word_1_347' title='bbox 1335 4514 1456 4556; x_wconf 91' lang='lat' dir='ltr'><strong>esse</strong></span> <span class='ocrx_word' id='word_1_348' title='bbox 1489 4515 1618 4555; x_wconf 90' lang='lat' dir='ltr'><strong>con-</strong></span> 
     </span>
    </p>
   </div>
   <div class='ocr_carea' id='block_1_57' title="bbox 75 4583 1618 4668">
    <p class='ocr_par' dir='ltr' id='par_1_57' title="bbox 75 4583 1618 4668">
     <span class='ocr_line' id='line_1_58' title="bbox 75 4583 1618 4668; baseline 0.006 -31"><span class='ocrx_word' id='word_1_349' title='bbox 75 4583 221 4658; x_wconf 83' lang='lat' dir='ltr'><strong>juncti,</strong></span> <span class='ocrx_word' id='word_1_350' title='bbox 264 4594 466 4654; x_wconf 90' lang='lat' dir='ltr'><strong>idcirco</strong></span> <span class='ocrx_word' id='word_1_351' title='bbox 512 4597 630 4652; x_wconf 87' lang='lat' dir='ltr'><strong>Deo</strong></span> <span class='ocrx_word' id='word_1_352' title='bbox 661 4595 934 4668; x_wconf 90' lang='lat' dir='ltr'><strong>propitio,</strong></span> <span class='ocrx_word' id='word_1_353' title='bbox 976 4593 1106 4665; x_wconf 89' lang='lat' dir='ltr'><strong>quia</strong></span> <span class='ocrx_word' id='word_1_354' title='bbox 1147 4601 1442 4664; x_wconf 74' lang='lat' dir='ltr'><strong>praesentes</strong></span> <span class='ocrx_word' id='word_1_355' title='bbox 1485 4591 1618 4646; x_wconf 85' lang='lat' dir='ltr'><strong>estis</strong></span> 
     </span>
    </p>
   </div>
   <div class='ocr_carea' id='block_1_58' title="bbox 77 4683 1618 4758">
    <p class='ocr_par' dir='ltr' id='par_1_58' title="bbox 77 4683 1618 4758">
     <span class='ocr_line' id='line_1_59' title="bbox 77 4683 1618 4758; baseline -0.005 -13"><span class='ocrx_word' id='word_1_356' title='bbox 77 4683 160 4745; x_wconf 76' lang='grc' dir='ltr'><strong>ιιειτί</strong></span> <span class='ocrx_word' id='word_1_357' title='bbox 189 4688 515 4757; x_wconf 81' lang='lat' dir='ltr'><strong>professione</strong></span> <span class='ocrx_word' id='word_1_358' title='bbox 541 4691 676 4746; x_wconf 88' lang='lat' dir='ltr'><strong>ﬁdes</strong></span> <span class='ocrx_word' id='word_1_359' title='bbox 703 4688 1070 4748; x_wconf 78' lang='lat' dir='ltr'><strong>ecclesiastica</strong></span> <span class='ocrx_word' id='word_1_360' title='bbox 1104 4703 1225 4758; x_wconf 67' lang='lat' dir='ltr'><strong>quae</strong></span> <span class='ocrx_word' id='word_1_361' title='bbox 1260 4701 1356 4756; x_wconf 88' lang='lat' dir='ltr'><strong>per</strong></span> <span class='ocrx_word' id='word_1_362' title='bbox 1380 4699 1482 4740; x_wconf 90' lang='lat' dir='ltr'><strong>nos</strong></span> <span class='ocrx_word' id='word_1_363' title='bbox 1510 4691 1618 4738; x_wconf 81' lang='lat' dir='ltr'><strong>tra-</strong></span> 
     </span>
    </p>
   </div>
   <div class='ocr_carea' id='block_1_59' title="bbox 78 4770 1614 4851">
    <p class='ocr_par' dir='ltr' id='par_1_59' title="bbox 78 4770 1614 4851">
     <span class='ocr_line' id='line_1_60' title="bbox 78 4770 1614 4851; baseline 0.004 -29"><span class='ocrx_word' id='word_1_364' title='bbox 78 4770 183 4827; x_wconf 79' lang='lat' dir='ltr'><strong>ditur</strong></span> <span class='ocrx_word' id='word_1_365' title='bbox 214 4778 261 4832; x_wconf 88' lang='lat' dir='ltr'><strong>in</strong></span> <span class='ocrx_word' id='word_1_366' title='bbox 294 4781 395 4838; x_wconf 90' lang='lat' dir='ltr'><strong>hoc</strong></span> <span class='ocrx_word' id='word_1_367' title='bbox 425 4789 579 4838; x_wconf 68' lang='lat' dir='ltr'><strong>cmtu</strong></span> <span class='ocrx_word' id='word_1_368' title='bbox 613 4780 848 4851; x_wconf 84' lang='lat' dir='ltr'><strong>glorioso</strong></span> <span class='ocrx_word' id='word_1_369' title='bbox 891 4778 1144 4850; x_wconf 88' lang='lat' dir='ltr'><strong>primitus</strong></span> <span class='ocrx_word' id='word_1_370' title='bbox 1180 4777 1486 4831; x_wconf 84' lang='lat' dir='ltr'><strong>conﬁtenda</strong></span> <span class='ocrx_word' id='word_1_371' title='bbox 1509 4785 1614 4840; x_wconf 87' lang='lat' dir='ltr'><strong>est,</strong></span> 
     </span>
    </p>
   </div>
   <div class='ocr_carea' id='block_1_60' title="bbox 77 4865 1618 4941">
    <p class='ocr_par' dir='ltr' id='par_1_60' title="bbox 77 4865 1618 4941">
     <span class='ocr_line' id='line_1_61' title="bbox 77 4865 1618 4941; baseline 0.001 -21"><span class='ocrx_word' id='word_1_372' title='bbox 77 4865 182 4920; x_wconf 78' lang='lat' dir='ltr'><strong>unde</strong></span> <span class='ocrx_word' id='word_1_373' title='bbox 220 4885 358 4928; x_wconf 90' lang='lat' dir='ltr'><strong>nunc</strong></span> <span class='ocrx_word' id='word_1_374' title='bbox 389 4875 532 4930; x_wconf 89' lang='lat' dir='ltr'><strong>ordo</strong></span> <span class='ocrx_word' id='word_1_375' title='bbox 561 4872 966 4930; x_wconf 89' lang='lat' dir='ltr'><strong>ecclesiasticus</strong></span> <span class='ocrx_word' id='word_1_376' title='bbox 1010 4868 1346 4941; x_wconf 89' lang='lat' dir='ltr'><strong>singulorum</strong></span> <span class='ocrx_word' id='word_1_377' title='bbox 1389 4883 1458 4924; x_wconf 82' lang='lat' dir='ltr'><strong>ex</strong></span> <span class='ocrx_word' id='word_1_378' title='bbox 1489 4883 1618 4923; x_wconf 89' lang='lat' dir='ltr'><strong>con-</strong></span> 
     </span>
    </p>
   </div>
   <div class='ocr_carea' id='block_1_61' title="bbox 1721 3759 3323 3835">
    <p class='ocr_par' dir='ltr' id='par_1_61' title="bbox 1721 3759 3323 3835">
     <span class='ocr_line' id='line_1_62' title="bbox 1721 3759 3323 3835; baseline 0.003 -20"><span class='ocrx_word' id='word_1_379' title='bbox 1721 3761 1937 3832; x_wconf 89' lang='lat' dir='ltr'><strong>pliciter</strong></span> <span class='ocrx_word' id='word_1_380' title='bbox 1974 3763 2116 3832; x_wconf 89' lang='lat' dir='ltr'><strong>quod</strong></span> <span class='ocrx_word' id='word_1_381' title='bbox 2165 3777 2196 3817; x_wconf 90' lang='lat' dir='ltr'><strong>a</strong></span> <span class='ocrx_word' id='word_1_382' title='bbox 2243 3761 2356 3819; x_wconf 89' lang='lat' dir='ltr'><strong>Deo</strong></span> <span class='ocrx_word' id='word_1_383' title='bbox 2395 3759 2672 3834; x_wconf 89' lang='lat' dir='ltr'><strong>postulant</strong></span> <span class='ocrx_word' id='word_1_384' title='bbox 2715 3761 3052 3834; x_wconf 82' lang='lat' dir='ltr'><strong>impetrare,</strong></span> <span class='ocrx_word' id='word_1_385' title='bbox 3091 3764 3323 3835; x_wconf 82' lang='lat' dir='ltr'><strong>utquod</strong></span> 
     </span>
    </p>
   </div>
   <div class='ocr_carea' id='block_1_62' title="bbox 1722 3853 3320 3928">
    <p class='ocr_par' dir='ltr' id='par_1_62' title="bbox 1722 3853 3320 3928">
     <span class='ocr_line' id='line_1_63' title="bbox 1722 3853 3320 3928; baseline 0.001 -18"><span class='ocrx_word' id='word_1_386' title='bbox 1722 3855 1953 3928; x_wconf 90' lang='lat' dir='ltr'><strong>apostoli</strong></span> <span class='ocrx_word' id='word_1_387' title='bbox 1980 3856 2281 3912; x_wconf 90' lang='lat' dir='ltr'><strong>docuerunt</strong></span> <span class='ocrx_word' id='word_1_388' title='bbox 2317 3863 2375 3910; x_wconf 90' lang='lat' dir='ltr'><strong>et</strong></span> <span class='ocrx_word' id='word_1_389' title='bbox 2401 3853 2519 3926; x_wconf 89' lang='lat' dir='ltr'><strong>ipsa</strong></span> <span class='ocrx_word' id='word_1_390' title='bbox 2562 3855 2802 3911; x_wconf 87' lang='lat' dir='ltr'><strong>servavit</strong></span> <span class='ocrx_word' id='word_1_391' title='bbox 2847 3855 3161 3926; x_wconf 82' lang='lat' dir='ltr'><strong>antiquitas,</strong></span> <span class='ocrx_word' id='word_1_392' title='bbox 3189 3869 3320 3912; x_wconf 83' lang='lat' dir='ltr'><strong>uos-</strong></span> 
     </span>
    </p>
   </div>
   <div class='ocr_carea' id='block_1_63' title="bbox 1723 3944 3314 4018">
    <p class='ocr_par' dir='ltr' id='par_1_63' title="bbox 1723 3944 3314 4018">
     <span class='ocr_line' id='line_1_64' title="bbox 1723 3944 3314 4018; baseline -0.002 -15"><span class='ocrx_word' id='word_1_393' title='bbox 1723 3963 1828 4018; x_wconf 93' lang='lat' dir='ltr'><strong>que</strong></span> <span class='ocrx_word' id='word_1_394' title='bbox 1854 3947 2224 4003; x_wconf 88' lang='lat' dir='ltr'><strong>custodiamus</strong></span> <span class='ocrx_word' id='word_1_395' title='bbox 2241 3987 2254 4011; x_wconf 93' lang='lat'><strong>,</strong></span> <span class='ocrx_word' id='word_1_396' title='bbox 2287 3947 2356 4002; x_wconf 90' lang='lat' dir='ltr'><strong>ab</strong></span> <span class='ocrx_word' id='word_1_397' title='bbox 2379 3945 2650 4003; x_wconf 86' lang='lat' dir='ltr'><strong>universis</strong></span> <span class='ocrx_word' id='word_1_398' title='bbox 2677 3946 2948 4016; x_wconf 85' lang='lat' dir='ltr'><strong>episcopis</strong></span> <span class='ocrx_word' id='word_1_399' title='bbox 2977 3944 3184 4002; x_wconf 86' lang='lat' dir='ltr'><strong>dictum</strong></span> <span class='ocrx_word' id='word_1_400' title='bbox 3208 3954 3314 4002; x_wconf 84' lang='lat' dir='ltr'><strong>est.</strong></span> 
     </span>
    </p>
   </div>
   <div class='ocr_carea' id='block_1_64' title="bbox 1723 4037 3319 4111">
    <p class='ocr_par' dir='ltr' id='par_1_64' title="bbox 1723 4037 3319 4111">
     <span class='ocr_line' id='line_1_65' title="bbox 1723 4037 3319 4111; baseline -0.003 -15"><span class='ocrx_word' id='word_1_401' title='bbox 1723 4038 1985 4096; x_wconf 88' lang='lat' dir='ltr'><strong>Omnibus</strong></span> <span class='ocrx_word' id='word_1_402' title='bbox 2011 4039 2211 4111; x_wconf 90' lang='lat' dir='ltr'><strong>placet,</strong></span> <span class='ocrx_word' id='word_1_403' title='bbox 2240 4047 2300 4094; x_wconf 93' lang='lat' dir='ltr'><strong>ut</strong></span> <span class='ocrx_word' id='word_1_404' title='bbox 2331 4037 2603 4110; x_wconf 83' lang='lat' dir='ltr'><strong>episcopi,</strong></span> <span class='ocrx_word' id='word_1_405' title='bbox 2631 4037 2968 4109; x_wconf 85' lang='lat' dir='ltr'><strong>presbyteri,</strong></span> <span class='ocrx_word' id='word_1_406' title='bbox 2999 4046 3054 4092; x_wconf 87' lang='lat' dir='ltr'><strong>et</strong></span> <span class='ocrx_word' id='word_1_407' title='bbox 3077 4037 3319 4104; x_wconf 87' lang='lat' dir='ltr'><strong>diaconi,</strong></span> 
     </span>
    </p>
   </div>
   <div class='ocr_carea' id='block_1_65' title="bbox 1722 4128 3318 4202">
    <p class='ocr_par' dir='ltr' id='par_1_65' title="bbox 1722 4128 3318 4202">
     <span class='ocr_line' id='line_1_66' title="bbox 1722 4128 3318 4202; baseline -0.001 -17"><span class='ocrx_word' id='word_1_408' title='bbox 1722 4131 1808 4187; x_wconf 89' lang='lat' dir='ltr'><strong>vel</strong></span> <span class='ocrx_word' id='word_1_409' title='bbox 1854 4132 1947 4202; x_wconf 90' lang='lat' dir='ltr'><strong>qui</strong></span> <span class='ocrx_word' id='word_1_410' title='bbox 1995 4139 2335 4186; x_wconf 89' lang='lat' dir='ltr'><strong>sacramenta</strong></span> <span class='ocrx_word' id='word_1_411' title='bbox 2377 4137 2724 4185; x_wconf 82' lang='lat' dir='ltr'><strong>contrectant</strong></span> <span class='ocrx_word' id='word_1_412' title='bbox 2761 4129 3035 4200; x_wconf 82' lang='lat' dir='ltr'><strong>pudicitiae</strong></span> <span class='ocrx_word' id='word_1_413' title='bbox 3060 4128 3318 4186; x_wconf 86' lang='lat' dir='ltr'><strong>custodes</strong></span> 
     </span>
    </p>
   </div>
   <div class='ocr_carea' id='block_1_66' title="bbox 1721 4222 3317 4289">
    <p class='ocr_par' dir='ltr' id='par_1_66' title="bbox 1721 4222 3317 4289">
     <span class='ocr_line' id='line_1_67' title="bbox 1721 4222 3317 4289; baseline -0.002 -9"><span class='ocrx_word' id='word_1_414' title='bbox 1721 4225 1888 4280; x_wconf 89' lang='lat' dir='ltr'><strong>etiam</strong></span> <span class='ocrx_word' id='word_1_415' title='bbox 1909 4226 1976 4280; x_wconf 89' lang='lat' dir='ltr'><strong>ab</strong></span> <span class='ocrx_word' id='word_1_416' title='bbox 1999 4225 2261 4280; x_wconf 76' lang='lat' dir='ltr'><strong>uxoribus</strong></span> <span class='ocrx_word' id='word_1_417' title='bbox 2290 4237 2349 4279; x_wconf 89' lang='lat' dir='ltr'><strong>se</strong></span> <span class='ocrx_word' id='word_1_418' title='bbox 2370 4223 2700 4289; x_wconf 88' lang='lat' dir='ltr'><strong>abstineant,</strong></span> <span class='ocrx_word' id='word_1_419' title='bbox 2733 4223 2801 4277; x_wconf 83' lang='lat' dir='ltr'><strong>al)</strong></span> <span class='ocrx_word' id='word_1_420' title='bbox 2825 4223 3080 4279; x_wconf 88' lang='lat' dir='ltr'><strong>omnibus</strong></span> <span class='ocrx_word' id='word_1_421' title='bbox 3107 4222 3317 4278; x_wconf 83' lang='lat' dir='ltr'><strong>dictum</strong></span> 
     </span>
    </p>
   </div>
   <div class='ocr_carea' id='block_1_67' title="bbox 1719 4317 3318 4390">
    <p class='ocr_par' dir='ltr' id='par_1_67' title="bbox 1719 4317 3318 4390">
     <span class='ocr_line' id='line_1_68' title="bbox 1719 4317 3318 4390; baseline 0 -15"><span class='ocrx_word' id='word_1_422' title='bbox 1719 4327 1822 4380; x_wconf 90' lang='lat' dir='ltr'><strong>est,</strong></span> <span class='ocrx_word' id='word_1_423' title='bbox 1858 4319 2058 4388; x_wconf 85' lang='lat' dir='ltr'><strong>placet,</strong></span> <span class='ocrx_word' id='word_1_424' title='bbox 2091 4328 2144 4373; x_wconf 90' lang='lat' dir='ltr'><strong>et</strong></span> <span class='ocrx_word' id='word_1_425' title='bbox 2169 4327 2227 4372; x_wconf 91' lang='lat' dir='ltr'><strong>ut</strong></span> <span class='ocrx_word' id='word_1_426' title='bbox 2253 4319 2308 4374; x_wconf 91' lang='lat' dir='ltr'><strong>in</strong></span> <span class='ocrx_word' id='word_1_427' title='bbox 2339 4319 2613 4384; x_wconf 89' lang='lat' dir='ltr'><strong>omnibus,</strong></span> <span class='ocrx_word' id='word_1_428' title='bbox 2641 4327 2699 4373; x_wconf 89' lang='lat' dir='ltr'><strong>et</strong></span> <span class='ocrx_word' id='word_1_429' title='bbox 2743 4319 2814 4374; x_wconf 90' lang='lat' dir='ltr'><strong>ab</strong></span> <span class='ocrx_word' id='word_1_430' title='bbox 2857 4319 3114 4374; x_wconf 85' lang='lat' dir='ltr'><strong>omnibus</strong></span> <span class='ocrx_word' id='word_1_431' title='bbox 3157 4317 3318 4390; x_wconf 85' lang='lat' dir='ltr'><strong>pudi-</strong></span> 
     </span>
    </p>
   </div>
   <div class='ocr_carea' id='block_1_68' title="bbox 1721 4409 2939 4480">
    <p class='ocr_par' dir='ltr' id='par_1_68' title="bbox 1721 4409 2939 4480">
     <span class='ocr_line' id='line_1_69' title="bbox 1721 4409 2939 4480; baseline -0.002 -14"><span class='ocrx_word' id='word_1_432' title='bbox 1721 4410 1845 4466; x_wconf 89' lang='lat' dir='ltr'><strong>citia</strong></span> <span class='ocrx_word' id='word_1_433' title='bbox 1875 4411 2234 4476; x_wconf 88' lang='lat' dir='ltr'><strong>custodiatur,</strong></span> <span class='ocrx_word' id='word_1_434' title='bbox 2261 4410 2353 4480; x_wconf 88' lang='lat' dir='ltr'><strong>qui</strong></span> <span class='ocrx_word' id='word_1_435' title='bbox 2385 4409 2580 4464; x_wconf 89' lang='lat' dir='ltr'><strong>altario</strong></span> <span class='ocrx_word' id='word_1_436' title='bbox 2605 4409 2939 4465; x_wconf 82' lang='lat' dir='ltr'><strong>deserviunt.</strong></span> 
     </span>
    </p>
   </div>
   <div class='ocr_carea' id='block_1_69' title="bbox 1790 4501 3320 4574">
    <p class='ocr_par' dir='ltr' id='par_1_69' title="bbox 1790 4501 3320 4574">
     <span class='ocr_line' id='line_1_70' title="bbox 1790 4501 3320 4574; baseline 0 -16"><span class='ocrx_word' id='word_1_437' title='bbox 1790 4504 1875 4559; x_wconf 88' lang='lat' dir='ltr'><strong>ill.</strong></span> <span class='ocrx_word' id='word_1_438' title='bbox 1907 4504 2238 4560; x_wconf 83' lang='lat' dir='ltr'><strong>Fortunatus</strong></span> <span class='ocrx_word' id='word_1_439' title='bbox 2271 4504 2554 4574; x_wconf 90' lang='lat' dir='ltr'><strong>episcopus</strong></span> <span class='ocrx_word' id='word_1_440' title='bbox 2584 4502 2737 4567; x_wconf 80' lang='lat' dir='ltr'><strong>dixit,</strong></span> <span class='ocrx_word' id='word_1_441' title='bbox 2772 4503 2817 4557; x_wconf 90' lang='lat' dir='ltr'><strong>si</strong></span> <span class='ocrx_word' id='word_1_442' title='bbox 2857 4501 3012 4570; x_wconf 81' lang='lat' dir='ltr'><strong>jubet</strong></span> <span class='ocrx_word' id='word_1_443' title='bbox 3052 4502 3320 4560; x_wconf 81' lang='lat' dir='ltr'><strong>sanctitas</strong></span> 
     </span>
    </p>
   </div>
   <div class='ocr_carea' id='block_1_70' title="bbox 1718 4593 3318 4667">
    <p class='ocr_par' dir='ltr' id='par_1_70' title="bbox 1718 4593 3318 4667">
     <span class='ocr_line' id='line_1_71' title="bbox 1718 4593 3318 4667; baseline -0.001 -15"><span class='ocrx_word' id='word_1_444' title='bbox 1718 4605 1900 4652; x_wconf 86' lang='lat' dir='ltr'><strong>vestra</strong></span> <span class='ocrx_word' id='word_1_445' title='bbox 1922 4611 2172 4667; x_wconf 84' lang='lat' dir='ltr'><strong>suggero,</strong></span> <span class='ocrx_word' id='word_1_446' title='bbox 2194 4611 2319 4649; x_wconf 91' lang='lat' dir='ltr'><strong>nam</strong></span> <span class='ocrx_word' id='word_1_447' title='bbox 2344 4594 2568 4649; x_wconf 88' lang='lat' dir='ltr'><strong>memini</strong></span> <span class='ocrx_word' id='word_1_448' title='bbox 2591 4594 2870 4664; x_wconf 67' lang='lat' dir='ltr'><strong>praeterito</strong></span> <span class='ocrx_word' id='word_1_449' title='bbox 2891 4594 3124 4651; x_wconf 90' lang='lat' dir='ltr'><strong>concilio</strong></span> <span class='ocrx_word' id='word_1_450' title='bbox 3147 4593 3318 4651; x_wconf 79' lang='lat' dir='ltr'><strong>fuisse</strong></span> 
     </span>
    </p>
   </div>
   <div class='ocr_carea' id='block_1_71' title="bbox 1719 4684 3308 4755">
    <p class='ocr_par' dir='ltr' id='par_1_71' title="bbox 1719 4684 3308 4755">
     <span class='ocr_line' id='line_1_72' title="bbox 1719 4684 3308 4755; baseline -0.004 -12"><span class='ocrx_word' id='word_1_451' title='bbox 1719 4696 2005 4752; x_wconf 87' lang='lat' dir='ltr'><strong>statutum,</strong></span> <span class='ocrx_word' id='word_1_452' title='bbox 2027 4695 2085 4740; x_wconf 91' lang='lat' dir='ltr'><strong>ut</strong></span> <span class='ocrx_word' id='word_1_453' title='bbox 2111 4687 2372 4752; x_wconf 87' lang='lat' dir='ltr'><strong>chrisma,</strong></span> <span class='ocrx_word' id='word_1_454' title='bbox 2401 4684 2486 4739; x_wconf 91' lang='lat' dir='ltr'><strong>vel</strong></span> <span class='ocrx_word' id='word_1_455' title='bbox 2513 4684 2885 4740; x_wconf 85' lang='lat' dir='ltr'><strong>reconciliatio</strong></span> <span class='ocrx_word' id='word_1_456' title='bbox 2905 4684 3308 4755; x_wconf 73' lang='lat' dir='ltr'><strong>pmnitentium,</strong></span> 
     </span>
    </p>
   </div>
   <div class='ocr_carea' id='block_1_72' title="bbox 1719 4777 3308 4850">
    <p class='ocr_par' dir='ltr' id='par_1_72' title="bbox 1719 4777 3308 4850">
     <span class='ocr_line' id='line_1_73' title="bbox 1719 4777 3308 4850; baseline -0.003 -16"><span class='ocrx_word' id='word_1_457' title='bbox 1719 4793 1929 4835; x_wconf 88' lang='lat' dir='ltr'><strong>necnon</strong></span> <span class='ocrx_word' id='word_1_458' title='bbox 1992 4777 2290 4849; x_wconf 86' lang='lat' dir='ltr'><strong>puellarum</strong></span> <span class='ocrx_word' id='word_1_459' title='bbox 2348 4777 2686 4832; x_wconf 80' lang='lat' dir='ltr'><strong>consecratio</strong></span> <span class='ocrx_word' id='word_1_460' title='bbox 2737 4794 2768 4832; x_wconf 74' lang='grc' dir='ltr'><em>α</em></span> <span class='ocrx_word' id='word_1_461' title='bbox 2815 4777 3150 4850; x_wconf 70' lang='lat' dir='ltr'><strong>presbyteris</strong></span> <span class='ocrx_word' id='word_1_462' title='bbox 3200 4789 3308 4831; x_wconf 89' lang='lat' dir='ltr'><strong>non</strong></span> 
     </span>
    </p>
   </div>
   <div class='ocr_carea' id='block_1_73' title="bbox 1720 4867 3317 4940">
    <p class='ocr_par' dir='ltr' id='par_1_73' title="bbox 1720 4867 3317 4940">
     <span class='ocr_line' id='line_1_74' title="bbox 1720 4867 3317 4940; baseline 0 -16"><span class='ocrx_word' id='word_1_463' title='bbox 1720 4871 1884 4935; x_wconf 87' lang='lat' dir='ltr'><strong>ﬁant;</strong></span> <span class='ocrx_word' id='word_1_464' title='bbox 1916 4869 2093 4940; x_wconf 91' lang='lat' dir='ltr'><strong>siquis</strong></span> <span class='ocrx_word' id='word_1_465' title='bbox 2119 4877 2299 4923; x_wconf 88' lang='lat' dir='ltr'><strong>autem</strong></span> <span class='ocrx_word' id='word_1_466' title='bbox 2326 4869 2610 4924; x_wconf 90' lang='lat' dir='ltr'><strong>emerserit</strong></span> <span class='ocrx_word' id='word_1_467' title='bbox 2635 4870 2740 4924; x_wconf 90' lang='lat' dir='ltr'><strong>hoc</strong></span> <span class='ocrx_word' id='word_1_468' title='bbox 2758 4868 2989 4933; x_wconf 74' lang='lat' dir='ltr'><strong>faciens,</strong></span> <span class='ocrx_word' id='word_1_469' title='bbox 3011 4867 3141 4937; x_wconf 83' lang='lat' dir='ltr'><strong>quid</strong></span> <span class='ocrx_word' id='word_1_470' title='bbox 3155 4867 3225 4922; x_wconf 88' lang='lat' dir='ltr'><strong>de</strong></span> <span class='ocrx_word' id='word_1_471' title='bbox 3245 4879 3317 4924; x_wconf 86' lang='lat' dir='ltr'><strong>eo</strong></span> 
     </span>
    </p>
   </div>
   <div class='ocr_carea' id='block_1_74' title="bbox 77 4956 3315 5039">
    <p class='ocr_par' dir='ltr' id='par_1_74' title="bbox 77 4956 3315 5039">
     <span class='ocr_line' id='line_1_75' title="bbox 77 4956 3315 5039; baseline 0.002 -33"><span class='ocrx_word' id='word_1_472' title='bbox 77 4963 196 5009; x_wconf 67' lang='lat' dir='ltr'><strong>sensu</strong></span> <span class='ocrx_word' id='word_1_473' title='bbox 217 4964 451 5019; x_wconf 84' lang='lat' dir='ltr'><strong>omnium</strong></span> <span class='ocrx_word' id='word_1_474' title='bbox 481 4973 568 5022; x_wconf 89' lang='lat' dir='ltr'><strong>est</strong></span> <span class='ocrx_word' id='word_1_475' title='bbox 592 4965 950 5020; x_wconf 86' lang='lat' dir='ltr'><strong>exstruendus</strong></span> <span class='ocrx_word' id='word_1_476' title='bbox 979 4973 1142 5032; x_wconf 84' lang='lat' dir='ltr'><strong>atque</strong></span> <span class='ocrx_word' id='word_1_477' title='bbox 1170 4962 1529 5026; x_wconf 87' lang='lat' dir='ltr'><strong>roborandus,</strong></span> <span class='ocrx_word' id='word_1_478' title='bbox 1557 4968 1616 5014; x_wconf 92' lang='lat' dir='ltr'><strong>ut</strong></span> <span class='ocrx_word' id='word_1_479' title='bbox 1639 4977 1694 5039; x_wconf 71' lang='grc' dir='ltr'>Β</span> <span class='ocrx_word' id='word_1_480' title='bbox 1721 4961 2068 5016; x_wconf 82' lang='lat' dir='ltr'><strong>statuendum</strong></span> <span class='ocrx_word' id='word_1_481' title='bbox 2117 4959 2225 5015; x_wconf 76' lang='lat' dir='ltr'><strong>sit?</strong></span> <span class='ocrx_word' id='word_1_482' title='bbox 2267 4960 2521 5015; x_wconf 78' lang='lat' dir='ltr'><strong>Aurelius</strong></span> <span class='ocrx_word' id='word_1_483' title='bbox 2563 4961 2847 5030; x_wconf 79' lang='lat' dir='ltr'><strong>episcOpus</strong></span> <span class='ocrx_word' id='word_1_484' title='bbox 2893 4959 3056 5027; x_wconf 87' lang='lat' dir='ltr'><strong>dixit,</strong></span> <span class='ocrx_word' id='word_1_485' title='bbox 3106 4956 3315 5013; x_wconf 79' lang='lat' dir='ltr'><strong>audivit</strong></span> 
     </span>
    </p>
   </div>
   <div class='ocr_carea' id='block_1_75' title="bbox 74 5040 1618 5129">
    <p class='ocr_par' dir='ltr' id='par_1_75' title="bbox 74 5040 1618 5129">
     <span class='ocr_line' id='line_1_76' title="bbox 74 5040 1618 5129; baseline 0.008 -31"><span class='ocrx_word' id='word_1_486' title='bbox 74 5040 253 5107; x_wconf 66' lang='lat' dir='ltr'><strong>fratrum</strong></span> <span class='ocrx_word' id='word_1_487' title='bbox 275 5063 328 5112; x_wconf 87' lang='lat' dir='ltr'><strong>et</strong></span> <span class='ocrx_word' id='word_1_488' title='bbox 346 5057 796 5129; x_wconf 88' lang='lat' dir='ltr'><strong>coepiscoporum</strong></span> <span class='ocrx_word' id='word_1_489' title='bbox 817 5071 990 5127; x_wconf 90' lang='lat' dir='ltr'><strong>nuper</strong></span> <span class='ocrx_word' id='word_1_490' title='bbox 1012 5064 1384 5126; x_wconf 88' lang='lat' dir='ltr'><strong>promotorum</strong></span> <span class='ocrx_word' id='word_1_491' title='bbox 1407 5062 1618 5110; x_wconf 83' lang='lat' dir='ltr'><strong>mentes</strong></span> 
     </span>
    </p>
   </div>
   <div class='ocr_carea' id='block_1_76' title="bbox 74 5135 1620 5224">
    <p class='ocr_par' dir='ltr' id='par_1_76' title="bbox 74 5135 1620 5224">
     <span class='ocr_line' id='line_1_77' title="bbox 74 5135 1620 5224; baseline 0.004 -29"><span class='ocrx_word' id='word_1_492' title='bbox 74 5135 119 5188; x_wconf 73' lang='lat' dir='ltr'><strong>de</strong></span> <span class='ocrx_word' id='word_1_493' title='bbox 157 5141 227 5199; x_wconf 82' lang='lat' dir='ltr'><strong>liis</strong></span> <span class='ocrx_word' id='word_1_494' title='bbox 252 5162 369 5224; x_wconf 72' lang='lat' dir='ltr'><strong>qua:</strong></span> <span class='ocrx_word' id='word_1_495' title='bbox 413 5149 764 5221; x_wconf 86' lang='lat' dir='ltr'><strong>proponenda</strong></span> <span class='ocrx_word' id='word_1_496' title='bbox 803 5157 959 5214; x_wconf 89' lang='lat' dir='ltr'><strong>sunt,</strong></span> <span class='ocrx_word' id='word_1_497' title='bbox 989 5149 1332 5204; x_wconf 86' lang='lat' dir='ltr'><strong>roborentur.</strong></span> <span class='ocrx_word' id='word_1_498' title='bbox 1368 5148 1435 5202; x_wconf 86' lang='lat' dir='ltr'><strong>Et</strong></span> <span class='ocrx_word' id='word_1_499' title='bbox 1477 5147 1620 5201; x_wconf 89' lang='lat' dir='ltr'><strong>sicut</strong></span> 
     </span>
    </p>
   </div>
   <div class='ocr_carea' id='block_1_77' title="bbox 73 5237 1618 5316">
    <p class='ocr_par' dir='ltr' id='par_1_77' title="bbox 73 5237 1618 5316">
     <span class='ocr_line' id='line_1_78' title="bbox 73 5237 1618 5316; baseline 0.002 -25"><span class='ocrx_word' id='word_1_500' title='bbox 73 5245 93 5278; x_wconf 68' lang='grc' dir='ltr'><strong>λι</strong></span> <span class='ocrx_word' id='word_1_501' title='bbox 129 5237 349 5302; x_wconf 74' lang='lat' dir='ltr'><strong>patribus</strong></span> <span class='ocrx_word' id='word_1_502' title='bbox 386 5251 542 5299; x_wconf 89' lang='lat' dir='ltr'><strong>certa</strong></span> <span class='ocrx_word' id='word_1_503' title='bbox 587 5243 938 5316; x_wconf 87' lang='lat' dir='ltr'><strong>dispositione</strong></span> <span class='ocrx_word' id='word_1_504' title='bbox 985 5243 1293 5313; x_wconf 91' lang='lat' dir='ltr'><strong>accepimus</strong></span> <span class='ocrx_word' id='word_1_505' title='bbox 1336 5250 1397 5296; x_wconf 93' lang='lat' dir='ltr'><strong>ut</strong></span> <span class='ocrx_word' id='word_1_506' title='bbox 1435 5237 1618 5294; x_wconf 85' lang='lat' dir='ltr'><strong>Trini-</strong></span> 
     </span>
    </p>
   </div>
   <div class='ocr_carea' id='block_1_78' title="bbox 73 5331 1618 5406">
    <p class='ocr_par' dir='ltr' id='par_1_78' title="bbox 73 5331 1618 5406">
     <span class='ocr_line' id='line_1_79' title="bbox 73 5331 1618 5406; baseline 0 -20"><span class='ocrx_word' id='word_1_507' title='bbox 73 5331 199 5386; x_wconf 68' lang='grc' dir='ltr'><strong>ιαιεω</strong></span> <span class='ocrx_word' id='word_1_508' title='bbox 225 5346 380 5406; x_wconf 85' lang='lat' dir='ltr'><strong>quam</strong></span> <span class='ocrx_word' id='word_1_509' title='bbox 429 5336 486 5391; x_wconf 86' lang='lat' dir='ltr'><strong>in</strong></span> <span class='ocrx_word' id='word_1_510' title='bbox 537 5337 738 5394; x_wconf 88' lang='lat' dir='ltr'><strong>nostris</strong></span> <span class='ocrx_word' id='word_1_511' title='bbox 782 5336 989 5392; x_wconf 88' lang='lat' dir='ltr'><strong>sinibus</strong></span> <span class='ocrx_word' id='word_1_512' title='bbox 1014 5342 1387 5391; x_wconf 87' lang='lat' dir='ltr'><strong>consecratam</strong></span> <span class='ocrx_word' id='word_1_513' title='bbox 1417 5332 1618 5388; x_wconf 88' lang='lat' dir='ltr'><strong>retine-</strong></span> 
     </span>
    </p>
   </div>
   <div class='ocr_carea' id='block_1_79' title="bbox 71 5419 1618 5499">
    <p class='ocr_par' dir='ltr' id='par_1_79' title="bbox 71 5419 1618 5499">
     <span class='ocr_line' id='line_1_80' title="bbox 71 5419 1618 5499; baseline 0.007 -30"><span class='ocrx_word' id='word_1_514' title='bbox 71 5429 161 5474; x_wconf 81' lang='lat' dir='ltr'><strong>mus</strong></span> <span class='ocrx_word' id='word_1_515' title='bbox 186 5419 346 5484; x_wconf 84' lang='lat' dir='ltr'><strong>Patris</strong></span> <span class='ocrx_word' id='word_1_516' title='bbox 372 5437 429 5484; x_wconf 90' lang='lat' dir='ltr'><strong>et</strong></span> <span class='ocrx_word' id='word_1_517' title='bbox 458 5427 583 5484; x_wconf 89' lang='lat' dir='ltr'><strong>Filii</strong></span> <span class='ocrx_word' id='word_1_518' title='bbox 614 5437 669 5484; x_wconf 91' lang='lat' dir='ltr'><strong>et</strong></span> <span class='ocrx_word' id='word_1_519' title='bbox 703 5427 936 5499; x_wconf 87' lang='lat' dir='ltr'><strong>Spiritus</strong></span> <span class='ocrx_word' id='word_1_520' title='bbox 979 5427 1150 5484; x_wconf 88' lang='lat' dir='ltr'><strong>sancti</strong></span> <span class='ocrx_word' id='word_1_521' title='bbox 1180 5427 1463 5496; x_wconf 75' lang='lat' dir='ltr'><strong>unitatem,</strong></span> <span class='ocrx_word' id='word_1_522' title='bbox 1495 5439 1618 5495; x_wconf 73' lang='lat' dir='ltr'><strong>quas</strong></span> 
     </span>
    </p>
   </div>
   <div class='ocr_carea' id='block_1_80' title="bbox 70 5513 1614 5590">
    <p class='ocr_par' dir='ltr' id='par_1_80' title="bbox 70 5513 1614 5590">
     <span class='ocr_line' id='line_1_81' title="bbox 70 5513 1614 5590; baseline 0.009 -31"><span class='ocrx_word' id='word_1_523' title='bbox 70 5513 229 5572; x_wconf 79' lang='lat' dir='ltr'><strong>nullam</strong></span> <span class='ocrx_word' id='word_1_524' title='bbox 272 5523 518 5578; x_wconf 88' lang='lat' dir='ltr'><strong>noscitur</strong></span> <span class='ocrx_word' id='word_1_525' title='bbox 554 5523 756 5579; x_wconf 85' lang='lat' dir='ltr'><strong>habere</strong></span> <span class='ocrx_word' id='word_1_526' title='bbox 799 5523 1066 5590; x_wconf 87' lang='lat' dir='ltr'><strong>notitiam,</strong></span> <span class='ocrx_word' id='word_1_527' title='bbox 1115 5522 1257 5578; x_wconf 89' lang='lat' dir='ltr'><strong>sicut</strong></span> <span class='ocrx_word' id='word_1_528' title='bbox 1302 5520 1614 5584; x_wconf 88' lang='lat' dir='ltr'><strong>didicimus,</strong></span> 
     </span>
    </p>
   </div>
   <div class='ocr_carea' id='block_1_81' title="bbox 69 5597 1619 5683">
    <p class='ocr_par' dir='ltr' id='par_1_81' title="bbox 69 5597 1619 5683">
     <span class='ocr_line' id='line_1_82' title="bbox 69 5597 1619 5683; baseline -0.002 -16"><span class='ocrx_word' id='word_1_529' title='bbox 69 5597 136 5658; x_wconf 69' lang='grc' dir='ltr'><strong>ί)εὲ</strong></span> <span class='ocrx_word' id='word_1_530' title='bbox 168 5607 380 5683; x_wconf 63' lang='lat' dir='ltr'><strong>populos</strong></span> <span class='ocrx_word' id='word_1_531' title='bbox 418 5615 786 5682; x_wconf 76' lang='lat' dir='ltr'><strong>inStruaInus,</strong></span> <span class='ocrx_word' id='word_1_532' title='bbox 823 5613 891 5669; x_wconf 90' lang='lat' dir='ltr'><strong>ab</strong></span> <span class='ocrx_word' id='word_1_533' title='bbox 929 5612 1198 5670; x_wconf 89' lang='lat' dir='ltr'><strong>universis</strong></span> <span class='ocrx_word' id='word_1_534' title='bbox 1239 5611 1507 5683; x_wconf 89' lang='lat' dir='ltr'><strong>episcopis</strong></span> <span class='ocrx_word' id='word_1_535' title='bbox 1535 5609 1619 5664; x_wconf 85' lang='lat' dir='ltr'><strong>di-</strong></span> 
     </span>
    </p>
   </div>
   <div class='ocr_carea' id='block_1_82' title="bbox 66 5703 1613 5780">
    <p class='ocr_par' dir='ltr' id='par_1_82' title="bbox 66 5703 1613 5780">
     <span class='ocr_line' id='line_1_83' title="bbox 66 5703 1613 5780; baseline 0 -22"><span class='ocrx_word' id='word_1_536' title='bbox 66 5705 178 5754; x_wconf 66' lang='lat' dir='ltr'><strong>ctum</strong></span> <span class='ocrx_word' id='word_1_537' title='bbox 217 5716 317 5772; x_wconf 91' lang='lat' dir='ltr'><strong>est,</strong></span> <span class='ocrx_word' id='word_1_538' title='bbox 361 5708 528 5778; x_wconf 87' lang='lat' dir='ltr'><strong>plane</strong></span> <span class='ocrx_word' id='word_1_539' title='bbox 575 5709 656 5765; x_wconf 90' lang='lat' dir='ltr'><strong>sic</strong></span> <span class='ocrx_word' id='word_1_540' title='bbox 701 5707 1039 5780; x_wconf 88' lang='lat' dir='ltr'><strong>accepimus,</strong></span> <span class='ocrx_word' id='word_1_541' title='bbox 1071 5706 1150 5763; x_wconf 90' lang='lat' dir='ltr'><strong>sic</strong></span> <span class='ocrx_word' id='word_1_542' title='bbox 1176 5713 1424 5763; x_wconf 89' lang='lat' dir='ltr'><strong>tenemus</strong></span> <span class='ocrx_word' id='word_1_543' title='bbox 1449 5703 1613 5761; x_wconf 88' lang='lat' dir='ltr'><strong>ﬁdem</strong></span> 
     </span>
    </p>
   </div>
   <div class='ocr_carea' id='block_1_83' title="bbox 65 5793 718 5871">
    <p class='ocr_par' dir='ltr' id='par_1_83' title="bbox 65 5793 718 5871">
     <span class='ocr_line' id='line_1_84' title="bbox 65 5793 718 5871; baseline 0.017 -28"><span class='ocrx_word' id='word_1_544' title='bbox 65 5793 372 5854; x_wconf 69' lang='lat' dir='ltr'><strong>apostolicam</strong></span> <span class='ocrx_word' id='word_1_545' title='bbox 403 5808 718 5871; x_wconf 87' lang='lat' dir='ltr'><strong>sequentes.</strong></span> 
     </span>
    </p>
   </div>
   <div class='ocr_carea' id='block_1_84' title="bbox 109 5877 1614 5964">
    <p class='ocr_par' dir='ltr' id='par_1_84' title="bbox 109 5877 1614 5964">
     <span class='ocr_line' id='line_1_85' title="bbox 109 5877 1614 5964; baseline 0.003 -23"><span class='ocrx_word' id='word_1_546' title='bbox 109 5877 167 5936; x_wconf 72' lang='grc' dir='ltr'><strong>ΙΙ.</strong></span> <span class='ocrx_word' id='word_1_547' title='bbox 212 5886 461 5947; x_wconf 78' lang='lat' dir='ltr'><strong>Aurelius</strong></span> <span class='ocrx_word' id='word_1_548' title='bbox 515 5892 782 5964; x_wconf 86' lang='lat' dir='ltr'><strong>episcopis</strong></span> <span class='ocrx_word' id='word_1_549' title='bbox 833 5891 998 5958; x_wconf 82' lang='lat' dir='ltr'><strong>dixit,</strong></span> <span class='ocrx_word' id='word_1_550' title='bbox 1054 5905 1180 5948; x_wconf 89' lang='lat' dir='ltr'><strong>cum</strong></span> <span class='ocrx_word' id='word_1_551' title='bbox 1229 5891 1287 5947; x_wconf 89' lang='lat' dir='ltr'><strong>in</strong></span> <span class='ocrx_word' id='word_1_552' title='bbox 1331 5889 1614 5962; x_wconf 65' lang='lat' dir='ltr'><strong>praeterito</strong></span> 
     </span>
    </p>
   </div>
   <div class='ocr_carea' id='block_1_85' title="bbox 66 5974 1614 6064">
    <p class='ocr_par' dir='ltr' id='par_1_85' title="bbox 66 5974 1614 6064">
     <span class='ocr_line' id='line_1_86' title="bbox 66 5974 1614 6064; baseline 0.008 -42"><span class='ocrx_word' id='word_1_553' title='bbox 66 5974 256 6030; x_wconf 82' lang='lat' dir='ltr'><strong>concilio</strong></span> <span class='ocrx_word' id='word_1_554' title='bbox 303 5980 370 6034; x_wconf 90' lang='lat' dir='ltr'><strong>de</strong></span> <span class='ocrx_word' id='word_1_555' title='bbox 426 5983 777 6064; x_wconf 69' lang='lat' dir='ltr'><strong>continentia:</strong></span> <span class='ocrx_word' id='word_1_556' title='bbox 806 5992 881 6051; x_wconf 37' lang='lat' dir='ltr'><strong>,et</strong></span> <span class='ocrx_word' id='word_1_557' title='bbox 925 5982 1191 6040; x_wconf 88' lang='lat' dir='ltr'><strong>castitatis</strong></span> <span class='ocrx_word' id='word_1_558' title='bbox 1241 5979 1614 6037; x_wconf 76' lang='lat' dir='ltr'><strong>moderamine</strong></span> 
     </span>
    </p>
   </div>
   <div class='ocr_carea' id='block_1_86' title="bbox 64 6068 1612 6145">
    <p class='ocr_par' dir='ltr' id='par_1_86' title="bbox 64 6068 1612 6145">
     <span class='ocr_line' id='line_1_87' title="bbox 64 6068 1612 6145; baseline 0.013 -25"><span class='ocrx_word' id='word_1_559' title='bbox 64 6068 372 6136; x_wconf 71' lang='lat' dir='ltr'><strong>tractaretur.</strong></span> <span class='ocrx_word' id='word_1_560' title='bbox 400 6075 608 6144; x_wconf 85' lang='lat' dir='ltr'><strong>gradus</strong></span> <span class='ocrx_word' id='word_1_561' title='bbox 655 6079 742 6134; x_wconf 78' lang='lat' dir='ltr'><strong>isti</strong></span> <span class='ocrx_word' id='word_1_562' title='bbox 793 6086 902 6133; x_wconf 88' lang='lat' dir='ltr'><strong>tres</strong></span> <span class='ocrx_word' id='word_1_563' title='bbox 944 6074 1342 6145; x_wconf 84' lang='lat' dir='ltr'><strong>conscriptione</strong></span> <span class='ocrx_word' id='word_1_564' title='bbox 1376 6073 1612 6144; x_wconf 77' lang='lat' dir='ltr'><strong>quadam</strong></span> 
     </span>
    </p>
   </div>
   <div class='ocr_carea' id='block_1_87' title="bbox 1720 5051 3316 5124">
    <p class='ocr_par' dir='ltr' id='par_1_87' title="bbox 1720 5051 3316 5124">
     <span class='ocr_line' id='line_1_88' title="bbox 1720 5051 3316 5124; baseline -0.001 -15"><span class='ocrx_word' id='word_1_565' title='bbox 1720 5054 1959 5124; x_wconf 83' lang='lat' dir='ltr'><strong>dignatio</strong></span> <span class='ocrx_word' id='word_1_566' title='bbox 2005 5061 2186 5108; x_wconf 87' lang='lat' dir='ltr'><strong>vestra</strong></span> <span class='ocrx_word' id='word_1_567' title='bbox 2234 5053 2635 5124; x_wconf 79' lang='lat' dir='ltr'><strong>suggestionem</strong></span> <span class='ocrx_word' id='word_1_568' title='bbox 2684 5053 2868 5107; x_wconf 82' lang='lat' dir='ltr'><strong>fratris</strong></span> <span class='ocrx_word' id='word_1_569' title='bbox 2901 5060 2959 5106; x_wconf 87' lang='lat' dir='ltr'><strong>et</strong></span> <span class='ocrx_word' id='word_1_570' title='bbox 3005 5051 3316 5122; x_wconf 72' lang='grc' dir='ltr'><strong>ωορίωὶ</strong></span> 
     </span>
    </p>
   </div>
   <div class='ocr_carea' id='block_1_88' title="bbox 1719 5146 3314 5219">
    <p class='ocr_par' dir='ltr' id='par_1_88' title="bbox 1719 5146 3314 5219">
     <span class='ocr_line' id='line_1_89' title="bbox 1719 5146 3314 5219; baseline 0 -17"><span class='ocrx_word' id='word_1_571' title='bbox 1719 5148 1888 5204; x_wconf 90' lang='lat' dir='ltr'><strong>nostri</strong></span> <span class='ocrx_word' id='word_1_572' title='bbox 1918 5146 2234 5216; x_wconf 79' lang='lat' dir='ltr'><strong>Fortunati,</strong></span> <span class='ocrx_word' id='word_1_573' title='bbox 2263 5149 2395 5219; x_wconf 90' lang='lat' dir='ltr'><strong>quid</strong></span> <span class='ocrx_word' id='word_1_574' title='bbox 2426 5150 2492 5203; x_wconf 89' lang='lat' dir='ltr'><strong>ad</strong></span> <span class='ocrx_word' id='word_1_575' title='bbox 2540 5149 2654 5203; x_wconf 87' lang='lat' dir='ltr'><strong>haec</strong></span> <span class='ocrx_word' id='word_1_576' title='bbox 2689 5147 2901 5203; x_wconf 87' lang='lat' dir='ltr'><strong>dicitis?</strong></span> <span class='ocrx_word' id='word_1_577' title='bbox 2928 5148 2999 5203; x_wconf 89' lang='lat' dir='ltr'><strong>ab</strong></span> <span class='ocrx_word' id='word_1_578' title='bbox 3040 5147 3314 5204; x_wconf 82' lang='lat' dir='ltr'><strong>universis</strong></span> 
     </span>
    </p>
   </div>
   <div class='ocr_carea' id='block_1_89' title="bbox 1717 5237 3311 5312">
    <p class='ocr_par' dir='ltr' id='par_1_89' title="bbox 1717 5237 3311 5312">
     <span class='ocr_line' id='line_1_90' title="bbox 1717 5237 3311 5312; baseline 0.001 -17"><span class='ocrx_word' id='word_1_579' title='bbox 1717 5239 1986 5310; x_wconf 86' lang='lat' dir='ltr'><strong>episcopis</strong></span> <span class='ocrx_word' id='word_1_580' title='bbox 2009 5240 2210 5295; x_wconf 86' lang='lat' dir='ltr'><strong>dictum</strong></span> <span class='ocrx_word' id='word_1_581' title='bbox 2239 5249 2325 5296; x_wconf 83' lang='lat' dir='ltr'><strong>est</strong></span> <span class='ocrx_word' id='word_1_582' title='bbox 2356 5259 2373 5297; x_wconf 88' lang='lat'><strong>:</strong></span> <span class='ocrx_word' id='word_1_583' title='bbox 2401 5240 2728 5296; x_wconf 86' lang='lat' dir='ltr'><strong>Chrismatis</strong></span> <span class='ocrx_word' id='word_1_584' title='bbox 2754 5239 3044 5307; x_wconf 86' lang='lat' dir='ltr'><strong>confectio,</strong></span> <span class='ocrx_word' id='word_1_585' title='bbox 3073 5249 3131 5296; x_wconf 85' lang='lat' dir='ltr'><strong>et</strong></span> <span class='ocrx_word' id='word_1_586' title='bbox 3151 5237 3311 5312; x_wconf 84' lang='lat' dir='ltr'><strong>puel-</strong></span> 
     </span>
    </p>
   </div>
   <div class='ocr_carea' id='block_1_90' title="bbox 1720 5330 3310 5403">
    <p class='ocr_par' dir='ltr' id='par_1_90' title="bbox 1720 5330 3310 5403">
     <span class='ocr_line' id='line_1_91' title="bbox 1720 5330 3310 5403; baseline 0.002 -19"><span class='ocrx_word' id='word_1_587' title='bbox 1720 5331 1892 5386; x_wconf 85' lang='lat' dir='ltr'><strong>larum</strong></span> <span class='ocrx_word' id='word_1_588' title='bbox 1924 5332 2266 5388; x_wconf 85' lang='lat' dir='ltr'><strong>consecratio</strong></span> <span class='ocrx_word' id='word_1_589' title='bbox 2296 5349 2325 5388; x_wconf 90' lang='lat' dir='ltr'><strong>a</strong></span> <span class='ocrx_word' id='word_1_590' title='bbox 2351 5331 2685 5403; x_wconf 78' lang='lat' dir='ltr'><strong>presbyteris</strong></span> <span class='ocrx_word' id='word_1_591' title='bbox 2708 5346 2815 5384; x_wconf 92' lang='lat' dir='ltr'><strong>non</strong></span> <span class='ocrx_word' id='word_1_592' title='bbox 2847 5330 2968 5397; x_wconf 82' lang='lat' dir='ltr'><strong>ﬁat,</strong></span> <span class='ocrx_word' id='word_1_593' title='bbox 2999 5330 3086 5386; x_wconf 84' lang='lat' dir='ltr'><strong>vel</strong></span> <span class='ocrx_word' id='word_1_594' title='bbox 3119 5345 3310 5387; x_wconf 77' lang='lat' dir='ltr'><strong>reson-</strong></span> 
     </span>
    </p>
   </div>
   <div class='ocr_carea' id='block_1_91' title="bbox 1721 5422 3315 5496">
    <p class='ocr_par' dir='ltr' id='par_1_91' title="bbox 1721 5422 3315 5496">
     <span class='ocr_line' id='line_1_92' title="bbox 1721 5422 3315 5496; baseline 0.001 -18"><span class='ocrx_word' id='word_1_595' title='bbox 1721 5422 1908 5478; x_wconf 89' lang='lat' dir='ltr'><strong>ciliare</strong></span> <span class='ocrx_word' id='word_1_596' title='bbox 1953 5438 2223 5493; x_wconf 90' lang='lat' dir='ltr'><strong>quemque</strong></span> <span class='ocrx_word' id='word_1_597' title='bbox 2269 5425 2326 5478; x_wconf 90' lang='lat' dir='ltr'><strong>in</strong></span> <span class='ocrx_word' id='word_1_598' title='bbox 2375 5422 2590 5492; x_wconf 85' lang='lat' dir='ltr'><strong>publica</strong></span> <span class='ocrx_word' id='word_1_599' title='bbox 2636 5422 2802 5478; x_wconf 77' lang='lat' dir='ltr'><strong>missa</strong></span> <span class='ocrx_word' id='word_1_600' title='bbox 2847 5423 3171 5496; x_wconf 77' lang='lat' dir='ltr'><strong>presbytero</strong></span> <span class='ocrx_word' id='word_1_601' title='bbox 3203 5436 3315 5479; x_wconf 84' lang='lat' dir='ltr'><strong>non</strong></span> 
     </span>
    </p>
   </div>
   <div class='ocr_carea' id='block_1_92' title="bbox 1719 5513 2538 5585">
    <p class='ocr_par' dir='ltr' id='par_1_92' title="bbox 1719 5513 2538 5585">
     <span class='ocr_line' id='line_1_93' title="bbox 1719 5513 2538 5585; baseline 0.001 -15"><span class='ocrx_word' id='word_1_602' title='bbox 1719 5514 1905 5582; x_wconf 90' lang='lat' dir='ltr'><strong>licere,</strong></span> <span class='ocrx_word' id='word_1_603' title='bbox 1939 5514 2043 5570; x_wconf 91' lang='lat' dir='ltr'><strong>hoc</strong></span> <span class='ocrx_word' id='word_1_604' title='bbox 2063 5515 2316 5571; x_wconf 79' lang='lat' dir='ltr'><strong>omnibus</strong></span> <span class='ocrx_word' id='word_1_605' title='bbox 2343 5513 2538 5585; x_wconf 87' lang='lat' dir='ltr'><strong>placet.</strong></span> 
     </span>
    </p>
   </div>
   <div class='ocr_carea' id='block_1_93' title="bbox 1791 5591 3313 5676">
    <p class='ocr_par' dir='ltr' id='par_1_93' title="bbox 1791 5591 3313 5676">
     <span class='ocr_line' id='line_1_94' title="bbox 1791 5591 3313 5676; baseline -0.001 -15"><span class='ocrx_word' id='word_1_606' title='bbox 1791 5607 1881 5662; x_wconf 71' lang='grc' dir='ltr'><strong>Ν.</strong></span> <span class='ocrx_word' id='word_1_607' title='bbox 1908 5607 2160 5663; x_wconf 82' lang='lat' dir='ltr'><strong>Aurelius</strong></span> <span class='ocrx_word' id='word_1_608' title='bbox 2182 5606 2467 5676; x_wconf 86' lang='lat' dir='ltr'><strong>episcopus</strong></span> <span class='ocrx_word' id='word_1_609' title='bbox 2496 5605 2655 5672; x_wconf 83' lang='lat' dir='ltr'><strong>dixit,</strong></span> <span class='ocrx_word' id='word_1_610' title='bbox 2686 5606 2732 5662; x_wconf 84' lang='lat' dir='ltr'><strong>si</strong></span> <span class='ocrx_word' id='word_1_611' title='bbox 2757 5591 3043 5676; x_wconf 75' lang='lat' dir='ltr'><strong>quisquam</strong></span> <span class='ocrx_word' id='word_1_612' title='bbox 3073 5606 3128 5660; x_wconf 91' lang='lat' dir='ltr'><strong>in</strong></span> <span class='ocrx_word' id='word_1_613' title='bbox 3169 5605 3313 5675; x_wconf 84' lang='lat' dir='ltr'><strong>peri-</strong></span> 
     </span>
    </p>
   </div>
   <div class='ocr_carea' id='block_1_94' title="bbox 1723 5695 3312 5771">
    <p class='ocr_par' dir='ltr' id='par_1_94' title="bbox 1723 5695 3312 5771">
     <span class='ocr_line' id='line_1_95' title="bbox 1723 5695 3312 5771; baseline -0.004 -14"><span class='ocrx_word' id='word_1_614' title='bbox 1723 5699 1847 5757; x_wconf 88' lang='lat' dir='ltr'><strong>culo</strong></span> <span class='ocrx_word' id='word_1_615' title='bbox 1891 5699 2052 5754; x_wconf 79' lang='lat' dir='ltr'><strong>fuerit</strong></span> <span class='ocrx_word' id='word_1_616' title='bbox 2100 5699 2458 5761; x_wconf 86' lang='lat' dir='ltr'><strong>constitutus,</strong></span> <span class='ocrx_word' id='word_1_617' title='bbox 2510 5704 2566 5752; x_wconf 90' lang='lat' dir='ltr'><strong>et</strong></span> <span class='ocrx_word' id='word_1_618' title='bbox 2608 5713 2671 5753; x_wconf 88' lang='lat' dir='ltr'><strong>se</strong></span> <span class='ocrx_word' id='word_1_619' title='bbox 2723 5697 3060 5752; x_wconf 77' lang='lat' dir='ltr'><strong>remnciliari</strong></span> <span class='ocrx_word' id='word_1_620' title='bbox 3110 5695 3312 5771; x_wconf 73' lang='lat' dir='ltr'><strong>divinis</strong></span> 
     </span>
    </p>
   </div>
   <div class='ocr_carea' id='block_1_95' title="bbox 1723 5788 3314 5863">
    <p class='ocr_par' dir='ltr' id='par_1_95' title="bbox 1723 5788 3314 5863">
     <span class='ocr_line' id='line_1_96' title="bbox 1723 5788 3314 5863; baseline -0.001 -16"><span class='ocrx_word' id='word_1_621' title='bbox 1723 5792 1984 5848; x_wconf 86' lang='lat' dir='ltr'><strong>altaribus</strong></span> <span class='ocrx_word' id='word_1_622' title='bbox 2013 5791 2252 5862; x_wconf 78' lang='lat' dir='ltr'><strong>petierit,</strong></span> <span class='ocrx_word' id='word_1_623' title='bbox 2298 5790 2343 5846; x_wconf 87' lang='lat' dir='ltr'><strong>si</strong></span> <span class='ocrx_word' id='word_1_624' title='bbox 2365 5789 2656 5863; x_wconf 81' lang='lat' dir='ltr'><strong>episcOpus</strong></span> <span class='ocrx_word' id='word_1_625' title='bbox 2685 5791 2883 5847; x_wconf 84' lang='lat' dir='ltr'><strong>absens</strong></span> <span class='ocrx_word' id='word_1_626' title='bbox 2928 5788 3118 5860; x_wconf 73' lang='lat' dir='ltr'><strong>fuerit,</strong></span> <span class='ocrx_word' id='word_1_627' title='bbox 3151 5789 3314 5845; x_wconf 80' lang='lat' dir='ltr'><strong>debet</strong></span> 
     </span>
    </p>
   </div>
   <div class='ocr_carea' id='block_1_96' title="bbox 1719 5881 3314 5958">
    <p class='ocr_par' dir='ltr' id='par_1_96' title="bbox 1719 5881 3314 5958">
     <span class='ocr_line' id='line_1_97' title="bbox 1719 5881 3314 5958; baseline -0.003 -17"><span class='ocrx_word' id='word_1_628' title='bbox 1719 5887 1909 5958; x_wconf 89' lang='lat' dir='ltr'><strong>utique</strong></span> <span class='ocrx_word' id='word_1_629' title='bbox 1944 5886 2229 5958; x_wconf 81' lang='lat' dir='ltr'><strong>presbyter</strong></span> <span class='ocrx_word' id='word_1_630' title='bbox 2269 5883 2556 5941; x_wconf 88' lang='lat' dir='ltr'><strong>consulere</strong></span> <span class='ocrx_word' id='word_1_631' title='bbox 2598 5886 2910 5956; x_wconf 85' lang='lat' dir='ltr'><strong>episcopum</strong></span> <span class='ocrx_word' id='word_1_632' title='bbox 2928 5923 2945 5951; x_wconf 90' lang='lat'><strong>,</strong></span> <span class='ocrx_word' id='word_1_633' title='bbox 2973 5890 3030 5939; x_wconf 90' lang='lat' dir='ltr'><strong>et</strong></span> <span class='ocrx_word' id='word_1_634' title='bbox 3061 5883 3145 5939; x_wconf 89' lang='lat' dir='ltr'><strong>sic</strong></span> <span class='ocrx_word' id='word_1_635' title='bbox 3168 5881 3314 5952; x_wconf 78' lang='lat' dir='ltr'><strong>peri-</strong></span> 
     </span>
    </p>
   </div>
   <div class='ocr_carea' id='block_1_97' title="bbox 1721 5974 3312 6053">
    <p class='ocr_par' dir='ltr' id='par_1_97' title="bbox 1721 5974 3312 6053">
     <span class='ocr_line' id='line_1_98' title="bbox 1721 5974 3312 6053; baseline -0.001 -18"><span class='ocrx_word' id='word_1_636' title='bbox 1721 5979 2001 6038; x_wconf 91' lang='lat' dir='ltr'><strong>clitantem</strong></span> <span class='ocrx_word' id='word_1_637' title='bbox 2031 5980 2150 6053; x_wconf 79' lang='lat' dir='ltr'><strong>eius</strong></span> <span class='ocrx_word' id='word_1_638' title='bbox 2173 5988 2446 6052; x_wconf 62' lang='lat' dir='ltr'><strong>praacepto</strong></span> <span class='ocrx_word' id='word_1_639' title='bbox 2466 5978 2855 6044; x_wconf 83' lang='lat' dir='ltr'><strong>reconciliare;</strong></span> <span class='ocrx_word' id='word_1_640' title='bbox 2883 5991 3046 6047; x_wconf 84' lang='lat' dir='ltr'><strong>quam</strong></span> <span class='ocrx_word' id='word_1_641' title='bbox 3075 5991 3189 6036; x_wconf 78' lang='lat' dir='ltr'><strong>rem</strong></span> <span class='ocrx_word' id='word_1_642' title='bbox 3215 5974 3312 6034; x_wconf 75' lang='lat' dir='ltr'><strong>de-</strong></span> 
     </span>
    </p>
   </div>
   <div class='ocr_carea' id='block_1_98' title="bbox 1722 6064 3310 6175">
    <p class='ocr_par' dir='ltr' id='par_1_98' title="bbox 1722 6064 3310 6175">
     <span class='ocr_line' id='line_1_99' title="bbox 1722 6064 3310 6175; baseline -0.002 -46"><span class='ocrx_word' id='word_1_643' title='bbox 1722 6073 1938 6175; x_wconf 48' lang='lat' dir='ltr'><strong>bemus&quot;</strong></span> <span class='ocrx_word' id='word_1_644' title='bbox 1966 6073 2168 6129; x_wconf 85' lang='lat' dir='ltr'><strong>salubri</strong></span> <span class='ocrx_word' id='word_1_645' title='bbox 2218 6071 2444 6128; x_wconf 86' lang='lat' dir='ltr'><strong>consilio</strong></span> <span class='ocrx_word' id='word_1_646' title='bbox 2502 6071 2858 6130; x_wconf 76' lang='lat' dir='ltr'><strong>corroborare</strong></span> <span class='ocrx_word' id='word_1_647' title='bbox 2879 6109 2892 6135; x_wconf 93' lang='lat'><strong>,</strong></span> <span class='ocrx_word' id='word_1_648' title='bbox 2937 6067 3005 6125; x_wconf 83' lang='lat' dir='ltr'><strong>ab</strong></span> <span class='ocrx_word' id='word_1_649' title='bbox 3041 6064 3310 6126; x_wconf 70' lang='lat' dir='ltr'><strong>univch</strong></span> 
     </span>
    </p>
   </div>
   <div class='ocr_carea' id='block_1_99' title="bbox 2649 6360 2678 6374">
    <p class='ocr_par' dir='ltr' id='par_1_99' title="bbox 2649 6360 2678 6374">
     <span class='ocr_line' id='line_1_100' title="bbox 2649 6360 2678 6374; baseline 0 0"><span class='ocrx_word' id='word_1_650' title='bbox 2649 6360 2678 6374; x_wconf 59' lang='grc' dir='ltr'><strong>ρ</strong></span> 
     </span>
    </p>
   </div>
  </div>
