3910 6508
605 543 714 600 327

1456 540 1746 597 APPEND.
1773 540 1866 598 AD
1893 542 2065 599 SJEC.
2100 543 2193 598 IX.
2218 571 2287 583 —
2318 540 2568 600 lSlDORl
2607 537 3054 596 MERCATORIS

3709 532 3784 589 318

602 662 872 742 episcopis
916 660 1121 716 dictum
1165 667 1284 728 est,
1327 657 1502 729 placet
1545 661 1691 731 quod
1719 661 1977 744 sanctitas
2005 669 2187 718 vestra
2215 671 2270 728 Α
2293 673 2575 736 correptus
2594 662 2776 727 fuerit,
2805 661 2960 717 decet
2979 658 3167 727 utique
3198 654 3339 727 apud
3364 653 3553 709 vicinos
3575 653 3788 726 episcopos

601 752 914 811 necessario
943 767 1040 808 nos
1076 750 1351 806 instruere
1380 751 1597 822 dignata
1623 760 1724 807 est.

674 843 740 899 ν.
769 844 924 900 Felix
951 841 1231 912 episcopus
1275 839 1720 899 Selemselitanus
1748 843 1916 911 dixit,
1948 845 2113 901 etiam
2145 843 2190 900 si

597 937 707 994 hoc
746 936 926 1008 placet
970 934 1249 991 sanctitati
1289 942 1485 990 vestra
1526 934 1776 1004 insinuo,
1825 945 1887 992 ut
1926 937 2191 995 diceceses

595 1043 718 1100 qua
763 1040 1040 1098 nunquam
1073 1025 1356 1096 episcopos
1385 1034 1741 1096 acceperunt,
1784 1042 1894 1083 non
1931 1026 2186 1096 habeant,

593 1127 652 1174 et
681 1118 770 1175 illa
798 1117 1052 1175 diacesis
1079 1132 1200 1188 quae
1243 1117 1534 1187 aliquando
1561 1117 1773 1184 habuit,
1823 1118 2024 1174 habeat
2060 1135 2192 1191 pro-

590 1211 796 1282 prium,
825 1219 884 1266 et
904 1211 950 1267 si
989 1209 1284 1266 accedente
1326 1217 1592 1280 tempore,
1624 1219 1907 1265 crescente
1936 1209 2041 1267 ﬁde
2067 1211 2185 1277 Dei,

590 1303 823 1375 populus
851 1302 1240 1373 multiplicatus
1266 1290 1656 1356 desideraverit
1679 1301 1960 1371 proprium
1984 1300 2187 1357 habere

590 1403 884 1463 rectorem,
915 1396 1035 1468 ejus
1060 1394 1314 1451 videlicet
1333 1394 1633 1460 voluntate,
1659 1392 1714 1449 in
1739 1395 1896 1464 cujus
1915 1403 2187 1464 potestate

589 1495 675 1543 est
698 1487 950 1545 dimcesis
975 1488 1291 1554 constituta,
1309 1487 1510 1543 habeat
1529 1489 1862 1559 episcopum,
1889 1489 2182 1545 secundum

589 1590 770 1635 autem
811 1580 953 1636 hanc
980 1579 1417 1651 prosecutionem
1447 1579 1709 1634 sanctitas
1738 1587 1924 1634 vestra
1952 1580 2183 1637 aestimet

585 1671 717 1742 quid
744 1671 864 1727 ﬁeri
882 1669 1094 1726 debeat.
1125 1669 1398 1726 Genedius
1425 1669 1710 1740 episcopus
1734 1669 1892 1736 dixit,
1915 1671 1962 1726 si
1980 1671 2178 1741 placet,

583 1764 880 1820 insinuatio
925 1763 1114 1819 fratris
1167 1771 1223 1818 et
1277 1762 1587 1833 coepiscopi
1639 1763 1812 1818 nostri
1864 1762 2064 1820 Felicis
2110 1765 2179 1821 ab

582 1857 836 1916 omnibus
857 1857 1239 1923 conﬁrmetur;
1270 1856 1339 1912 ab
1366 1855 1637 1912 universis
1667 1856 1937 1928 episcopis
1969 1858 2176 1914 dictum

581 1959 666 2006 est
692 1951 890 2022 placet.

651 2043 736 2099 Vl.
778 2044 1066 2102 Numidius
1110 2047 1394 2116 episcopus
1439 2045 1805 2103 Massilitanus
1848 2046 2006 2114 dixit,
2033 2062 2173 2118 pra-
2198 2041 2247 2101 B

579 2144 731 2191 terea
783 2144 912 2192 sunt
952 2135 1336 2206 quamplurimi
1383 2151 1491 2191 non
1535 2137 1693 2192 bonae
1740 2137 2172 2194 conversationis

577 2226 672 2294 qui
694 2224 1012 2282 existimant
1056 2225 1289 2297 majores
1327 2235 1460 2282 natu
1498 2225 1586 2282 vel
1631 2227 1920 2298 episcopos
1963 2228 2170 2299 passim

575 2329 821 2388 vageque
863 2316 922 2371 in
974 2314 1379 2372 accusationem
1421 2315 1749 2386 pulsandos,
1807 2317 2005 2376 debent
2056 2325 2168 2371 tam

574 2406 736 2464 facile
803 2407 1017 2464 admitti
1074 2407 1298 2464 necne?
1351 2407 1604 2463 Aurelius
1652 2408 1941 2478 episcopus
1999 2408 2166 2475 dixit,

570 2502 754 2574 placet
774 2517 906 2574 ergo
930 2501 1188 2558 charitati
1212 2509 1430 2568 vestra,
1457 2508 1520 2557 ut
1551 2502 1599 2557 is
1625 2501 1721 2572 qui
1748 2501 2018 2573 aliquibus
2044 2516 2164 2557 sce-

569 2593 776 2651 leribus
823 2593 1069 2651 irretitus
1113 2601 1200 2650 est
1237 2608 1430 2649 vocem
1460 2592 1722 2648 adversus
1757 2592 1992 2664 majores
2037 2601 2166 2648 natu

568 2704 680 2746 non
706 2689 904 2745 habeat
933 2686 1248 2754 accusandi,
1279 2687 1348 2742 ab
1370 2685 1638 2743 universis
1663 2685 1934 2757 episcopis
1959 2685 2165 2740 dictum

567 2789 687 2848 est,
739 2780 789 2837 si
833 2779 1160 2837 criminosus
1201 2787 1315 2845 est,
1369 2793 1479 2835 non
1525 2778 1866 2846 admittatur,
1914 2777 2166 2834 omnibus

566 2871 769 2943 placet.

640 2963 751 3020 Vll.
783 2963 940 3022 Felix
985 2965 1272 3037 episcopus
1321 2961 1772 3020 Selemselitanus
1813 2963 1986 3031 dixit,
2031 2962 2163 3018 illud

567 3068 751 3115 autem
779 3067 974 3115 vestrae
1008 3072 1241 3130 suggero
1266 3055 1568 3122 sanctitati,
1598 3063 1657 3111 ut
1686 3056 1742 3111 hi
1766 3056 1860 3127 qui
1888 3071 1989 3128 pro
2022 3054 2162 3110 faci-

562 3153 794 3210 noribus
815 3152 930 3208 suis
956 3151 1024 3207 de
1049 3150 1295 3208 Ecclesia
1315 3148 1613 3219 pelluntur,
1637 3158 1693 3204 et
1720 3150 1837 3204 ausi
1863 3147 2068 3203 fuerint
2095 3147 2164 3203 ad

561 3245 882 3302 comitatum
916 3256 1160 3315 pergere,
1187 3249 1282 3295 aut
1307 3239 1374 3294 ad
1396 3239 1601 3309 judicia
1630 3239 1851 3310 publica
1882 3237 2160 3310 prosilire,

561 3345 659 3392 aut
707 3336 753 3391 si
798 3333 1030 3391 forsitan
1079 3331 1336 3389 Ecclesia
1381 3331 1666 3388 catholica
1712 3331 1901 3386 limina
1943 3339 2163 3387 contur-

2294 757 2552 829 conqueri
2595 763 2658 812 ut
2698 755 2765 810 ab
2807 753 2940 825 ipsis
2985 750 3103 821 ejus
3147 763 3313 805 causa
3355 747 3515 819 possit
3552 746 3789 814 audiri,ac

2290 864 2389 922 per
2415 849 2560 920 ipsos
2579 861 2679 903 suo
2697 845 2951 916 episcopo
2971 839 3346 902 reconciliari;
3371 838 3504 908 quod
3523 837 3614 893 nisi
3633 836 3789 900 fecerit.

2290 941 2388 998 sed
2426 938 2698 1011 superbia,
2732 935 2877 1007 quod
2914 935 3074 1000 absit,
3127 929 3344 986 inﬂatus
3390 929 3727 985 secernendum
3750 944 3792 984 se

2291 1036 2359 1092 ab
2399 1034 2638 1105 episcOpi
2681 1031 2765 1088 sui
2795 1027 3176 1085 communione
3205 1022 3443 1088 duxerit,
3472 1037 3530 1078 ac
3567 1024 3794 1092 separatim

2289 1141 2414 1182 cum
2444 1125 2717 1198 aliquibus
2745 1122 2982 1180 schisma
3005 1117 3211 1173 faciens
3235 1112 3548 1172 sacriﬁcium
3567 1112 3662 1168 Deo
3682 1113 3792 1168 obtu«

2288 1225 2443 1288 lerit,
2493 1220 2614 1278 loco
2659 1219 2860 1275 amisso
2913 1213 3204 1271 anathema
3249 1207 3539 1276 habeatur,
3581 1214 3630 1262 et
3668 1207 3797 1263 locum

2289 1317 2523 1383 amittat,
2559 1311 2916 1370 nihilominus
2939 1317 2995 1366 et
3023 1309 3091 1365 de
3116 1307 3336 1362 civitate
3365 1312 3420 1360 et
3457 1304 3797 1374 congregatione

2286 1411 2342 1467 in
2377 1425 2483 1482 qua
2522 1407 2716 1471 fuerit,
2743 1405 2958 1477 longius
2985 1401 3314 1474 repellatur,
3336 1412 3405 1454 ne
3427 1397 3510 1453 vel
3533 1398 3800 1470 ignorantes,

2284 1504 2368 1560 vel
2396 1502 2715 1574 simpliciter
2738 1501 3011 1579 viventes,
3046 1495 3355 1566 serpentina
3389 1492 3570 1548 fraude
3606 1493 3796 1562 decipiat,

2283 1595 2540 1667 quoniam
2562 1593 2854 1650 secundum
2875 1587 3213 1662 Apostolum,
3242 1584 3485 1640 Ecclesia
3507 1599 3606 1638 una
3624 1591 3712 1647 est,
3730 1599 3802 1635 una

2281 1688 2437 1755 ﬁdes,
2489 1703 2657 1744 unum
2699 1685 3003 1756 baptisma,
3035 1690 3091 1738 et
3133 1681 3180 1738 si
3229 1677 3613 1750 querimoniam
3649 1675 3801 1744 justam

2281 1785 2539 1840 adversus
2605 1781 2920 1852 episcopum
2973 1791 3083 1834 non
3144 1773 3438 1840 habuerit,
3492 1769 3806 1842 inquirendum

2277 1880 2404 1935 erit.

2342 1971 2436 2027 IX.
2489 1969 2773 2026 Numidius
2829 1966 3114 2038 episcopus
3162 1961 3530 2018 Massilitanus
3592 1957 3724 2044 dixit,
3771 1955 3809 2010 in

2274 2062 2598 2134 quibusdam
2628 2061 2764 2117 locis
2804 2066 2929 2114 sunt
2953 2054 3262 2128 presbyteri
3302 2053 3397 2124 qui
3429 2058 3524 2107 aut
3554 2050 3806 2119 ignorantes

2273 2156 2598 2227 simpliciter
2622 2163 2716 2210 aut
2759 2151 3163 2208 dissimulantes
3204 2146 3488 2204 audaciter
3523 2151 3757 2215 prasente
3776 2152 3814 2194 et

2272 2248 2582 2305 inconsulto
2606 2247 2861 2316 episcopo
2903 2239 3282 2312 complurimis
3308 2239 3368 2295 in
3395 2235 3672 2293 domiciliis
3693 2238 3813 2302 agant

2274 2339 2506 2411 agenda,
2532 2338 2679 2410 quod
2723 2334 3022 2406 disciplina
3060 2333 3424 2402 incongruum
3452 2323 3709 2398 cognoscit
3727 2334 3816 2375 esse

2271 2432 2536 2488 sanctitas
2586 2439 2782 2486 vestra.
2835 2425 3112 2484 Genedius
3158 2422 3453 2494 episcopus
3501 2417 3648 2482 dixit,
3677 2411 3816 2468 fratris

2269 2535 2325 2581 et
2371 2523 2675 2594 coepiscopi
2715 2520 2901 2578 nostri
2933 2520 3092 2589 digna
3127 2509 3508 2572 satisfactione
3541 2507 3819 2582 respondere

2267 2631 2380 2674 non
2427 2631 2735 2684 moremur;
2783 2614 2854 2671 ab
2897 2611 3168 2669 universis
3213 2607 3494 2680 episcopis
3521 2605 3706 2662 dictum
3741 2607 3818 2664 est,

2268 2709 2518 2780 quisquis
2571 2709 2858 2780 presbyter
2907 2702 3213 2760 inconsulto
3257 2703 3522 2774 episcopo
3564 2695 3745 2770 agenda
3781 2695 3820 2747 iu

2269 2802 2515 2874 quolibet
2570 2801 2696 2859 loco
2741 2798 2980 2857 voluerit
3025 2796 3343 2864 celebrare,
3377 2796 3501 2866 ipse
3540 2790 3823 2850 honori-suo

2268 2896 2578 2952 contrarius
2603 2893 2810 2950 existit.
2884 2923 2888 2927 έ

2336 2986 2407 3042 Χ.
2457 2985 2610 3042 Felix
2660 2988 2948 3056 episcOpus
2996 2981 3454 3040 Selemselitanus
3501 2979 3664 3040 dixit,
3700 2972 3824 3030 etiam

2264 3079 2370 3135 hoc
2395 3077 2589 3148 adjicio
2634 3078 2934 3133 secundum
2972 3083 3178 3131 statuta
3203 3083 3462 3128 veterum
3490 3066 3821 3126 conciliorum.

2265 3180 2328 3228 ut
2353 3171 2398 3228 si
2421 3171 2544 3243 quis
2572 3172 2879 3241 episcopus,
2913 3169 3057 3242 quod
3084 3184 3191 3224 non
3221 3167 3549 3238 opinamur,
3580 3163 3632 3218 in
3662 3167 3827 3215 reatum

2266 3264 2501 3336 aliquem
2544 3264 2863 3330 incurrerit,
2913 3271 2969 3318 et
3027 3261 3195 3318 fuerit
3243 3260 3298 3315 ei
3352 3258 3529 3314 nimia
3580 3251 3827 3311 necessitas

2265 3371 2374 3413 non
2417 3370 2575 3428 posse
2623 3356 2888 3427 plurimos
2913 3368 3266 3427 congregare,
3303 3367 3382 3408 ne
3426 3352 3485 3406 in
3517 3349 3733 3406 crimine
3772 3358 3834 3396 re-

558 3431 735 3496 bare,
785 3429 1066 3500 episcopus
1098 3427 1184 3488 vel
1232 3426 1464 3482 clericus
1515 3425 1804 3498 cujuslibet
1846 3425 2021 3496 plebis
2063 3440 2158 3480 eos
2186 3419 2234 3484 C
2265 3419 2506 3516 ,πάλιν
2558 3463 2589 3502 a
2624 3419 2918 3503 'duodecim
2962 3419 3233 3516 ειςίεοδρίε
3279 3443 3570 3507 audiatur,
3615 3447 3667 3495 ει
3700 3453 3727 3491 a
3762 3449 3832 3489 εει

558 3521 681 3578 sine
733 3534 998 3576 consensu
1053 3519 1386 3589 susceperit,
1438 3518 1506 3574 de
1562 3518 1650 3573 his
1699 3517 1830 3589 quid
1885 3516 2156 3572 censetis?

556 3611 858 3685 Epigonius
897 3610 1185 3681 episcopus
1218 3609 1555 3665 Bullensium
1597 3609 1880 3680 regionum
1906 3608 2075 3674 dixit,
2107 3607 2156 3663 si

556 3707 682 3778 quis
735 3706 1022 3776 episcopus
1069 3703 1506 3758 communionem
1571 3711 1762 3757 tenens
1823 3701 2152 3756 catholicam

553 3797 867 3867 huiusmodi
910 3795 1157 3851 homines
1207 3795 1360 3849 vanis
1410 3792 1795 3849 blandimentis
1839 3793 2154 3848 incedentes

557 3899 765 3946 temere
811 3888 1134 3958 susceperit,
1171 3888 1311 3943 sciat
1340 3901 1463 3941 cum
1492 3886 1578 3940 his
1624 3900 1683 3941 se
1722 3884 2029 3940 rectissime
2053 3885 2151 3940 de-

555 3991 844 4054 pravatum
869 3981 956 4038 vel
991 3983 1330 4038 damnatum.
1379 3978 1650 4035 Genedius
1679 3979 1964 4048 episcopus
1992 3977 2151 4044 dixit,

556 4090 687 4148 ergo
733 4085 882 4131 recte
928 4081 1225 4146 suggerunt
1250 4073 1448 4128 fratres
1481 4081 1537 4128 et
1581 4072 1920 4142 coepiscopi,
1951 4080 2011 4126 ut
2057 4072 2150 4142 qui

554 4170 753 4224 merito
798 4167 1103 4222 facinorum
1153 4180 1373 4221 suorum
1424 4164 1494 4220 ab
1527 4163 1770 4220 Ecclesia
1816 4164 1956 4236 pulsi
1989 4173 2146 4230 sunt,

554 4265 602 4320 si
631 4265 700 4320 ab
741 4264 924 4336 aliquo
966 4265 1219 4336 episcopo
1253 4264 1570 4336 presbytero
1600 4262 1687 4318 vel
1722 4261 1920 4317 clerico
1947 4262 2152 4318 fuerint

553 4357 614 4413 in
649 4357 1032 4414 communione
1070 4357 1328 4426 suscepti,
1371 4355 1536 4410 etiam
1584 4356 1699 4424 ipse
1733 4353 1852 4425 pari
1896 4369 2022 4409 cum
2069 4353 2150 4408 eis

553 4451 787 4507 crimine
811 4460 1063 4508 teneatur
1098 4450 1398 4517 obnoxius,
1429 4448 1771 4520 refugientes,
1793 4448 1878 4504 sui
1907 4448 2148 4519 episcopi

549 4541 806 4614 regulare
848 4541 1148 4612 judicium;
1200 4541 1269 4596 ab
1314 4540 1584 4596 universis
1627 4539 1895 4610 episcopis
1941 4539 2146 4594 dictum

549 4640 657 4699 est,
687 4632 943 4688 omnibus
969 4632 1165 4703 placet.

2255 3539 2614 3612 presbyteris,
2640 3547 2696 3594 et
2725 3554 2756 3592 a
2787 3538 2963 3595 tribus
2989 3535 3315 3592 diaconibus
3357 3551 3492 3592 cum
3533 3529 3743 3604 proprio
3764 3539 3836 3581 suo

2256 3634 2532 3706 episcopo.
2593 3631 2866 3688 Genedius
2909 3633 3197 3702 episcopus
3245 3630 3437 3696 dixit,
3469 3627 3603 3699 quid
3657 3622 3716 3679 ad
3760 3619 3836 3673 hoc

2256 3726 2388 3781 dicit
2414 3724 2677 3782 sanctitas
2700 3723 2921 3779 vestra?
2941 3723 3023 3777 Ab
3047 3721 3327 3776 universis
3355 3719 3641 3792 episcopis
3675 3714 3839 3769 dictum

2255 3829 2371 3883 est,
2403 3835 2432 3874 a
2457 3819 2613 3873 nobis
2636 3822 2882 3873 veteruiu
2919 3823 3120 3870 statuta
3164 3815 3376 3869 debere
3424 3811 3658 3869 servari.

2324 3911 2413 3966 Xl.
2450 3911 2560 3982 78
2589 3909 2776 3965 Victor
2824 3908 3106 3977 episcopus
3145 3905 3586 3961 Abziriditanus
3610 3900 3753 3964 dixit,
3775 3909 3844 3951 ro-

2251 4004 2494 4061 boranda
2545 4012 2630 4059 est
2670 4001 3039 4058 ecclesiastica
3085 3998 3404 4068 disciplina,
3468 4013 3542 4052 ne
3597 3995 3842 4067 quisquam

2252 4096 2628 4166 episcoporum
2647 4093 2868 4148 alterius
2888 4092 3072 4163 plebes
3090 4089 3176 4146 vel
3214 4090 3524 4147 dicecesim
3554 4105 3651 4145 sua
3688 4088 3848 4152 impor-

2254 4189 2483 4244 tunitate
2540 4187 2757 4257 pulsare
2799 4185 3012 4249 debeat,
3043 4183 3133 4254 qui
3172 4183 3278 4238 hoc
3345 4182 3543 4238 facere
3601 4172 3846 4235 tentaveril

2251 4281 2716 4352 quemadmodum
2741 4277 3082 4334 coercendus
3112 4282 3198 4331 est
3223 4275 3248 4329 ?
3271 4273 3579 4331 Genedius
3604 4271 3850 4343 episcopus

2250 4372 2407 4439 dixit,
2436 4380 2492 4426 et
2519 4371 2607 4425 lex
2637 4376 2826 4425 sancta
2887 4366 3158 4439 prohibet,
3191 4373 3248 4419 et
3277 4365 3413 4435 ipsa
3448 4364 3674 4420 Veritas
3697 4355 3848 4415 definit

2248 4482 2356 4522 non
2388 4467 2586 4523 debere
2613 4477 2943 4536 quemquam
2974 4461 3148 4516 aliena
3173 4459 3628 4530 concupiscere.
3658 4447 3850 4510 Proinde

2250 4562 2382 4635 quid
2413 4560 2579 4616 etiam
2616 4557 2772 4614 vobis
2801 4555 3056 4612 omnibus
3102 4553 3328 4623 placeat
3379 4554 3624 4624 prepria
3648 4561 3768 4603 voce
3793 4542 3849 4595 si.

2248 4661 2442 4727 gnate;
2477 4653 2547 4707 ab
2570 4648 2840 4705 universis
2865 4645 3135 4717 episcopis
3177 4644 3410 4699 dictum
3446 4651 3573 4710 est,
3596 4640 3762 4713 placet
3786 4645 3852 4688 se-

623 4725 757 4782 Vlll.
789 4726 1039 4798 Aliphius
1065 4727 1352 4798 episcopus
1391 4725 1648 4782 Ecclesia
1690 4724 2039 4796 Tagastensis
2067 4723 2177 4790 le-_

623 4827 706 4842 .-.η
731 4820 1022 4842 -ι...ι-.ζ..,.2η..
1053 4817 1314 4842 λῐ.-..,.2,ςιζ...
1348 4819 1476 4842 ,ιε-,ει
1531 4834 1631 4842 ..ΛΑ
1660 4817 1788 4842 :Il..,l
1820 4818 2111 4842 n-...s.a..-n:n
2168 4832 2177 4842 .

2271 4748 2482 4803 :undum
2503 4744 2700 4799 divina
2719 4741 2855 4812 legis
2875 4737 3113 4794 etsancti
3135 4736 3446 4808 Evangelii
3469 4733 3852 4793 auctoritatem,

548 4827 709 4890 gatus
729 4820 1026 4889 provincia
1051 4817 1317 4875 Numidia
1343 4819 1503 4886 dixit,
1531 4834 1633 4876 nec
1659 4817 1789 4874 illud
1819 4818 2144 4889 praetermit-

545 4913 774 4969 tendum
801 4921 914 4980 est,
959 4920 1020 4966 ut
1058 4911 1105 4967 si
1131 4912 1253 4982 quis
1294 4909 1436 4966 forte
1477 4912 1764 4984 presbyter
1791 4911 1861 4965 ab
1888 4909 2142 4981 episcopo

546 5020 650 5062 suo
679 5015 964 5078 correptus
1007 5013 1104 5062 aut
1129 5006 1652 5072 excommunicatus,
1692 5013 1905 5059 tumore
1933 5003 2020 5057 vel
2046 5019 2142 5058 su-

545 5100 740 5171 perbia
766 5100 1005 5168 inﬂatus,
1027 5100 1299 5172 putaverit
1315 5099 1604 5170 separatim
1622 5099 1852 5154 Domino
1875 5095 2141 5154 sacriﬁcia

545 5191 842 5260 offerenda,
868 5193 956 5249 vel
992 5193 1140 5249 aliud
1165 5192 1482 5264 erigendum
1533 5191 1705 5246 altare
1744 5199 1936 5246 contra
1961 5189 2139 5246 eccle-

544 5284 829 5342 siasticam
852 5284 1016 5342 ﬁdem
1045 5284 1496 5356 disciplinamque
1523 5282 1815 5339 crediderit
1844 5281 2135 5354 agendum,

545 5391 660 5432 non
704 5385 864 5438 exeat
899 5378 1212 5449 impunitus.
1242 5377 1564 5434 Valentinus
1605 5377 1795 5447 prima
1840 5377 1986 5432 sedis
2011 5391 2138 5447 pro-

542 5469 741 5526 vincia
769 5467 1035 5527 Numidia
1076 5471 1242 5537 dixit,
1285 5471 1598 5527 necessario
1636 5470 1936 5540 disciplina
1964 5469 2138 5525 eccle—

543 5561 784 5620 siastica
827 5572 883 5619 et
931 5562 1057 5619 ﬁdei
1103 5579 1342 5636 congrua
1390 5572 1520 5620 sunt
1567 5577 1688 5634 qua
1730 5561 1900 5617 frater
1951 5570 2138 5617 noster

543 5653 796 5726 Aliphius
833 5663 1155 5727 prosecutus
1198 5665 1319 5725 est,
1365 5657 1592 5728 proinde
1640 5655 1770 5726 quid
1815 5654 2010 5710 exinde
2054 5653 2137 5709 vi-

546 5749 740 5820 detur,
775 5763 971 5810 vestra
1017 5753 1291 5811 dilectioni
1336 5756 1563 5823 edicite,
1594 5755 1640 5811 si
1681 5755 1806 5827 quis
1850 5754 2135 5826 presbyter

544 5852 738 5901 contra
783 5848 1099 5918 episcopum
1148 5863 1307 5903 suum
1356 5849 1577 5904 inﬂatus
1625 5849 1864 5906 schisma
1918 5846 2129 5913 fecerit,

548 5947 838 5995 anathema
866 5942 955 6008 sit,
983 5943 1053 5998 ab
1079 5941 1348 5997 universis
1393 5943 1660 6012 episcopis
1694 5943 1894 5999 dictum
1939 5952 2039 6000 est.
2072 5943 2130 5997 Si

548 6033 671 6101 quis
693 6032 978 6104 presbyter
1006 6050 1036 6089 a
1060 6035 1352 6105 praeposito
1381 6050 1478 6092 suo
1517 6037 2016 6095 cxcommunicatus
2042 6037 2129 6094 vel

2250 4848 2310 4895 ut
2335 4853 2497 4894 nemo
2522 4845 2771 4892 nostrum
2797 4832 3008 4887 alienos
3035 4829 3236 4884 limites
3268 4827 3760 4902 transgrediatur.

2319 4929 2433 4984 XII.
2471 4925 2757 4983 Numidius
2781 4924 3071 4994 episcopus
3100 4919 3510 4979 Massilitanus
3534 4922 3697 4983 dixit,
3724 4909 3855 4981 aliqui

2250 5026 2487 5099 episcopi
2514 5021 2869 5092 usurpatione
2904 5018 3136 5090 quadam
3172 5015 3536 5074 existimant
3580 5013 3856 5078 contempto

2249 5120 2482 5192 primate
2514 5113 2804 5186 cujuslibet
2831 5109 3146 5183 provincia,
3167 5107 3293 5163 sive
3324 5109 3407 5164 ad
3444 5106 3860 5167 desideriumpo-

2247 5211 2358 5282 puli
2378 5209 2690 5281 episcopum
2713 5203 2970 5260 ordinare
2990 5201 3108 5256 sine
3129 5199 3345 5255 litteris
3381 5199 3463 5256 ad
3493 5214 3560 5257 se
3580 5197 3766 5270 prima
3789 5201 3858 5244 ca-

2241 5303 2448 5360 thedra
2489 5297 2861 5362 manantibus,
2893 5307 3070 5365 neque
3093 5299 3298 5363 postea
3333 5294 3645 5364 acceptis;
3670 5285 3788 5360 quid
3810 5283 3862 5336 de

2240 5397 2347 5452 hoc
2393 5393 2584 5451 statuit
2643 5388 2908 5445 sanctitas
2957 5381 3546 5442 vestra?Genedius
3599 5381 3857 5454 episcopus

2241 5485 2398 5550 dixit,
2421 5482 2678 5554 quoniam
2701 5476 3006 5535 communis
3030 5482 3115 5531 est
3134 5473 3613 5532 honoriﬁcentia
3635 5485 3752 5544 qua
3768 5462 3865 5520 uni-

2240 5579 2436 5649 cuique
2465 5574 2675 5632 servari
2711 5578 2948 5642 oportet,
2982 5567 3216 5638 idipsum
3246 5563 3640 5622 fraternitati
3683 5567 3856 5649 rastra“.

2240 5669 2497 5727 convenit
2525 5665 2916 5738 pronuntiare;
2943 5662 3013 5717 ab
3033 5657 3320 5715 universis
3352 5661 3660 5731 episcopis
3690 5655 3865 5711 dictum

2237 5773 2344 5830 est,
2369 5763 2546 5834 placet
2569 5758 2843 5824 omnibus,
2875 5767 2938 5812 ut
2963 5751 3284 5810 inconsulto
3338 5755 3608 5822 primate
3662 5743 3861 5843 cujusli-

2235 5857 2328 5914 bet
2353 5852 2672 5926 provincia,
2697 5857 2813 5905 tam
2833 5847 2997 5904 facile
3022 5858 3184 5902 nemo
3206 5856 3586 5914 praesumat,
3618 5846 3746 5900 licet
3766 5849 3866 5895 eum

2235 5947 2420 6004 multis
2472 5942 2742 6016 episcopis
2789 5941 2848 5996 in
2889 5950 3211 6010 quocunque
3274 5936 3421 5994 loco
3485 5940 3616 5996 sine
3666 5934 3792 6006 ejus,
3822 5936 3866 5979 ut

2233 6038 2435 6094 dictum
2466 6047 2568 6104 cst,
2598 6043 2871 6107 praecepto
2901 6033 3214 6103 episcopum
3267 6033 3595 6102 ordinare,
3631 6033 3676 6088 si
3708 6037 3867 6084 autem
