3910 6516
425 415 530 478 πί
1266 434 1557 493 APPEND.
1592 438 1703 494 AD.
1737 438 1912 499 saec.
1942 440 2122 500 ιι-
2143 438 2391 504 lSlDORl
2466 447 2907 507 MERCATORIS
3180 432 3199 447 '
3655 436 3759 502 ses

809 547 1216 645 INCIPIT
1267 558 1847 651 CONCILIUM
1920 570 2774 663 GARTHAGINENSE
2847 577 3339 661 TERTIUM

980 738 1284 808 Habitum
1310 738 1386 810 ab
1414 750 1728 832 episcopis
1748 770 2009 817 numero
2044 761 2392 838 nonaginta
2410 764 2660 840 septem,
2686 779 2813 823 tera
2847 778 3138 825 cnxxxv.

492 904 735 967 Mattio
758 915 815 967 et
842 909 1028 970 Attico
1054 913 1189 971 viris
1217 906 1541 975 clarissimis
1566 916 1886 980 consulibus
1906 922 2015 979 Ka-
2040 931 2091 992 Α
2120 925 2302 991 merit,
2336 936 2719 988 Communione
2762 943 2869 986 non
2924 933 3298 986 removeatur.
3350 916 3423 983 Si
3475 938 3625 985 vero
3663 926 3757 984 ali-

422 998 569 1059 ιωα.
626 998 964 1074 Septembris
1011 1005 1341 1081 Carthagine
1371 1010 1425 1066 in
1449 1012 1749 1071 secretario
1774 1012 2014 1073 basilica:
2119 1018 2337 1089 quando
2381 1020 2638 1091 defuerit,
2668 1018 2997 1079 subtrahens
3046 1036 3124 1087 se,
3161 1020 3451 1075 restituto
3507 1016 3568 1075 in
3612 1034 3757 1076 com.

420 1097 689 1156 restitutae
712 1108 834 1156 cum
861 1096 1113 1160 Aurelius
1149 1105 1434 1176 episcopus
1454 1120 1560 1163 una
1589 1122 1710 1163 cum
1739 1111 2017 1181 coepiscoo
2116 1113 2373 1172 munione
2399 1112 2653 1187 episcopo
2681 1124 3030 1173 removeatur
3065 1130 3095 1169 a
3122 1108 3556 1171 communione
3597 1128 3757 1170 accuo

418 1189 507 1262 pls
559 1191 674 1247 suis
710 1195 1066 1261 consedisset,
1138 1197 1438 1255 astantibus
1469 1196 1635 1255 etiam
1666 1198 2008 1270 diaconibus,
2115 1212 2288 1271 sator,
2323 1206 2396 1262 ita
2426 1215 2603 1264 tamen
2634 1214 2695 1263 ut
2721 1222 2821 1264 nec
2852 1206 2953 1279 ipsi
3000 1202 3276 1261 adimatur
3323 1198 3597 1260 facultas
3626 1218 3754 1260 cau-

420 1286 719 1343 eonstituta
748 1296 877 1344 sunt
917 1291 1031 1346 haec
1058 1307 1179 1362 quae
1224 1294 1478 1363 praesenti
1526 1295 1759 1352 concilio
1787 1296 2012 1352 deﬁnita
2116 1314 2189 1354 sic
2238 1301 2580 1373 peragendae,
2631 1298 2675 1358 si
2713 1317 2772 1358 se
2820 1314 3108 1361 occurrere
3153 1299 3438 1363 voluisse,
3495 1300 3599 1355 sed
3649 1315 3750 1354 non

421 1385 567 1473 sunt.
871 1385 909 1454 ς
1232 1468 1237 1473 ῠ
2113 1388 2354 1465 potuisse
2374 1391 2701 1467 probaverit.
2726 1392 2863 1453 illud
2891 1412 3020 1454 vero
3057 1394 3286 1467 placuit,
3322 1398 3394 1450 ut
3424 1410 3565 1450 cum
3598 1411 3752 1467 agere

491 1471 622 1531 Car.
649 1474 692 1531 l.
720 1475 932 1533 Placuit
956 1493 1085 1549 ergo
1119 1479 1172 1535 in
1204 1471 1473 1554 principio
1501 1488 1730 1555 propter
1760 1498 2009 1542 errorem
2113 1484 2340 1557 coeperit
2365 1482 2418 1542 in
2448 1488 2825 1559 episcoporum
2857 1489 3085 1561 judicio,
3116 1488 3160 1543 si
3186 1485 3371 1543 fuerit
3395 1486 3749 1542 accusatoris

420 1564 517 1635 qui
545 1581 694 1637 sape
720 1567 858 1625 solet
883 1570 1088 1627 aboriri
1120 1581 1180 1628 ut
1203 1582 1394 1631 omnes
1416 1573 1691 1632 Africana:
1710 1578 2008 1648 provinciae
2114 1590 2346 1650 persona
2388 1580 2694 1651 culpabilis,
2739 1581 2806 1635 ad
2852 1574 3188 1651 arguendum
3235 1589 3359 1636 non
3418 1575 3750 1633 admittatur

418 1658 662 1733 episcopi
693 1662 1127 1721 observationem
1170 1667 1481 1737 paschalem
1509 1669 1579 1725 ab
1606 1668 1851 1728 Ecclesia
1878 1670 2014 1728 Car-
2114 1669 2217 1724 nisi
2244 1671 2495 1741 proprias
2526 1686 2740 1737 causas,
2777 1687 2885 1728 non
2911 1667 3587 1734 tamen'eccleslasticas,
3607 1682 3747 1723 asse-

422 1750 728 1825 thaginensi
758 1766 952 1813 curent
975 1759 1244 1829 accipere.
2113 1779 2240 1821 rere
2269 1766 2523 1822 voluerit.

491 1842 557 1899 ll.
585 1844 852 1904 Similiter
885 1849 1110 1920 placuit,
1148 1860 1210 1906 ut
1243 1858 1465 1923 propter
1514 1869 1711 1913 causas
1750 1857 2010 1915 ecclesia—
2103 1845 2107 1848 ’
2190 1857 2319 1913 Vill.
2348 1858 2408 1915 Si
2432 1864 2612 1916 autem
2647 1860 2950 1933 presbyteri
2982 1859 3067 1915 vel
3094 1858 3320 1915 diaconi
3380 1855 3609 1912 fuerint
3659 1871 3743 1911 ac-

420 1935 587 1993 sticas
615 1954 737 2010 qua:
760 1941 827 1994 ad
852 1941 1148 2010 perniciem
1186 1944 1425 2015 plebium
1475 1961 1621 2020 saape
1664 1956 2017 2007 veterascunt
2117 1954 2310 2019 cusati,
2335 1953 2590 2024 adjuncto
2610 1955 2712 2011 sibi
2726 1969 2796 2011 ex
2810 1952 3150 2011 vicinislocis
3165 1953 3441 2025 proprius
3456 1951 3744 2021 episcopus

419 2030 647 2105 singulis
700 2034 1009 2108 quibusque
1070 2038 1229 2094 annis
1288 2040 1582 2097 concilium
1637 2050 1887 2111 Vocetur,
1943 2043 2011 2099 ad
2114 2039 2358 2116 legitimo
2380 2056 2610 2100 numero
2635 2045 2961 2117 collegarum
2989 2034 3127 2116 quos
3147 2044 3217 2099 ab
3238 2043 3458 2099 eodem
3500 2039 3739 2095 accusati

426 2126 570 2195 quod
616 2142 805 2186 omnes
834 2132 1132 2200 provinciae
1172 2144 1293 2203 qua
1345 2134 1551 2205 primas
1600 2138 1757 2194 sedes
1812 2137 2012 2194 habent
2118 2136 2395 2205 petierint,
2423 2136 2478 2190 id
2508 2145 2616 2202 est,
2645 2152 2753 2191 una
2806 2152 2990 2193 secum
3020 2135 3074 2190 in
3110 2133 3463 2206 presbyterii
3520 2131 3740 2186 nomine

418 2215 488 2272 de
513 2218 758 2276 conciliis
785 2222 901 2280 suis
930 2223 1088 2281 binos
1116 2233 1211 2285 aut
1254 2225 1474 2298 quinto:
1496 2228 1763 2301 elegerint
1796 2231 2012 2301 episco-
2117 2226 2359 2298 episcopi
2384 2238 2505 2294 sex,
2532 2227 2587 2283 in
2628 2227 2865 2282 diaconii
2906 2234 3040 2295 tres,
3084 2225 3177 2297 qui
3225 2226 3497 2297 ipsorum
3550 2226 3734 2278 cau'sas

416 2324 517 2380 pos
558 2313 793 2379 mittant,
840 2324 899 2370 ut
935 2326 991 2371 et
1042 2317 1222 2374 minus
1271 2318 1527 2376 invidiosi
1573 2321 1862 2393 minusque
1915 2323 2015 2378 bod
2041 2314 2092 2377 B
2123 2317 2441 2387 discutiant,
2469 2320 2659 2376 eadem
2709 2320 2919 2376 dierum
2953 2327 3008 2375 et
3055 2317 3389 2374 dilationum
3429 2326 3491 2372 et
3531 2332 3563 2370 a
3595 2328 3736 2370 com-

418 2401 652 2471 spitibus
701 2409 1008 2478 sumptubsi
1048 2410 1314 2478 existant,
1362 2421 1425 2467 ut
1477 2422 1808 2486 congregato
1878 2428 2010 2471 con-
2117 2413 2373 2469 munione
2398 2412 2759 2469 remotibnum
2786 2421 2843 2468 et
2870 2409 3206 2468 discussione
3227 2407 3349 2482 79
3367 2416 3728 2481 personarum

415 2500 582 2548 ventu
613 2494 771 2565 plena
799 2499 974 2569 possit
997 2514 1119 2557 esse
1147 2503 1467 2570 suetoritas,
1496 2505 1562 2559 de
1594 2504 1800 2576 Tripoli
1827 2512 2012 2562 autem
2115 2504 2259 2561 inter
2279 2513 2625 2563 accusatores
2638 2515 2692 2563 et
2708 2522 2802 2562 eos
2814 2506 2906 2576 qui
2927 2510 3252 2561 accusantur
3274 2489 3471 2559 forma
3494 2508 3728 2565 servata,

413 2593 643 2657 propter
685 2588 921 2661 inopiam
976 2593 1357 2667 episcoporum
1405 2612 1547 2654 unus
1585 2600 1873 2671 episcopus
1913 2614 2009 2657 ve-
2114 2595 2451 2665 reliquorum
2469 2594 2653 2651 autcut
2675 2596 2999 2651 clericorum
3020 2608 3217 2651 causas
3238 2593 3423 2651 etiam
3448 2592 3604 2649 solus
3623 2589 3729 2662 epi-

417 2678 555 2735 niat.
2116 2703 2314 2759 scopus
2341 2689 2444 2743 loci
2471 2696 2731 2759 agnoscat
2761 2694 2815 2742 et
2842 2688 3016 2743 ﬁniat.

510 2770 577 2826 ll.
605 2772 737 2830 Item
762 2775 966 2847 placuit
999 2788 1059 2833 ut
1082 2781 1348 2839 ordinatis
1382 2784 1655 2855 episcopis
1682 2778 2012 2842 vel'clericis
2180 2782 2274 2838 IX.
2318 2782 2397 2838 De
2435 2781 2667 2837 diversis
2694 2778 2981 2837 ordinibus
3025 2778 3285 2837 Ecclesia:
3324 2776 3721 2841 servientibus.

416 2864 573 2935 prius
624 2866 693 2923 ab
748 2870 1156 2930 ordinatoribus
1203 2875 1318 2932 suis
1370 2877 1589 2933 decreta
1653 2875 2008 2934 conciliorum
2112 2888 2175 2935 ut
2206 2879 2251 2935 si
2280 2878 2402 2950 quis
2422 2878 2476 2933 in
2512 2891 2731 2934 causam
2756 2861 3002 2933 criminis
3036 2875 3358 2943 incurrerit,
3382 2881 3447 2931 et
3478 2873 3723 2930 abnuerit

418 2959 641 3016 auribus
682 2976 871 3018 eorum
927 2966 1288 3035 inculcentur,
1339 2984 1407 3024 ne
1452 2985 1511 3025 se
1565 2969 1769 3041 aliquid
1816 2981 2008 3027 contra
2108 2970 2376 3041 judicium
2407 2968 2842 3024 ecclesiasticum
2881 2965 3043 3023 debet
3068 2964 3400 3038 periclitari,
3431 2974 3491 3021 et
3536 2978 3597 3020 ut
3634 2963 3719 3018 ﬁlii

417 3058 624 3109 statuta
653 3056 869 3113 concilii
902 3058 1097 3116 fecisse
1121 3063 1407 3132 pmniteat.
2111 3058 2456 3117 sacerdOtum
2496 3060 2802 3132 spectacula
2850 3058 3134 3115 saecularia
3164 3073 3274 3114 non
3307 3059 3541 3115 adeant.
3590 3054 3716 3110 Item

488 3144 581 3203 IV.
627 3148 765 3206 Item
806 3151 987 3222 placet
1023 3162 1086 3210 ut
1128 3164 1256 3212 ante
1306 3156 1495 3228 viginti
1543 3158 1785 3228 quinque
1836 3172 2008 3213 annos

2175 3152 2337 3219 acuit,
2395 3150 2642 3223 quisquis
2678 3152 3093 3223 episcoporum,
3128 3151 3626 3224 presbyterot'um,
3670 3154 3719 3202 et

416 3237 618 3305 aetatis,
652 3254 754 3296 nec
789 3241 1006 3298 diaconi
1060 3245 1408 3311 ordinentur,
1459 3262 1562 3303 nec
1608 3248 1853 3321 virgines
1880 3262 2009 3303 cntr-
2111 3246 2491 3311 diaconorum,
2543 3258 2639 3302 seu
2679 3244 3022 3309 clericorum,
3081 3259 3205 3300 cum
3261 3244 3319 3299 in
3379 3242 3628 3299 Ecclesia
3672 3240 3715 3295 ei

419 3339 729 3395 secrentur,
756 3340 814 3389 et
841 3342 901 3388 ut
926 3333 1162 3392 lectores
1183 3337 1411 3408 populos
1434 3354 1542 3395 non
1572 3339 1831 3396 salutent.
2112 3338 2319 3393 crimen
2350 3336 2515 3392 fuerit
2569 3336 2920 3402 intentatum,
2977 3334 3063 3391 vel
3107 3334 3287 3392 civilis
3332 3341 3510 3391 causa
3565 3332 3717 3388 fuerit

490 3418 559 3477 ν.
597 3420 731 3480 ltem
763 3425 965 3496 placuit
990 3444 1088 3500 per
1114 3429 1544 3489 solemnissimos
1578 3434 1867 3503 paschales
1894 3434 2011 3491 dies
2113 3437 2405 3497 commota,
2445 3429 2492 3485 si
2516 3428 2783 3485 derelicto
2808 3427 3186 3484 ecclesiastico
3207 3426 3447 3498 judicio,
3489 3422 3711 3497 publicis

422 3524 827 3582 sacramentum
868 3520 1279 3576 catechumenis
1314 3538 1421 3578 non
1452 3522 1628 3589 detur,
1656 3524 1764 3579 nisi
1790 3523 2009 3580 solitum
2106 3519 2327 3591 iudiciis
2360 3521 2582 3592 purgari
2605 3519 2863 3584 voluerit,
2893 3519 3061 3575 etiam
3088 3519 3134 3575 si
3161 3533 3261 3590 pro
3302 3520 3430 3590 ipso
3462 3518 3515 3573 ei
3558 3513 3712 3570 fuerit

419 3594 522 3671 sal,
553 3600 677 3676 quia
703 3606 749 3663 si
771 3600 959 3666 ﬁdeles
982 3614 1079 3683 per
1108 3608 1229 3669 illos
1256 3611 1371 3670 dies
1389 3624 1729 3671 sacramenta
1761 3630 1868 3671 non
1890 3632 2010 3671 mu-
2110 3612 2321 3684 prolata
2366 3613 2657 3679 sententia,
2708 3611 2886 3667 locum
2914 3622 3073 3666 suum
3118 3611 3361 3677 amittat,
3409 3618 3467 3665 et
3513 3608 3615 3663 hoc
3661 3606 3709 3660 in

419 3704 562 3767 tam,
582 3715 683 3757 nec
708 3702 1119 3759 catechumenis
1144 3714 1361 3776 oportet
1387 3716 1624 3761 mutare.
2040 3688 2086 3753 C
2116 3703 2389 3759 criminali
2414 3704 2647 3758 actione.
2686 3701 2742 3756 ln
2772 3700 2917 3756 civili
2942 3716 3075 3757 vero
3114 3703 3311 3771 perdat
3356 3700 3507 3771 quod
3536 3696 3706 3760 ericii.

501 3793 589 3849 Vl.
619 3785 755 3851 Item
801 3782 1007 3867 placuit
1035 3804 1095 3852 ut
1122 3794 1448 3869 corporibus
1494 3795 1877 3853 defunctorum
1921 3812 2017 3855 eu-
2121 3795 2164 3849 si
2226 3795 2401 3850 locum
2453 3802 2609 3851 suum
2664 3792 2912 3850 obtinere
2966 3790 3262 3858 maluerit,
3328 3791 3599 3861 siquidem
3644 3786 3705 3842 ad

421 3884 683 3941 cbaristia
727 3901 836 3942 non
891 3887 1085 3955 detur,
1139 3887 1344 3944 dictum
1394 3888 1479 3944 est
1509 3886 1654 3944 enim
1684 3904 1714 3943 a
1741 3886 2012 3947 Domino:
2119 3885 2397 3957 eligendos
2444 3885 2657 3957 iudices
2712 3885 2817 3941 sibi
2874 3885 2939 3939 de
2984 3884 3242 3940 Ecclesiae
3287 3884 3570 3942 consortio
3611 3881 3703 3936 du-

421 3977 669 4048 Aociplte
716 3987 775 4035 et
825 3979 989 4037 edite.
1040 3981 1322 4037 Cadavera
1379 3990 1564 4039 autem
1615 3995 1720 4037 nec
1764 3983 2012 4053 accipere
2118 3977 2275 4043 him.
2325 3978 2540 4049 Vileque
2588 3976 2844 4033 Ecclesiae
2897 3976 3234 4033 consertlum
3295 3976 3515 4047 iudicat
3544 4014 3562 4041 ,
3615 3969 3699 4044 qtii

420 4077 668 4142 possum,
708 4078 810 4128 nec
837 4074 1019 4129 edere.
1051 4071 1367 4131 Cavendum
1416 4083 1500 4132 est
1536 4075 1703 4133 etiam
1723 4113 1739 4141 ,
1772 4086 1841 4133 ne
1868 4091 2014 4133 mon.
2118 4069 2185 4124 de
2215 4070 2466 4126 universa
2492 4068 2738 4125 Ecolesia
2787 4067 2927 4124 male
2970 4068 3258 4125 sentiendo
3283 4069 3352 4125 de
3373 4068 3582 4141 μιᾶίάο
3609 4078 3702 4121 ste-

422 4167 544 4216 tuos
562 4161 825 4232 baptizari
848 4178 1007 4235 posse
1041 4165 1274 4221 fratrum
1304 4167 1595 4224 inﬁrmitas
1642 4167 1851 4229 credat.
1895 4170 2017 4239 qul-
2117 4159 2287 4215 ουιαῐί
2311 4161 2485 4231 Ροεοίι
2506 4158 2790 4227 animum:
2812 4173 2936 4215 cum
2957 4159 3297 4229 privatorum
3322 4172 3544 4216 causam
3565 4156 3698 4226 Λυο-

423 4250 527 4308 bus
551 4266 655 4310 nec
676 4254 1022 4312 Eucharistia
1054 4257 1175 4312 dari
1216 4257 1429 4315 licitum
1452 4268 1555 4317 est.
2118 4252 2289 4308 stolus
2315 4253 2479 4306 etiam
2503 4252 2570 4306 ad
2595 4250 2891 4307 Ecclesiam
2918 4250 3143 4318 deferri,
3167 4259 3333 4321 atque
3354 4251 3432 4307 ibi
3459 4245 3697 4306 determi-

497 4342 608 4401 Vll.
636 4346 889 4403 Aurelius
931 4349 1220 4420 episcopus
1248 4351 1406 4419 dixit,
1448 4353 1698 4425 quisquis
1732 4353 2015 4427 episcopo-
2116 4346 2238 4401 ηατί
2266 4345 2562 4417 praecipiat-

422 4451 545 4491 rum
575 4446 865 4493 accusatur
887 4440 955 4494 ad
984 4440 1248 4511 primates
1277 4444 1572 4514 provincia:
1595 4444 1767 4516 ipsius
1786 4461 1966 4502 causai

2186 4439 2259 4494 Χ.
2292 4438 2404 4495 Hoc
2430 4438 2597 4493 etiam
2620 4435 2847 4508 placuit,
2890 4445 2952 4492 ut
2986 4452 3017 4493 a
3057 4438 3474 4509 quibuscunque
3507 4429 3687 4505 judici-

427 4529 638 4589 deferat
671 4542 981 4602 accusator,
1018 4549 1121 4593 nec
1148 4551 1178 4592 a
1210 4538 1595 4595 communione
1628 4540 2013 4610 suspendalur,
2117 4532 2219 4588 bus
2268 4529 2654 4588 ecclesiasticis
2726 4528 2796 4584 ad
2848 4529 2985 4586 alios
3031 4527 3242 4599 iudices
3305 4523 3689 4585 ecclesiasticos

422 4623 509 4679 cui
545 4624 756 4680 crimen
806 4626 1126 4693 intenditur,
1178 4627 1285 4683 nisi
1343 4629 1411 4684 ad
1462 4645 1685 4686 causam
1730 4646 1886 4685 suam
1930 4632 1962 4687 d

2142 4624 2209 4680 Ibi
2253 4633 2339 4681 est
2386 4624 2562 4695 major
2619 4621 2917 4678 auctoritas
2958 4621 3123 4680 fuerit
3167 4632 3541 4694 provocatum,
3593 4629 3686 4671 non

423 4725 651 4781 cendam
676 4723 999 4795 electorum,
1025 4725 1269 4798 judicum
1302 4726 1389 4783 die
1418 4735 1623 4783 statuta
1660 4726 1859 4782 litteris
1889 4741 1967 4782 ονε

2142 4715 2198 4770 :is
2220 4716 2363 4771 obsit
2418 4730 2647 4786 quorum
2696 4711 2862 4767 fuerit
2909 4713 3088 4769 soluta
3146 4715 3416 4770 sententia
3468 4711 3514 4767 si
3570 4720 3686 4762 con-

425 4823 581 4871 catus
608 4814 833 4874 minime
875 4818 1203 4883 occurrerit,
1260 4820 1366 4876 hoc
1416 4832 1520 4885 est,
1576 4820 1718 4875 inira
1777 4820 1969 4892 spatim

2136 4808 2260 4863 vinci
2300 4824 2408 4864 non
2441 4809 2737 4880 potuerint,
2786 4807 2881 4864 vel
2917 4808 3139 4867 inimico
3184 4809 3368 4865 animo
3409 4803 3680 4900 iudicasse,

425 4906 631 4962 mensis
671 4911 738 4963 ei
785 4923 847 4965 ea
881 4911 967 4965 die
996 4925 1101 4980 qua
1148 4924 1273 4966 eum
1312 4910 1525 4967 litteras
1577 4912 1854 4983 accepisse
1889 4927 2017 4968 con-
2117 4902 2204 4957 νεὶ
2231 4903 2411 4974 aliqua
2453 4904 2784 4975 ευυίάίιθῑθν
2816 4915 2911 4961 θυι
2954 4905 3129 4978 Stal-i3
3157 4901 3460 4974 ἀερτὲνπί·
3489 4896 3622 4954 Sne
3642 4896 3682 4946 ⁸³

427 4993 633 5054 stiterit
680 4999 821 5071 quod
878 4994 921 5057 si
966 5000 1177 5072 aliquas
1208 5017 1368 5058 veras
1422 5002 1765 5059 necessitatis
1822 5018 2017 5059 causas
2045 5060 2088 5072 __
2120 5010 2189 5052 ex
2211 5012 2479 5054 consensu
2505 4999 2739 5069 partium
2757 4998 2971 5070 judiCes
3017 4998 3176 5056 eleCli
3222 4996 3443 5059 fuerit“.
3468 4991 3619 5049 θιίεω
3651 4997 3679 5036 ³

426 5091 761 5159 probaverit,
785 5092 983 5164 quibus
1017 5110 1139 5149 eum
1169 5109 1461 5150 occurrere
1489 5110 1597 5149 non
1621 5094 1866 5165 potuisse
1902 5112 2017 5150 ma-
2045 5060 2093 5120 D
2124 5092 2379 5160 pauciore
2408 5106 2632 5149 numero
2658 5108 2834 5162 quam
2876 5092 3231 5148 constitutum
3255 5099 3357 5156 est,
3385 5102 3488 5144 non
3538 5081 3681 5137 liceat

426 5181 685 5240 nifestum
736 5183 836 5249 sit,
899 5200 1076 5240 causa:
1134 5201 1245 5242 suae
1293 5185 1535 5241 dicendce
1576 5186 1717 5241 intra
1784 5186 2016 5243 alterum
2122 5186 2427 5255 provocari.

427 5292 668 5333 mensem
711 5278 978 5347 integram
1009 5279 1203 5334 habeat
1243 5278 1579 5345 facultatem,
1614 5295 1801 5336 verum
1831 5279 2014 5337 tandiu
2196 5276 2287 5333 X1.
2355 5278 2425 5333 Ut
2462 5277 2556 5334 ﬁlii
2599 5279 2937 5335 sacerdotum
2999 5277 3084 5332 vel
3131 5275 3445 5333 clericorum
3493 5270 3676 5338 ψευδα-

428 5377 554 5442 post
584 5382 827 5424 mensem
883 5372 1181 5427 secundum
1246 5388 1351 5429 non
1407 5372 1792 5437 communicet,
1843 5373 2015 5430 donec
2125 5371 2245 5428 cuia
2295 5370 2575 5427 saecularia
2634 5385 2742 5428 non
2792 5370 3107 5435 exhibeant,
3147 5367 3245 5425 sed
3289 5377 3391 5423 nec
3435 5360 3668 5453 ενθοιξειξιτ

430 5468 711 5531 purgetur.
739 5458 794 5515 Si
820 5468 999 5516 autem
1028 5462 1094 5515 ad
1120 5464 1407 5519 concilium
1430 5462 1740 5520 universale
1769 5464 2017 5519 anniver-
2124 5480 2433 5538 quanquam
2487 5465 2703 5536 quidem
2765 5464 2835 5521 ab
2880 5462 3186 5533 spectaculo
3226 5470 3283 5516 et
3339 5468 3519 5515 omnes
3566 5445 3670 5501 Ιθίοί

429 5556 636 5609 sarium
667 5570 957 5611 occurrere
983 5556 1239 5623 noluerit,
1271 5557 1355 5613 vel
1392 5556 1465 5613 ibi
1491 5573 1655 5614 causa
1678 5557 1796 5629 ejus
1822 5559 2015 5613 tertui-
2122 5558 2534 5629 prohibeantur,
2565 5572 2777 5628 semper
2807 5557 2953 5612 enim
2983 5553 3295 5611 christianis
3319 5546 3555 5609 omnibus
3580 5540 3665 5594 hoc

432 5660 612 5713 netur,
638 5651 751 5721 ipse
781 5653 835 5708 in
856 5668 915 5709 se
935 5653 1303 5709 damnationis
1330 5670 1441 5710 sum
1462 5656 1789 5712 sententiam
1815 5655 2017 5711 dixisse
2122 5649 2475 5706 interdictum
2499 5657 2606 5715 est,
2649 5657 2710 5705 ut
2754 5648 2852 5704 ubi
2884 5646 3185 5716 blaSpltemi
3216 5653 3361 5711 sunt,
3398 5652 3496 5697 non
3530 5641 3663 5690 acce-

421 5740 717 5808 judicetur.
759 5744 1025 5815 Tempore
1069 5759 1199 5801 sane
1227 5759 1335 5816 quo
1367 5761 1475 5801 non
1523 5746 1890 5803 communicat
1918 5762 2019 5802 nec
2120 5742 2270 5799 dant.

428 5832 481 5886 in
512 5836 607 5887 'sua
638 5833 884 5891 Ecclesia
907 5838 992 5893 vel
1030 5838 1287 5908 parocbia
1311 5839 1697 5906 communicet,
1732 5849 2020 5897 accusator
2191 5834 2307 5893 XII.
2354 5833 2489 5890 Item
2538 5831 2775 5903 placuit,
2834 5839 2895 5888 ut
2949 5830 3044 5887 ﬁlii
3092 5829 3176 5886 vel
3238 5827 3363 5885 illius
3420 5820 3658 5908 epistol)”:

440 5932 616 5983 autem
649 5923 796 6003 ejus.
825 5928 869 5987 si
899 5895 1174 6007 nunquam
1204 5929 1398 5993 diebus
1421 5946 1600 5993 causa!
1626 5895 1898 5996 discendit:
1925 5895 2022 5997 de.
2122 5943 2245 5995 tum
2314 5925 2398 5987 vel
2460 5895 2827 6005 quorumlibet
2898 5922 3223 5987 clericorum
3278 5913 3550 6001 gemitibus
3586 5895 3654 5965 Vol
