3910 6618
201 457 334 516 355
370 490 374 493 -

1494 464 1999 526 DECRETALIUM
2033 469 2442 528 COLLECTIO.

3492 454 3600 528 δα

202 573 549 631 haereticis
639 584 743 633 aut
786 575 1148 633 schismaticis
1193 575 1544 636 matrimonio
1601 593 1708 634 oon
1769 578 1896 650 jun-
1925 583 1982 644 Α
2078 580 2245 638 XXV.
2292 580 2573 639 Utclerici
2596 581 2683 639 vel
2702 583 3048 642 continentes
3071 583 3139 640 ad
3160 582 3356 642 viduas
3379 583 3604 642 vel'vir-

206 671 482 736 gantur.

292 757 470 814 XIII.
541 758 641 816 Ut
695 761 933 832 episcopi
976 761 1060 816 vel
1108 760 1291 818 clerici
1339 779 1392 816 in
1446 777 1542 819 eos
1585 762 1680 833 qui
1722 763 1909 817 catho-

207 847 350 914 lici,
415 850 770 908 christiani
823 866 934 908 non
994 863 1143 921 sunt,
1199 854 1363 910 etiam
1417 854 1463 910 si
1517 853 1910 926 consanguinei

211 941 500 1012 fuerint,
541 959 676 1016 per
695 945 1020 1003 donationes
1061 962 1245 1002 rerum
1274 961 1498 1003 suarum
1541 945 1678 1002 nihil
1726 944 1914 1002 confe-

213 1042 390 1088 rant.

303 1127 482 1183 XIV.
583 1129 674 1187 Ut
720 1131 961 1203 episcopi
1013 1131 1101 1188 vel
1156 1131 1339 1189 clerici
1371 1146 1500 1188 suos
1545 1132 1686 1189 tinos
1738 1147 1769 1188 a
1813 1145 1912 1188 sua

219 1232 568 1294 potestate
633 1240 739 1298 per
783 1226 1272 1299 emancipationem
1328 1228 1478 1284 exire
1528 1242 1637 1285 non
1689 1227 1912 1296 sinant,

224 1314 350 1370 nisi
443 1317 532 1371 de
626 1317 879 1376 moribus
933 1335 1121 1376 eorum
1185 1319 1391 1376 fuerint
1468 1329 1525 1376 et
1595 1328 1756 1376 aetate
1827 1333 1912 1376 se-

226 1408 402 1474 curi,
440 1421 519 1464 ut
554 1411 794 1482 possint
821 1411 892 1467 ad
925 1426 1020 1467 eos
1057 1410 1172 1482 jam
1200 1411 1419 1483 propria
1465 1411 1741 1483 pertinere
1787 1426 1917 1482 pec-

232 1508 378 1555 cata
389 1539 408 1554 .

314 1589 463 1646 XV.
555 1593 712 1649 Item
749 1593 955 1667 placuit
1002 1603 1064 1650 ut
1111 1594 1352 1666 episcopi
1401 1603 1457 1651 et
1509 1594 1814 1666 presbyteri
1860 1600 1918 1649 et

239 1685 504 1741 diaconi
581 1689 683 1743 vel
729 1689 914 1746 clerici
984 1705 1090 1747 non
1141 1690 1253 1747 sint
1303 1691 1686 1758 conductores,
1742 1706 1920 1760 neque

238 1791 726 1851 procuratores,
774 1799 950 1855 neque
979 1785 1089 1841 ullo
1122 1784 1267 1856 turpi
1311 1785 1486 1851 lucro,
1515 1785 1601 1841 vel
1633 1787 1921 1841 inhonesto

242 1873 510 1943 negotio
547 1875 772 1930 victum
798 1886 1065 1946 quaerant,
1092 1876 1220 1946 quia
1253 1878 1528 1947 reSpicere
1567 1878 1765 1933 debent
1789 1877 1922 1933 scri-

2010 672 2188 745 gines,
2210 673 2315 731 nisi
2330 673 2486 744 jussu
2510 675 2597 730 vel
2615 676 2884 747 permissu
2905 678 3282 750 episcoporum
3303 686 3358 732 et
3380 679 3606 754 presby-

2011 772 2274 834 terorum,
2323 781 2432 823 non
2463 769 2745 824 accedant.
2798 769 2867 824 Et
2919 769 3025 826 hoc
3076 784 3185 826 non
3228 769 3330 825 soli
3379 769 3603 837 faciant,

2013 862 2107 916 sed
2133 876 2258 916 cum
2295 861 2509 917 clericis
2537 862 2620 918 vel
2648 878 2770 919 cum
2819 863 2906 920 his
2947 879 3070 919 cum
3098 863 3296 935 quibus
3319 864 3607 936 episcopus

2006 949 2232 1024 jusserit
2274 953 2358 1008 vel
2408 955 2712 1026 presbyter.
2745 953 2856 1012 Nec
2885 957 3124 1027 episcopi
3154 964 3246 1010 aut
3293 957 3602 1029 presbyteri

2013 1044 2114 1100 soli
2145 1045 2382 1102 habeant
2421 1061 2700 1104 accessum
2732 1049 2800 1103 ad
2848 1049 3154 1120 lmjusmodi
3197 1049 3458 1115 feminas,
3501 1048 3606 1103 nisi

2015 1146 2110 1193 aut
2158 1138 2344 1194 clerici
2380 1149 2678 1210 praesentes
2713 1127 2822 1197 sint
2876 1151 2970 1198 aut
3016 1157 3210 1214 graves
3237 1142 3404 1215 aliqui
3453 1141 3610 1198 Chri-

2013 1231 2201 1287 stiani.

2085 1321 2278 1380 XXVI.
2320 1322 2392 1380 Ut
2433 1325 2627 1395 prima
2670 1326 2817 1383 sedis
2860 1327 3145 1397 episcopus
3171 1340 3279 1380 non
3311 1325 3613 1397 appelletur

2013 1417 2270 1489 princeps
2315 1417 2660 1474 sacerdotum
2687 1458 2705 1486 ,
2760 1430 2856 1474 aut
2902 1434 3146 1474 summus
3194 1419 3470 1483 sacerdos,
3518 1424 3614 1472 aut

2016 1509 2222 1580 aliquid
2276 1509 2610 1579 huiusmodi,
2657 1512 2753 1567 sed
2802 1520 3013 1567 tantum
3064 1511 3253 1580 primae
3300 1509 3446 1564 sedis
3501 1509 3616 1580 epi-

2019 1615 2238 1672 scopus.
3541 1609 3552 1615 ·

2092 1693 2304 1750 XXVII.
2332 1691 2403 1750 Ut
2423 1694 2608 1751 clerici
2627 1694 2824 1750 edendi
2845 1693 2933 1749 vel
2943 1691 3161 1750 bibendi
3174 1705 3339 1747 causa
3362 1689 3617 1748 tabernas

2020 1801 2128 1842 non
2179 1787 2579 1858 ingrediantur,
2629 1787 2732 1842 nisi
2788 1784 3242 1858 peregrinationis
3291 1783 3618 1840 necessitate

2023 1879 2304 1950 compulsi.

243 1976 428 2037 ptum
459 1983 618 2025 esse
650 1988 664 2023 :
693 1985 854 2028 nemo
875 1970 1114 2028 militans
1155 1972 1290 2038 Deo,
1322 1971 1566 2041 implicat
1601 1985 1663 2028 se
1688 1971 1918 2043 negotiis
1943 1962 1996 2027 B
2095 1971 2326 2027 XXVIII.
2368 1971 2503 2026 Item
2528 1970 2734 2041 placuit
2762 1978 2823 2024 ut
2851 1971 3092 2041 episcOpi
3140 1980 3294 2029 trans
3327 1984 3477 2026 mare
3507 1983 3616 2023 non

253 2058 703 2116 szecularibus.

336 2151 508 2209 XVI.
547 2153 638 2210 Ut
662 2154 839 2211 nullus
874 2154 1196 2211 clericorum
1242 2155 1476 2227 amplius
1496 2156 1726 2226 recipiat
1755 2169 1919 2225 quam

257 2247 858 2315 accommodaverit;
888 2247 933 2303 si
963 2248 1270 2318 pecuniam,
1302 2247 1588 2317 pecuniam
1637 2247 1921 2317 suscipiat,

263 2339 315 2394 si
351 2342 662 2409 speciem,
692 2343 939 2398 eamdem
973 2341 1210 2413 speciem
1241 2349 1506 2412 quantum
1547 2339 1757 2396 dederit
1779 2339 1925 2395 acci-

259 2434 417 2503 piat,
456 2445 527 2491 et
557 2436 832 2508 quidquid
854 2436 1000 2491 aliud
1024 2442 1232 2491 tantum
1259 2443 1524 2505 quantum
1547 2432 1762 2490 dederit
1783 2432 1925 2489 acci-

274 2527 428 2596 piat.

353 2617 550 2674 XVII.
591 2619 666 2676 Ut
689 2634 811 2675 cum
847 2619 1099 2675 omnibus
1143 2621 1367 2675 omnino
1395 2619 1612 2676 clericis
1652 2626 1925 2674 extraneae

278 2710 536 2768 feminas
588 2725 699 2768 non
751 2712 1102 2780 whabitent,
1156 2713 1250 2768 sed
1298 2712 1428 2768 solas
1487 2720 1714 2776 matres,
1765 2711 1923 2778 aviae,

279 2813 681 2872 matertera,
755 2807 936 2861 amitae
973 2841 991 2872 ,
1067 2820 1327 2872 sorores,
1402 2816 1459 2862 et
1515 2807 1641 2862 ﬁliae
1694 2806 1924 2862 fratrum

287 2905 392 2953 aut
433 2911 734 2965 sororum,
761 2908 817 2954 et
873 2914 1213 2971 qureeunque
1253 2914 1323 2956 ex
1367 2899 1574 2955 familia
1627 2900 1926 2956 domestica

286 2993 682 3058 necessitate,
739 2994 905 3048 etiam
958 3003 1252 3063 antequam
1324 2991 1710 3048 ordinarentur
1739 3033 1755 3058 ,
1812 2993 1926 3063 jam

292 3097 429 3139 cum
464 3084 569 3140 eis
591 3084 930 3151 habitabant,
963 3085 1048 3140 vel
1074 3085 1120 3140 si
1149 3085 1246 3140 ﬁlii
1290 3099 1481 3141 eorum
1507 3083 1623 3154 jam
1665 3084 1930 3140 ordinatis

292 3176 651 3246 parentibus
671 3191 873 3232 uxores
899 3185 1248 3247 acceperunt,
1274 3187 1368 3232 aut
1389 3179 1568 3233 servis
1596 3192 1704 3232 non
1734 3178 1932 3233 haben-

299 3270 460 3328 tibus
491 3272 564 3327 in
595 3271 756 3328 domo
781 3286 916 3342 quas
938 3272 1160 3336 ducant,
1201 3272 1420 3328 aliunde
1452 3272 1653 3327 ducere
1682 3271 1924 3327 necessi-

300 3370 394 3419 tas
426 3364 573 3419 fuit.

379 3453 589 3512 XVIII.
644 3456 714 3514 Ut
754 3458 1009 3528 episcopi.
1068 3458 1368 3527 presbyteri
1420 3464 1475 3510 et
1529 3455 1764 3521 diaconi,
1821 3471 1931 3512 non

311 3553 694 3621 ordinentur,
747 3556 1063 3625 priusquam
1110 3567 1300 3610 omnes
1345 3551 1438 3622 qui
1491 3561 1619 3607 sunt
1664 3551 1721 3605 in
1773 3549 1934 3604 domo

317 3658 523 3701 eorum
549 3645 893 3702 Christianos
914 3645 1216 3701 catholicos
1260 3644 1515 3700 fecerint.

395 3737 552 3794 XIX.
587 3737 792 3794 Placuit
816 3749 876 3792 ut
905 3738 1137 3794 lectores
1165 3751 1290 3792 cum
1321 3736 1390 3790 ad
1432 3747 1606 3790 annos
1632 3732 1936 3804 pubertatis

319 3835 618 3899 venerint,
648 3839 912 3904 cogantur
933 3841 1024 3887 aut
1065 3843 1264 3886 uxores
1291 3831 1513 3893 ducere,
1541 3837 1635 3882 aut
1655 3827 1939 3884 continen-

323 3929 465 3984 tiam
507 3929 775 3999 proﬁteri.

400 4025 529 4081 XX.
573 4024 786 4081 Placuit
849 4035 990 4086 ut,a
1065 4025 1211 4080 nullo
1283 4024 1540 4094 episcopo
1608 4031 1939 4093 usurpentur

326 4116 527 4187 plebes
578 4116 788 4182 alienre,
841 4131 941 4173 nec
985 4116 1179 4187 aliquis
1229 4115 1605 4188 episcoporum
1653 4130 1940 4187 supergre-

333 4212 527 4267 diatur
556 4211 608 4268 in
634 4209 857 4268 dioecesi
878 4227 1035 4266 suum
1058 4211 1339 4280 collegam.

412 4303 560 4358 XXI.
617 4303 688 4358 Ut
767 4303 1024 4358 clericum
1077 4303 1314 4357 alienum
1349 4343 1364 4367 ,
1443 4301 1546 4357 nisi
1609 4300 1940 4357 concedente

336 4393 457 4463 ejus
484 4395 760 4465 episc0po,
789 4409 948 4450 nemo
989 4395 1185 4448 audeat
1221 4393 1305 4448 vel
1335 4392 1574 4449 retinere
1614 4393 1698 4446 vel
1723 4407 1943 4463 promo—

340 4499 471 4542 vere
523 4488 577 4540 in
631 4484 871 4540 Ecclesia
927 4485 1029 4540 sibi
1083 4485 1291 4540 credita
1318 4527 1333 4552 ,
1379 4483 1703 4540 clericorum
1761 4492 1939 4540 autem

344 4594 544 4635 nomen
567 4579 733 4634 etiam
772 4580 999 4634 lectores
1047 4588 1099 4634 et
1142 4579 1436 4650 psalmistze
1474 4588 1529 4635 et
1563 4579 1774 4636 ostiarii
1810 4579 1938 4634 reti-

346 4685 497 4732 nent.

2022 2063 2462 2136 proficiscantur,
2521 2061 2624 2117 nisi
2676 2060 2926 2118 consulto
2972 2063 3163 2133 primae
3190 2064 3337 2120 sedis
3365 2062 3620 2132 episcopo

2024 2163 2139 2219 sive
2160 2161 2530 2232 cujuscunque
2566 2159 2863 2230 provinciae
2887 2159 3141 2232 primate,
3171 2170 3230 2215 ut
3258 2162 3328 2216 ab
3367 2159 3621 2230 episcopo

2025 2262 2295 2328 praecipue
2323 2255 2494 2327 possit
2518 2270 2737 2311 sumere
2757 2253 3047 2312 formatam
3077 2253 3160 2311 vel
3183 2250 3620 2310 commendatio-

2027 2365 2151 2407 nem
2161 2393 2173 2405 .

2103 2440 2295 2497 XXIX.
2336 2439 2410 2496 Ut
2454 2446 2798 2496 sacramenta
2845 2438 3035 2494 altaris
3074 2453 3185 2496 non
3215 2437 3323 2495 nisi
3351 2451 3383 2492 a
3423 2434 3624 2507 jejunis

2031 2534 2340 2592 hominibus
2357 2531 2722 2594 celebrentur,
2751 2539 2980 2600 excepto
3005 2545 3113 2584 uno
3133 2529 3222 2585 die
3246 2526 3622 2584 anniversario

2030 2642 2140 2700 quo
2174 2639 2328 2680 coena
2377 2622 2591 2678 Domini
2647 2621 2976 2678 celebratur.
3033 2618 3170 2675 Nam
3217 2620 3264 2675 si
3312 2617 3621 2687 aliquorum

2032 2720 2333 2777 meridiano
2379 2726 2625 2785 tempore
2663 2713 3061 2770 defunctorum.
3085 2712 3201 2769 sive
3247 2711 3625 2783 episcOporum

2031 2818 2146 2873 sive
2171 2821 2513 2892 .caaterorum
2568 2807 2970 2867 commendatio
3014 2807 3263 2863 facienda
3318 2813 3434 2871 est,
3486 2803 3620 2860 solis

2033 2907 2368 2964 orationibus
2408 2903 2502 2959 fiat
2534 2904 2579 2959 si
2615 2902 2688 2957 illi
2718 2901 2810 2972 qui
2842 2899 3073 2966 faciunt,
3093 2897 3210 2968 jam
3251 2896 3439 2970 pransi
3474 2895 3625 2951 inve-

2034 3003 2276 3058 niantur.

2105 3093 2276 3149 XXX.
2318 3090 2388 3148 Ut
2447 3090 2578 3146 nulli
2621 3088 2860 3160 episcopi
2921 3085 3008 3143 vel
3049 3084 3239 3143 clerici
3287 3083 3343 3139 in
3397 3081 3628 3138 ecclesia

2033 3188 2413 3253 conviventur,
2477 3185 2582 3241 nisi
2640 3183 2782 3239 forte
2852 3189 3201 3238 transeuntes
3265 3176 3625 3248 hospitiorum

2036 3278 2364 3334 necessitate
2414 3275 2524 3331 illic
2573 3273 2905 3330 reliciantur.
2961 3269 3149 3341 Populi
3200 3269 3366 3326 etiam
3407 3267 3476 3322 ab
3521 3266 3628 3320 hu-

1957 3361 2004 3427 C
2029 3370 2269 3441 jusmodi
2314 3366 2559 3424 convivis
2602 3361 2864 3436 quantum
2912 3361 3031 3419 ﬁeri
3073 3369 3251 3432 potest
3303 3357 3634 3430 prohibean-

2037 3472 2147 3517 tur.

2108 3553 2299 3608 XXXI.
2371 3552 2444 3608 Ut
2495 3549 2888 3620 paenitentibus
2932 3545 3229 3603 secundum
3280 3550 3629 3614 peccatorum

2037 3647 2424 3710 differentiam,
2467 3643 2708 3714 episcopi
2750 3640 2978 3696 arbitrio
3006 3635 3340 3708 panitentiae
3383 3643 3630 3702 tempora

2038 3742 2421 3797 decernantur.

2110 3832 2326 3889 XXXII.
2394 3829 2462 3886 Ut
2509 3827 2796 3899 presbyter
2850 3822 3160 3880 inconsulto
3206 3819 3464 3889 episcopo
3520 3829 3629 3872 non

2041 3925 2357 3983 reconciliet
2401 3921 2756 3994 pmnitentem
2803 3917 2909 3972 nisi
2964 3916 3188 3972 absente
3231 3912 3484 3981 episcopo
3532 3920 3632 3964 ne-

2041 4023 2294 4080 cessitate
2318 4028 2546 4091 cogente
2584 4014 2955 4084 cujuscunque
2980 4007 3326 4081 paenitentis;
3360 4003 3631 4075 publicum

2041 4125 2098 4172 et
2163 4110 2598 4184 vulgatissimum
2663 4108 2872 4162 crimen
2943 4111 3026 4158 est
3100 4099 3244 4170 quod
3323 4095 3630 4150 universam

2041 4206 2340 4264 Ecclesiam
2378 4199 2761 4263 commoverit,
2794 4204 2919 4252 ante
2964 4193 3208 4250 absidam
3237 4203 3429 4244 manus
3454 4186 3505 4242 ei
3533 4184 3638 4240 im-

2040 4307 2349 4446 poXX‘XlII.
2413 4387 2483 4443 Ut
2535 4383 2777 4453 virgines
2830 4392 3000 4435 sacrae
3051 4378 3095 4434 si
3155 4389 3186 4428 a
3245 4369 3556 4444 parentibus
3602 4381 3634 4422 a

2042 4485 2237 4554 quibus
2293 4475 2737 4534 custodiebantur
2787 4472 3014 4541 privatas
3081 4467 3334 4528 fuerint,
3393 4458 3634 4531 episcopi

2040 4576 2380 4649 providentia
2437 4572 2525 4627 vel
2573 4567 2876 4640 presbyteri
2949 4565 3038 4620 ubi
3093 4563 3380 4633 episcopus
3439 4558 3636 4612 absens

2043 4679 2145 4738 est,
2191 4671 2245 4724 in
2269 4668 2600 4724 monasterio
2627 4665 2898 4735 virginum
2936 4661 3018 4716 vel
3047 4657 3387 4730 gravioribus
3421 4651 3636 4707 feminis

418 4769 584 4825 XXII.
647 4765 718 4826 Ut
774 4768 953 4826 nullos
1007 4770 1291 4825 ordinetur
1347 4768 1580 4824 clericus
1639 4783 1746 4824 non
1805 4752 2505 4838 pro-Dcommendentur,
2561 4770 2624 4814 ut
2676 4757 2832 4812 simul
2883 4755 3212 4814 habitantes,
3283 4747 3510 4802 invicem
3575 4758 3634 4838 se

351 4862 528 4930 batus,
590 4861 674 4918 vel
723 4863 1101 4934 episcoporum
1151 4861 1402 4917 examine
1430 4859 1515 4916 vel
1559 4861 1738 4930 populi
1789 4860 1940 4914 testi—

355 4959 555 5012 monio.
1423 4976 1425 4978 ·

423 5045 611 5104 XXIII.
669 5045 742 5104 Ut
787 5059 947 5103 nemo
987 5047 1241 5119 precibus
1290 5046 1373 5102 vel
1419 5056 1629 5118 patrem
1660 5061 1758 5118 pro
1803 5045 1938 5111 filio,

358 5142 438 5197 vel
476 5141 644 5196 filium
693 5155 789 5213 pro
836 5150 993 5211 patre
1044 5141 1306 5205 nominet,
1365 5147 1420 5194 et
1473 5155 1595 5194 cum
1651 5139 1718 5192 ad
1768 5138 1940 5194 altare

363 5234 655 5298 assistitur,
698 5246 914 5303 semper
956 5231 1021 5286 ad
1068 5241 1280 5302 patrem
1318 5231 1588 5302 dirigatur
1641 5231 1842 5293 oratio,
1890 5239 1946 5285 et

287 5339 297 5348 ·
364 5341 708 5397 quascunque
755 5325 859 5381 sibi
903 5339 1092 5395 preces
1145 5323 1342 5394 aliquis
1382 5324 1656 5386 describit,
1713 5337 1819 5377 non
1869 5323 1949 5378 eis

366 5431 564 5485 utatur,
593 5417 698 5474 nisi
729 5417 878 5490 prius
909 5431 1003 5474 eas
1038 5417 1428 5472 instructiones
1465 5414 1722 5470 fratribus
1751 5423 1934 5470 contu-

366 5509 502 5567 lerit.

433 5604 623 5660 XXIV.
667 5603 739 5662 Ut
783 5619 836 5659 in
869 5605 1230 5660 sacramentis
1276 5607 1526 5672 corporis
1572 5609 1627 5656 et
1669 5603 1954 5673 sanguinis

370 5696 577 5753 Domini
601 5695 735 5752 nihil
761 5696 991 5766 amplius
1030 5692 1290 5750 offeratur
1322 5709 1485 5764 quam
1532 5693 1646 5764 ipse
1693 5693 1953 5746 Dominus

374 5791 606 5856 tradidit,
639 5791 742 5848 hoc
763 5800 866 5856 cst,
893 5790 1047 5861 panis
1073 5799 1128 5846 et
1153 5789 1335 5844 vinum
1368 5805 1521 5860 aqua:
1565 5788 1807 5852 mistum,
1856 5801 1955 5841 nec

375 5883 601 5953 amplius
642 5884 695 5938 in
736 5881 1017 5940 sacrificiis
1044 5881 1305 5939 offeratur
1329 5895 1492 5953 quam
1524 5880 1591 5937 de
1610 5878 1731 5934 uvis
1759 5887 1814 5934 et
1843 5877 1956 5933 fru-

376 5975 586 6053 mentis.

2043 4858 2367 4916 custodiant.
2391 4870 2461 4910 ne
2482 4853 2685 4909 passim
2713 4858 2971 4922 vagantes
2998 4842 3256 4900 Ecclesia:
3289 4838 3487 4894 laedant
3508 4836 3628 4906 opi-

2042 4963 2283 5005 mortem.

2119 5042 2358 5099 XXXIV.
2383 5041 2456 5097 Ut
2496 5043 2840 5110 mgrotantes,
2870 5031 2913 5085 si
2953 5042 3050 5097 pro
3077 5041 3136 5082 se
3179 5021 3509 5092 respondere
3531 5033 3634 5074 non

2043 5143 2274 5208 possunt
2342 5149 2462 5187 cum
2515 5125 2811 5184 voluntatis
2881 5135 3070 5176 eorum
3125 5110 3635 5208 testimonium-sui

2051 5203 2304 5290 dixerint,
2331 5223 2695 5293 baptizentur,
2748 5214 2999 5270 similiter
3051 5218 3107 5266 et
3141 5208 3212 5264 de
3250 5203 3636 5276 pcenitentibus

2052 5319 2317 5392 agendum
2341 5323 2444 5370 est.

2127 5407 2344 5466 XXXV.
2405 5405 2477 5460 Ut
2542 5399 2774 5457 scenicis
2835 5403 2996 5465 atque
3075 5387 3435 5448 histrionibus
3518 5398 3638 5438 cer-

2053 5506 2232 5573 tisque
2279 5495 2583 5565 huiusmodi
2625 5489 2872 5563 personis
2915 5487 2998 5542 vel
3022 5479 3338 5554 apostaticis
3361 5473 3640 5573 conversis

2055 5568 2160 5651 veli
2197 5590 2428 5648 reversis
2463 5587 2530 5641 ad
2582 5585 2868 5640 Dominum
2905 5579 3081 5652 gratia
3131 5575 3215 5632 vel
3271 5568 3641 5630 reconciliatio

2057 5707 2161 5744 non
2202 5692 2447 5755 negetur.

2133 5777 2372 5835 XXXVI.
2416 5774 2488 5831 Ut
2532 5773 2817 5846 presbyter
2873 5761 3180 5823 inconsulto
3225 5757 3482 5828 episcopo
3531 5758 3613 5807 \‘ii'
3648 5776 3650 5778 τ

2060 5875 2217 5945 gines
2241 5885 2350 5927 non
2386 5874 2692 5932 consecret,
2720 5862 2957 5919 chrisma
2999 5869 3132 5912 vero
3160 5864 3437 5924 nunquam
3471 5845 3638 5904 conli-

2061 5967 2190 6028 ciat.
