3910 6554
308 437 414 494 555

1124 439 1414 497 APPEND.
1442 442 1532 496 AD
1565 439 1738 497 SEC.
1781 439 1874 496 IX.
1893 469 1965 481 —
1991 437 2245 495 ISIDORI
2281 437 2727 500 MERCATORIS

3499 436 3639 498 356

378 552 641 616 XXXVII.
684 556 756 612 Ut
783 558 966 614 clerici
1011 559 1065 613 in
1089 559 1264 614 aliena
1291 560 1511 615 civitate
1557 575 1663 615 non
1695 560 1885 614 immo-
1915 563 1968 622 Α
1992 559 2173 613 animo
2233 560 2549 625 concordat,
2583 559 2870 616 roboretur
2910 569 3105 616 vestrae
3150 560 3448 634 dignitatis
3525 573 3636 615 rc-

310 656 521 714 rentur,
547 649 654 704 nisi
698 665 890 706 causas
936 665 1124 705 eorum
1171 652 1346 721 justas
1389 650 1626 720 episcopi
1666 650 1770 706 loci
1805 650 1892 706 vel

310 741 611 810 presbyteri
637 741 878 798 locorum
903 742 1256 812 perviderint.

380 832 665 888 XXXVIII.
736 834 868 888 Illud
933 843 1114 890 autem
1186 837 1524 907 suggerimus
1579 837 1892 893 mandatum

310 924 488 990 nobis,
517 925 659 994 quod
694 924 857 979 etiam
887 924 941 979 in
970 923 1246 995 Capuensi
1265 926 1511 997 ﬁlenaria
1557 928 1766 998 synodo
1811 927 1894 980 vi-

311 1016 469 1071 detur
497 1025 776 1081 statutum,
807 1019 948 1087 quod
971 1033 1078 1072 non
1106 1017 1266 1074 liceat
1293 1019 1412 1095 fieri
1438 1019 1893 1090 rebaptizationes

310 1117 364 1162 et
419 1109 847 1164 reordinationes
915 1109 1000 1164 vel
1060 1109 1439 1166 translationes
1495 1112 1889 1182 episcoporum.

312 1196 446 1250 Nam
476 1197 801 1253 Cresconius
825 1198 965 1254 villa:
991 1199 1273 1269 Regiensis
1301 1201 1586 1270 episcopus
1611 1201 1767 1270 plebe
1795 1217 1892 1257 sua

309 1288 566 1343 derelicta
603 1288 994 1345 Tiburnensem
1036 1291 1233 1346 invasit
1284 1291 1606 1357 Ecclesiam,
1639 1302 1693 1348 et
1722 1308 1893 1363 usque

309 1381 467 1435 hodie
502 1383 864 1437 commonitus
888 1383 1187 1438 secundum
1232 1384 1376 1452 quod
1422 1392 1685 1439 statutum
1715 1385 1894 1440 fuerat

305 1472 612 1543 relinquere
659 1476 905 1529 eamdem
953 1490 1115 1544 quam
1174 1477 1444 1531 invaserat
1495 1477 1707 1547 plebem
1759 1493 1892 1533 con-

308 1565 549 1634 tempsit,
586 1565 844 1622 adversus
875 1574 1078 1622 statuta
1107 1583 1225 1638 quae
1253 1571 1603 1638 pronuntiata
1651 1571 1888 1638 fuerant,

304 1659 624 1713 confirmata
650 1660 863 1728 quidem
885 1661 1208 1728 audivimus,
1233 1664 1325 1717 sed
1347 1664 1582 1734 petimus
1596 1665 1890 1720 secundum

305 1749 449 1816 quod
478 1749 635 1804 nobis
664 1751 975 1806 mandatum
1015 1762 1116 1817 est,
1148 1762 1208 1807 ut
1235 1754 1528 1824 dignemini
1569 1756 1700 1812 dare
1749 1758 1891 1813 ﬁdu-

305 1835 464 1901 Ciam,
491 1854 598 1909 quo
631 1842 953 1896 necessitate
976 1843 1091 1912 ipsa
1114 1854 1342 1914 cogente
1374 1845 1604 1901 liberum
1639 1848 1712 1902 sit
1736 1848 1893 1904 nobis

1993 648 2322 719 sponsione;
2347 649 2415 704 ab
2441 649 2713 706 universis
2735 651 3002 721 episcopis
3031 651 3233 707 dictum
3258 663 3366 721 est,
3393 651 3640 724 placet

1992 744 2146 798 satis.

2061 833 2200 888 XLI.
2241 832 2548 890 Honoratus
2593 843 2649 891 et
2683 833 2935 891 Urbanus
2981 836 3220 907 episcopi
3275 837 3583 891 dixerunt
3611 848 3632 887 :

1994 921 2262 988 Quoniam
2318 924 2384 979 de
2423 923 2652 980 concilio
2676 925 2921 994 quaedam
2977 935 3209 981 tractata
3252 933 3631 988 noscuntur,

1993 1015 2279 1085 adjicimus
2327 1015 2492 1071 etiam
2523 1017 2589 1070 de
2614 1014 2702 1071 die
2731 1015 2954 1073 Pascha:
2999 1018 3154 1074 nobis
3178 1033 3300 1074 esse
3353 1018 3634 1072 manda-

1993 1117 2132 1176 tum,
2163 1117 2224 1164 ut
2247 1108 2314 1164 de
2328 1108 2569 1165 Ecclesia
2583 1124 2795 1180 semper
2808 1110 3245 1183 Carthagineusi,
3284 1111 3430 1168 sicut
3447 1124 3634 1182 prae-

1993 1199 2196 1256 dictum
2216 1209 2321 1268 est,
2353 1200 2706 1267 instruamur,
2738 1209 2796 1256 et
2813 1217 2921 1257 non
2947 1204 3044 1258 sub
3060 1213 3290 1275 angusto
3316 1201 3633 1273 temporis

1993 1291 2186 1362 spatio.
2212 1290 2462 1346 Aurelius
2490 1290 2812 1362 episcopus:
2845 1290 2901 1347 Si
2918 1293 3192 1348 sanctitati
3210 1304 3412 1348 vestras
3433 1289 3632 1346 vide-

1993 1391 2104 1450 tur,
2133 1383 2389 1453 quoniam
2429 1398 2528 1438 nos
2567 1384 2920 1454 spopondisse
2951 1385 3062 1456 jam
3103 1386 3352 1456 superius
3386 1382 3630 1439 memi-

1992 1475 2204 1540 nimus,
2237 1482 2298 1528 ut
2341 1474 2566 1546 singulis
2600 1475 2905 1547 quibusque
2928 1478 3084 1532 annis
3132 1477 3200 1530 ad
3234 1476 3626 1532 tractandum

1994 1569 2405 1636 conveniamus,
2435 1578 2491 1624 et
2529 1584 2650 1624 cum
2693 1571 3106 1626 convenerimus
3134 1571 3189 1626 in
3217 1585 3417 1638 unum,
3453 1577 3622 1624 tunc

1993 1658 2356 1730 divulgabitur
2411 1667 2632 1715 sanctus
2673 1659 2896 1716 Paschte
2944 1661 3061 1716 dies
3091 1674 3189 1731 per
3245 1661 3459 1732 legatos
3490 1658 3618 1730 qui

1993 1747 2211 1804 fuerunt
2248 1749 2306 1804 in
2353 1750 2605 1806 concilio.
2637 1749 2944 1807 Honoratus
2974 1760 3030 1806 et
3061 1751 3313 1808 Urbanus
3337 1750 3614 1822 episcopi

1996 1842 2248 1898 dixerunt
2272 1861 2286 1897 :
2317 1841 2472 1897 Nunc
2495 1843 2561 1897 de
2585 1843 2838 1913 praesenti
2859 1852 3003 1899 coetu
3022 1844 3273 1914 petimus,
3298 1855 3358 1900 ut
3381 1842 3613 1900 litteris

305 1938 572 1984 rectorem
607 1932 900 1999 provinciae
925 1935 1221 1989 secundum
1253 1945 1453 1990 statuta
1478 1937 1895 2008 gloriosissimo-
1919 1933 1970 1997 B
1999 1933 2334 2003 provinciam
2349 1943 2590 1989 nostram
2616 1934 2684 1990 de
2709 1935 2812 1989 hac
2831 1934 2919 1990 die
2945 1934 3239 1990 informare
3259 1935 3604 2008 dignemini.

302 2034 424 2072 rum
455 2020 759 2089 principum
808 2023 1070 2079 adversus
1121 2024 1270 2080 illum
1315 2026 1485 2092 adire,
1536 2037 1596 2082 ut
1643 2030 1734 2100 qui
1774 2031 1892 2086 miti

303 2111 658 2166 admonitioni
680 2121 876 2166 vestrae
923 2115 1269 2184 acquiescere
1313 2115 1486 2171 noluit
1523 2127 1579 2172 et
1605 2119 1894 2176 emendare

301 2200 575 2267 illicitum,
610 2204 936 2259 auctoritate
964 2204 1253 2275 iudiciaria
1280 2209 1530 2278 protinus
1551 2209 1887 2267 excludatur.

310 2291 566 2348 Aurelius
603 2294 891 2365 episcopus
939 2297 1096 2362 dixit,
1127 2306 1344 2353 servata
1390 2299 1565 2354 forma
1594 2301 1892 2371 disciplinae

302 2398 410 2437 non
437 2385 796 2441 aestimabitur
833 2390 1124 2458 appetitus,
1173 2390 1219 2445 si
1255 2400 1436 2446 vestra
1463 2393 1732 2450 charitate
1771 2411 1892 2451 mo-

303 2478 552 2545 destius,
601 2490 898 2535 conventus
956 2483 1211 2539 recedere
1267 2484 1655 2542 detractaverit
1691 2529 1706 2555 ,
1769 2505 1894 2546 cum

303 2563 468 2621 fuerit
494 2583 592 2623 suo
625 2578 937 2641 contemptu
983 2581 1038 2626 et
1076 2575 1417 2629 contumacia
1448 2575 1681 2633 faciente
1726 2581 1894 2636 etiam

303 2659 626 2715 auctoritate
645 2661 931 2732 iudiciaria
957 2677 1275 2722 conventus.
1306 2667 1613 2726 Honoratus
1637 2680 1694 2726 et
1720 2671 1894 2729 Urba-

303 2766 406 2806 nus
458 2752 695 2823 episcopi
745 2755 1044 2822 dixerunt,
1121 2758 1223 2813 hoc
1273 2759 1418 2814 enim
1466 2763 1742 2836 omnibus.
1773 2747 1891 2835 pla-

304 2852 413 2908 cet,
467 2843 535 2898 ab
583 2844 852 2900 universis
880 2847 1152 2918 episcopis
1181 2849 1386 2905 dictum
1423 2861 1530 2918 est,
1551 2851 1758 2922 justum
1787 2865 1890 2923 est,

300 2934 499 3003 placet.

372 3027 614 3084 XXXIX.
653 3028 958 3088 Honoratus
983 3040 1040 3088 et
1074 3032 1328 3092 Urbanus
1351 3038 1592 3109 episcopi
1616 3039 1888 3110 dixerunt,

302 3127 358 3175 ct
400 3119 529 3175 illud
557 3122 714 3178 nobis
758 3124 1072 3180 mandatum
1103 3136 1209 3194 est,
1245 3137 1304 3182 ut
1335 3131 1460 3200 quia
1489 3132 1752 3200 proximae
1777 3133 1891 3190 fra-

302 3219 413 3267 tres
431 3213 603 3268 nostri
618 3212 884 3271 Numidiae
903 3216 1011 3272 duo
1021 3210 1255 3291 episcopi
1270 3221 1525 3276 ordinare
1543 3237 1896 3296 praesumpse-

302 3312 429 3359 runt
476 3306 811 3375 pontiﬁcem,
843 3325 950 3366 non
1002 3311 1107 3367 nisi
1171 3329 1202 3368 a
1266 3314 1550 3371 duodecim
1621 3321 1890 3378 censeatis

300 3397 673 3467 episcoporum
703 3399 967 3457 celebrari
987 3403 1375 3461 ordinationes.
1398 3400 1655 3466 Aurelius
1682 3411 1888 3481 episco-

300 3487 383 3556 pis
407 3487 564 3552 dixit,
601 3487 776 3544 forma
815 3493 1036 3564 antiqua
1065 3496 1389 3564 servabitur,
1441 3506 1502 3554 ut
1553 3515 1659 3556 non
1708 3502 1888 3560 minus

299 3594 464 3650 quam
521 3589 632 3636 tres
682 3579 952 3640 sufﬁciant
1006 3586 1100 3656 qui
1148 3586 1350 3644 fuerint
1381 3605 1412 3644 a
1466 3593 1885 3662 metropolitano

300 3673 491 3729 directi
514 3674 581 3728 ad
611 3676 922 3748 episcopum
947 3679 1332 3748 ordinandum,
1356 3695 1642 3755 propterea
1672 3688 1801 3757 quia
1828 3689 1883 3744 in

299 3765 503 3837 Tripoli
527 3766 667 3823 forte
693 3776 749 3824 et
775 3769 990 3840 Arguze
1015 3772 1336 3842 interjacere
1363 3777 1616 3832 videntur
1638 3779 1887 3837 barbarae

297 3866 505 3928 gentes.
549 3857 683 3914 Nam
715 3861 769 3914 in
818 3861 1042 3933 Tripoli,
1074 3875 1134 3919 ut
1163 3869 1444 3934 asseritur,
1478 3871 1716 3942 episcopi
1761 3881 1888 3928 sunt

297 3953 538 4025 quinque
562 3957 934 4014 tantummodo
953 3967 1009 4012 et
1027 3971 1253 4029 possunt
1271 3960 1413 4018 forte
1434 3963 1501 4018 de
1524 3965 1643 4036 ipso
1663 3982 1888 4024 numero

296 4047 382 4103 vel
437 4048 542 4104 duo
594 4049 920 4105 necessitate
973 4051 1154 4122 aliqua
1201 4055 1488 4125 occupari,
1538 4056 1754 4115 diliicile
1805 4069 1887 4116 est

297 4143 443 4198 enim
457 4150 518 4197 ut
543 4142 608 4198 de
627 4142 865 4212 quolibet
886 4161 1114 4202 numero
1135 4161 1322 4203 omnes
1341 4149 1552 4218 possint
1574 4165 1881 4211 occurrere.

297 4233 553 4305 Nunquid
581 4235 742 4290 debet
763 4234 866 4291 hoc
896 4237 1072 4305 ipsum
1095 4237 1481 4308 impedimento
1499 4243 1884 4302 ecclesiasticae

296 4341 418 4382 esse
442 4326 698 4382 utilitati?
724 4325 861 4382 Nam
891 4337 946 4383 et
998 4328 1052 4383 in
1097 4330 1200 4385 hac
1242 4330 1486 4390 Ecclesia
1533 4333 1756 4407 dignata
1799 4346 1884 4392 est

297 4421 558 4477 sanctitas
585 4429 767 4476 vestra
796 4422 1105 4478 humaniter
1121 4425 1411 4480 convenire
1437 4427 1632 4482 crebro
1657 4443 1721 4483 ac
1746 4441 1883 4499 pene

295 4529 394 4584 per
418 4513 562 4568 diem
585 4513 919 4570 Dominicam
943 4515 1274 4571 ordinandas
1303 4517 1582 4574 habemus.
1607 4517 1883 4590 Nunquid-

298 4619 423 4660 nam
485 4603 800 4676 frequenter
846 4614 1037 4677 potero
1079 4606 1364 4663 duodecim
1413 4608 1500 4664 vel
1557 4609 1743 4665 decem
1795 4611 1880 4667 vel

1992 2021 2244 2079 Aurelius
2273 2024 2559 2094 episcopus
2581 2023 2715 2078 dixit
2745 2041 2757 2077 :
2782 2022 2858 2078 Ita
2887 2023 2984 2080 fiat
3005 2039 3230 2080 necesse
3257 2034 3360 2080 est.

2064 2111 2222 2168 XLII.
2259 2113 2554 2185 Epigonius
2579 2115 2864 2185 episcopus
2890 2115 3025 2170 dixit
3054 2133 3068 2169 :
3099 2114 3278 2171 Multis
3306 2115 3360 2170 in
3389 2115 3596 2171 conci-

1994 2201 2082 2259 liis
2111 2201 2216 2258 hoc
2243 2213 2508 2260 statutum
2551 2213 2636 2260 est
2678 2219 2710 2258 a
2749 2214 2894 2260 coetu
2920 2205 3276 2271 sacerdotali,
3305 2214 3366 2260 ut
3392 2205 3596 2276 plebes

1994 2310 2114 2364 quae
2129 2296 2180 2350 in
2198 2296 2524 2352 dioecesibus
2539 2297 2606 2351 ab
2620 2297 2889 2368 episcopis
2906 2306 3155 2353 tenentur
3167 2313 3286 2369 qua)
3298 2298 3596 2369 episcopos

1993 2403 2269 2457 nunquam
2300 2389 2643 2457 habuerunt,
2691 2404 2799 2443 non
2831 2389 2936 2444 nisi
2981 2404 3102 2445 cum
3145 2389 3424 2445 voluntate
3463 2391 3592 2459 ejus

1991 2483 2228 2552 episcopi
2259 2499 2288 2538 a
2315 2498 2422 2553 quo
2448 2491 2721 2550 tenentur,
2745 2484 2991 2554 proprios
3013 2484 3283 2555 accipiant
3305 2492 3580 2551 rectores,

1993 2573 2046 2629 id
2069 2583 2152 2629 est
2175 2574 2457 2644 episcopos
2481 2591 2495 2640 ;
2529 2585 2584 2629 at
2625 2589 2754 2630 vero
2783 2576 2909 2644 quia
2933 2575 3174 2631 nonnulli
3203 2578 3434 2646 quodam
3484 2577 3584 2632 do-

1992 2665 2202 2720 minatu
2246 2665 2440 2736 adepto
2483 2666 2919 2721 communionem
2966 2664 3197 2720 fratrum
3243 2665 3580 2733 abhorrent,

1992 2757 2078 2812 vel
2105 2765 2275 2823 certe,
2304 2773 2427 2812 cum
2449 2756 2645 2813 elevati
2673 2759 2892 2824 fuerint,
2924 2757 3077 2827 quasi
3102 2759 3155 2812 in
3194 2758 3427 2827 quadam
3453 2771 3584 2814 arce

1994 2849 2332 2918 tyrannicam
2363 2848 2467 2904 sibi
2504 2847 2924 2904 dominationem
2963 2848 3257 2914 vindicant,
3300 2849 3446 2918 quod
3466 2849 3583 2919 ple-

1993 2945 2148 3014 rique
2177 2942 2356 2999 stolidi
2407 2943 2666 2998 adversus
2695 2943 2979 3013 episcopos
3005 2957 3134 2998 suos
3176 2943 3418 2997 cervices
3471 2942 3582 2997 eri-

1994 3041 2128 3106 gunt
2163 3033 2493 3104 presbyteri,
2523 3033 2609 3088 vel
2659 3033 2925 3088 conviviis
2951 3033 3054 3088 sibi
3079 3032 3434 3088 conciliantes
3459 3032 3577 3103 ple-

1995 3127 2116 3182 bem
2166 3137 2227 3181 ut
2267 3142 2530 3195 persuasu
2572 3125 2808 3198 maligno
2847 3136 2902 3181 et
2923 3125 3112 3182 illicito
3149 3127 3365 3181 eosdem
3410 3125 3579 3181 velint

1996 3219 2100 3274 sibi
2125 3218 2393 3274 collocare
2425 3226 2696 3284 rectores,
2733 3218 2875 3288 quod
2903 3218 3121 3288 quidem
3151 3219 3360 3290 insigne
3381 3219 3577 3274 mentis

1919 3298 1964 3362 C
1997 3319 2100 3364 tuae
2159 3318 2408 3366 tenemus
2459 3318 2675 3376 votum,
2706 3308 2878 3364 frater
2928 3309 3176 3381 religiose
3204 3310 3422 3377 Aureli,
3447 3311 3576 3380 quia

1993 3401 2110 3456 haec
2135 3415 2276 3471 saepe
2329 3401 2645 3472 oppressisti
2686 3414 2794 3456 non
2818 3401 3058 3456 curando
3083 3401 3217 3456 tales
3245 3401 3535 3472 petitiones
3556 3443 3573 3470 ,

1991 3494 2087 3547 sed
2118 3503 2341 3563 propter
2369 3506 2555 3547 eorum
2582 3491 2754 3546 malos
2775 3493 3042 3562 cogitatus
3063 3501 3119 3546 et
3145 3507 3309 3562 prave
3354 3494 3576 3550 concin-

1991 3593 2117 3639 nata
2147 3584 2378 3640 concilia
2415 3585 2519 3640 hoc
2542 3584 2664 3640 dico
2689 3601 2795 3640 non
2819 3586 3015 3641 debere
3037 3595 3304 3643 rectorem
3329 3589 3575 3658 accipere

1990 3693 2108 3734 eam
2152 3677 2361 3748 plebem
2412 3693 2531 3748 quae
2570 3678 2626 3732 in
2649 3677 2871 3734 dioecesi
2896 3693 3108 3748 semper
3157 3680 3442 3750 subjacuit,
3475 3695 3574 3736 nec

1991 3785 2228 3840 unquam
2261 3769 2541 3841 proprium
2567 3770 2880 3841 episcopum
2913 3771 3138 3838 habuit,
3170 3781 3501 3844 quapropter
3527 3774 3572 3828 si

1991 3864 2243 3920 universo
2292 3863 2633 3920 sanctissimo
2671 3865 2902 3919 concilio
2927 3865 3228 3934 complacet
3277 3866 3381 3921 hoc
3430 3866 3575 3938 quod

1987 3965 2306 4029 prosecutus
2355 3972 2508 4023 sum,
2565 3958 2934 4012 confirmetur.
2965 3957 3216 4014 Aurelius
3287 3959 3572 4030 episcOpus

1989 4048 2166 4102 dixit:
2209 4045 2421 4102 Fratris
2454 4055 2510 4101 et
2550 4048 2952 4103 consacerdotis
3004 4049 3178 4104 nostri
3208 4050 3574 4120 prosecutioni

1987 4153 2097 4193 non
2121 4137 2327 4193 obsisto
2345 4178 2360 4204 ,
2406 4137 2498 4192 sed
2525 4136 2628 4192 hoc
2656 4151 2744 4192 me
2777 4135 3008 4197 fecisse.
3034 4147 3090 4194 et
3122 4137 3393 4195 facturum
3417 4141 3569 4210 esse',

1988 4227 2270 4286 conﬁteor.

2054 4321 2234 4379 XLIII.
2298 4321 2455 4380 Circa
2503 4337 2597 4380 eos
2648 4338 2781 4380 sane
2835 4323 2926 4396 qui
2984 4322 3187 4380 fuerint
3241 4325 3569 4392 concordes,

1986 4432 2090 4472 non
2113 4417 2284 4473 solum
2308 4417 2452 4472 circa
2468 4416 2765 4472 Ecclesiam
2785 4416 3291 4488 Carthaginensem,
3313 4419 3407 4473 sed
3423 4419 3570 4474 circa

1989 4522 2152 4564 omne
2185 4507 2525 4564 sacerdotale
2569 4509 2925 4564 consortium.
2970 4508 3110 4564 Sunt
3142 4509 3287 4564 enim
3327 4509 3570 4580 plerique

1987 4599 2364 4671 conspirantes
2392 4615 2515 4655 eum
2539 4600 2774 4670 propriis
2802 4600 3048 4672 plebibus
3066 4641 3081 4666 ,
3114 4616 3248 4671 quas
3271 4602 3567 4672 decipiunt,

297 4699 648 4754 multominus
695 4701 963 4755 advocare
989 4701 1291 4770 episcopos,
1323 4702 1419 4757 sed
1447 4700 1609 4758 facile
1639 4711 1721 4758 est
1749 4704 1884 4760 mihi

1994 4702 2047 4749 ut
2088 4693 2294 4750 dictum
2339 4701 2444 4760 est,
2489 4708 2676 4750 earum
2705 4671 3009 4764 scalpentes
3036 4709 3196 4750 aures
3216 4695 3284 4750 ad
3306 4671 3568 4752 sediueen-

299 4792 434 4847 duos
475 4791 766 4864 adjungere
817 4806 951 4846 mea
999 4792 1254 4861 parvitati
1304 4793 1590 4864 episcopos
1649 4795 1880 4864 vicinos,

298 4891 628 4953 quapropter
650 4884 824 4938 cernit
850 4898 1062 4939 mecum
1090 4883 1332 4939 charitas
1359 4893 1541 4963 vestra
1567 4885 1670 4944 hoc
1705 4887 1882 4958 ipsum

296 4975 574 5029 observari
605 4990 710 5030 non
732 4990 912 5044 posse.

368 5065 482 5120 XL.
513 5066 581 5120 Et
601 5067 732 5123 illud
753 5077 838 5123 est
865 5068 1232 5134 statuendum,
1262 5070 1558 5140 ntquando
1579 5069 1647 5124 ad
1680 5070 1883 5141 erigen-

297 5159 425 5213 dum
455 5156 767 5227 episeopum
804 5159 1218 5214 convenerimus
1271 5159 1317 5214 si
1363 5173 1469 5228 qua
1521 5160 1878 5215 contradictio

297 5250 463 5306 fuerit
489 5249 699 5310 oborta.
733 5250 860 5320 quia
905 5251 1030 5304 talia
1071 5251 1216 5304 facta
1265 5259 1391 5305 sunt
1441 5250 1581 5321 apud
1611 5265 1728 5316 nos,
1771 5265 1877 5305 non

295 5349 627 5414 prmsumant
669 5339 735 5394 ad
785 5341 1120 5410 purgandum
1172 5357 1293 5397 eum
1344 5341 1439 5412 qui
1466 5342 1750 5398 ordinatus
1795 5350 1880 5398 est

297 5441 410 5486 tres
423 5431 556 5500 jam,
573 5431 669 5485 sed
694 5429 1031 5500 postulentur
1047 5432 1114 5485 ad
1136 5443 1419 5488 numerum
1443 5433 1874 5502 supradictorum

297 5526 404 5581 duo
430 5524 515 5580 vel
542 5533 673 5591 tres,
703 5535 758 5579 et
785 5525 838 5578 in
865 5524 1050 5579 eadem
1101 5526 1256 5596 plebe
1305 5527 1390 5581 cui
1433 5527 1764 5583 ordinandus
1792 5537 1876 5584 est

298 5617 635 5674 discutiatur.
689 5616 873 5672 Primo
925 5631 1171 5687 persona:
1216 5619 1722 5686 contradicentium,
1774 5635 1873 5690 po-

297 5719 498 5766 stremo
539 5710 628 5764 illa
675 5709 838 5764 etiam
864 5725 984 5780 quae
1008 5707 1789 5780 objiciuntur~pertracteutur.
1821 5720 1878 5766 et

295 5821 419 5862 cum
445 5804 556 5875 80
583 5813 841 5875 purgatus
874 5804 1036 5859 fuerit
1062 5804 1161 5860 sub
1183 5814 1474 5872 conspectu
1515 5803 1754 5874 publico,
1799 5807 1873 5860 ita

300 5898 511 5951 domum
575 5896 874 5960 ordinetur,
924 5897 968 5951 si
1016 5896 1118 5952 hoc
1159 5910 1281 5951 cum
1330 5903 1523 5951 vestrae
1574 5897 1876 5956 sanctitatis

1986 4783 2115 4840 dum
2139 4785 2350 4842 vitiosae
2368 4786 2787 4850 vitaehomines,
2813 4785 2899 4842 vel
2924 4793 3074 4841 certe
3100 4785 3269 4841 inflati
3290 4795 3348 4842 et
3366 4788 3435 4842 ab
3465 4788 3568 4843 hoc

1991 4878 2266 4934 consortio
2311 4879 2580 4948 separati,
2610 4878 2702 4948 qui
2742 4886 2932 4948 putant
2969 4879 3197 4950 propriae
3231 4877 3374 4949 plebi
3417 4879 3570 4934 incu-

1985 4972 2242 5040 bandum,
2258 4980 2314 5028 et
2325 4987 2714 5041 nonnunquam
2726 4972 2974 5027 conventi
2997 4971 3066 5026 ad
3081 4972 3364 5028 concilium
3382 4972 3567 5028 venire

1986 5068 2262 5142 refugiunt
2283 5079 2339 5124 et
2381 5069 2705 5132 detractant,
2748 5083 2846 5123 sua
2874 5067 3015 5122 forte
3045 5081 3113 5122 ne
3135 5066 3435 5138 prodantur
3463 5066 3563 5120 fia-

1986 5162 2120 5234 gitia
2143 5169 2448 5215 metuentes
2467 5200 2483 5225 ,
2507 5160 2651 5225 dico,
2679 5159 2724 5214 si
2747 5157 2953 5230 placet,
2976 5165 3166 5213 contra
3188 5157 3289 5212 hos
3315 5171 3422 5212 non
3449 5165 3566 5210 tan-

1985 5263 2100 5310 tum
2131 5254 2394 5310 dioeceses
2441 5269 2548 5308 non
2580 5268 2702 5309 esse
2724 5251 3050 5316 servandas,
3075 5265 3262 5307 verum
3285 5251 3449 5305 etiam
3509 5259 3566 5304 ct

1983 5344 2052 5401 de
2085 5346 2305 5416 propria
2341 5343 2612 5410 Ecclesia,
2645 5359 2766 5414 quae
2813 5342 2919 5398 illis
2964 5341 3103 5396 male
3150 5341 3314 5396 fuerit
3340 5342 3561 5396 omnino

1984 5433 2358 5499 adnitendum,
2389 5441 2447 5486 ut
2463 5433 2627 5488 etiam
2655 5433 2977 5487 auctoritate
2998 5431 3209 5501 publica
3225 5430 3556 5501 rejiciantur,

1984 5533 2147 5596 atque
2175 5525 2243 5580 ab
2277 5525 2409 5597 ipsis
2435 5525 2825 5595 principalibus
2847 5524 3119 5581 cathedris
3148 5533 3556 5588 removeantur;

1983 5626 2197 5687 oportet
2222 5618 2364 5673 enim
2394 5625 2454 5671 ut
2493 5618 2583 5687 qui
2625 5617 2891 5672 universis
2919 5616 3178 5671 fratribus
3206 5631 3269 5670 ac
3301 5617 3399 5670 toti
3430 5632 3562 5671 con-

1982 5709 2109 5766 cilio
2139 5709 2450 5776 inhaeserit,
2481 5725 2588 5764 non
2609 5711 2780 5764 solum
2810 5724 2906 5764 sua
2927 5706 3050 5776 jure
3074 5709 3308 5776 integro,
3353 5706 3448 5761 sed
3505 5717 3561 5761 et

1981 5799 2243 5855 diteceses
2275 5799 2583 5870 possideat,
2635 5809 2690 5856 at
2728 5814 2859 5854 vero
2879 5798 2970 5868 qui
3001 5797 3215 5854 sibimet
3239 5795 3558 5868 putantple—

1979 5889 2076 5946 bes
2105 5906 2231 5946 suas
2259 5889 2502 5947 suﬂicere
2529 5889 2767 5948 fraterna
2799 5891 3086 5947 dilectione
3107 5896 3436 5958 contempta,
3460 5901 3558 5941 nec
