3910 6440
165 435 255 494 5'57

1306 423 1800 485 DECRETALIUM
1834 426 2240 486 COLLECTIO.

3291 437 3395 495 358

167 552 348 602 tantum
388 539 647 596 diteceses
669 538 942 606 amittant,
989 537 1106 606 sed,
1135 546 1198 596 ut
1224 537 1360 607 dixi,
1393 539 1558 596 etiam
1585 553 1713 610 pro-
1734 541 1789 605 Α
1808 538 2006 612 jusque
2035 540 2271 612 episcopi
2290 583 2305 608 ,
2337 541 2390 598 in
2419 543 2597 614 prima
2627 547 3002 604 tantummodo
3017 549 3394 609 conventione.

163 638 277 710 priis
312 632 516 705 publica
546 640 766 687 careant
809 631 1134 688 auctoritate
1155 672 1172 698 ,
1203 641 1267 688 ut
1297 631 1547 690 rebelles.
1598 631 1710 689 Hoc

166 735 368 785 noratus
395 732 448 780 et
485 723 732 780 Urbanus
761 723 1016 779 dixerunt
1034 725 1273 795 episcopi
1297 738 1314 779 :
1343 723 1566 781 Summa
1588 741 1714 797 pro-

160 819 278 876 visio
301 815 600 874 sanctitatis
620 823 725 872 tuae
744 816 967 872 cohaesit
990 816 1262 872 mentibus
1282 816 1640 890 singulorum,
1655 827 1712 875 et

159 918 271 982 puto
311 907 550 964 omnium
579 908 931 978 responsione
951 923 1016 964 ea
1039 923 1144 979 qua
1182 909 1436 980 prosequi
1462 911 1714 981 dignatus

159 1018 207 1058 es
232 999 522 1072 probanda.
555 1075 558 1077 Α
587 999 832 1056 Universi
865 1000 1108 1072 episcopi
1150 1001 1405 1058 dixerunt
1435 1020 1450 1057 :
1495 1001 1710 1070 Placet,

157 1095 325 1166 placet.

216 1184 382 1242 XLIV.
419 1185 715 1258 Epigonius
743 1185 1028 1258 episcopus
1061 1187 1231 1244 dixit:
1266 1186 1324 1243 In
1356 1187 1540 1244 multis
1569 1202 1706 1244 con-

156 1279 274 1337 ciliis
293 1279 392 1336 hoc
417 1287 680 1335 statutum
704 1289 817 1346 est,
847 1279 1014 1337 etiam
1037 1296 1184 1337 nunc
1205 1282 1309 1338 hoc
1334 1282 1710 1338 confirmatum

156 1381 224 1428 est
241 1379 409 1428 vestra
423 1374 788 1443 providentia,
811 1373 1011 1431 fratres
1027 1375 1360 1442 charissimi,
1379 1384 1437 1431 ut
1450 1375 1710 1432 clericum

157 1463 360 1519 alienum
379 1464 561 1520 nullus
587 1464 692 1520 sibi
714 1466 986 1536 praeripiat
1017 1468 1304 1538 episcopus
1327 1508 1342 1534 ,
1372 1477 1574 1538 praeter
1595 1467 1712 1538 ejus

155 1554 408 1609 arbitrium
427 1553 585 1624 cujus
620 1555 780 1611 fuerit
799 1557 1065 1624 clericus;
1091 1559 1212 1615 dico
1233 1569 1413 1615 autem
1435 1560 1711 1618 Julianum

154 1649 229 1719 qui
251 1649 485 1720 ingratus
512 1659 599 1706 est
626 1650 721 1707 Dei
746 1652 1027 1708 beneflciis
1051 1669 1147 1724 per
1176 1669 1355 1710 meam
1385 1656 1710 1726 parvitatem

151 1741 196 1796 in
217 1741 489 1798 secollatis
515 1743 594 1798 ita
622 1747 972 1801 temerarium
1016 1757 1072 1803 et
1114 1749 1373 1805 audacem
1401 1750 1706 1817 exstitisse,

153 1842 199 1886 ut
218 1847 326 1888 eum
347 1834 439 1905 qui
463 1849 496 1888 a
520 1850 610 1890 me
631 1835 937 1906 baptizatus
957 1848 1040 1895 est
1073 1855 1196 1895 cum
1223 1849 1365 1896 esset
1387 1856 1522 1912 puer
1549 1855 1710 1911 egen-

153 1922 383 1990 tissimus,
429 1925 565 1979 mihi
607 1927 675 1982 ab
723 1928 914 1983 eodem
969 1931 1426 1996 commendatum,
1476 1945 1709 2002 cumque

152 2015 303 2072 multis
330 2017 482 2073 annis
510 2033 539 2072 a
574 2033 664 2074 me
691 2019 928 2077 aleretur
961 2031 1124 2092 atque
1162 2024 1510 2091 incresceret,
1537 2025 1704 2091 hunc,

151 2115 197 2160 ut
218 2108 332 2172 dixi,
363 2109 700 2180 baptizatum
743 2113 799 2168 in
835 2113 1064 2170 ecclesia
1093 2131 1210 2171 mea
1227 2132 1324 2187 per
1346 2132 1562 2171 manum
1580 2133 1708 2187 par-

150 2197 454 2257 vitatis'meae
475 2213 718 2268 constat,
742 2205 883 2260 idem
902 2205 955 2260 in
977 2207 1195 2263 dioecesi
1214 2208 1523 2278 Appabensi
1540 2208 1710 2264 lector

149 2304 247 2347 esse
263 2307 512 2364 cmperat,
537 2296 651 2353 imo
680 2299 837 2354 annis
859 2297 1028 2354 ferme
1051 2301 1261 2356 duobus
1281 2301 1507 2373 legerat,
1523 2302 1709 2358 nescio

149 2399 234 2452 quo
259 2396 564 2460 contemptu
610 2391 930 2448 humilitatis
951 2408 1086 2448 meae
1113 2395 1254 2450 idem
1283 2395 1530 2451 Julianus
1565 2397 1706 2451 arri-

148 2476 450 2552 puitvqucm
485 2481 622 2538 dicit
665 2484 817 2554 quasi
849 2485 1124 2556 proprium
1154 2487 1325 2542 civem
1359 2487 1443 2542 sui
1469 2487 1574 2543 loci
1604 2487 1708 2543 Na-

150 2572 342 2629 zaritani
388 2591 475 2632 me
517 2577 828 2635 inconsulto
863 2594 1128 2651 usurpare
1151 2621 1166 2647 ,
1193 2597 1318 2636 nam
1343 2590 1399 2638 et
1421 2582 1706 2639 diaconum

150 2661 273 2717 illum
308 2666 604 2735 ordinavit,
636 2669 741 2726 hoc
768 2671 973 2728 scilicet
1002 2682 1212 2745 pareat,
1237 2675 1354 2731 haec
1375 2675 1590 2731 licentia
1611 2691 1706 2731 vo-

149 2751 232 2820 bis,
259 2757 552 2817 beatissimi
583 2761 802 2830 fratres,
839 2766 924 2821 sin
955 2767 1135 2826 minus
1160 2777 1271 2824 tam
1299 2768 1583 2840 impudens
1609 2787 1703 2828 co-

150 2848 386 2936 hibeatur,
434 2871 540 2912 nec
571 2872 632 2912 se
669 2859 896 2915 misceat
942 2862 1308 2918 communioni
1363 2863 1702 2936 cujusquam.

150 2933 395 2998 Numidius
440 2946 733 3016 episcopus
759 2947 939 3004 dixit:
972 2947 1031 3005 Si
1082 2966 1189 3007 non
1215 2933 1489 3024 postulata
1530 2933 1706 3026 neque

153 3034 366 3089 consulta
392 3046 481 3093 tua
504 3038 828 3110 dignatione
853 3042 906 3097 id
939 3043 1192 3100 videatur
1212 3045 1410 3103 fecisse
1431 3045 1700 3115 Julianus,

148 3119 418 3192 :udicamus
443 3145 641 3186 omnes
669 3132 853 3203 inique
875 3132 1079 3190 factum
1111 3145 1274 3207 atque
1303 3137 1542 3211 indigne,
1571 3155 1707 3212 qua-

148 3226 332 3284 propter
354 3220 456 3276 nisi
485 3221 633 3276 idem
663 3221 908 3280 Julianus
935 3228 1236 3282 correxerit
1257 3242 1500 3285 errorem
1522 3246 1700 3297 suum,

1819 631 1878 687 Si
1914 640 2096 687 autem
2122 631 2401 704 quodlibet
2421 635 2548 690 huic
2572 637 2688 692 sedi
2709 638 3087 695 vindicandum
3116 640 3276 697 fuerit
3295 644 3396 700 sibi

1815 723 2140 791 arbitratus,
2174 739 2395 780 necesse
2424 727 2593 783 habes
2619 737 2675 782 tu
2703 744 2891 786 omnes
2920 731 3191 789 Ecclesias
3211 733 3399 790 sufful-

1816 814 1945 870 cire.
1980 814 2131 871 Unde
2158 816 2254 871 tibi
2279 833 2385 872 non
2412 826 2738 900 potestatem
2764 823 2976 892 damus,
3002 826 3095 882 sed
3122 828 3285 883 etiam
3310 843 3402 884 as«-

1815 906 2092 977 signamus
2154 917 2214 964 ut
2261 910 2422 967 liceat
2464 913 2729 970 voluntati
2781 926 2886 974 tua:
2933 934 3149 991 semper
3211 930 3400 978 tenere

1813 1015 1976 1069 quem
2027 1001 2208 1069 voles,
2275 1013 2336 1059 ut
2384 1008 2704 1076 prmpositos
2748 1011 2996 1080 plebibus
3043 1013 3128 1069 vel
3151 1015 3401 1074 ecclesiis

1814 1094 2114 1151 constituas
2161 1098 2254 1168 qui
2290 1101 2544 1168 postulati
2569 1102 2802 1170 fuerint,
2839 1113 2896 1162 et
2916 1107 3059 1164 unde
3077 1109 3248 1165 voles.
3294 1111 3400 1167 Po-

1814 1187 2157 1246 sthumianus
2187 1191 2474 1262 episcopus
2515 1194 2697 1266 dixig:
2739 1196 2945 1254 Deinde
2991 1199 3085 1270 qui
3114 1217 3280 1257 unum
3303 1202 3398 1263 ha-

1814 1278 2010 1346 buerit,
2040 1282 2283 1351 nunquid
2309 1283 2470 1340 debet
2497 1285 2548 1339 ei
2589 1301 2730 1342 unus
2769 1289 3051 1360 presbyter
3077 1289 3192 1360 ipse
3221 1290 3400 1347 aufer-

1814 1372 1896 1427 ri?
1946 1373 2196 1431 Aurelius
2245 1377 2532 1450 episcopus
2585 1379 2768 1436 dixit:
2801 1382 2908 1437 Sed
2949 1384 3239 1456 episcopus
3259 1401 3402 1442 unus

1813 1479 1932 1520 esse
1977 1475 2183 1537 potest,
2214 1485 2312 1540 per
2341 1486 2500 1540 quem
2533 1472 2846 1544 dignatione
2889 1475 3072 1532 divina
3098 1477 3402 1550 presbyteri

1813 1557 1968 1612 multi
2003 1560 2259 1616 constitui
2286 1572 2532 1634 possunt,
2563 1580 2702 1620 unus
2742 1573 2926 1622 autem
2950 1568 3234 1640 episcopus
3259 1567 3400 1624 diffi-

1813 1648 1916 1706 cile
1944 1651 2216 1706 invenitur
2244 1654 2694 1723 constituendus;
2725 1666 3054 1728 quapropter
3075 1659 3122 1714 si
3145 1673 3401 1715 necessa-t

1811 1741 1954 1796 rium
1983 1741 2312 1812 episcopatui
2335 1744 2458 1815 quis
2485 1745 2650 1801 habet
2675 1747 3101 1818 presbyterium,
3126 1757 3182 1804 et
3209 1763 3399 1816 unum,

1811 1840 1874 1886 ut
1893 1831 2101 1899 dixisti,
2122 1831 2313 1900 frater,
2339 1835 2606 1900 habuerit,
2631 1844 2687 1890 et
2705 1835 2880 1906 ipsum
2901 1837 2970 1891 ad
3001 1838 3402 1907 promotionem

1736 1913 1782 1975 Β
1811 1924 1940 1978 dare
1956 1923 2190 1979 debebit.
2221 1924 2641 1981 Posthumianus
2666 1926 2954 1997 episcopus
2979 1927 3114 1983 dixit
3139 1946 3153 1983 :
3189 1927 3331 2000 Ergo
3351 1928 3399 1985 si

1812 2014 1977 2070 habet
1998 2014 2135 2071 alius
2155 2016 2493 2073 abundantes
2515 2017 2762 2083 clericos,
2787 2018 2948 2074 debet
2967 2019 3100 2074 mihi
3124 2017 3226 2073 alia
3246 2019 3400 2090 plebs

1812 2109 2124 2165 subvenire.
2145 2109 2400 2165 Aurelius
2420 2110 2706 2180 episcopus
2743 2110 2880 2168 dixit
2906 2129 2918 2165 :
2962 2110 3108 2167 Sane
3130 2111 3400 2182 quomodo

1814 2201 2055 2258 ecclesia:
2095 2201 2322 2257 alterius
2365 2209 2424 2256 tu
2469 2201 2810 2268 subveneris,
2858 2201 3276 2273 persuadebitur
3323 2199 3401 2256 illi

1811 2296 1904 2367 qui
1931 2296 2114 2367 plures
2155 2294 2320 2352 habet
2343 2295 2603 2362 clericos,
2630 2306 2691 2352 ut
2715 2311 2882 2351 unum
2916 2296 3014 2352 tibi
3043 2295 3402 2354 ordinandum

1811 2385 2098 2458 largiatur.

1883 2479 2066 2536 XLVI.
2107 2479 2415 2537 Honoratus
2443 2490 2499 2537 et
2536 2481 2792 2538 Urbanus
2830 2482 3072 2553 episcopi
3101 2481 3396 2538 dixerunt:

1809 2572 2134 2628 Audivimus
2165 2573 2522 2630 constitutum
2566 2583 2627 2630 ut
2656 2574 2919 2632 dimceses
2946 2590 3052 2632 non
3089 2585 3400 2633 mereantur

1811 2665 2122 2736 episcopum
2163 2666 2438 2736 accipere,
2467 2667 2571 2722 nisi
2591 2683 2714 2724 cum
2735 2684 3006 2726 consensu
3029 2669 3145 2740 ejus
3170 2671 3271 2726 sub
3291 2685 3402 2741 quo

1810 2760 2012 2818 fuerint
2032 2749 2366 2827 cénstitutaa,
2391 2762 2485 2818 sed
2499 2763 2554 2818 in
2569 2764 2848 2834 provincia
2877 2773 3062 2821 nostra
3083 2780 3208 2821 cum
3235 2763 3399 2835 aliqui

1812 2851 1954 2908 forte
1978 2852 2032 2907 in
2058 2853 2302 2922 dioecesi,
2333 2855 2666 2911 concedente
2685 2870 2752 2912 eo
2782 2857 3034 2928 epise0po
3055 2855 3109 2911 in
3134 2855 3289 2927 cujus
3309 2871 3399 2927 po-

1809 2954 2009 3002 testate
2054 2945 2274 3002 fuerant
2317 2949 2650 3016 constitutae,
2672 2949 2909 3006 ordinati
2958 2956 3086 3005 sunt
3124 2948 3396 3020 episcopi,

1809 3037 1972 3093 etiam
1998 3037 2264 3095 dimceses
2291 3039 2396 3096 sibi
2423 3040 2744 3108 vindicant,
2771 3041 2877 3098 hoc
2899 3049 2956 3097 et
2981 3041 3182 3113 corrigi
3223 3040 3400 3097 chari-

1811 3132 1938 3187 tatis
1957 3140 2154 3188 vestrae
2173 3133 2379 3204 judicio
2398 3143 2454 3191 et
2473 3135 2712 3191 inhiberi
2742 3136 2810 3192 de
2835 3145 3035 3192 caetero
3063 3135 3242 3192 debet.
3277 3135 3399 3206 Epi-

1809 3225 2003 3294 genius
2035 3225 2326 3296 episcopus
2353 3226 2528 3282 dixit:
2553 3227 2794 3298 Singulis
2820 3228 3093 3300 episcopis
3122 3235 3399 3283 servatum

145 3320 189 3365 ct
219 3328 327 3368 cum
370 3315 749 3375 satisfactione
792 3321 1042 3376 eumdem
1085 3321 1344 3378 clericum
1376 3333 1560 3394 'quem
1600 3325 1699 3380 fuit

1807 3293 1896 3372 est
1924 3293 2085 3387 quod
2098 3293 2351 3385 decebat,
2374 3328 2435 3374 ut
2456 3333 2525 3374 ex
2566 3293 2747 3376 massa
2787 3293 3103 3378 dioecesium
3131 3321 3274 3376 nulla
3302 3336 3397 3374 ca-

146 3417 280 3461 ausus
297 3409 572 3475 ordinare,
589 3411 930 3468 revocaverit
957 3422 1063 3468 tuae
1079 3413 1251 3484 plebi,
1275 3423 1468 3471 contra
1497 3425 1702 3474 statuta

144 3499 329 3556 concilii
375 3503 617 3570 faciens,
665 3506 1006 3561 contumacia
1037 3521 1133 3561 sua
1163 3516 1450 3576 separatus
1489 3523 1520 3562 a
1543 3509 1704 3566 nobis

145 3592 348 3664 excipiet
376 3596 669 3668 judicium.
706 3598 1003 3670 Epigonius
1030 3584 1320 3669 episcopus
1344 3600 1512 3667 dixit,
1540 3609 1703 3660 aetate

143 3693 271 3750 pater
295 3697 346 3743 et
371 3689 483 3759 ipsa
519 3691 860 3760 promotione
895 3690 1312 3760 antiquissimus
1349 3691 1455 3758 vir,
1512 3691 1701 3749 lauda-

141 3775 240 3832 bilis
259 3778 420 3837 frater
445 3793 504 3838 et
535 3781 739 3854 collega
759 3790 947 3837 noster
968 3782 1156 3838 Victor
1173 3782 1289 3838 vult
1311 3784 1454 3841 hanc
1478 3783 1698 3855 petitio-

141 3883 240 3923 nem
260 3874 564 3941 generalem
592 3875 844 3930 omnibus
867 3872 1027 3931 efIici.

195 3961 334 4020 XLV.
370 3966 628 4022 Aurelius
650 3967 936 4038 episcopus
956 3969 1128 4024 dixit:
1165 3969 1485 4027 Sermonem
1514 3986 1696 4028 meum

137 4049 370 4111 admittite
389 4097 403 4123 ,
433 4056 670 4124 fratres;
712 4058 977 4129 contingit
1003 4073 1391 4132 nonnunquam
1415 4071 1474 4117 ut
1499 4074 1690 4136 postu-

137 4140 285 4200 lentur
315 4149 380 4204 ab
401 4149 651 4206 ecclesiis
699 4166 821 4220 quae
853 4151 1158 4221 praepositis
1182 4162 1344 4224 egent
1376 4154 1463 4211 vel
1487 4158 1696 4227 episco-

135 4234 203 4302 pis
225 4238 302 4292 vel
322 4241 656 4312 presbyteris
678 4282 693 4308 ,
743 4251 798 4298 et
823 4251 1007 4297 tamen
1032 4259 1245 4299 memor
1272 4254 1598 4304 statutorum
1640 4251 1694 4307 id

136 4342 305 4398 sequor
334 4342 389 4387 ut
411 4334 734 4389 conveniam
757 4335 1070 4411 episcopum
1098 4335 1234 4407 ejus,
1266 4347 1428 4410 atque
1449 4341 1498 4395 ei
1521 4341 1693 4397 incul-

135 4435 232 4477 cem
245 4427 379 4494 quod
398 4427 518 4498 ejus
541 4427 770 4484 clericus
791 4443 820 4482 a
849 4429 1092 4502 qualibet
1112 4429 1337 4486 ecclesia
1361 4434 1689 4503 postuletur,

135 4515 210 4569 sed
231 4517 358 4577 forte
388 4521 442 4576 in
465 4522 732 4578 hodierno
745 4536 851 4577 non
874 4522 1123 4578 reluctati
1148 4533 1294 4590 sunt,
1311 4532 1369 4580 et
1387 4541 1454 4581 ne
1473 4527 1690 4597 quando

133 4612 378 4684 contingat
405 4625 466 4670 ut
499 4615 835 4670 reluctentur
871 4631 994 4670 cum
1026 4614 1228 4670 fuerint
1278 4631 1309 4670 a
1351 4631 1439 4671 me
1484 4617 1539 4672 in
1585 4618 1689 4674 hac

133 4720 270 4761 causa
299 4709 552 4778 postulati
575 4725 735 4780 quem
762 4708 915 4764 scitis
939 4708 1231 4764 multarum
1254 4709 1610 4766 ecclesiarum
1634 4719 1691 4766 et

133 4795 526 4858 ordinandorum
555 4819 778 4859 causam
805 4802 1092 4858 sustinere.
1129 4799 1342 4857 Justnm
1365 4809 1451 4858 est
1476 4817 1609 4873 ergo
1630 4811 1690 4858 ut

132 4895 396 4959 quemlibet
429 4896 879 4952 consacerdotum
913 4895 1231 4950 conveniam
1259 4910 1381 4949 cum
1423 4895 1633 4950 duobus
1659 4913 1690 4952 e

134 4992 376 5045 consortio
396 5000 585 5046 nostro
600 4991 682 5044 vel
706 4989 878 5043 tribus
901 4989 1160 5053 testibus;
1187 4988 1233 5043 si
1253 5003 1382 5044 vero
1407 4989 1689 5045 indevotus

135 5080 406 5148 exstiterit,
453 5081 581 5151 quid
611 5089 798 5135 censet
835 5079 1074 5134 charitas
1111 5088 1292 5133 vestra
1336 5076 1690 5134 faciendum?

133 5182 215 5238 ego
233 5173 365 5228 enim
388 5181 704 5230 cunctarum
740 5170 1104 5226 Ecclesiarum
1134 5169 1447 5240 dignatione
1475 5169 1597 5236 Dei,
1623 5177 1684 5224 ut

134 5263 278 5330 scitis,
299 5265 490 5323 fratres
508 5309 522 5333 ,
545 5265 962 5322 sollicitudinem
984 5263 1244 5318 sustineo.
1261 5260 1546 5318 Numidius
1559 5263 1680 5334 epi-

135 5369 302 5426 scopus
322 5359 454 5415 dixit
482 5377 495 5414 :
528 5358 653 5413 Fuit
684 5359 798 5412 haec
841 5370 1054 5425 semper
1081 5353 1303 5410 licentia
1343 5353 1469 5409 huic
1517 5353 1680 5421 sedi,

135 5449 253 5503 unde
269 5451 425 5507 vellet
447 5462 500 5507 et
521 5450 587 5505 de
608 5449 761 5520 cujus
783 5447 998 5502 nomine
1028 5445 1236 5502 finisset
1258 5453 1558 5501 conventus
1579 5460 1681 5516 pro

137 5539 374 5598 desiderio
422 5542 680 5614 cujusque
731 5539 991 5596 Ecclesiae
1017 5538 1294 5594 ordinaret
1341 5539 1676 5609 episcopum.

139 5629 397 5701 Epigonius
419 5637 698 5705 episcopus
726 5633 862 5688 dixit
890 5650 902 5686 :
929 5630 1149 5686 Bonitas
1175 5637 1482 5700 sequestrat
1509 5631 1683 5700 possi-

138 5719 388 5781 bilitatem.
414 5727 586 5783 Minus
612 5727 756 5782 enim
788 5723 1108 5796 praesumis,
1149 5722 1339 5786 frater,
1372 5731 1428 5777 et
1471 5738 1596 5802 cum
1629 5732 1682 5778 te

138 5812 311 5872 bonum
327 5827 381 5874 et
399 5819 714 5876 clementem
729 5819 980 5874 omnibus
1001 5816 1203 5882 reddis,
1226 5815 1394 5873 habes
1407 5816 1549 5871 enim
1577 5817 1683 5873 hoc

139 5904 186 5961 in
209 5909 447 5980 arbitrio,
488 5913 620 5971 satis
657 5918 743 5968 est
786 5919 846 5968 ut
871 5908 1106 5966 satisfiat
1150 5923 1398 5980 personae
1422 5908 1682 5968 uniuscu-

1718 4667 1772 4728 D

1803 3420 2047 3488 peretur,
2085 3419 2146 3468 ut
2165 3412 2447 3484 proprium
2481 3413 2795 3484 episcopum
2826 3414 3125 3481 habuisset;
3149 3414 3255 3468 nisi
3283 3413 3398 3483 ipse

1803 3520 2131 3561 consensum
2162 3505 2504 3562 adhibuisset
2529 3506 2859 3563 concedendi
2879 3547 2894 3571 ,
2925 3504 3156 3562 sufﬁciat
3180 3505 3324 3561 enim
3348 3505 3396 3560 si

1801 3597 2143 3654 consenserit
2187 3604 2250 3652 ut
2279 3598 2470 3654 eadem
2513 3597 2766 3654 diacesis
2809 3597 3072 3669 permissa
3115 3597 3396 3669 proprium

1803 3697 2010 3743 tantum
2039 3688 2350 3760 episcopum
2392 3688 2592 3745 habeat
2626 3729 2642 3756 ,
2666 3697 2720 3745 et
2767 3697 2992 3744 caeteras
3012 3687 3116 3744 sibi
3145 3701 3252 3743 non
3277 3687 3394 3743 vin-

1800 3780 1946 3836 dicet
1972 3779 2254 3847 diteceses,
2271 3795 2392 3850 quae
2411 3790 2663 3850 exempta
2691 3781 2758 3836 de
2784 3779 2931 3835 fasce
2955 3779 3248 3834 multarum
3277 3779 3394 3835 sola

1709 3914 1711 3917 -
1797 3873 1996 3929 meruit
2019 3873 2281 3930 honorem
2306 3874 2640 3946 apostolatus
2663 3876 2959 3944 suscipere.
2986 3873 3240 3930 Aurelius
3277 3873 3392 3946 epi-

1800 3981 1998 4036 scopus
2040 3966 2220 4023 dixit:
2247 3965 2365 4023 Non
2394 3967 2582 4023 dubito
2620 3966 2875 4022 charitati
2912 3973 3106 4022 vestrae
3147 3965 3392 4022 omnium

1797 4057 2014 4126 placere
2059 4071 2182 4112 eum
2241 4057 2335 4128 qui
2387 4056 2443 4111 in
2497 4056 2719 4113 dioecesi
2770 4056 3102 4113 concedente
3139 4056 3392 4128 episcopo

1796 4149 2082 4204 matricem
2121 4149 2316 4216 tenuit,
2353 4149 2527 4205 solam
2561 4151 2810 4206 eamdem
2834 4150 3070 4206 retinere
3095 4147 3306 4220 plebem
3335 4150 3390 4206 in

1795 4254 1902 4310 qua
1931 4239 2036 4294 fuit
2063 4239 2368 4296 ordinatus.

1865 4332 2066 4389 XLVII.
2109 4334 2242 4389 Item
2266 4335 2490 4406 placuit,
2517 4343 2577 4392 ut
2608 4346 2810 4408 praeter
2841 4339 3142 4408 scripturas
3169 4338 3391 4394 canoni-

1795 4443 1889 4485 cas
1934 4427 2068 4483 nihil
2115 4427 2172 4482 in
2204 4427 2433 4484 ecclesia
2460 4428 2671 4500 legatur
2693 4432 2793 4487 sub
2833 4433 3052 4488 nomine
3081 4432 3387 4489 divinarum

1795 4522 2218 4592 Scripturarutn.
2239 4520 2378 4576 Sunt
2391 4531 2571 4578 autem
2586 4511 2860 4582 canonica:
2881 4527 3182 4597 scripturae,
3201 4525 3253 4581 id
3276 4533 3384 4592 est,

1793 4617 2000 4688 primus
2023 4617 2270 4682 Genesis,
2297 4620 2566 4675 secundus
2594 4619 2832 4686 Exodus,
2856 4621 3055 4678 tertius
3079 4619 3350 4676 Leviticus
3368 4657 3382 4683 ,

1794 4719 2022 4780 quartus
2082 4709 2338 4777 Numeri,
2383 4711 2608 4781 quintus
2635 4712 3150 4776 Deuteronomium,
3199 4718 3386 4764 sextus

1791 4803 1917 4860 Jesn
1944 4803 2124 4872 Nave,
2157 4807 2423 4877 septimus
2444 4804 2726 4875 Judicum,
2756 4817 2979 4862 octavus
3003 4805 3178 4870 Ruth,
3210 4819 3382 4861 nonus

1791 4894 1999 4966 Regum
2070 4895 2192 4951 libri
2241 4897 2299 4962 4,
2350 4897 2797 4968 Paralipomenon
2867 4896 2988 4951 libri
3058 4895 3202 4960 duo,
3281 4894 3381 4950 Job

1791 5002 1954 5053 unus,
1980 4985 2304 5042 Psalterium
2334 4987 2661 5052 Daviticum,
2694 4985 3001 5042 Salomonis
3024 4985 3147 5041 libri
3175 4984 3229 5053 5,
3255 4984 3380 5040 libri

1793 5079 2076 5134 duodecim
2102 5080 2486 5151 prophetarum
2507 5121 2521 5145 ,
2549 5080 2713 5135 Isaias
2733 5120 2748 5145 ,
2775 5078 3042 5135 Jeremias
3059 5119 3076 5141 ,
3106 5079 3377 5145 Ezechiel,

1793 5170 2001 5236 Daniel,
2020 5170 2239 5237 Tobias,
2256 5171 2462 5240 Judith,
2478 5173 2692 5237 Esther,
2709 5171 2893 5227 Esdra:
2908 5171 3031 5228 libri
3051 5172 3106 5239 2,
3129 5171 3376 5228 Machab.

1794 5263 1916 5317 libri
1957 5262 2012 5328 2,
2056 5262 2188 5318 Novi
2237 5272 2416 5318 autem
2452 5263 2781 5318 Testamenti
2827 5263 2915 5330 27,
2962 5263 3379 5335 Evangeliornm

1790 5353 1912 5409 libri
1934 5353 1990 5418 4,
2017 5352 2249 5409 Actuum
2283 5354 2650 5424 apostolorum
2703 5355 2840 5410 liber
2862 5371 3022 5422 unus,
3059 5355 3210 5412 Pauli
3241 5371 3374 5426 apo-

1790 5445 1912 5501 stoli
1963 5444 2214 5514 Epistolaa
2243 5445 2332 5507 M,
2378 5443 2618 5512 ejusdem
2650 5445 2718 5500 ad
2749 5445 3006 5502 Hebraeos
3036 5463 3177 5512 una,
3229 5445 3376 5501 Petri

1786 5538 2016 5609 apostoli
2042 5538 2195 5604 dum,
2245 5537 2471 5592 Joannis
2495 5539 2723 5609 apostoli
2768 5548 2912 5607 tres,
2953 5539 3106 5597 Judaa
3147 5537 3374 5609 apostoli

1787 5647 1892 5687 una
1911 5671 1927 5698 ,
1958 5638 2013 5686 et
2032 5629 2219 5686 Jacobi
2265 5645 2368 5684 una
2390 5669 2406 5696 ,
2446 5631 2796 5705 Apocalypsis
2823 5633 3048 5688 Joannis
3070 5631 3208 5686 liber
3233 5646 3374 5686 unus

1786 5723 1879 5794 qui
1902 5732 2027 5779 sunt
2050 5722 2142 5789 27,
2177 5722 2281 5778 hoc
2308 5723 2473 5778 etiam
2490 5723 2644 5779 fratri
2675 5733 2732 5778 et
2762 5722 3142 5779 consacerdoti
3184 5730 3374 5776 nostro

1785 5817 2090 5881 Bonifacio,
2149 5816 2234 5873 vel
2285 5817 2407 5873 aliis
2438 5834 2626 5874 earnm
2665 5819 2900 5889 partium
2951 5815 3218 5887 episcopis
3272 5828 3372 5885 pro

1784 5909 2154 5968 confirmando
2200 5911 2305 5970 isto
2333 5927 2542 5970 canone
2565 5912 2888 5978 innotescat,
2916 5909 3044 5982 quia
3074 5926 3103 5966 a
3129 5907 3371 5979 patribus
