3834 5428
486 402 594 462 339
1333 404 1617 459 APPEND.
1645 403 1736 460 AD
1766 402 1940 461 SEC.
1969 400 2065 463 IX.
2101 430 2173 451 ι·-
2204 400 2455 464 lSlDORl
2482 402 2920 464 MERCATORIS
3633 409 3714 466 310

489 515 596 571 ista
626 511 934 586 accepimus
959 511 1014 569 in
1042 512 1271 571 ecclesia
1306 514 1556 587 legenda,
1589 517 1749 574 liceat
1776 519 1943 575 etiam
1966 518 2075 593 legi
2102 522 2155 586 Α
2177 520 2262 579 vel
2288 520 2598 594 Quicunque
2643 524 2827 579 clerici
2854 524 2948 596 qui
2982 523 3118 581 nihil
3137 520 3404 582 lisbmtes
3420 524 3718 594 ordinantur,

496 606 783 679 passiones
817 614 1119 680 martyrum
1162 620 1289 665 eum
1331 608 1689 668 anniversarii
1731 611 1844 669 dies
1892 624 2081 671 eorum
2183 620 2240 672 et
2271 620 2515 686 tempore
2553 615 3003 687 episcopatusz
3031 615 3322 673 clericatus
3363 617 3449 674 sui
3491 618 3720 689 agrosrd

494 701 859 758 celebrentur.
2184 714 2519 777 quantique
2543 706 2746 778 praedia
2774 706 2993 764 nomine
3036 718 3137 763 suo
3160 714 3480 779 comparant
3503 717 3718 777 tanquam

569 793 797 851 XLVIII.
837 792 1048 850 Placuit
1093 802 1153 850 ut
1192 796 1541 854 consulamus
1586 796 1786 856 fratres
1807 805 1864 856 et
1886 810 2084 856 consa-
2186 802 2369 853 rerum
2399 796 2702 853 divinarum
2734 798 3037 856 invasionls
3073 799 3305 856 crimine
3324 807 3620 866 teneam,

498 887 749 943 cerdotes
792 894 1011 943 nostros
1040 884 1295 944 Sit-icium
1334 894 1391 945 et
1421 887 1833 962 Simplicianum
1860 890 1928 947 de
1955 889 2086 948 solis
2186 886 2449 945 admoniti
2479 889 2722 946 ecclesiae
2746 891 2936 949 eadem
2968 891 3082 962 ipsa
3127 891 3478 948 contulerint.
3504 891 3721 947 Biantem

501 977 802 1034 infantibus
860 979 954 1050 qui
985 979 1333 1051 baptizantur
1365 996 1534 1052 penes
1573 985 1793 1038 eosdem
1839 1000 1910 1040 ne
1940 985 2086 1055 quod
2187 982 2321 1054 ipsis
2343 983 2565 1053 proprie
2605 980 2807 1054 aliquid
2827 982 3155 1041 liberelitste
3180 982 3414 1052 alicuius
3442 983 3526 1038 vel
3549 998 3723 1039 suctu.

500 1083 600 1125 suo
620 1082 725 1123 non
749 1068 1200 1142 fecsrintjudicio
1211 1086 1334 1129 cum
1357 1072 1425 1129 ad
1449 1074 1750 1130 Ecclesiam
1766 1076 1861 1130 Dei
1883 1075 2087 1132 salubri
2188 1078 2342 1133 sione
2385 1077 2719 1148 cognationis
2746 1077 2987 1143 venerit,
3021 1076 3227 1133 faciant
3254 1076 3381 1132 inde
3409 1076 3551 1146 quod
3579 1084 3724 1130 cornu

497 1161 778 1232 proposito
817 1161 1021 1218 fuerim
1047 1163 1321 1233 conveni,
1341 1172 1627 1235 parentum
1654 1166 1759 1221 illis
1791 1180 1947 1223 error
1992 1168 2091 1222 im-
2186 1170 2467 1242 preposito
2483 1170 2751 1242 congruit.
2770 1163 2927 1238 Quod
2949 1169 2995 1227 si
3012 1183 3042 1224 a
3058 1182 3159 1225 suo
3169 1166 3451 1240 proposito
3476 1174 3725 1222 retrorsum

498 1250 682 1324 pediat
709 1268 779 1308 ne
800 1254 1172 1325 provehantur
1205 1256 1349 1311 sacri
1373 1256 1564 1313 altaris
1591 1257 1860 1323 ministri,
1893 1259 2090 1331 quibus
2188 1265 2633 1333 etorbitaverint,
2658 1266 2866 1322 honore
2885 1260 3259 1323 ecclesiastico
3278 1263 3487 1335 indigni
3514 1271 3726 1333 tanquam

500 1344 720 1400 insertis
747 1344 1055 1405 Honoratus
1088 1355 1144 1402 et
1172 1345 1422 1404 Urbanus
1463 1349 1701 1421 episcopi
1730 1391 1746 1418 ,
1776 1349 1936 1422 legati
1960 1366 2091 1423 pro-
2189 1358 2407 1432 reprobi
2432 1358 2770 1429 iudicentur.

500 1438 694 1493 vincite
720 1437 1061 1495 Mauritaniae
1084 1438 1379 1507 Sitifensis,
1411 1443 1703 1499 dixerunt:
1737 1443 1857 1499 Iam
1889 1446 2091 1501 dudum

501 1542 624 1583 cum
659 1530 801 1599 apud
842 1532 1188 1586 sanctitatem
1218 1540 1455 1588 vestram
1478 1535 1837 1606 allegaremus
1865 1536 2090 1607 scripta,

500 1618 655 1673 dilati
697 1632 885 1677 sumus
909 1635 972 1677 ea
1017 1625 1478 1694 contemplatione
1501 1627 1647 1696 quod
1680 1626 1883 1684 fratres
1919 1628 2093 1685 nostri

502 1712 765 1770 advenire
798 1721 1032 1786 possent
1078 1717 1147 1772 de
1185 1716 1438 1775 Numidia
1476 1720 1671 1793 legati,
1703 1722 1797 1776 sed
1826 1720 1951 1792 quia
1982 1732 2090 1777 non

500 1807 655 1874 parvi
681 1808 796 1861 dies
826 1817 951 1864 sunt
976 1808 1173 1879 quibus
1202 1813 1502 1883 exspectati
1559 1813 1783 1868 minime
1826 1822 2093 1868 venerunt

501 1900 645 1954 ultra
700 1903 1121 1973 praetermittere
1156 1920 1277 1977 quae
1301 1906 1457 1962 nobis
1485 1906 1739 1962 mandata
1782 1914 1906 1963 sunt
1936 1922 1967 1962 a
1993 1922 2091 1964 no-
2119 1900 2167 1966 B

503 1993 636 2048 stris
659 1994 993 2067 coepiscopis
1014 2012 1122 2053 non
1140 2005 1374 2068 oportet,
1397 1999 1715 2070 atqueideo,
1734 2000 1951 2063 fratres,
1967 2014 2091 2071 sug-

503 2086 802 2158 gestionem
846 2098 1091 2145 nostram
1119 2089 1353 2147 libenter
1378 2090 1676 2161 admittite,
1704 2092 1775 2150 de
1816 2093 1921 2147 title
1945 2094 2089 2149 enim

504 2168 707 2235 Νξοωηί
740 2186 1004 2238 tractatus
1025 2181 1330 2240 audivimus
1354 2224 1370 2252 ,
1413 2198 1603 2240 verum
1628 2188 1684 2242 et
1710 2182 1779 2241 de
1808 2185 2094 2241 sacrificiis

500 2266 814 2330 inhibendis
866 2284 991 2347 post
1015 2276 1333 2348 prandium,
1384 2285 1446 2332 ut
1488 2291 1518 2332 a
1554 2276 1775 2349 jejunis,
1808 2277 1949 2334 sicut
1976 2277 2091 2334 dic~

506 2372 619 2418 tum
645 2374 748 2431 est,
778 2365 1100 2434 oﬂ'erantur,
1125 2377 1180 2424 et
1201 2377 1330 2426 tunc
1352 2378 1406 2425 et
1427 2385 1570 2426 nunc
1585 2370 1964 2426 confirmatum
1988 2372 2093 2427 est.
2436 2365 2482 2370 ﬂ
2519 2365 2967 2439 ijﬂrﬂvr...
2990 2365 3007 2368 ⁷
3027 2365 3044 2367 ἡ
3200 2365 3236 2439 ,ξ
3265 2437 3275 2439 _
3302 2365 3342 2439 κ.

577 2422 763 2513 thx'.
806 2455 1020 2515 placui;
1051 2422 1113 2516 u'.
1164 2422 2096 2537 ,,‘,,,;’c;,,‘,,‘fggsgggjgggo'pg;
2521 2424 2751 2497 Explicit
2778 2423 3064 2483 concilium
3090 2422 3538 2494 Carthaginense.

2261 1456 2337 1531 Li.“
2362 1473 2614 1531 Aurelius
2654 1472 2940 1548 episcOpus
2964 1464 3139 1529 dixit:
3170 1468 3441 1543 Quoniam
3474 1467 3732 1544 igituruni-

2190 1582 2347 1625 versa
2371 1564 2609 1624 arbitror
2632 1564 2800 1625 fuisse
2822 1570 3089 1632 tractata,
3136 1563 3181 1621 si
3212 1564 3395 1621 omnia
3433 1576 3557 1625 cum
3596 1563 3732 1618 animo

2191 1669 2374 1718 vestro
2391 1669 2785 1726 convenerunt,
2800 1672 3053 1716 sermone
3073 1666 3256 1715 vestro
3284 1665 3478 1714 cuncta
3505 1650 3730 1712 roborato

2191 1754 2441 1812 Universi
2463 1754 2701 1826 episcopi
2726 1755 3007 1811 dixerunt:
3030 1750 3292 1810 Omnibus
3313 1746 3733 1822 haac'placuemnt,

2193 1855 2247 1903 et
2278 1847 2394 1902 haec
2432 1855 2618 1902 nostra
2669 1842 3066 1916 subscriptione
3114 1842 3427 1909 firmamus,
3459 1850 3519 1897 et
3543 1841 3734 1896 subscri-

2195 1948 2419 2015 pserunt
2443 1959 2456 1996 :
2479 1940 2732 1997 Aurelius
2759 1941 3044 2011 episcopus
3071 1932 3329 1994 Ecclesiae
3343 1933 3738 2007 Carthaginensis

2196 2035 2326 2091 huic
2357 2036 2578 2091 decreto
2619 2033 2908 2100 consensi,
2938 2039 2993 2089 et
3024 2031 3225 2087 relecto
3269 2029 3599 2100 subscripsi,
3648 2026 3739 2098 Epi-

2201 2129 2394 2202 gouius
2441 2127 2723 2198 episcopus
2774 2122 3024 2181 Buiensis
3050 2121 3289 2196 regionis
3316 2117 3642 2219 subscripsi,
3661 2118 3775 2219 Au.

2198 2219 2446 2293 gustinus
2472 2219 2755 2290 episcopus
2775 2215 2947 2290 plebis
2970 2215 3334 2290 Hipponensis
3356 2208 3660 2284 subscripsi.
3683 2209 3739 2266 8i-

2200 2311 2403 2370 militer
2429 2320 2484 2370 et
2512 2328 2699 2370 omnes
2719 2312 2957 2384 episcopi
2977 2310 3048 2368 44
3071 2324 3298 2367 numero
3319 2309 3739 2380 subscripserunt.

505 2581 515 2609 ,
1123 2581 1132 2589 .
2064 2586 2071 2591 .
3625 2586 3659 2608 ,,

1028 2734 1135 2806 81
1167 2732 1519 2794 INCIPIUNT
1557 2732 1904 2795 CAPITULA
1938 2730 2232 2795 CONCILII
2276 2734 2539 2805 QUARTI
2589 2728 3212 2791 CARTHAGINENSIS.

492 2942 499 2949 -
575 2915 628 2974 1.
670 2908 914 2983 Qualiter
936 2914 1165 2972 debeant
1192 2918 1426 2990 episcopi
1451 2919 1715 2976 ordinari.
2274 2922 2363 2978 26.
2400 2924 2471 2981 Ut
2494 2923 2781 2993 episcopus
2822 2918 3146 2976 diesidcutes
3188 2918 3524 2975 concordem
3550 2912 3726 2985 οωνρί

576 3011 633 3067 2.
662 3011 905 3081 Qualiter
928 3018 1320 3069 consecrentur
1342 3012 1602 3085 episcopi.
2202 3017 2298 3073 lat.

576 3096 629 3159 3.
661 3096 905 3172 Qualiter
929 3104 1233 3177 presbyteri
1255 3097 1596 3161 ordinentur.
2271 3108 2358 3163 27.
2390 3108 2465 3166 De
2491 3108 2745 3181 episcopo
2770 3106 2856 3163 vel
2883 3105 3086 3163 clerico
3118 3120 3175 3162 in
3195 3104 3303 3162 alio
3322 3104 3447 3163 loco
3474 3118 3584 3161 non
3605 3112 3743 3159 trans-

490 3216 493 3225 ·
577 3195 629 3248 1.
663 3195 1125 3264 Quemadmodum
1150 3197 1407 3255 diacones
1437 3198 1857 3256 constituantur.
2196 3200 2438 3257 ferendo.

580 3286 632 3343 5.
670 3287 1131 3358 Quemadmodum
1156 3292 1475 3350 subdiaconi
1502 3293 1843 3350 ordinentur.

2266 3293 2358 3349 28.
2408 3292 2486 3349 De
2528 3292 2876 3349 damnatione
2936 3291 3317 3363 episcoporum
3375 3305 3409 3346 α
3431 3291 3638 3365 synodo
3672 3299 3745 3343 Ira

579 3378 631 3435 6.
658 3343 1130 3449 Quemadmodum.
1838 3343 1843 3348 '
2123 3343 2168 3408 Ο
2199 3385 2418 3441 ctando.

490 3500 493 3503 ›
581 3471 633 3526 7.
661 3471 905 3540 Qualiter
925 3476 1211 3532 exorcisue
1237 3478 1658 3535 constituantur.
2266 3474 2359 3531 29.
2390 3476 2468 3531 De
2491 3474 2749 3547 episcopo
2771 3474 2866 3547 qui
2901 3473 3062 3532 alicui
3092 3473 3299 3530 crimen
3328 3473 3612 3545 obiecerit

488 3588 493 3599 ·
578 3564 631 3620 8.
661 3564 905 3632 Qualiter
934 3567 1165 3625 lectOres
1189 3569 1341 3628 flent.
2265 3568 2354 3625 50.
2388 3569 2542 3638 Quod
2569 3569 2725 3626 irrita
2775 3569 2849 3626 sit
2877 3569 3149 3626 sententia
3182 3568 3564 3641 episcopon
3597 3568 3651 3625 in
3680 3566 3749 3622 ab

578 3658 631 3716 9.
657 3658 899 3727 Qualiter
921 3661 1130 3717 ostiarii
1156 3664 1495 3720 ordinentur.
2182 3670 2427 3720 aecum.

578 3750 671 3810 10.
698 3751 940 3820 Qualiter
965 3752 1281 3823 psalmistam.
2263 3752 2355 3811 5i.
2398 3752 2643 3822 Qualiter
2687 3767 2779 3812 res
2825 3754 3071 3812 ecclesia:
3113 3754 3184 3811 ab
3239 3753 3501 3825 episcopo
3546 3752 3750 3809 habean-

486 3860 489 3861 ν
581 3843 669 3898 11.
701 3840 947 3911 Qualiter
970 3846 1211 3916 virgines
1243 3848 1699 3907 sanctimoniales.
2195 3856 2303 3903 tur.

580 3934 668 3990 i2.
716 3935 960 4003 Qualiter
994 3937 1170 3995 viduae
1204 3939 1288 3996 vel
1329 3942 1773 4001 sanctimoniales
1812 3944 1879 4002 ad
1912 3945 2092 4018 bapti-
2260 3940 2353 3995 32-
2381 3937 2458 3993 De
2486 3937 2657 3995 irritis
2679 3937 3121 3994 ἀίειηειὶοηὶιιιιι
3145 3937 3547 4010 episcoporum-

491 4028 734 4085 -sterlum
757 4029 1092 4086 ordinentur.
2261 4029 2352 4085 55.
2378 4028 2456 4084 De
2498 4028 2768 4100 episcopis
2814 4029 2900 4084 vel
2947 4030 3283 4102 presbyteris
3324 4040 3386 4085 ut
3431 4045 3465 4085 a
3498 4028 3751 4101 uniuscu-

581 4122 667 4180 l3.
701 4123 945 4192 Qualiter
970 4126 1152 4196 εροηεί
1172 4134 1227 4184 et
1256 4136 1468 4201 sponsa:
1492 4128 1898 4190 benedicuntur.
2189 4138 2298 4195 que
2319 4122 2546 4179 ecclesia
2577 4124 2632 4178 in
2663 4123 2855 4179 ordine
2879 4138 2980 4180 suo
3000 4125 3354 4195 recipiantur.

582 4217 669 4271 tl.
703 4218 779 4273 De
803 4218 990 4274 cellula
1019 4222 1335 4280 sacerdotis.
2262 4215 2355 4270 δι.
2402 4215 2479 4271 De
2521 4216 2758 4287 primatu
2805 4228 3096 4273 consessus
3154 4218 3598 4290 presbyterorum
3654 4229 3750 4272 mm

486 4320 493 4325 '
581 4307 666 4363 i5.
700 4309 775 4364 De
800 4310 942 4367 victu
963 4319 1018 4367 et
1047 4312 1233 4370 habitu
1262 4314 1579 4372 sacerdotis.

2201 4308 2460 4379 episcopo.

586 4401 671 4457 16.
708 4401 778 4459 Ut
807 4406 1089 4477 episcopus
1118 4406 1285 4463 libros
1315 4407 1594 4479 gentilium
1623 4420 1728 4464 non
1755 4408 1925 4481 legat.-

2260 4397 2348 4453 55.
2382 4397 2461 4453 De
2503 4404 2760 4454 consessu
2798 4398 3241 4468 prcsbvterorum
3275 4399 3329 4455 in
3378 4399 3607 4457 ecclesia
3650 4412 3748 4455 cum

579 4494 667 4549 17.
698 4493 769 4551 Ut
804 4497 1091 4569 episcopus
1122 4498 1474 4571 indigentium
1505 4514 1689 4556 curam
1730 4515 1827 4571 per
1868 4502 2065 4574 presby

2201 4488 2465 4560 episcopo.

509 4595 653 4643 teros
683 4597 736 4643 et
762 4586 1014 4647 diacones
1031 4599 1179 4663 agat.

2260 4581 2349 4638 56.
2393 4582 2464 4639 Ut
2504 4582 2807 4654 presbyteri
2843 4585 3160 4655 parocbiani
3199 4592 3293 4642 aut
3325 4601 3424 4657 per
3459 4600 3517 4641 se
3556 4593 3649 4641 aut
3675 4597 3751 4653 per

580 4679 667 4735 18.
693 4680 765 4737 Ut
791 4683 1077 4755 episeOpus
1105 4697 1205 4754 per
1232 4692 1613 4742 testamentum
1651 4686 1936 4745 tuitionem
1981 4703 2087 4745 non

2201 4674 2329 4730 alios
2397 4677 2491 4747 qui
2550 4692 2768 4733 sacrum
2818 4684 3056 4733 tractant
3110 4678 3347 4736 chrisma
3400 4679 3471 4736 ab
3523 4678 3749 4749 episcopo

503 4773 783 4843 suscipiat.
2190 4776 2401 4839 petant.

578 4868 666 4922 19.
697 4867 768 4924 Ut
816 4867 1055 4941 episcopi
1106 4882 1209 4940 pro
1242 4867 1406 4926 rebus
1448 4868 1798 4929 saecularibus
1840 4884 1948 4930 non
1975 4873 2087 4929 liti-
2263 4859 2353 4959 ξεῖ·
2384 4860 2461 4959 ρθ
2481 4860 2785 4959 obedicnlia
2808 4861 3314 4959 diaconorumsrsa
3340 4863 3726 4959 ρνθεῖιγιεφδχ

502 4968 650 5030 gent.
2263 4953 2351 5008 58.
2387 4954 2456 5009 Ut
2476 4955 2735 5011 diaconus
2754 4956 3141 5012 eucharistiam
3163 4957 3317 5028 jussu
3339 4954 3633 5026 presbyteri
3670 4953 3748 5005 uti.

574 5048 663 5103 20.
692 5047 763 5103 Ut
783 5049 1068 5119 episcopus
1095 5057 1302 5105 tantum
1328 5049 1523 5107 divinis
1542 5060 1719 5108 vacet.
2188 5048 2409 5105 nistret.

2262 5143 2328 5156 ’Δ
