3834 5428
140 460 253 518 341
1408 458 1654 519 DECRE'!

1934 455 2316 516 COLLECTIO
3333 451 3439 509 ’542

168 572 177 579 ’
220 576 324 637 45.
368 577 447 637 De
472 579 662 639 habitu
687 578 1027 642 clericorum.
1776 579 1832 642 Α
1923 572 2013 630 78.
2044 573 2121 630 De
2162 571 2571 646 paenitentibus,
2618 568 2664 630 si
2713 579 2837 644 post
2880 568 3135 626 viaticum
3190 565 3439 639 supervi-

217 674 322 731 46.
352 674 434 733 De
460 676 793 733 continentia
817 676 1164 734 clericorum.
1852 676 2004 725 vant.

216 764 319 824 47.
347 769 665 827 Deincessu
702 769 1048 827 clericorum.
1924 761 2015 819 79.
2061 758 2137 818 De
2190 758 2617 833 paenitentibus,
2672 760 2718 817 si
2786 766 2913 816 casu
2961 752 3140 815 aliauo
3200 755 3443 814 morian-

215 860 318 917 48.
352 861 432 918 De
476 862 693 920 clericis
721 863 815 936 qui
849 871 1003 921 extra
1048 860 1428 918 necessitatem
1455 857 1525 914 ad
1550 856 1751 916 nundi-
1852 862 1961 910 tur.

132 962 252 1006 nas
276 952 509 1007 vadunt.
1924 942 2014 1002 80.
2047 945 2124 1002 De
2154 960 2344 1001 manus
2372 938 2712 1015 impositionc
2739 958 2902 1015 super
2924 941 3274 1013 pmnitentes.

215 1040 315 1097 49.
352 1043 430 1097 De
451 1042 656 1114 vigiliis
682 1041 1022 1100 clericorum.
1923 1030 2013 1093 81.
2066 1034 2136 1093 Ut
2195 1035 2521 1107 ptenitcntcs
2581 1042 2821 1090 mortuos
2881 1018 3110 1089 elferattt
3176 1040 3231 1087 et
3286 1042 3441 1100 sepe-

208 1139 319 1194 50.
352 1139 431 1196 De
457 1140 676 1198 clericis
703 1142 772 1198 ab
792 1140 977 1198 omcio
1003 1140 1424 1199 continentibus.
1851 1126 2007 1184 liam.

164 1310 167 1311 ν
214 1231 315 1287 51.
350 1232 429 1289 De
449 1235 668 1292 clericis
688 1245 748 1292 ut
780 1235 1014 1292 artiﬁcio
1038 1236 1242 1293 victum
1271 1241 1538 1307 quaerant.

1922 1221 2010 1280 89.
2044 1221 2115 1278 Ut
2138 1219 2465 1294 pmnitentcs
2495 1235 2708 1292 semper
2738 1233 2911 1291 genua
2942 1216 3181 1272 ﬂectant.

214 1324 315 1380 59..
353 1327 429 1382 De
481 1327 694 1385 clericis
735 1329 971 1402 qualiter
1006 1329 1111 1385 sibi
1155 1330 1361 1386 victum
1395 1336 1453 1385 et
1491 1326 1751 1386 vestitum
1924 1316 2013 1372 85-
2048 1316 2123 1371 De
2159 1315 2381 1371 senibus
2405 1314 2761 1370 honorandis-

132 1428 427 1487 Quaerant.
751 1399 771 1402 —
1922 1406 2010 1464 84.
2040 1405 2113 1463 Ut
2152 1406 2336 1463 ﬁdeles
2383 1423 2483 1478 pro
2532 1406 2796 1461 audienda
2849 1403 3060 1459 ratione
3102 1400 3157 1457 in
3207 1399 3442 1457 ecclesia

213 1511 319 1566 5'5:
358 1511 431 1569 Ut
452 1513 634 1585 legant
657 1514 839 1571 clerici
868 1516 961 1586 qui
984 1530 1147 1573 orare
1171 1530 1279 1573 non
1308 1522 1557 1586 possunt.
1849 1515 2022 1571 usque
2045 1499 2112 1554 ad
2136 1500 2358 1555 "lissam
2379 1509 2547 1556 είθιιί·

214 1604 315 1659 54.
342 1606 421 1662 De
439 1582 654 1665 ςιέί-ίοίε
676 1582 905 1666 invidis:
1310 1582 1327 1586 ⁷
1920 1589 2007 1645 85.
2048 1588 2118 1647 Ut
2143 1590 2233 1661 qui
2257 1588 2569 1662 baptizandi
2620 1594 2746 1644 sunt
2784 1602 2980 1643 nomen
3001 1586 3163 1653 dent,
3190 1592 3245 1641 ct
3267 1599 3298 1639 a
3320 1582 3445 1639 vino

212 1698 313 1754 55.
346 1700 425 1757 De
446 1700 662 1759 clericis
682 1703 1109 1760 accusatoribus.
1847 1692 1905 1739 εί
1924 1698 1953 1736 ³
1983 1697 2147 1738 came
2173 1682 2503 1737 abSlilleam-

215 1789 316 1845 56.
346 1792 424 1845 De
452 1792 670 1850 clericis
696 1795 997 1851 maledicis,
1918 1774 2009 1831 86.
2038 1771 2112 1831 Ut
2163 1790 2337 1846 nuper
2380 1773 2640 1847 baptizati
2690 1779 2862 1845 caste_
2883 1781 2938 1827 et
2980 1770 3323 1828 continenter
3369 1767 3446 1824 vi-

214 1881 313 1936 57.
346 1883 426 1941 De
444 1884 658 1943 clericis
678 1886 1053 1944 adulatoribus
1077 1895 1131 1943 et
1155 1884 1543 1957 proditoribus.
1843 1874 1994 1957 '3'“:

352 1975 427 2030 De
456 1977 674 2034 clericis
696 1976 1007 2049 [κρηθηιειι
1028 1954 1384 2049 magum)“.
1770 1957 1821 2020 B
1919 1954 2008 2013 87.
2037 1957 2112 2014 De
2135 1956 2417 2015 catholicis
2440 1960 2534 2030 qui
2572 1972 2794 2014 causam
2836 1956 2981 2029 apud
3023 1954 3266 2012 infideles
3310 1969 3444 2026 pro—

216 2062 311 2118 59.
340 2064 416 2119 De
438 2066 653 2121 clericis
677 2069 1159 2123 concordantibus.

561 2067 653 2121 icis
677 2069 1159 2123 concordantibus.
1846 2059 2075 2121 Ροηιιηῑ-

214 2154 307 2208 60-
334 2155 413 2210 De
431 2156 647 2214 clericis
680 2158 1026 2230 turpiloquis,
1056 2159 1173 2215 sive
1202 2158 1375 2230 vagis.
1921 2139 2006 2197 88.
2034 2142 2112 2198 De
2134 2143 2220 2199 his
2241 2143 2332 2214 qui
2354 2141 2585 2199 ecclesia
2613 2134 2982 2214 praetermissa
3025 2140 3094 2194 ad
3135 2135 3443 2210 spectacula

213 2245 312 2302 6i.
342 2246 421 2303 De
448 2248 665 2305 clericis
683 2264 782 2319 per
806 2259 1089 2307 creaturas
1103 2249 1440 2321 iurantibus.
1846 2247 2101 2307 pergunt.

212 2337 308 2393 62.
341 2340 419 2395 De
446 2341 661 2398 clericis
681 2318 826 2401 inter
848 2342 1036 2414 epulas
1058 2318 1425 2401 cantantibus,
1919 2328 2007 2384 89.
2038 2328 2112 2384 De
2142 2328 2227 2384 bis
2258 2328 2349 2399 qui
2381 2326 2647 2400 auguriis,
2673 2322 2761 2383 vel
2806 2321 3271 2381 incantationibus
3293 2362 3310 2392 ,
3360 2318 3446 2376 vel

217 2429 311 2486 65.
346 2432 422 2488 De
438 2432 657 2489 clericis
690 2434 839 2489 sanis
853 2432 1061 2505 jejuna
1080 2433 1468 2504 polluenubug,
1841 2420 2074 2494 judaicis
2101 2420 2579 2492 superstitionibus
2603 2419 2852 2476 serviunt

218 2521 317 2578 64.
341 2521 417 2579 De
438 2524 524 2580 his
555 2525 647 2595 qui
685 2527 926 2583 studiose
956 2526 1241 2583 Dominico
1270 2527 1360 2583 die
1377 2527 1646 2599 jejuuant.
1920 2512 2008 2569 90-
2043 2513 2117 2567 De
2139 2512 2545 2584 ellergumeniS-

217 2615 315 2670 65.
349 2616 427 2692 De
448 2616 661 2673 Pascha
686 2633 788 2674 suo
818 2628 1062 2691 tempore
1086 2619 1436 2676 celebrando.
1918 2604 2007 2662 91-
2039 2604 2173 2663 "em
2204 2607 2270 2662 de
2293 2620 2693 2676 ellel‘gumenls.

216 2704 313 2761 66.
338 2705 410 2763 Ut
428 2707 665 2767 clericus
705 2710 774 2766 ab
810 2710 1063 2781 episcopo
1100 2709 1300 2780 injuste
1339 2710 1627 2767 damnatus
1659 2722 1747 2767 re-
1920 2700 2008 2756 92·
2050 2698 2124 2755 De
2141 2700 2286 2755 Victi!
2309 2713 2825 2771 energumenorum.

132 2809 342 2856 currat
365 2801 433 2855 ad
458 2804 745 2876 synodum.
1000 2780 1007 2781 ί
1919 2790 2007 2847 95.
2062 2789 2132 2848 Ut
2179 2790 2478 2847 oblationes
2533 2786 2958 2846 discordantium
3011 2801 3120 2842 non
3179 2780 3443 2856 recipian—
3533 2847 3539 2853 η

217 2893 313 2951 67.
359 2896 437 2952 De
475 2896 877 2964 seditionariis,
925 2904 1023 2953 aut
1070 2898 1369 2965 usurariis,
1432 2912 1504 2952 ne
1559 2895 1745 2952 clerici
1848 2893 1958 2940 ῐυν-

134 2983 307 3043 ﬁant.
1919 2977 2010 3033 9-1.
2056 2976 2128 3035 Ut
2180 2991 2565 3047 oppressorum
2611 2990 2911 3048 pauperum
2975 2972 3281 3032 oblationes
3333 2983 3443 3026 non

218 3076 314 3135 68.
355 3077 429 3135 Ut
449 3094 516 3136 ex
550 3082 941 3152 paenitentibus
980 3092 1265 3139 ordinatus
1301 3082 1536 3141 clericus
1583 3084 1732 3154 dcpo

1692 3098 1747 3138 ο,
1848 3071 2237 3141 suscipiantur.

137 3178 335 3227 natur.
1921 3165 2009 3220 95.
2036 3166 2112 3220 De
2145 3164 2231 3219 his
2276 3163 2368 3233 qui
2415 3162 2717 3221 oblationes
2772 3160 3152 3220 defunctorum
3198 3157 3443 3217 ccclesiis

162 3302 165 3303 ν
219 3265 313 3325 69.
363 3265 431 3322 Ut
470 3267 758 3340 episcopus
795 3268 972 3324 vidum
1018 3267 1106 3325 vel
1151 3269 1448 3341 repudiatae
1488 3268 1744 3325 maritum
1779 3330 1817 3341 _
1849 3256 2124 3313 fraudant-

138 3358 214 3413 ad
242 3358 455 3415 clerum
474 3330 823 3430 pronum/eus,
863 3362 1185 3433 deponatur.
1214 3330 1230 3341 ’
1772 3330 1818 3392 C
1921 3350 2010 3405 96.
2045 3349 2119 3404 Dc
2143 3358 2462 3405 accusatore
2487 3357 2542 3403 ct
2571 3358 2850 3406 accusata.

220 3450 315 3506 70.
348 3451 421 3507 Ut
438 3451 670 3509 clericus
692 3453 1072 3513 haereticorum
1100 3453 1349 3511 convivia
1371 3453 1457 3510 vel
1476 3452 1751 3511 consortia
1924 3442 2012 3496 97.
2046 3442 2123 3496 De
2145 3456 2210 3497 co
2242 3441 2335 3513 qui
2360 3439 2626 3511 religiosis
2652 3439 2873 3496 feminis
2894 3437 3190 3515 praeﬁcitur
3212 3445 3272 3494 ut
3312 3452 3439 3511 pro-

140 3541 342 3617 fugiat.
954 3536 957 3537 ⁷
1848 3536 2025 3591 betur.

220 3636 315 3690 71.
340 3636 495 3704 Quod
530 3636 917 3697 haereticorum
959 3646 1166 3706 catus,
1203 3653 1313 3695 non
1354 3638 1606 3706 ecclesia,
1650 3638 1751 3696 sed
1919 3626 2006 3682 98.
2038 3625 2108 3680 Ut
2132 3624 2303 3679 laicus
2326 3622 2720 3695 paenitentibus
2740 3622 2959 3680 clericis
2985 3636 3092 3677 non
3120 3620 3333 3677 doceat.

141 3728 577 3787 conciliabulum
601 3732 697 3788 sit.
1923 3718 2013 3775 99.
2073 3717 2144 3774 Ut
2204 3715 2463 3772 mulieres
2530 3714 2747 3787 publice
2806 3714 3004 3771 docere
3058 3727 3165 3770 non
3240 3726 3442 3783 praesu—

220 3822 316 3877 72.
366 3824 519 3892 Quod
557 3841 682 3881 cum
723 3825 998 3885 haereticis
1038 3841 1138 3883 nec
1182 3827 1450 3885 orandum
1503 3829 1596 3897 sit,
1643 3841 1745 3884 nec
1850 3818 2022 3865 mam-

141 3914 517 3986 psallendum.
1923 3902 2044 3957 100.
2082 3900 2154 3957 Ut
2186 3900 2444 3957 mulieres
2471 3899 2752 3970 baptizare
2787 3913 2896 3954 non
2929 3908 3280 3970 praesumant.

221 4005 314 4060 73.
373 4004 443 4061 Ut
460 4022 583 4063 cum
648 4009 1135 4068 “communicatis
1174 4010 1584 4067 communica“;
1606 4048 1621 4077 ,
1660 4008 1746 4063 γει
1922 3995 2044 4049 101.
2068 3994 2146 4049 De
2167 3994 2367 4060 viduis,
2405 3993 2859 4059 adolescentibus,
2881 4001 2938 4048 et
2968 3992 3218 4048 inﬁrmis.

141 4113 339 4162 orans,
364 4101 885 4157 excommunicemr,
1548 4132 1551 4137 .
1924 4085 2047 4140 102.
2075 4085 2155 4142 Ne
2183 4086 2369 4142 clerici
2425 4086 2711 4142 viduarum
2756 4084 3127 4141 familiaritate
3172 4085 3443 4142 associcno

219 4187 314 4242 74.
344 4188 416 4244 De
437 4190 821 4261 ptenitentium
861 4191 997 4263 lege.

445 4190 821 4261 ptenitentium
861 4191 997 4263 lege.
1849 4184 1959 4233 tur.

220 4279 312 4361 75.
347 4281 419 4339 De
443 4282 925 4355 ηεειίεοηίίοτίυυε
949 4282 1338 4353 paenitentibus
1927 4269 2047 4323 105.
2078 4268 2154 4323 Dc
2180 4269 2375 4335 viduis,
2425 4285 2546 4327 uuae
2589 4270 2835 4327 ecclesia
2890 4267 3172 4341 stipendiis
3230 4275 3443 4326 susten-

221 4374 315 4429 76.
349 4375 421 4430 De
443 4377 795 4449 poscentibus
819 4377 1197 4447 paenitentiam
1243 4376 1290 4433 si
1330 4384 1517 4449 postea
1553 4378 1748 4432 obtnu-
1854 4369 2060 4417 ωηωτ·
3158 4438 3161 4445 ι

145 4477 382 4527 tescant.
1924 4454 2045 4510 101.
2088 4455 2165 4512 De
2206 4455 2384 4514 viduis
2411 4473 2533 4530 quae
2576 4458 2839 4532 professae
2867 4459 3257 4516 continentiam
3302 4472 3441 4532 prte-

223 4561 315 4616 77.
347 4563 422 4619 De
443 4565 865 4635 paenitentibus,
896 4573 956 4620 ut
996 4565 1053 4621 in
1077 4573 1254 4623 morte
1294 4566 1550 4622 vnaticum
1595 4566 1743 4622 acci-
1853 4545 2115 4603 τετίοδῑίὲ
2136 4559 2281 4604 sum.

145 4655 324 4727 piant.

1570 4820 2011 4840 ~—

512 4940 930 5023 INCIPIT
992 4943 1574 5025 CONCILIUM
1632 4945 2140 5039 QUARTUM
2198 4942 3063 5027 CABTHAGINENSE

688 5119 996 5184 Habitum
1029 5123 1104 5185 ab
1136 5125 1448 5206 episcopis
1478 5124 1763 5191 ducentis
1800 5123 2299 5205 quatuordecim,
2327 5140 2457 5187 tera
2488 5138 2881 5189 ccccxxxvr.
