3910 6444
275 412 465 490 ’διδ

1070 423 1360 480 APPEND.
1381 423 1473 480 AD
1499 421 1669 479 διες.
1710 419 1802 476 1x.
1831 447 1899 460 -
1934 368 2182 474 ιεῶοιιι
2217 416 2658 475 maneamus

3505 427 3615 482 5-H

358 551 490 606 lium
520 555 575 604 et
612 545 874 619 Spiritum
901 549 1149 600 sanctum
1181 555 1348 595 unum
1376 538 1544 594 Deum
1568 551 1690 593 esse
1733 535 1932 592 conﬁr-
1961 539 2014 595 A
2108 532 2194 588 VI.
2223 532 2516 604 Acolythus
2543 547 2667 588 cum
2693 534 2998 602 ordinatur,
3015 537 3084 592 ab
3108 535 3360 608 episcopo
3389 537 3617 610 quidem

356 656 534 707 mans,
555 647 829 709 totamque
855 635 1133 691 Trinitatis
1154 634 1410 690 deitatem
1429 627 1856 691 coessentialem,
1881 635 1940 682 et

357 732 894 799 consubstantialem,
909 741 964 787 et
975 729 1369 794 coaeternalem,
1385 735 1440 781 et
1451 723 1938 793 coomnipotentem

356 829 671 901 praedicans,
701 828 746 882 si
774 816 1010 898 singulas
1033 837 1274 895 quasque
1300 821 1357 876 in
1388 818 1653 873 Trinitate
1679 828 1938 887 personas

356 921 574 994 plenum
600 901 866 985 Deum,.et
895 925 1037 973 totas
1081 925 1191 970 tres
1226 925 1486 983 personas
1530 924 1697 963 unum
1743 906 1933 994 Deum,

357 1008 848 1066 si-incarnationem
869 1006 1104 1062 divinam
1126 1018 1234 1058 non
1261 1002 1314 1056 in
1343 1000 1504 1055 Patre
1524 1011 1699 1068 neque
1733 995 1789 1049 in
1812 993 1937 1064 Spi-

357 1102 463 1156 ritu
490 1107 678 1155 sancto
697 1097 917 1162 factam,
943 1096 1038 1150 sed
1059 1095 1113 1149 in
1135 1093 1272 1147 Filio
1286 1099 1494 1146 tantum
1521 1089 1726 1152 credat,
1758 1093 1817 1140 ut
1843 1084 1937 1156 qui

358 1199 476 1248 erat
497 1191 552 1253 in
565 1189 841 1246 divinitate
870 1182 1312 1242 DeiPatriinlius
1334 1182 1448 1251 ipse
1473 1179 1628 1235 ﬁeret
1647 1179 1702 1234 in
1717 1177 1938 1235 homine

357 1281 590 1340 hominis
615 1280 804 1335 matris
819 1278 977 1341 Illius,
997 1275 1138 1330 Deus
1166 1287 1329 1328 verus
1349 1287 1416 1326 ex
1439 1270 1622 1332 Patre,
1651 1270 1813 1324 homo
1837 1281 1935 1322 ve-

357 1390 449 1430 rus
485 1389 553 1429 ex
587 1381 780 1437 matre,
811 1385 1031 1426 carnem
1054 1383 1122 1424 ex
1147 1366 1334 1422 matris
1370 1364 1671 1420 visceribus
1709 1363 1933 1428 habens,

357 1475 412 1522 et
445 1465 680 1520 animam
711 1463 1000 1518 humanam
1029 1458 1350 1514 rationalem
1373 1446 1534 1512 simul
1565 1455 1617 1510 in
1641 1469 1707 1510 eo
1735 1453 1936 1509 utrius-

357 1573 461 1629 que
495 1566 722 1622 naturae,
774 1555 829 1610 id
872 1562 956 1610 est
1003 1552 1146 1609 Deus
1187 1559 1241 1607 et
1290 1551 1481 1614 homo,
1532 1563 1640 1602 una
1679 1558 1932 1617 persona,

356 1662 495 1702 unus
526 1645 720 1712 Filius,
746 1660 886 1700 unus
915 1643 1184 1709 Christus,
1216 1656 1357 1696 unus
1399 1639 1677 1704 Dominus,
1723 1647 1937 1694 creator

355 1738 593 1794 omnium
623 1752 743 1808 quae
772 1745 897 1792 sunt
933 1744 989 1790 et
1049 1742 1275 1799 auctor,
1332 1732 1591 1787 Dominus
1637 1740 1693 1786 et
1755 1740 1937 1786 rector

356 1843 475 1882 cum
503 1827 664 1882 Patre
691 1836 746 1882 et
778 1826 980 1897 Spiritu
1017 1833 1204 1881 sancto
1250 1825 1490 1902 omnium
1542 1832 1932 1889 creaturarum,

2037 622 2293 679 doceatur
2314 623 2545 693 qualiter
2581 639 2638 680 se
2667 625 2720 679 in
2746 624 2919 681 oﬂicio
2942 642 3041 682 suo
3081 641 3242 700 agere
3273 629 3485 696 debeat,
3515 633 3618 687 sed

2037 713 2105 768 ab
2126 713 2505 769 archidiacono
2534 715 2763 784 accipiat
2784 716 3172 772 ceroferarium
3196 733 3319 773 cum
3341 735 3518 786 cereo,
3550 728 3620 774 ut

2037 804 2173 859 sciat
2217 818 2276 859 se
2319 803 2389 859 ad
2427 806 2767 861 accendenda
2791 807 3047 862 Ecclesiae
3073 807 3363 864 luminaria
3406 812 3621 866 manci-

2035 894 2170 966 pari.
2210 895 2452 966 Accipiat
2470 904 2522 950 et
2551 896 2828 952 urceolum
2869 913 3098 954 vacuum
3129 899 3198 954 ad
3219 901 3617 971 suggerendum

2035 985 2220 1040 vinum
2245 985 2301 1040 in
2325 985 2722 1042 Eucharistiam
2743 989 3022 1059 sanguinis
3046 988 3270 1045 Christi.

2049 1101 2054 1110 ~
2104 1073 2216 1130 VII.
2265 1076 2545 1132 Exorcista
2572 1092 2695 1133 cum
2729 1079 3034 1146 ordinatur,
3079 1080 3310 1151 accipiat
3344 1081 3412 1138 de
3450 1097 3622 1138 manu

2035 1169 2274 1241 episcopi
2315 1169 2552 1226 libellum
2591 1171 2647 1226 in
2691 1186 2799 1242 quo
2840 1173 3028 1242 scripti
3055 1182 3182 1227 sunt
3214 1174 3619 1232 exorcismidi-

2036 1278 2194 1321 cente
2221 1266 2323 1321 sibi
2348 1267 2640 1338 episcopo:
2670 1269 2870 1338 Accipe
2893 1278 2948 1325 et
2966 1271 3284 1325 commenda
3316 1271 3622 1336 memoriae,

2035 1365 2091 1411 et
2117 1357 2313 1413 habeto
2350 1366 2673 1428 potestatem
2696 1359 3001 1430 imponendi
3033 1354 3228 1417 manus
3266 1377 3428 1431 super
3456 1376 3627 1416 ener-

2034 1461 2345 1516 gumenum,
2377 1447 2489 1502 sive
2513 1448 2866 1518 baptizatum,
2895 1449 3008 1504 sive
3029 1451 3495 1506 catcchumenum.

2106 1536 2234 1592 VIII.
2269 1537 2462 1594 Lector
2490 1554 2612 1594 cum
2641 1540 2945 1605 ordinatur,
2982 1539 3146 1596 faciat
3174 1543 3239 1596 de
3269 1541 3360 1597 illo
3389 1535 3630 1599 verbum

2037 1628 2325 1700 episcopus
2359 1629 2428 1684 ad
2450 1629 2688 1699 plebem,
2718 1630 2961 1686 indicans
2985 1631 3102 1700 ejus
3127 1631 3312 1698 ﬁdem,
3357 1647 3421 1687 ac
3445 1632 3626 1686 vitam

2035 1730 2198 1792 aujue
2231 1722 2544 1793 ingenium;
2573 1732 2699 1794 post
2735 1723 2850 1778 haec
2875 1731 3150 1794 Spectante
3175 1724 3330 1796 plebe
3347 1722 3523 1777 tradat
3563 1720 3626 1776 ei

2038 1813 2277 1869 codicem
2308 1813 2375 1869 de
2404 1828 2511 1883 quo
2534 1813 2770 1868 lecturus
2795 1822 2878 1869 est
2905 1813 3091 1869 dicens
3114 1814 3180 1868 ad
3210 1829 3334 1869 eum
3361 1811 3622 1881 :Accipe,

356 1920 448 1989 qui
480 1935 674 1989 passus
705 1921 776 1974 sit,
801 1934 929 1975 vera
954 1919 1132 1974 carnis
1187 1898 1454 1989 passione,
1505 1927 1754 1973 mortuus
1804 1929 1932 1972 vera
1959 1890 2010 1952 Β
2035 1915 2089 1960 et
2115 1916 2231 1961 CSlO
2253 1904 2423 1960 lector
2449 1905 2599 1960 verbi
2620 1904 2735 1971 Dei,
2767 1905 3066 1972 habiturus,
3097 1906 3144 1962 Si
3173 1904 3401 1961 ﬁdeliter
3425 1915 3483 1959 et
3508 1903 3624 1956 ιιιὶ-

355 2013 596 2082 corporis
625 2011 710 2067 sui
738 2021 931 2077 morte,
962 2012 1262 2067 resurrexit
1307 2025 1438 2065 vera
1485 2011 1665 2066 carnis
1696 2024 1808 2065 suae
1849 2024 1935 2064 re.

354 2104 618 2173 ceptione,
649 2111 705 2158 et
728 2117 856 2158 vera
876 2103 1070 2157 animae
1091 2101 1456 2172 resumptionc
1502 2101 1554 2156 in
1610 2115 1716 2171 qua
1758 2100 1938 2156 veniet

351 2196 596 2266 judicare
629 2195 781 2250 vivos
806 2205 863 2250 et
889 2203 1150 2250 mortuos.
1174 2193 1532 2260 Quaerendum
1575 2194 1738 2249 etiam
1774 2191 1842 2247 ab
1869 2207 1935 2248 eo

354 2285 399 2341 si
427 2285 563 2341 Novi
589 2294 644 2342 et
671 2286 884 2342 Veteris
907 2285 1263 2353 Testamenti,
1289 2286 1341 2340 id
1361 2295 1442 2342 est
1467 2286 1599 2358 legis
1627 2295 1681 2341 et
1704 2285 1936 2357 prophe-

361 2390 569 2445 tarum,
625 2388 682 2436 et
741 2380 1106 2451 apostolorum
1149 2395 1315 2435 unum
1357 2379 1712 2449 eamdemque
1749 2380 1936 2434 credat

357 2483 632 2528 auctorem
652 2481 709 2529 et
734 2472 1037 2538 Dominum,
1066 2474 1112 2528 si
1145 2471 1390 2528 diabolus
1416 2487 1520 2527 non
1550 2486 1647 2541 per
1674 2471 1936 2526 conditio-

354 2579 499 2631 nem,
539 2565 634 2621 sed
669 2579 766 2635 per
797 2565 1078 2620 arbitrium
1104 2565 1280 2621 factus
1328 2565 1399 2619 sit
1446 2563 1653 2630 malus;
1692 2577 1935 2633 quaeren-

357 2657 484 2711 dum
512 2657 676 2712 etiam
702 2657 771 2712 ab
797 2671 882 2724 eo,
909 2659 956 2713 si
981 2657 1167 2714 credat
1213 2656 1372 2726 hujus
1427 2671 1590 2728 quam
1637 2665 1931 2728 gestamus,

353 2755 407 2802 et
437 2761 544 2801 non
571 2745 794 2802 alterius
813 2747 992 2802 carnis
1027 2747 1508 2810 resurrectionem,
1549 2745 1592 2800 si
1643 2745 1829 2801 credat
1847 2745 1934 2815 ju-

355 2837 552 2892 dicium
584 2835 848 2904 futurum,
875 2845 931 2892 et
951 2846 1264 2908 recepturos
1299 2837 1538 2909 singulos
1562 2852 1660 2907 pro
1697 2837 1782 2892 his
1813 2852 1933 2906 quae

356 2929 409 2984 in
433 2943 598 2984 carne
629 2940 931 2999 gesserunt,
962 2928 1048 2984 vel
1066 2944 1254 3000 poenas
1276 2929 1361 2984 vel
1381 2927 1622 3000 praemia,
1654 2929 1697 2984 si
1721 2927 1934 2998 nuptias

355 3037 462 3078 non
491 3021 793 3093 prohibeat,
816 3021 863 3078 si
887 3022 1123 3078 secunda
1153 3022 1498 3078 matrimonia
1540 3036 1648 3076 non
1689 3021 1930 3087 damnet,

355 3114 402 3169 si
429 3113 674 3168 carnium
700 3114 1097 3185 perceptionem
1129 3128 1239 3169 non
1281 3113 1497 3184 culpet,
1541 3112 1586 3167 si
1613 3110 1934 3182 poenitenti-

355 3206 457 3261 bus
494 3204 856 3261 reconciliatis
882 3205 1261 3272 communicet,
1285 3205 1331 3260 si
1360 3205 1414 3260 in
1445 3204 1709 3276 baptismo
1749 3203 1928 3259 omnia

355 3305 600 3366 peccata,
629 3295 684 3354 id
717 3305 803 3354 est
829 3306 940 3352 tam
967 3297 1097 3354 illud
1121 3297 1383 3370 originale
1408 3305 1746 3353 contractum
1769 3311 1929 3366 quam

356 3390 446 3445 illa
497 3405 616 3461 quae
670 3391 970 3447 voluntarie
1017 3391 1252 3448 admissa
1293 3398 1421 3446 sunt
1471 3389 1843 3450 dimittantur,
1885 3387 1932 3443 si

356 3491 510 3538 extra
533 3483 831 3540 Ecclesiam
879 3484 1198 3540 catholicam
1255 3483 1434 3540 nullus
1491 3483 1745 3540 salvetur.
1797 3479 1933 3538 Cum

358 3575 412 3630 in
462 3575 547 3630 his
596 3577 846 3632 omnibus
875 3576 1214 3632 examinatus
1266 3575 1432 3631 fuerit
1481 3575 1731 3630 inventus
1775 3573 1934 3644 plene

357 3667 672 3735 instructus,
705 3676 830 3723 tunc
852 3684 976 3724 cum
1009 3683 1275 3724 consensu
1319 3666 1639 3722 clericorum
1679 3673 1733 3720 et
1769 3664 1933 3720 laico-

357 3774 498 3826 rum,
556 3768 613 3815 et
660 3768 928 3815 conventu
990 3760 1153 3815 totius
1203 3757 1493 3829 provincia:
1535 3757 1930 3828 episcoporum,

357 3851 697 3921 maximeque
733 3851 1150 3921 metropolitani,
1183 3858 1243 3904 ut
1272 3849 1623 3915 auctoritate,
1661 3847 1747 3902 vel
1796 3861 1934 3918 prae-

357 3944 532 3998 sentia
597 3943 876 3998 ordinetur
939 3943 1242 4013 episcopus,
1289 3950 1540 4011 suscepto
1605 3941 1659 3996 in
1717 3941 1934 3996 nomine

357 4035 557 4111 Christi
591 4037 922 4108 episcopatu,
953 4053 1059 4092 non
1101 4052 1212 4094 suae
1244 4036 1621 4104 delectationi,
1673 4052 1772 4092 nec
1821 4039 1934 4093 suis

358 4130 615 4196 motibus,
637 4130 732 4184 sed
765 4130 848 4184 his
894 4139 1106 4200 patrum
1148 4128 1556 4186 difﬁnitionibus
1602 4131 1929 4199 acquiescat.

358 4219 563 4276 Dehinc
595 4221 898 4291 disponitur
917 4221 1148 4292 qualiter
1185 4219 1549 4278 ecclesiastica
1581 4221 1760 4278 ofﬁcia
1788 4223 1933 4279 ordi-

358 4319 574 4365 nantur.

427 4403 536 4474 82
582 4403 646 4458 II.
688 4404 984 4476 Episcopus
1023 4421 1147 4462 cum
1177 4406 1494 4474 ordinatur,
1545 4407 1651 4464 duo
1693 4407 1932 4480 episcopi

358 4504 560 4563 ponant
606 4502 660 4547 et
689 4502 904 4551 teneant
926 4495 1339 4568 Evangeliorum
1378 4497 1618 4554 codicem
1649 4513 1812 4569 super
1837 4491 1950 4554 ca-'

1957 3255 2006 3316 Ο

2034 1999 2156 2055 liter
2176 1997 2483 2070 impleveris
2505 1995 2757 2064 otiicium,
2785 2007 2996 2068 partem
3024 2012 3146 2053 cum
3175 1997 3256 2054 eis
3273 1996 3369 2067 qui
3391 1995 3622 2052 verbum

2035 2091 2133 2148 Dei
2161 2091 2628 2146 ministraverunt.

2107 2181 2200 2238 IX.
2246 2180 2512 2238 Ostiarius
2552 2196 2675 2236 cum
2699 2182 3009 2238 .ordinatur
3036 2223 3053 2250 ,
3098 2191 3389 2254 postquam
3428 2184 3498 2236 ab
3524 2195 3625 2236 ar-

2037 2274 2356 2330 chidiacono
2391 2274 2692 2329 instructus
2731 2271 2895 2328 fuerit
2923 2271 3160 2344 qualiter
3210 2274 3265 2328 in
3309 2272 3470 2330 domo
3515 2272 3625 2328 Dei

2024 2367 2227 2446 debeat
2242 2369 2572 2434 conversari,
2596 2367 2666 2424 ad
2691 2367 3089 2439 suggestionem
3113 2366 3480 2422 archidiaconi
3507 2374 3622 2421 tra-

2018 2458 2128 2542 y'dat
2155 2459 2203 2514 ei
2225 2459 2507 2530 episcopus
2532 2457 2709 2515 claves
2728 2459 2968 2514 ecclesiae
2991 2459 3058 2513 de
3079 2457 3268 2513 altario
3289 2457 3472 2512 dicens
3491 2475 3505 2511 :
3521 2456 3626 2514 Sic

2019 2567 2134 2623 age
2164 2554 2320 2624 quasi
2350 2554 2656 2611 redditurus
2679 2553 2908 2610 Domino
2931 2553 3196 2609 rationem
3220 2568 3322 2625 pro
3342 2553 3428 2609 his
3450 2552 3624 2609 rebus

2037 2663 2157 2718 qua:
2187 2648 2272 2703 his
2298 2647 2540 2704 clavibus
2564 2648 2931 2704 recluduntur.

2104 2741 2173 2796 X.
2198 2739 2509 2808 Psalmista,
2534 2742 2587 2795 id
2612 2749 2696 2797 est
2717 2749 2923 2808 cantor,
2947 2748 3127 2811 potest
3150 2741 3354 2811 absque
3386 2740 3622 2796 scientia

2034 2835 2272 2907 episcopi
2323 2835 2440 2892 sola
2465 2834 2708 2906 jussione
2734 2835 3038 2906 presbyteri
3073 2833 3306 2891 oIIicium
3338 2836 3625 2906 suscipere

2035 2929 2305 2994 cantandi,
2337 2929 2548 2984 dicente
2596 2927 2696 2983 sibi
2730 2927 3069 2997 presbytero,
3101 2928 3225 2984 vide
3251 2936 3315 2982 ut
3351 2928 3498 2999 quod
3522 2942 3625 2984 ore

2034 3029 2222 3076 cantas
2271 3021 2438 3076 corde
2477 3020 2693 3085 credas,
2739 3027 2794 3075 et
2821 3019 2965 3090 quod
2993 3018 3158 3076 corde
3190 3019 3370 3075 credis
3433 3020 3620 3089 operi-

2032 3113 2132 3167 bus
2154 3113 2496 3182 comprobes.

2104 3205 2196 3260 XI.
2228 3204 2666 3261 Sanctimonialis
2691 3204 2842 3276 virgo
2874 3218 2997 3259 cum
3041 3204 3110 3258 ad
3152 3202 3620 3260 consecrationem

2034 3298 2116 3352 sui
2139 3297 2392 3368 episcopo
2421 3294 2668 3360 oﬂ‘crtur,
2716 3295 2770 3349 in
2802 3293 2999 3350 talibus
3022 3294 3263 3350 vestibus
3291 3293 3618 3363 applicetur,

2033 3390 2281 3460 qualibus
2309 3404 2524 3461 semper
2543 3404 2705 3444 usura
2732 3397 2815 3444 est
2836 3388 3184 3461 professioni,
3231 3396 3284 3444 et
3319 3389 3620 3445 sanctimo-

2033 3485 2136 3540 niae
2161 3497 2378 3554 suaeque
2402 3482 2649 3555 religioni
2672 3491 2936 3553 susceptae
2961 3483 3125 3552 aptis.

2113 3575 2225 3631 XII.
2261 3575 2450 3631 Viduas
2490 3575 2576 3631 vel
2625 3575 3061 3632 sanctimoniales
3105 3590 3226 3646 quae
3247 3577 3316 3632 ad
3366 3575 3616 3632 ministe-

2033 3667 2175 3722 rium
2211 3665 2659 3738 baptizandarum
2691 3666 2976 3722 mulierum
3005 3667 3310 3738 eliguntur,
3341 3667 3618 3723 instructae

2033 3761 2143 3816 sint
2181 3759 2248 3815 ad
2277 3759 2544 3827 ofﬁcium,
2603 3769 2664 3816 ut
2705 3761 2914 3830 possint
2941 3769 3069 3830 apto
3105 3769 3162 3816 et
3197 3775 3331 3816 sano
3366 3776 3618 3816 sermone

2034 3853 2230 3908 docere
2275 3852 2555 3922 imperitas
2581 3860 2637 3906 et
2665 3852 2896 3906 rusticas
2931 3851 3186 3907 mulieres
3222 3860 3465 3922 tempore
3507 3867 3619 3921 quo

2033 3945 2370 4017 baptizandaa
2417 3954 2590 4012 sunt,
2619 3943 2852 4016 qualiter
2900 3944 3223 4014 baptizatori
3273 3946 3618 4014 interrogata:

2035 4037 2443 4108 respondeant,
2496 4046 2552 4092 et
2597 4036 2833 4109 qualiter
2879 4045 3102 4094 accento
3149 4037 3477 4108 baptismate
3524 4037 3618 4090 vi-

2032 4142 2186 4191 Vaut.

2105 4225 2241 4281 XIII.
2280 4224 2521 4296 Sponsus
2574 4233 2629 4278 et
2674 4239 2869 4294 sponsa
2919 4238 3043 4278 cum
3092 4222 3444 4280 benedicendi
3491 4232 3618 4277 sunt

1937 4317 1950 4372 ἐ
2036 4332 2069 4375 a
2101 4318 2402 4382 sacerdote,
2444 4333 2475 4372 a
2505 4317 2818 4387 parentibus
2861 4316 2994 4380 suis,
3021 4313 3107 4368 vel
3153 4331 3183 4369 a
3229 4315 3618 4385 paranymphis

2032 4409 2352 4478 oﬂ‘erantur,
2367 4409 2459 4480 qui
2480 4424 2601 4464 cum
2624 4407 3054 4466 benedictionem
3078 4405 3407 4475 acceperint,
3424 4405 3616 4460 eadem

2037 4513 2197 4561 nocte
2235 4520 2334 4576 pro
2362 4503 2667 4559 reverentia
2714 4501 2885 4572 ipsius
3366 4498 3421 4554 in
3451 4500 3618 4572 virgi-

358 4594 453 4654 put
494 4593 548 4640 et
575 4586 843 4642 cervicem
887 4587 1019 4657 ejus,
1072 4597 1128 4643 et
1165 4603 1272 4643 uno
1307 4603 1468 4659 super
1510 4603 1635 4644 eum
1676 4574 2012 4675 fundente],
2037 4599 2208 4654 nitate
2236 4574 2616 4671 permaneant.

358 4679 804 4747 benedictionem,
847 4683 1038 4754 reliqui
1092 4697 1280 4740 omnes
1325 4683 1558 4754 episcopi
1607 4684 1696 4755 qui
1739 4685 1930 4742 adsunt

360 4771 606 4826 manibus
629 4772 740 4827 suis
765 4781 924 4844 caput
948 4772 1063 4843 ejus
1086 4781 1325 4846 tangant.

431 4865 511 4920 III.
541 4866 830 4940 Presbyter
855 4883 980 4924 cum
1005 4869 1303 4936 ordinatur,
1353 4869 1606 4940 episcopo
1625 4885 1747 4926 eum
1769 4871 1933 4928 bene-

360 4959 590 5025 (licente,
620 4969 676 5015 et
714 4977 934 5018 manum
959 4977 1124 5034 super
1148 4973 1312 5034 caput
1335 4963 1451 5035 ejus
1491 4972 1724 5030 tenente,
1765 4965 1928 5020 etiam

359 5066 546 5106 omnes
581 5053 876 5124 presbyteri
923 5057 1015 5126 qui
1062 5064 1354 5126 praesentes
1397 5065 1524 5112 sunt
1574 5073 1764 5113 manus
1806 5073 1930 5113 suas

353 5143 507 5211 juxta
538 5160 730 5200 manus
761 5148 997 5220 episcopi
1019 5165 1181 5220 super
1208 5157 1370 5220 caput
1401 5149 1540 5204 illius
1569 5133 1802 5205 teneant.

432 5236 518 5292 IV.
547 5237 815 5296 Diaconus
858 5257 978 5296 cum
1016 5242 1314 5308 ordinatur,
1355 5241 1502 5297 solus
1526 5244 1808 5311 episcopus
1843 5243 1934 5311 qui

361 5347 484 5387 eum
510 5331 781 5386 benedicit
808 5349 999 5389 manus
1026 5350 1188 5406 super
1217 5343 1377 5405 caput
1405 5335 1548 5390 illius
1575 5345 1756 5404 ponat,
1807 5335 1932 5404 quia

362 5440 470 5480 non
525 5425 595 5480 ad
646 5425 1041 5493 sacerdotium,
1089 5428 1184 5484 sed
1233 5428 1302 5484 ad
1341 5427 1702 5485 ministerium
1746 5441 1934 5482 conse-
1983 5493 1988 5498 Ι

363 5530 453 5570 cra
461 5525 565 5572 tur.

432 5607 496 5662 V.
549 5607 922 5665 Subdiaconus
949 5624 1070 5665 cum
1099 5610 1380 5666 ordinatur
1463 5611 1609 5667 solus
1647 5601 1933 5680 episcopus

361 5699 484 5768 quia
514 5714 708 5755 manus
744 5701 1140 5770 impositionem
1176 5716 1282 5756 non
1313 5705 1555 5771 accepit,
1584 5709 1834 5770 patenam
1867 5699 1936 5752 de

361 5790 595 5860 episcopi
625 5807 785 5846 manu
813 5793 1043 5864 accipiat
1079 5807 1305 5848 vacuam
1328 5802 1383 5847 e'.
1425 5793 1646 5848 calicem
1681 5807 1934 5854 vacuum,

361 5882 430 5936 de
469 5898 630 5938 manu
659 5899 786 5939 vero
836 5886 1201 5943 archidiaconi
1238 5885 1514 5943 urceolum
1549 5901 1670 5941 cum
1706 5899 1844 5954 aqua
1881 5892 1928 5942 ct

363 5972 583 6031 mantile
604 5979 1094 6048 etimanutergium.

2105 4691 2244 4748 XIV.
2277 4691 2344 4747 Ut
2372 4692 2655 4762 episcopus
2703 4703 2812 4744 non
2847 4686 3006 4758 longe
3049 4687 3119 4742 ab
3155 4685 3384 4742 ecclesia
3434 4685 3620 4755 hospi-

2033 4785 2225 4842 tiolum
2259 4785 2475 4840 habeat.

2105 4876 2221 4932 XV.
2255 4876 2325 4932 Ut
2350 4876 2636 4947 episcopus
2658 4873 2821 4932 vilem
2846 4872 3237 4946 supellectilem
3254 4911 3271 4940 ,
3293 4882 3350 4927 et
3371 4883 3615 4926 mensam

2032 4992 2098 5034 ac
2115 4975 2315 5031 victum
2337 4983 2631 5042 pauperem
2654 4967 2869 5032 habeat,
2903 4974 2959 5022 et
2984 4965 3262 5037 dignitatis
3289 4973 3401 5020 sua:
3430 4971 3618 5018 aucto-

2043 5068 2259 5123 ritatem
2290 5065 2396 5119 [ide
2421 5071 2476 5117 et
2503 5061 2624 5115 vitae
2644 5059 2854 5115 meritis
2877 5065 3106 5128 quaerat.

2110 5158 2247 5213 XVI.
2304 5155 2376 5212 Ut
2416 5155 2701 5225 episcopus
2749 5151 3030 5224 gentilium
3077 5149 3246 5206 libros
3293 5163 3404 5205 non
3453 5148 3615 5222 legat,

2041 5251 2420 5326 haereticorum
2457 5255 2636 5302 autem
2669 5260 2769 5316 pro
2817 5244 3141 5300 necessitate
3178 5252 3234 5298 et
3279 5251 3543 5313 tempore.

2109 5338 2271 5394 XVII.
2304 5336 2377 5393 Ut
2401 5338 2688 5408 episcopus
2741 5334 3186 5406 gubernationem
3233 5334 3518 5388 viduarum
3564 5343 3619 5388 et

2039 5429 2363 5502 pupillorum
2410 5444 2474 5482 ac
2519 5428 2928 5497 peregrinorum
2987 5442 3090 5483 non
3146 5441 3242 5497 per
3291 5441 3350 5481 se
3403 5427 3614 5495 ipsum,

2037 5525 2132 5580 sed
2156 5538 2253 5593 per
2299 5520 2772 5587 archidiaconum,
2813 5527 2905 5574 aut
2944 5534 3042 5590 per
3085 5518 3616 5588 archipresbytcrum

2039 5625 2185 5688 agat.

2107 5706 2291 5762 XVIII.
2314 5706 2386 5763 Ut
2412 5707 2697 5779 cpiscopus
2724 5707 3003 5762 tuitionem
3028 5713 3476 5762 testamentorum
3503 5717 3612 5758 non

2039 5802 2319 5872 suscipiat.

2110 5893 2248 5949 XIX.
2307 5893 2375 5950 Ut
2419 5907 2705 5967 eptscopus
2747 5911 2853 5953 non
2899 5902 3259 5967 provocatus,
3309 5904 3408 5962 pro
3453 5890 3613 5945 rebus

2049 5985 2381 6046 transitoriis
2409 5987 2597 6056 litiget.
