3834 5428
145 384 258 440 365

1387 384 1886 446 DECRETALIUM
1919 383 2326 444 COLLECTIO.

215 495 342 573 XX.
397 494 470 552 Ut
506 496 792 569 episcopus
848 497 1050 553 nullam
1100 498 1178 555 rei
1225 497 1513 554 familiaris
1553 514 1741 554 curam
1768 509 1824 566 Α
1920 495 2206 552 XXXVIII.
2255 495 2325 552 Ut
2363 495 2626 551 diaconus
2667 503 2934 564 praesente
2979 495 3300 568 presbytero
3340 493 3442 552 Ed-

139 588 211 643 ad
245 607 306 645 se
339 602 582 658 revocet,
623 593 718 648 sed
762 602 820 648 ut
867 593 1086 649 lectioni
1117 603 1172 649 et
1199 593 1434 649 orationi
1469 600 1526 649 et
1579 592 1744 649 verbo

136 683 560 751 pnedicationis
597 687 970 742 tantummodo
1003 695 1178 744 vacet.

215 772 367 829 XXI.
404 775 475 831 Ut
505 777 791 849 episcopus
817 778 888 834 ad
919 782 1183 850 synodum
1214 780 1295 836 ire
1335 795 1442 835 non
1473 779 1591 836 sine
1615 789 1748 835 satis

131 865 301 934 gravi
352 867 680 924 necessitate
732 868 1065 935 inhibeatur,
1097 871 1178 926 sic
1215 880 1396 927 tamen
1443 879 1502 926 ut
1547 871 1600 926 in
1647 886 1745 925 sua

129 978 381 1033 persona
417 965 656 1036 legatum
682 966 864 1022 mittat
891 977 1246 1039 suscepturus
1272 968 1422 1026 salva
1450 967 1577 1023 fidei
1608 967 1748 1023 veri-

131 1064 259 1111 tate
290 1058 559 1128 quidquid
583 1075 740 1115 sacra
769 1050 1012 1133 synodus
1037 1060 1311 1116 statuerit.

210 1147 389 1204 XXII.
418 1150 490 1208 Ut
523 1152 812 1223 episcopus
843 1154 962 1209 sine
1009 1153 1242 1210 concilio
1271 1153 1595 1210 clericorum
1622 1169 1745 1209 suo-

127 1257 264 1295 rum
294 1241 525 1298 clericos
552 1260 658 1300 non
683 1245 916 1312 ordinet,
944 1246 1020 1301 ita
1047 1255 1108 1301 ut
1139 1248 1339 1303 civium
1383 1263 1667 1305 assensum
1691 1256 1747 1304 et

126 1335 558 1392 eonniventiam
591 1347 643 1393 et
679 1340 1048 1395 testimonium
1079 1350 1308 1412 quaerat.

211 1425 411 1482 XXIII.
445 1427 516 1484 Ut
545 1430 836 1501 episcopus
867 1432 1068 1488 nullius
1107 1448 1329 1488 causam
1384 1433 1568 1488 audiat
1624 1434 1748 1490 abs-

129 1533 250 1588 que
296 1522 594 1590 praesentia
635 1522 962 1580 clericorum
989 1541 1246 1591 suorum,
1296 1524 1538 1596 alioquin
1590 1525 1745 1580 irrita

125 1611 246 1666 erit
296 1614 571 1670 sententia
619 1614 899 1685 episcopi,
950 1616 1054 1672 nisi
1099 1615 1423 1672 clericorum
1454 1614 1741 1686 praesentia

125 1704 524 1760 confirmetur.

211 1795 408 1852 XXIV.
435 1797 729 1857 Sacerdote
753 1801 978 1858 verhnm
1015 1799 1250 1859 faciente
1289 1802 1344 1858 in
1371 1802 1623 1869 ecclesia,
1651 1799 1744 1871 qui

126 1902 402 1960 egressus
437 1892 503 1948 de
531 1894 802 1950 auditorio
833 1895 1017 1962 fuerit,
1055 1897 1575 1952 excommunicetur.

213 1981 388 2038 XXV.
430 1984 770 2043 Dissidentes
821 1988 1126 2059 episcopos,
1176 1987 1224 2044 si
1265 2004 1373 2045 non
1427 1989 1590 2044 timor
1626 1987 1745 2054 Dei,

125 2076 388 2144 synodus
417 2077 748 2133 reconciliet.

211 2161 412 2220 XXVI.
456 2166 798 2224 Studendum
843 2179 930 2226 est
973 2171 1264 2242 episcopis,
1306 2180 1369 2226 ut
1420 2171 1748 2228 dissidentes

127 2253 372 2324 fratres,
403 2259 518 2314 sive
561 2259 813 2328 clericos,
864 2263 979 2318 sive
1018 2263 1187 2321 laicos
1219 2263 1290 2320 ad
1335 2277 1525 2334 pacem
1575 2264 1748 2335 magis

128 2365 312 2422 quam
335 2353 686 2423 adjudicium
710 2358 1087 2415 cohortentur.

210 2441 433 2499 XXVII.
468 2444 542 2501 Ut
579 2447 868 2520 episcopus
895 2450 963 2504 de
1001 2451 1123 2508 loco
1148 2451 1374 2525 ignobili
1411 2456 1480 2506 ad
1511 2452 1748 2509 nobilem

125 2552 237 2610 per
268 2537 623 2596 ambitionem
652 2557 760 2597 non
784 2552 1050 2612 transeat,
1075 2561 1177 2601 nec
1203 2545 1496 2616 quisquam
1524 2543 1750 2600 inferio-

124 2631 216 2687 ris
244 2633 456 2689 ordinis
497 2633 766 2702 clericus,
796 2652 927 2693 sane
965 2639 1011 2693 si
1054 2654 1155 2710 pro
1202 2638 1442 2695 utilitate
1489 2637 1747 2694 Ecclesia:

127 2725 453 2782 faciendum
509 2730 819 2800 poposcerit
861 2732 1082 2788 decreto
1110 2748 1210 2803 pro
1247 2747 1312 2788 eo
1343 2732 1668 2788 clericorum
1692 2739 1749 2788 et

126 2815 409 2874 laicorum
459 2821 732 2892 episcopis
776 2833 1029 2894 porrecto
1074 2825 1130 2880 in
1178 2825 1526 2896 praesentiam
1557 2823 1747 2898 synodi

130 2911 529 2980 transferatur,
570 2914 926 2972 nihilominus
957 2917 1064 2974 alio
1094 2917 1148 2972 in
1197 2917 1317 2973 loco
1347 2917 1462 2986 ejus
1489 2918 1746 2988 episcopo

130 3006 477 3078 subrogato,
521 3007 803 3066 inferioris
846 3025 979 3067 vero
1027 3012 1228 3082 gradus
1274 3012 1619 3078 sacerdotes,
1660 3011 1747 3068 vel

131 3097 230 3152 alii
258 3098 447 3156 clerici
477 3102 833 3158 concessione
855 3119 1077 3159 suorum
1105 3105 1487 3176 episcoporum
1516 3111 1747 3176 possunt

133 3191 202 3247 ad
239 3192 376 3246 alias
405 3193 669 3249 ecclesias
709 3195 1121 3266 transmigrare.

1849 589 2163 645 charistiam
2185 589 2433 658 corporis
2460 587 2665 644 Christi
2691 587 2893 660 populo
2953 588 2997 644 si
3031 589 3330 645 necessitas
3357 605 3444 646 eoo

1849 680 1947 752 git,
1967 680 2172 752 jussus,
2210 689 2413 750 eroget.

1923 768 2166 825 XXXIX.
2203 769 2273 825 Ut
2320 769 2580 827 diaconus
2623 769 2868 840 quolibet
2892 769 3012 828 loco
3055 768 3284 839 jubente
3323 785 3436 842 pre.

1849 861 2072 933 sbytero
2105 863 2310 919 sedeat.
3411 927 3415 931 ,

1921 955 2033 1011 XL.
2062 955 2132 1012 Ut
2153 957 2412 1014 diaconus
2433 958 2488 1014 in
2509 968 2779 1016 conventu
2801 959 3246 1033 presbyterorum
3277 959 3443 1017 inter-

1850 1057 2077 1118 rogatus
2103 1047 2382 1118 loquatur.

1922 1141 2057 1198 XLI.
2083 1141 2156 1200 Ut
2185 1144 2446 1201 diaconus
2488 1155 2736 1218 tempore
2778 1143 3070 1203 oblationis
3099 1153 3332 1212 tantum,
3359 1142 3446 1201 vel

1851 1237 2098 1294 lectionis
2127 1239 2248 1294 alba
2274 1239 2552 1295 induatur.

1920 1331 2078 1387 XLII.
2115 1331 2384 1389 Clericum
2416 1333 2560 1389 inter
2602 1335 2935 1391 tentationes
2956 1333 3133 1390 ofﬁcio
3175 1349 3274 1391 suo
3297 1333 3450 1391 incu-

1848 1423 2069 1480 bantem
2103 1427 2366 1498 gradibus
2395 1426 2821 1483 sublimandum.

1923 1515 2105 1570 XLIII.
2138 1516 2508 1573 Christianum
2537 1519 2866 1576 catholicum
2907 1520 3001 1591 qui
3051 1535 3151 1590 pro
3181 1518 3450 1576 catholica

1851 1609 1958 1664 fide
1989 1609 2363 1667 tribulationes
2405 1611 2613 1682 patitur
2643 1612 2850 1668 honore
2899 1613 3046 1668 omni
3085 1629 3115 1666 a
3145 1612 3450 1668 sacerdoti-

1848 1703 1950 1759 bus
1998 1703 2396 1773 honorandum,
2435 1705 2601 1762 etiam
2642 1714 2701 1762 et
2742 1721 2843 1777 per
2874 1705 3164 1762 diaconum
3185 1705 3236 1762 ei
3267 1703 3450 1760 victus

1862 1791 2226 1852 ministretur.

1774 1881 1823 1942 B
1919 1883 2104 1941 XLIV.
2130 1886 2377 1944 Clericus
2418 1903 2522 1945 nec
2560 1903 2777 1946 comam
2816 1889 3048 1956 nutriat,
3076 1903 3180 1946 nec
3215 1887 3446 1945 barbam

1857 1977 2032 2033 radat.

1920 2067 2085 2125 XLV.
2116 2069 2362 2128 Clericus
2400 2071 2793 2144 professionem
2826 2090 3006 2140 suam,
3052 2084 3110 2130 et
3147 2073 3204 2128 in
3240 2073 3450 2139 habitu,

1850 2162 1987 2218 etin
2023 2163 2240 2220 incessu
2269 2167 2486 2236 probet,
2523 2175 2580 2222 et
2620 2167 2743 2224 ideo
2785 2183 2888 2223 nec
2926 2167 3194 2235 vestibus,
3220 2181 3322 2223 nec
3349 2165 3455 2221 cal-

1851 2257 2156 2314 ceamentis
2185 2259 2438 2314 decorem
2465 2269 2694 2330 quaerat.

1918 2346 2106 2402 XLVI.
2134 2346 2378 2406 Clericus
2402 2365 2525 2406 cum
2563 2351 2846 2408 extraneis
2879 2349 3202 2408 mulieribus
3221 2363 3331 2406 non
3356 2347 3448 2405 ha-

1851 2439 2013 2496 bitet.

1919 2529 2129 2586 XLVII.
2172 2531 2420 2588 Clericus
2469 2547 2568 2604 per
2617 2531 2825 2604 plateas
2874 2544 2931 2590 et
2987 2534 3293 2603 andronas,
3347 2534 3454 2591 nisi

1847 2633 1998 2681 certa
2025 2633 2081 2680 et
2109 2625 2346 2680 maxima
2391 2623 2554 2680 ofﬁcii
2581 2627 2666 2682 sui
2691 2627 3159 2695 necessitate,non
3185 2625 3450 2683 ambulet.

1920 2718 2150 2776 XLVIII.
2196 2719 2446 2776 Clericus
2482 2720 2576 2790 qui
2599 2735 2708 2776 non
2747 2736 2847 2791 pro
2873 2721 3106 2777 emendo
3141 2719 3370 2792 aliquid,
3395 2719 3454 2775 in

1848 2813 2108 2882 nundinis
2135 2813 2222 2870 vel
2250 2813 2308 2869 in
2328 2812 2449 2869 foro
2471 2813 2803 2882 deambulat,
2833 2814 2902 2870 ab
2924 2813 3101 2872 ofﬁcio
3127 2830 3228 2872 suo
3251 2815 3446 2887 degra-

1847 2904 2025 2960 detur.

1916 2994 2105 3052 XLIX.
2137 2995 2382 3053 Clericus
2403 2997 2497 3070 qui
2517 2999 2723 3070 absque
2750 2997 3060 3070 corpusculi
3083 2998 3165 3055 sui
3206 2998 3453 3070 inaequa-

1845 3087 1999 3144 litate
2024 3087 2226 3160 vigiliis
2250 3089 2427 3157 deest,
2457 3090 2744 3160 stipendiis
2783 3091 3032 3162 privatus
3069 3089 3452 3149 excommuni-

1852 3191 2030 3237 cetur.

209 3281 454 3339 χχγιιι,
480 3283 695 3340 mnam
725 3300 847 3342 esse
883 3251 1142 3356 iniustam
1181 3287 1561 3359 episcoporum
1587 3285 1744 3342 dam-
1773 3251 1820 3316 (ἶ
1925 3273 1988 3328 L.
2018 3273 2291 3330 Clericum
2332 3276 2478 3332 inter
2516 3277 2849 3334 tentationes
2876 3277 2946 3333 ab
2971 3275 3148 3334 ofIieio
3205 3293 3306 3336 suo
3352 3277 3440 3334 de-

134 3375 424 3430 nationem
448 3375 654 3432 idcirco
679 3393 710 3431 a
742 3377 952 3449 synodo
978 3379 1402 3434 retractandam.

208 3465 410 3522 XXIX.
443 3465 745 3540 Episcopus
774 3470 820 3525 si
843 3470 1046 3527 clerico
1069 3470 1154 3527 vel
1184 3471 1324 3528 laico
1345 3471 1553 3529 crimen
1576 3472 1748 3543 impo-

133 3559 336 3625 suerit,
375 3559 676 3616 deducatur
700 3563 770 3617 ad
806 3561 1188 3632 probationem
1218 3565 1273 3619 in
1313 3565 1602 3638 synodum.

212 3648 387 3705 XXX.
450 3649 692 3708 Caveant
722 3651 937 3723 judices
982 3653 1242 3710 Ecclesiae
1281 3670 1351 3711 ne
1384 3654 1611 3711 absente
1657 3669 1744 3722 eo,

135 3741 299 3812 cujus
335 3758 502 3801 causa
554 3745 878 3813 ventilatur,
912 3748 1245 3804 sententiam
1279 3749 1581 3820 proferant,
1615 3750 1746 3821 quia

135 3834 303 3890 irrita
330 3835 485 3898 -,erit.
518 3835 628 3894 imo
657 3846 714 3895 et
736 3853 961 3896 causam
997 3839 1052 3896 in
1096 3841 1307 3913 synodo
1350 3856 1449 3910 pro
1475 3840 1621 3898 facto
1643 3840 1741 3897 da-

135 3926 305 3983 bunt.

213 4019 414 4078 XXXI.
448 4022 520 4082 Ut
559 4027 850 4098 episcopus
874 4029 943 4084 de
977 4029 1142 4086 rebus
1164 4038 1424 4100 tanquam
1468 4042 1745 4086 commen-
1781 4040 1783 4042 '

138 4116 291 4172 datis
325 4134 432 4175 non
455 4129 715 4193 tanquam
744 4124 982 4196 propriis
1009 4134 1215 4181 utatur.

215 4206 432 4266 XXXII.
473 4212 632 4270 Irrita
657 4215 765 4272 erit
803 4217 1026 4274 donatio
1057 4219 1456 4290 episcoporum,
1487 4219 1574 4275 vel
1609 4235 1744 4274 ven-

141 4296 299 4364 ditio,
339 4300 425 4355 vel
448 4303 809 4360 commutatio
838 4307 918 4362 rei
947 4306 1338 4363 ecclesiasticze
1377 4309 1585 4379 absque
1617 4324 1747 4364 con-

142 4391 389 4450 niventia
424 4405 479 4452 et
507 4397 912 4470 subscriptione
940 4400 1285 4458 clericorum.

217 4482 456 4542 XXXIII.
488 4489 743 4562 Episcopi
763 4492 850 4547 vel
871 4493 1174 4566 presbyteri
1199 4495 1245 4550 si
1267 4509 1432 4550 causa
1460 4495 1746 4550 visitandae

1858 3365 2172 3433 clinantem,
2204 3367 2290 3422 vel
2316 3367 2684 3440 negligentius
2723 3377 3000 3440 agentem,
3044 3371 3111 3426 ab
3154 3369 3330 3426 officio
3352 3383 3452 3427 suo

1853 3463 2264 3519 removendum.

1922 3551 2008 3609 LI.
2047 3552 2290 3610 Clericus
2315 3554 2677 3626 quatumlibet
2700 3555 2867 3613 verbo
2889 3556 2986 3614 Dei
3027 3558 3274 3615 eruditus
3311 3558 3446 3614 arti-

1854 3644 1982 3701 ficio
2009 3645 2212 3701 victum
2245 3656 2480 3717 quaerat.

1922 3735 2286 3796 Lll.CIericus
2311 3739 2513 3797 victum
2539 3750 2594 3798 et
2614 3741 2998 3800 vestimentum
3020 3743 3446 3811 sibiartificiolo,

1846 3830 1932 3886 vel
1981 3832 2317 3904 agricultura
2375 3835 2583 3906 absque
2636 3833 2797 3891 ofﬁcii
2833 3836 2920 3893 sui
2965 3836 3233 3892 duntaxat
3280 3835 3453 3892 detri-

1848 3936 2034 3982 mento
2059 3935 2351 3998 praeparet.

1922 4019 2054 4075 LIII.
2090 4019 2294 4077 Omnes
2321 4020 2509 4078 clerici
2542 4023 2635 4094 qui
2659 4021 2728 4078 ad
2756 4024 3092 4095 operandam
3117 4022 3282 4080 validi
3302 4030 3450 4090 sunt,

1847 4120 1903 4168 et
1934 4111 2244 4179 artificiola,
2277 4122 2333 4168 et
2365 4112 2580 4169 litteras
2616 4114 2854 4170 discant.

1917 4202 2027 4275 83
2065 4203 2200 4258 LIV.
2230 4201 2476 4260 Clericus
2519 4204 2768 4261 invidens
2815 4203 3048 4261 fratrum
3086 4204 3446 4278 profectibus,

1847 4299 2019 4354 donec
2046 4297 2102 4353 in
2133 4298 2264 4354 vitio
2290 4308 2392 4367 est,
2435 4315 2543 4356 non
2575 4310 2984 4372 promoveatur.

1917 4389 2032 4447 LV.
2077 4389 2149 4446 Ut
2175 4391 2460 4463 episcopus
2487 4401 2838 4450 accusatores
2861 4393 3092 4450 fratrum
3136 4409 3453 4452 excommu-

1848 4484 2034 4551 nicet,
2081 4494 2138 4539 et
2181 4485 2228 4540 si
2276 4485 2649 4541 emendaverit
2699 4486 2890 4542 vitium
2919 4527 2935 4554 ,
2981 4487 3210 4559 recipiat
3246 4502 3342 4546 eos
3384 4487 3453 4543 ad

147 4574 413 4634 Ecclesia}
437 4579 664 4638 alterius
697 4583 938 4654 epiSCOpi
969 4585 1036 4640 ad
1064 4585 1352 4642 ecclesiam
1393 4585 1666 4652 venerint,
1691 4595 1747 4640 et
1775 4645 1817 4654 _
1850 4579 2305 4645 communionem,
2332 4594 2439 4634 non
2461 4579 2527 4634 ad
2552 4578 2780 4635 clerum.

144 4666 203 4723 in
229 4669 398 4739 gradu
427 4645 822 4744 suscipiantur,
847 4645 901 4729 et
917 4683 1026 4730 tam
1051 4677 1120 4731 ad
1156 4675 1380 4732 verbum
1411 4645 1742 4740 faciendum,
1773 4645 1826 4707 Ῑ)
1922 4671 2054 4728 LVI.
2095 4670 2339 4727 Clericus
2370 4673 2463 4743 qui
2493 4671 2808 4735 adulationi,
2853 4681 2911 4727 et
2934 4670 3337 4742 proditionibus
3360 4686 3453 4726 va-

146 4774 314 4830 quam
336 4761 402 4816 ad
431 4763 767 4821 oblationem
789 4768 1213 4824 consecrandam
1243 4767 1564 4824 invitentur.

219 4848 461 4907 XXXIV.
518 4853 590 4910 Ut
629 4855 922 4926 episcopus
970 4858 1026 4912 in
1075 4857 1317 4929 quolibet
1363 4857 1484 4916 loco
1548 4859 1744 4916 sedens

67 4945 81 4962 ’
147 4952 297 5000 stare
317 4948 698 5020 presbyterum
728 4965 836 5006 non
859 4951 1118 5022 patiatur.

219 5036 434 5095 XXXV.
459 5041 530 5098 Ut
551 5043 844 5114 episcopus
872 5043 926 5100 in
967 5047 1198 5104 ecclesia
1246 5047 1301 5101 in
1327 5063 1590 5107 consessu
1619 5061 1746 5118 pre-

161 5130 498 5202 sbyterorum
524 5135 908 5192 sublimiorum
947 5140 1150 5206 sedeat,
1192 5139 1336 5196 intra
1367 5143 1588 5199 domum
1619 5155 1746 5196 vero

150 5221 405 5295 collegam
440 5243 500 5284 se
534 5228 983 5301 presbyterorum
1011 5249 1132 5291 esse
1173 5246 1484 5304 cognoscat.

222 5313 452 5375 XXXVI.
481 5319 809 5392 Presbyteri
833 5323 926 5391 qui
947 5341 1045 5396 per
1074 5327 1341 5383 dioeceses
1369 5328 1635 5387 ecclesias
1659 5343 1748 5382 re-

1850 4781 1978 4822 care
1997 4765 2440 4836 apprehenditur,
2473 4766 2542 4820 ab
2569 4763 2746 4818 oflicio
2777 4762 3126 4834 degradetur.

1920 4850 2078 4914 LVII.
2119 4859 2366 4916 Clericus
2393 4857 2688 4916 maledicus
2713 4857 3058 4925 maximeque
3081 4854 3134 4909 in
3158 4855 3454 4912 sacerdoti-

1848 4950 1952 5008 bus
1986 4960 2213 5021 cogatur
2241 4951 2309 5005 ad
2341 4950 2720 5024 postulandam
2742 4947 2982 5013 veniam,
3010 4945 3059 5002 si
3080 4945 3336 5012 noluerit,
3357 4946 3454 5001 de-

1851 5045 2132 5115 gradetur,
2173 5057 2271 5098 nec
2318 5057 2560 5118 unquam
2605 5039 2672 5093 ad
2716 5039 2954 5097 oflicium
2983 5040 3190 5112 absque
3238 5037 3452 5096 satisfao

1849 5119 2033 5195 ctione
2065 5144 2382 5196 revocetur.

1919 5231 2098 5287 LVIII.
2139 5229 2351 5289 Clerici
2393 5233 2486 5307 qui
2509 5227 2822 5294 frequenter
2851 5228 3049 5298 litigat,
3072 5232 3130 5279 et
3149 5225 3217 5280 ad
3236 5237 3461 5278 causan-

1849 5326 1977 5381 dum
1999 5323 2171 5380 facilis
2184 5331 2292 5388 est.
2328 5320 2696 5387 testimonium
2724 5337 2885 5380 nemo
2906 5323 3108 5388 absque
3133 5315 3319 5390 grandi
3339 5330 3463 5371 exa-

3326 377 3536 443 δόθ’
