3910 6536
369 512 477 583 34⁸1

1223 524 1516 584 APPEND.
1553 527 1648 584 AD
1682 525 1854 585 SIEC.
1884 524 1978 584 1X.
2007 557 2077 567 —
2100 522 2350 585 lSlDORl
2378 522 2826 583 MERCATORIS

3530 523 3655 585 348

382 592 571 693 ’LXI.
603 635 871 695 Clericum
894 652 991 709 per
1029 646 1307 695 creaturas
1337 639 1621 712 jurantem
1654 656 1687 696 a
1726 640 1954 697 crimine
1978 644 2031 707 Α
2056 655 2179 696 rum
2211 647 2268 694 et
2293 637 2631 695 orationibus
2662 646 2720 693 et
2752 634 3113 694 oblationibus
3138 637 3577 695 commendetur;

364 730 782 803 obiurgandum,
812 731 858 788 si
876 729 1178 802 perstiterit
1199 731 1255 787 in
1291 732 1446 802 vitio,
1468 732 1949 790 excommunicau-

366 824 516 880 dum.
911 870 914 874 .

436 914 596 971 LXII.
629 914 897 973 Clericum
924 915 1070 972 inter
1090 917 1277 988 epulas
1300 926 1610 979 cantantem
1632 918 1956 984 supradictae

366 1007 647 1063 sententiae
671 1007 959 1065 severitate
985 1009 1364 1065 coercendum.

438 1095 620 1152 LXIII.
646 1096 917 1153 Clericum
962 1097 1056 1168 qui
1097 1106 1339 1169 tempore
1377 1096 1567 1154 indicti
1599 1095 1795 1171 jejunii
1835 1098 1958 1154 abs-

2125 728 2342 786 LXXX.
2375 728 2534 786 Omni
2564 739 2806 801 tempore
2829 728 3021 801 jejunii
3054 744 3249 786 manus
3281 730 3591 788 petentibus
3612 746 3663 788 ι

2055 823 2430 901 sacerdotibus
2455 823 2821 897 imponantur.

2126 913 2365 972 LXXXI.
2398 913 2641 971 Mortuos
2684 912 2929 971 ecclesiae
2967 913 3298 989 poenitentes
3326 912 3566 971 eﬂ'erant
3593 922 3661 972 et

2231 1025 2342 1064 alil.

2064 1010 2388 1157 ωῗὲῗέίι.
2404 1098 2698 1159 Venientes
2716 1100 2881 1158 etiam
2901 1101 3093 1160 diebus
3112 1101 3448 1161 remissionis
3472 1118 3660 1179 genua

367 1203 472 1260 que
500 1187 798 1247 incvitabili
844 1187 1169 1247 necessitate
1203 1187 1473 1260 jejunium
1518 1189 1744 1261 rumpit,
1786 1188 1960 1247 mino-
2058 1191 2298 1251 ﬂectant.

368 1298 484 1339 rem
520 1283 851 1340 habendum.

441 1372 629 1429 LXIV.
676 1373 779 1441 Qui
826 1373 1108 1432 Dominieo
1156 1375 1244 1432 die
1294 1376 1537 1437 studiose
1576 1376 1804 1450 jejunat,
1852 1392 1964 1437 non

368 1465 628 1522 credatur
647 1464 968 1523 catholicus.

368 1649 386 1706 Ι
632 1559 855 1618 Paschae
886 1560 1201 1621 solemnitas
1240 1578 1350 1622 uno
1381 1550 1489 1634 die,
1519 1526 1576 1623 et
1596 1573 1839 1640 tempore
1869 1581 1960 1625 ce-

388 1664 418 1706 e
459 1667 555 1706 ran
594 1666 646 1706 a.
1123 1678 1129 1682 '

388 1664 515 1706 enra
522 1664 646 1706 nua.
1123 1678 1129 1682 '

438 1744 622 1803 LXVI.
663 1745 905 1805 Clericus
924 1732 1019 1820 qui
1043 1716 1281 1827 episcopi
1303 1751 1449 1809 circa
1474 1766 1535 1809 se
1560 1751 1963 1813 diatrietionem

368 1836 624 1909 injustam
651 1846 826 1910 putat,
857 1853 1106 1895 recurrat
1139 1843 1205 1900 ad
1245 1844 1530 1916 synodum.

438 1926 647 1984 LXVII.
692 1927 1083 1989 Seditionarios
1108 1949 1387 2006 nunquam
1426 1936 1758 1994 ordinandos
1798 1934 1963 1994 cieri-

2133 1285 2414 1343 LXXXIII.
2447 1284 2720 1359 Pauperes
2741 1293 2797 1344 et
2820 1302 2979 1349 senes
3000 1286 3257 1347 Ecclesia:
3287 1288 3412 1362 plus
3435 1289 3651 1348 caeteris

2065 1379 2432 1436 honorandos.

2135 1469 2423 1538 LXXXIV.
2452 1469 2526 1528 Ut
2562 1468 2850 1545 episcopus
2893 1471 3100 1527 nullum
3128 1473 3420 1547 prohibeat
3445 1472 3658 1548 ingredi

2064 1564 2369 1629 ecclesiam,
2394 1573 2449 1620 et
2470 1564 2660 1621 audire
2683 1565 2907 1621 verbum
2937 1564 3055 1633 Dei,
3086 1566 3514 1640 sive‘gentilem,
3546 1565 3659 1622 sive

2066 1659 2405 1726 haereticum,
2429 1659 2545 1715 sive
2565 1656 2811 1716 Judzeum
2836 1673 3007 1729 usque
3040 1658 3109 1714 ad
3138 1658 3362 1715 missam
3405 1658 3662 1714 catecbuu-

2066 1767 2349 1810 menorum
2358 1793 2372 1806 .

2138 1844 2404 1902 LXXXV.
2428 1843 2750 1918 Baptizandi
2777 1858 2975 1901 nomen
3004 1858 3162 1900 suum
3189 1843 3336 1910 dent,
3368 1851 3427 1900 et
3450 1841 3546 1901 diu
3566 1842 3666 1898 sub

2069 1939 2395 1996 abstinentia
2426 1938 2538 1994 vini
2581 1946 2637 1994 et
2661 1937 2933 2005 carnium,
2980 1953 3045 1995 ac
3073 1952 3268 1995 manus
3302 1935 3666 2007 impositione,

369 2034 480 2087 cos,
515 2022 659 2079 sicut
684 2037 787 2081 nec
814 2025 1117 2089 usurarios.
1156 2042 1260 2084 nec
1280 2029 1600 2101 injuriarum
1625 2045 1848 2088 suarum
1878 2027 1965 2086 ul-
1992 2021 2043 2087 Β
2070 2033 2262 2091 crebra
2293 2028 2698 2089 examinatione
2726 2030 3058 2105 baptismum
3087 2029 3412 2104 percipiant.

370 2122 538 2170 tores.

436 2203 668 2263 LXVIII.
696 2206 776 2263 Ex
797 2209 1210 2280 paenitentibus,
1239 2214 1487 2286 quamvis
1509 2213 1582 2273 sit
1603 2213 1802 2275 bonus.
1840 2212 1953 2271 ele-

368 2298 516 2355 ricus
540 2313 650 2355 non
676 2299 978 2360 ordinetur.

438 2386 627 2445 LXIX.
659 2389 717 2446 Si
744 2406 845 2465 per
868 2392 1232 2465 ignorantiam
1261 2399 1501 2471 episcopi
1531 2398 1734 2457 factum
1769 2399 1959 2470 fuerit,

370 2483 675 2555 deponatur
703 2502 737 2542 a
766 2486 932 2555 clero,
968 2489 1095 2560 quia
1121 2507 1180 2548 se
1200 2492 1563 2550 ordinationis
1593 2503 1836 2566 tempore
1858 2510 1970 2554 non

369 2574 611 2646 prodidit
637 2576 807 2635 fuisse
832 2579 1211 2650 ptenitentem,
1254 2582 1303 2638 si
1330 2590 1513 2641 autem
1541 2584 1719 2643 sciens
1758 2584 1970 2657 episco-

372 2682 474 2738 pus
517 2667 853 2727 ordinaverit
875 2670 1058 2740 talem,
1096 2673 1262 2730 etiam
1292 2674 1408 2749 ipse
1444 2675 1514 2732 ab
1541 2675 1858 2749 episcopatu
1882 2677 1967 2734 sui

372 2763 662 2820 ordinandi
684 2764 949 2822 duntaxat
973 2776 1243 2841 potestate
1266 2769 1534 2842 privetur.
1564 2769 1741 2828 Simili
1758 2779 1973 2829 senten-

374 2855 464 2911 tiae
494 2856 801 2929 subjacebit
824 2859 1134 2932 episcOpus,
1162 2861 1209 2918 si
1241 2862 1420 2919 sciens
1445 2862 1783 2920 ordinaverit
1810 2863 1972 2922 cleri-

372 2962 499 3004 cum
528 2963 653 3006 eum
691 2951 786 3022 qui
816 2952 1055 3025 viduam,
1087 2961 1184 3011 aut
1223 2955 1565 3028 repudiatam
1600 2972 1829 3017 uxorem
1865 2958 1969 3015 ha'-

372 3038 511 3108 buit,
534 3050 628 3098 aut
645 3043 962 3100 secundam.

446 3132 613 3189 LXX.
644 3133 887 3192 Clericus
914 3136 1318 3208 haereticorum,
1364 3146 1457 3195 aut
1497 3139 1969 3197 schismaticorum

377 3235 487 3284 tam
513 3229 763 3286 convivia
792 3246 955 3301 quam
985 3231 1304 3289 sodalitates
1322 3233 1491 3290 evitet
1518 3232 1821 3305 aequaliter.

2136 2121 2426 2181 LXXXVI.
2450 2121 2716 2195 Neophyti
2744 2121 3058 2193 aliquandiu
3085 2130 3141 2179 et
3173 2121 3499 2179 lautioribus
3528 2135 3663 2195 epu-

2066 2218 2134 2275 lis
2162 2226 2217 2274 et
2243 2215 2592 2289 spectaculis,
2625 2214 2710 2271 vel
2733 2214 3057 2288 conjugibus
3091 2214 3425 2271 abstineant.

2136 2307 2446 2366 LXXXVII.
2480 2306 2585 2377 Qui
2632 2321 2853 2365 causam
2885 2321 3040 2363 suam
3087 2305 3392 2363 catholicus
3429 2305 3549 2361 sive
3586 2304 3675 2377 ju—

2067 2408 2230 2470 stam,
2254 2402 2368 2458 sive
2397 2399 2654 2471 injustam
2685 2399 2754 2456 ad
2777 2398 3044 2472 judicium
3065 2398 3293 2458 alterius
3326 2396 3453 2456 ﬁdei
3464 2394 3672 2473 judicis

2066 2502 2332 2566 provocat
2345 2534 2361 2563 ,
2394 2492 2920 2555 excommunicetur.

2147 2582 2480 2644 LXXXVIII.
2506 2584 2609 2655 Qui
2624 2585 2711 2643 die
2723 2584 2950 2643 solemni
2969 2585 3337 2659 praetermisso
3349 2581 3577 2643 solemni
3592 2598 3683 2641 ec-

2071 2678 2250 2737 clesiae
2270 2688 2543 2739 conventu
2566 2679 2636 2735 ad
2660 2676 2965 2752 spectacula
2981 2677 3679 2748 vacbt,excommunicetur.

2146 2769 2437 2827 LXXXIX.
2460 2770 2719 2844 Auguriis
2751 2769 2839 2827 vel
2862 2769 3324 2828 incantationibus
3351 2767 3684 2831 servientem

2070 2881 2101 2921 a
2142 2873 2409 2921 conventu
2456 2863 2714 2921 Ecclesiae
2751 2863 3138 2936 separandum,
3185 2863 3438 2920 similiter
3491 2870 3553 2919 et
3589 2878 3685 2920 su:

2072 2957 2484 3031 perstitionihus
2505 2954 2761 3027 judaicis,
2796 2956 2883 3029 vel
2901 2955 3056 3015 feriis
3078 2956 3459 3016 inhaerentem.

2143 3046 2258 3105 XC.
2288 3048 2451 3106 Omni
2476 3048 2562 3106 die
2592 3048 2878 3105 exorcistaa
2917 3048 3302 3122 energumenis
3341 3062 3540 3105 manus
3568 3045 3678 3104 im-

2145 3150 2261 3197 nat.

2145 3156 2261 3197 nat.

2070 3156 2281 3288 p0XCI.
2309 3231 2627 3289 Pavimenta
2670 3233 2957 3291 domorum
3002 3233 3103 3292 Dei
3153 3232 3507 3309 energumeni
3548 3247 3677 3289 ver-

449 3319 635 3376 LXXI.
667 3320 822 3391 Quod
843 3322 1226 3380 haereticorum
1248 3327 1436 3403 coetus
1459 3342 1569 3384 non
1593 3326 1848 3394 ecclesia,
1872 3325 1970 3387 sed
2006 3395 2045 3403 _
2076 3334 2220 3381 rant.

381 3413 806 3472 conciliabulum
835 3416 925 3473 sit.

451 3505 661 3565 LXXII.
683 3509 821 3567 Cum
844 3510 1117 3569 haereticis
1155 3528 1260 3571 nec
1282 3517 1572 3584 orandum,
1598 3515 1972 3591 nee,psallen-

383 3600 530 3657 dum.

452 3693 682 3752 LXXIII.
726 3696 830 3766 Qui
880 3700 1368 3759 communicaverit
1412 3701 1501 3773 vel
1542 3702 1784 3759 oraverit
1850 3719 1978 3763 cum

384 3791 873 3859 excommunicato,
901 3793 1016 3851 sive
1046 3794 1278 3854 clericus
1300 3795 1417 3853 sive
1442 3795 1635 3864 laicus,
1663 3811 1979 3854 excommu-

384 3881 614 3939 nicetur.

464 3973 701 4031 LXXIV.
745 3974 818 4033 Ut
840 3978 1097 4035 sacerdos
1120 3978 1497 4050 pmnitentiam
1524 3978 1835 4051 imploranti
1859 3976 1982 4035 abs-

385 4082 491 4141 que
522 4063 793 4125 ‘oerson'te
849 4070 1167 4142 acceptione
1224 4069 1561 4142 paenitentia:
1605 4069 1756 4145 leges
1800 4069 1961 4142 injun

384 4170 493 4231 gat.
1300 4216 1303 4219 .

458 4250 672 4309 LXXV.
707 4252 779 4309 Ut
826 4251 1251 4326 negligentiores
1292 4252 1622 4335 pmnitentes
1665 4252 1873 4311 tardius
1896 4267 1983 4310 re-

387 4342 765 4402 eoneiIientur.

456 4435 692 4494 LXXVI.
717 4438 767 4494 Is
791 4437 884 4508 qui
910 4439 1290 4511 pmnitentiam
1321 4439 1375 4495 in
1406 4438 1725 4497 inﬁrmitate
1751 4439 1907 4510 petit,
1938 4437 1985 4495 si

387 4544 514 4585 casu
542 4529 667 4584 dum
690 4529 759 4585 ad
785 4543 910 4585 eum
940 4530 1195 4587 sacerdos
1224 4531 1483 4587 invitatus
1512 4531 1662 4587 venit
1692 4546 1989 4603 oppressus

386 4621 704 4677 infirmitate
720 4622 1081 4690 obmutuerit,
1111 4623 1196 4680 vel
1228 4624 1283 4679 in
1309 4624 1621 4696 phrenesim
1650 4641 1843 4681 versus
1873 4624 1988 4681 fue—

388 4716 477 4780 rit,
505 4716 635 4771 dent
664 4716 1034 4772 testimonium
1058 4717 1150 4788 qui
1182 4733 1307 4774 eum
1339 4719 1652 4787 audierunt,
1677 4730 1732 4776 et
1752 4721 1987 4792 accipiat

387 4808 785 4878 pmniten’tiam,
818 4820 872 4866 et
901 4810 947 4865 si
976 4811 1235 4866 continuo
1275 4811 1513 4868 creditur
1541 4813 1856 4878 moriturus,
1891 4829 1975 4870 re-

387 4900 708 4956 concilietur
738 4916 836 4973 per
873 4918 1066 4958 manus
1094 4902 1516 4972 impositionem,
1562 4915 1616 4961 et
1663 4903 1971 4961 infundatur

388 4991 468 5047 ori
502 4991 616 5061 ejus
660 4992 1029 5058 Eucharistia,
1072 4994 1119 5050 si
1149 4994 1511 5067 supervixerit
1549 4997 1906 5051 admoneatur
1946 5010 1976 5051 a

389 5085 723 5156 supradictis
796 5087 1024 5143 testibus
1086 5086 1330 5158 petitioni
1379 5102 1490 5142 sum
1525 5085 1883 5153 satisfactum,
1923 5095 1978 5143 et

390 5177 655 5232 subdatur
693 5178 909 5233 statutis
949 5178 1283 5249 pmnitentize
1320 5178 1563 5249 legibus,
1598 5178 1863 5247 quoniam
1885 5177 1975 5233 ditt

391 5267 649 5323 sacerdos
678 5268 768 5337 qui
790 5283 887 5339 per
913 5269 1291 5339 paenitentiam
1312 5268 1480 5336 dedit,
1509 5269 1839 5340 probaverit.

462 5354 723 5414 LXXVII.
750 5356 1086 5418 Pmnitentes
1112 5361 1206 5431 qui
1228 5360 1284 5416 in
1326 5359 1642 5419 infirmitate
1675 5370 1801 5419 sunt
1827 5362 1984 5418 viati-

392 5469 515 5511 cum
546 5453 832 5524 accipiant.

464 5546 742 5603 LXXVIII.
777 5547 1112 5604 Pwnitentes
1135 5548 1227 5617 qui
1270 5549 1325 5617 in
1372 5547 1689 5603 inﬁrmitate
1720 5548 1981 5604 viaticum

391 5636 751 5694 Eucltaristize
776 5639 1087 5710 acceperint
1108 5654 1214 5694 non
1241 5652 1301 5694 se
1320 5639 1545 5695 credant
1563 5639 1841 5696 absolutos
1864 5637 1982 5696 sine

359 5784 363 5788 .
394 5746 588 5787 manus
612 5732 959 5803 impositione
982 5734 1028 5789 si
1059 5733 1481 5806 supervixerint.

467 5823 699 5877 LXXIX.
732 5823 1063 5883 Poenitentes
1093 5826 1185 5897 qui
1229 5834 1435 5881 attente
1464 5825 1613 5898 leges
1648 5823 1981 5897 poenitentiae

397 5924 788 5984 exsequuntur,
819 5917 863 5971 si
893 5933 1019 5973 casu
1070 5919 1125 5973 in
1158 5918 1353 5973 itinere
1383 5918 1467 5972 vel
1498 5919 1554 5972 in
1607 5919 1744 5972 mari
1784 5918 1982 5973 mortui

400 6004 621 6077 fuerint,
653 6007 745 6063 ubi
793 6008 872 6065 eis
918 6011 1190 6068 subveniri
1231 6027 1340 6068 non
1370 6010 1559 6081 possit,
1600 6011 1858 6066 memoria
1887 6026 1979 6067 eo-

2004 4768 2065 4831 D

2002 3395 2048 3459 Ο
2148 3416 2308 3475 xen;
2338 3417 2735 3491 Energumenis
2764 3420 2818 3475 in
2859 3420 3020 3479 domo
3056 3419 3153 3475 Dei
3200 3419 3565 3478 assidentibus
3599 3420 3680 3474 vi-

2077 3519 2197 3567 ctus
2233 3511 2580 3582 quotidianus
2619 3528 2717 3591 per
2754 3512 3057 3569 exorcistas
3086 3520 3391 3585 opportuno
3432 3520 3677 3585 tempore

2081 3602 2449 3660 ministretur.

2148 3694 2329 3753 XCIII.
2358 3693 2673 3753 Oblationes
2702 3695 3084 3755 dissidentium
3114 3694 3370 3767 fratrum,
3408 3710 3584 3767 neque
3622 3694 3676 3751 in

2082 3789 2350 3854 sacrario,
2380 3803 2556 3859 neque
2580 3788 2634 3844 in
2663 3788 3050 3863 gazophylaeio
3077 3786 3428 3861 recipiantur.

2155 3878 2339 3935 XCIV.
2373 3877 2579 3935 llorum
2607 3881 2698 3950 qui
2730 3894 3000 3952 pauperes
3028 3879 3343 3951 opprimunt
3365 3878 3506 3935 dona
3539 3892 3569 3932 a
3588 3893 3676 3934 sa-

2082 3969 2392 4028 cerdotibus
2417 3970 2716 4025 refutanda.

2155 4061 2316 4119 XCV.
2339 4060 2442 4130 Qui
2474 4061 2782 4117 oblationes
2804 4061 3216 4130 defunctorum,
3249 4070 3343 4121 aut
3360 4071 3565 4132 negant
3590 4075 3667 4118 ec-

2083 4154 2284 4221 clesiis,
2312 4161 2408 4209 aut
2441 4169 2562 4209 cum
2606 4152 2930 4209 difficultate
2969 4153 3202 4209 reddunt
3229 4162 3488 4226 tanquam
3516 4169 3675 4227 egen-

2083 4247 2217 4303 tium
2249 4256 2535 4305 necatores
2558 4244 3121 4304 exeommunicentur.
3208 4238 3215 4244 ’

2153 4337 2335 4397 XCVI.
2360 4338 2723 4407 Quaerendum
2760 4339 2817 4394 in
2842 4337 3070 4409 judicio,
3102 4337 3255 4408 cujus
3281 4337 3352 4394 sit
3380 4352 3672 4399 conversa-

2088 4429 2251 4488 tionis
2280 4440 2337 4487 et
2371 4429 2575 4488 fidei-is
2605 4430 2696 4501 qui
2729 4437 2967 4497 accusat,
2997 4438 3054 4484 et
3080 4429 3128 4485 is
3150 4429 3245 4501 qui
3269 4439 3582 4486 accusatur.

2159 4522 2365 4600 XCVII.
2408 4522 2511 4591 Qui
2550 4521 2816 4595 religiosis
2839 4520 3055 4576 feminis
3082 4518 3477 4596 praeponendus
3506 4523 3678 4611 estab

2089 4619 2345 4691 episcopo
2370 4616 2474 4674 loci
2497 4617 2778 4688 probetur.

2162 4710 2390 4771 XCVIII.
2418 4710 2617 4767 Laicus
2655 4709 3016 4782 praesentibus
3041 4708 3260 4766 clericis
3295 4709 3400 4765 nisi
3434 4710 3568 4785 ipsis
3592 4727 3677 4769 ro.

2084 4810 2337 4882 gantibus
2362 4808 2559 4864 docere
2594 4822 2700 4862 non
2738 4805 2954 4860 audeat.

2156 4899 2341 4957 XCIX.
2365 4897 2579 4964 Mulier,
2627 4894 2874 4966 quamvis
2920 4892 3076 4948 docta
3108 4900 3163 4949 et
3211 4902 3400 4951 sancta
3429 4894 3577 4952 viros
3622 4894 3675 4949 in

2083 5002 2357 5053 conventu
2385 4990 2583 5045 docere
2620 5002 2725 5042 non
2751 4992 3067 5055 praesumat.

2153 5085 2215 5142 C.
2240 5082 2429 5139 Mulier
2451 5080 2729 5150 baptizare
2752 5093 2856 5132 non
2881 5082 3189 5148 praesumat.

2153 5177 2238 5234 CI.
2281 5174 2354 5232 Ut
2382 5173 2555 5230 vidua:
2603 5169 2974 5226 adolescentes
3028 5183 3149 5237 qua:
3194 5181 3424 5238 corpore
3469 5168 3673 5227 debiles

2082 5279 2229 5336 sunt,
2262 5277 2478 5338 sumptu
2506 5259 2914 5331 ecclesiaecujus
2927 5259 3260 5326 viduaesunt,
3279 5267 3670 5317 sustententur.

2155 5360 2261 5419 Cll.
2290 5359 2373 5415 Ad
2417 5365 2629 5413 reatum
2682 5352 2921 5425 episcopi
2967 5352 3225 5421 pertinet,
3259 5349 3346 5403 vei
3372 5351 3673 5427 presbyteri

2078 5455 2176 5527 qui
2221 5450 2495 5525 parochia:
2521 5454 2738 5520 praeest,
2768 5445 2813 5500 si
2840 5440 3207 5500 sustentandae
3245 5442 3368 5496 vita:
3392 5442 3674 5512 praesentis

2083 5561 2246 5603 causa
2277 5541 2730 5601 adolescentiores
2766 5537 2966 5602 viduas,
2998 5534 3085 5590 vel
3111 5532 3552 5591 sanctimoniaies
3576 5532 3672 5589 aii-

2081 5652 2313 5711 quorum
2341 5630 2803 5691 familiaritatibus
2831 5626 3209 5697 subjiciantur.

2154 5729 2285 5787 CIII.
2313 5728 2502 5787 Vidua:
2541 5739 2660 5798 qua:
2701 5721 2973 5793 stipendio
3018 5718 3259 5775 ecclesia:
3297 5724 3670 5775 sustentantur

2085 5832 2198 5879 tam
2222 5808 2439 5878 assidue
2478 5820 2531 5873 in
2566 5817 2662 5873 Dei
2689 5829 2853 5886 opere
2889 5826 3010 5868 esse
3037 5808 3255 5878 debent,
3285 5817 3346 5864 ut
3379 5818 3435 5867 et
3462 5808 3668 5865 mentis

2085 5924 2141 5971 et
2158 5912 2495 5969 orationibus
2510 5908 2629 5965 suis
2656 5906 2958 5964 Ecclesiam
2986 5901 3260 5974 adjuvent.

2157 6005 2287 6063 CIV.
2323 6005 2476 6062 Sicut
2512 6004 2713 6060 bonum
2739 5996 3006 6058 castitatis
3022 5996 3337 6068 praemium,
3368 5995 3527 6057 itaet
3554 6008 3645 6052 me
3674 6019 3678 6023 ι
