3834 5428
65 258 159 316 αθ

1193 246 1690 308 DECRETALIUM
1718 248 2126 309 COLLECTIO.

3196 254 3303 314 350

53 370 141 441 jori
158 363 483 423 observantia
505 370 562 420 et
579 362 942 436 praeceptione
965 359 1382 423 custodiendum
1410 366 1517 429 est,
1542 367 1607 421 ut
1631 365 1687 427 Α
1709 361 1836 421 terii
1863 364 2228 431 nctabuntur,
2272 363 2319 421 si
2366 364 2711 423 devotionem
2755 380 2920 422 uuam
2956 366 3069 424 Deo
3112 378 3305 439 sponte

20 482 23 485 λ
56 464 222 537 siquae
243 460 427 528 vidum,
458 457 852 532 quantumlibet
889 456 1067 513 adhuc
1088 456 1143 513 in
1177 453 1480 513 minoribus
1506 469 1609 511 an-

55 556 126 611 nis
147 552 321 629 positae
334 560 391 610 et
411 560 618 609 matura
654 557 811 609 aetate
833 564 865 606 a
889 548 1011 607 viro
1032 548 1261 617 relictae,
1299 561 1359 605 se
1381 548 1612 605 devove-

53 656 159 703 runt
182 645 423 714 Domino,
462 654 517 702 et
542 651 696 702 veste
718 642 899 705 laicali
921 644 1133 717 abjecta
1159 642 1261 699 sub
1294 639 1610 699 testimonio

54 736 263 809 episcopi
316 744 371 793 et
409 734 652 793 ecclesia:
695 733 951 805 religioso
992 733 1181 791 habitu
1233 731 1605 805 apparuerint,

53 839 211 903 postea
230 842 359 888 vero
384 826 452 882 ad
479 827 695 900 nuptias
719 826 1007 883 saeculares
1034 824 1385 891 transierunt,
1413 838 1612 879 secun-

50 921 153 977 dum
176 919 488 999 Apostolum
511 918 915 976 damnationem
940 916 1235 985 habebunt,
1262 916 1517 988 quoniam
1548 913 1611 970 ft—

49 1013 147 1068 dem
175 1012 435 1069 castitatis
454 1027 618 1084 quam
650 1011 877 1067 Domino
901 1021 1167 1066 voverunt
1191 1010 1400 1065 irritam
1429 1007 1611 1064 facere

48 1119 167 1160 ausa:
204 1113 355 1171 sunt;
398 1102 539 1160 tales
564 1119 694 1175 ergo
733 1117 979 1175 personae
1026 1102 1145 1158 sine
1172 1101 1608 1157 Christianorum

48 1196 391 1252 communione
431 1204 713 1263 maneant,
765 1211 887 1266 qua:
932 1194 1099 1253 etiam
1134 1210 1236 1251 nec
1282 1194 1337 1249 in
1361 1192 1611 1249 convivio

48 1301 145 1340 cum
164 1282 471 1341 christianis
489 1286 926 1355 communicent;
959 1301 1086 1341 nam
1117 1285 1163 1342 si
1192 1284 1453 1340 adultera:
1480 1299 1613 1339 con-

44 1378 170 1450 juges
207 1389 356 1435 reatu
384 1388 518 1436 sunt
550 1380 681 1436 viris
726 1381 841 1437 suis
882 1379 1162 1448 obnoxiae,
1200 1387 1406 1451 quanto
1439 1376 1613 1447 magis

47 1468 194 1524 viduae
213 1484 330 1543 quae
355 1469 772 1545 religiositatem
793 1478 1162 1541 mutaverunt,
1198 1469 1431 1526 crimine
1456 1465 1609 1525 adul-

1712 456 2025 515 obtulerunt
2078 458 2364 517 libidinosa
2411 471 2756 531 corruperint
2785 460 3087 532 voluptate,
3130 471 3296 533 atque

1714 550 1783 609 ad
1828 552 2096 609 secundas
2141 553 2355 625 nuptias
2403 553 2689 611 transitum
2729 550 2982 619 fecerint,
3016 567 3137 624 qua:
3177 564 3232 610 et
3258 554 3302 609 si

1716 642 1967 701 violentia
1997 642 2238 701 irruente
2265 644 2331 700 ab
2351 644 2532 716 aliquo
2560 654 2839 717 praerepta:
2865 644 3085 713 fuerint,
3116 659 3180 701 ac
3210 662 3305 716 po-

1715 744 1833 795 stea
1862 735 2219 793 delectatione
2264 736 2504 795 libidinis
2547 753 2867 810 permanere
2897 739 2950 794 in
2986 737 3300 810 coniugium

1716 828 1921 901 raptori
1973 828 2059 885 vel
2099 827 2337 889 violento
2366 829 2482 885 viro
2519 830 2912 897 consenserint,
2954 828 3303 885 damnatione

1712 922 1963 995 superius
2006 922 2398 993 comprehensa
2432 930 2717 978 teneantur
2759 920 3040 988 obnoxiae;
3072 919 3140 977 de
3173 919 3297 974 tali-

1712 1014 1813 1069 bus
1841 1015 1917 1068 ait
1940 1012 2251 1083 Apostolus,
2274 1028 2397 1069 cum
2424 1012 2705 1067 luxuriata:
2730 1012 2953 1081 fuerint,
2982 1013 3187 1068 nubere
3213 1022 3304 1066 vo-‘

1713 1107 1827 1163 lunt
1850 1107 2113 1163 habentes
2138 1106 2560 1171 damnationem;
2591 1106 2714 1175 quia
2757 1106 2989 1175 primam
3014 1105 3175 1163 ﬁdem
3214 1104 3297 1161 ir-

1713 1199 1874 1257 ritam
1898 1199 2165 1257 fecerunt.
2194 1198 2447 1254 Aurelius
2475 1200 2763 1271 episc0pus
2792 1197 3045 1253 Ecclesia:
3066 1196 3301 1252 Cartha-

1718 1294 1959 1368 ginensis
1988 1292 2315 1363 subscripsi;
2355 1291 2686 1348 Donatianus
2735 1289 3079 1361 Taleprensis
3114 1289 3305 1363 prima:

1716 1389 1860 1447 sedis
1880 1387 2210 1461 subscripsi;
2236 1386 2569 1458 Augustinus
2598 1385 2842 1458 Hippone
2869 1382 3147 1456 Regiensi,
3180 1382 3306 1439 sub.

1716 1482 1945 1555 scripsi;
1988 1481 2243 1539 similiter
2267 1495 2456 1538 omnes
2492 1476 2731 1555 episcopi
2770 1478 3231 1549 subscripserunt.

82 1618 3303 1665 mm

649 1774 999 1843 ιΝυιΡιυΝΤ
1019 1776 1369 1845 CAPITULA
1404 1773 1614 1834 CONGll

1736 1770 1971 1840 QUINTI
2005 1766 2625 1833 CARTHAGINENSIS.

104 1937 145 1991 l.
170 1914 478 1994 mimicis
503 1936 577 1993 ad
605 1938 978 1997 testimonium
1005 1954 1112 1996 non
1132 1936 1437 2011 pulsandis.

1634 1924 1683 1985 B
1710 1932 1947 2009 episcopi
1977 1932 2069 1989 diu
2095 1919 2524 2001 retineantfsed
2551 1915 2718 1988 infrf
2720 1945 2923 1987 annum
2959 1929 3299 1989 sacerdotem

101 2028 146 2084 2.
165 2029 234 2086 De
264 2029 474 2088 clericis
497 2046 601 2102 pro
623 2032 855 2088 crimine
878 2046 979 2090 suo
1004 2028 1297 2097 damnatis,
1326 2036 1387 2084 ut
1415 2043 1447 2083 a
1477 2042 1607 2100 quo-
1705 2023 2048 2096 provideant.

50 2116 152 2174 libet
172 2135 268 2175 non
291 2118 670 2177 defensentur.

1777 2118 1831 2173 9.
1881 2116 1958 2173 De
1995 2115 2283 2174 defensore
2339 2116 2696 2174 ecclesiarum
2744 2131 2776 2172 a
2827 2116 3075 2189 principe
3113 2124 3300 2187 postu-

102 2210 145 2265 5.
179 2211 249 2267 De
273 2213 654 2271 sacerdotibus
698 2222 755 2270 et
780 2212 992 2275 levitis.
1026 2218 1087 2269 ut
1123 2210 1194 2270 ab
1234 2210 1500 2268 uxoribus
1546 2225 1607 2267 se
1706 2208 1891 2267 laudo.

50 2302 339 2360 contineant.

103 2391 146 2446 4.
180 2391 248 2449 De
291 2393 456 2451 rebus
484 2394 739 2461 ecclesia:
768 2395 887 2452 sine
923 2393 1153 2453 consilio
1198 2391 1607 2466 metropolitani

49 2485 245 2557 episcopi
266 2500 371 2543 non
404 2487 741 2551 alienandis.

100 2576 143 2632 5.
172 2578 235 2636 Ut
252 2580 427 2639 nullus
452 2582 753 2656 episcopus
781 2580 970 2639 relicta
1004 2579 1264 2637 cathedra
1293 2576 1352 2634 in
1382 2576 1608 2635 dioecesi

49 2670 263 2730 resideat.

98 2761 141 2815 6.
167 2763 235 2820 De
252 2764 334 2822 his
363 2780 459 2838 qui
488 2766 651 2822 nullo
674 2766 990 2823 testimonio
1022 2778 1083 2822 se
1106 2762 1415 2835 baptizatos
1434 2776 1605 2819 nove-

46 2864 144 2910 runt
161 2862 214 2909 ut
244 2858 491 2928 baptizen
512 2867 622 2925 tur,
664 2858 915 2915 similiter
947 2858 1016 2914 de
1064 2857 1486 2917 consecratione
1519 2871 1609 2914 ec-

43 2944 284 3005 clesiarum
305 2949 630 3007 faciendum
662 2960 767 3007 est.

96 3036 142 3091 'i.
173 3037 245 3095 De
269 3048 535 3113 tempore
546 3041 819 3113 paschali,
848 3055 949 3099 seu
983 3040 1221 3098 concilii.

101 3129 146 3187 8-
190 3132 769 3195 Βθίιίηιθι-οθεδοῐίὺυε
821 3150 892 3193 ne
949 3134 1268 3193 cathedram
1325 3134 1606 3192 morientis

1782 2298 1869 2355 l0.
1902 2298 1976 2355 Ut
1996 2300 2232 2372 episcopi
2265 2300 2332 2354 ad
2355 2299 2498 2356 diem
2523 2298 2741 2358 concilii
2766 2309 3081 2358 occurrant.

1781 2391 1871 2447 11.
1912 2388 1986 2448 Ut
2010 2391 2176 2467 lapsis
2202 2391 2598 2461 sacerdotibus,
2630 2407 2824 2449 manus
2848 2391 2991 2451 sicut
3010 2390 3164 2447 laicis
3194 2404 3300 2447 non

1711 2485 2042 2559 imponatur.
2336 2526 2345 2532 .

1783 2574 1966 2632 42.De
2003 2575 2215 2633 clericis
2250 2578 2736 2637 exeommunicatis
2763 2577 3002 2659 quandiu
3032 2577 3113 2637 eis
3148 2591 3300 2633 assc—

1711 2686 1835 2730 rere
1859 2671 2024 2730 liceat
2049 2672 2419 2728 innocentiam
2449 2687 2627 2730 suam.

1786 2764 1875 2819 15.
1914 2762 1993 2821 De
2034 2763 2251 2822 clericis
2275 2764 2358 2821 vel
2384 2762 2677 2831 monachis
2702 2760 2773 2825 ab
2798 2765 2906 2824 alio
2934 2777 3189 2841 episcopo
3214 2775 3305 2819 or-

1713 2857 1936 2917 dinatis.

1785 2946 1873 3003 Η.
1900 2946 1980 3004 De
2003 2947 2243 3006 basilicis
2287 2966 2410 3029 quae
2444 2950 2567 3011 sine
2596 2959 2899 3031 martyrum
2932 2945 3181 3025 reliquiis
3209 2944 3306 3001 de-

1712 3039 1905 3097 dicatae
1926 3049 2071 3097 sunt.

1785 3130 1874 3187 15.
1911 3132 1991 3188 De
2016 3132 2341 3190 idololatriis
2374 3132 2739 3195 destruendis.

317 3381 434 3458 88
471 3368 881 3459 INCIPIT
940 3374 1529 3457 CONCILIUM
1588 3373 2086 3467 QUINTUM
2135 3368 2995 3453 CARTHAGINENSE

654 3556 963 3622 Habitum
991 3556 1067 3620 ab
1096 3555 1416 3638 episcopis
1444 3555 1847 3635 septuaginta
1882 3562 2159 3636 quatuor
2185 3569 2309 3616 cera
2338 3570 2705 3618 cnxxxvm.

98 3715 212 3777 l'ost
250 3720 601 3779 consulatum
647 3720 854 3793 placuit
906 3730 967 3779 ut
1008 3722 1097 3785 die
1142 3730 1298 3777 sexta
1341 3719 1611 3776 Kalendas
1639 3715 1688 3779 C
1718 3718 2017 3781 secundum
2043 3718 2265 3789 propria
2296 3726 2504 3781 statuta
2541 3718 2709 3779 etiam
2743 3717 2813 3775 ab
2840 3714 3104 3775 uxoribus
3130 3716 3309 3775 conti—

44 3806 164 3883 Junii
206 3811 566 3888 Carthagine,
594 3813 650 3868 in
703 3814 1003 3875 secretario
1058 3813 1300 3872 basilica:
1355 3812 1620 3869 restituta:

48 3900 209 3959 subtus
235 3904 440 3961 inserta
475 3912 879 3973 statuerentur,
910 3920 1034 3961 cum
1059 3904 1314 3962 Aurelius
1336 3904 1620 3976 episcopus

47 4004 130 4044 una
157 4007 269 4051 cum
297 3996 581 4069 episcopis
609 3996 724 4051 suis
751 3995 1091 4054 consedisset
1112 3996 1419 4053 astantibus
1443 3996 1623 4053 diaco-

47 4080 198 4151 nibus,
232 4088 530 4143 constituta
562 4096 692 4142 sunt
715 4086 831 4143 haec
858 4104 979 4158 quae
1014 4089 1070 4144 in
1109 4097 1369 4159 sequente
1391 4087 1621 4147 concilio

49 4171 240 4231 deﬁnita
270 4188 418 4234 sunt.

101 4267 217 4326 CAP.
238 4272 278 4327 1.
306 4271 365 4328 in
380 4273 662 4346 principio
688 4273 1038 4331 statuendum
1066 4282 1172 4341 est,
1196 4283 1256 4330 ut
1281 4275 1374 4346 qui
1399 4274 1540 4331 forte
1559 4251 1621 4329 in

47 4358 245 4419 ecclesia
257 4365 559 4435 quamlibet
578 4381 796 4422 causam
814 4365 939 4436 jure
951 4368 1247 4435 apostolico
1260 4364 1595 4439 ecclesiiinm

50 4453 203 4518 posito
230 4468 391 4527 agere
419 4457 664 4513 voluerit
693 4467 749 4515 et
772 4456 1006 4516 fortasse
1025 4458 1277 4523 discissio
1298 4459 1621 4521 clericorum

49 4543 125 4596 uni
165 4548 298 4616 parti
345 4549 727 4621 displicuerit,
756 4564 865 4606 non
901 4550 1063 4607 liceat
1099 4551 1356 4608 clericum
1389 4551 1443 4606 in
1478 4550 1623 4623 judi-

52 4637 174 4695 cium
202 4645 270 4700 ad
295 4646 674 4702 testimonium
698 4646 949 4707 devocari
976 4663 1124 4715 eum,
1149 4649 1241 4719 qui
1261 4649 1511 4720 cognitor
1535 4646 1621 4703 vel

50 4738 262 4795 praesens
295 4735 420 4802 fuit,
462 4744 523 4792 et
555 4736 703 4792 nulla
729 4738 796 4793 ad
821 4739 1189 4801 testimonium
1221 4739 1507 4796 dicendum
1532 4752 1623 4795 ec-

53 4819 316 4883 clesiastici
343 4828 644 4899 cujuslibet
665 4844 896 4900 persona
920 4830 1189 4901 pulsetur.

108 4912 163 4969 ll.
185 4917 249 4973 Et
271 4920 401 4977 illud
430 4924 820 4990 statuendum,
848 4933 911 4979 ut
946 4926 994 4983 si
1034 4928 1160 4999 quis
1196 4928 1483 5001 cujuslibet
1524 4932 1622 4987 ho-

52 5007 176 5063 noris
220 5011 449 5070 ciericus
740 5018 1117 5088 episcoporum
1150 5035 1474 5094 quocunque
1514 5020 1622 5077 cri-

1721 3827 1872 3878 nere,
1901 3816 2043 3881 quod
2076 3812 2179 3873 nisi
2211 3812 2466 3880 fecerint,
2502 3826 2573 3869 an
2596 3812 2973 3869 ecclesiastico
3002 3825 3313 3869 removean-

1722 3911 1811 3959 tur
1833 3901 2029 3961 otlicio.
2058 3904 2296 3961 Caeteros
2318 3914 2500 3967 autem
2539 3904 2767 3965 clericos
2799 3912 2868 3963 ad
2896 3904 3000 3962 hoc
3027 3920 3133 3961 non
3158 3903 3308 3975 cogi,

1719 3996 1813 4057 sed
1837 3996 2131 4053 secundum
2156 3997 2578 4067 uniuscujusque
2599 3994 2842 4055 ecclesiae
2865 3994 3312 4055 comuetudinem

1718 4086 1999 4151 observari
2025 4086 2242 4145 debere.

1788 4179 1879 4237 lV.
1911 4180 2122 4243 Placuit
2149 4182 2338 4247 etiam,
2370 4190 2427 4243 ut
2470 4197 2584 4243 rem
2609 4180 2857 4239 ecclesiae
2894 4194 3056 4237 nemo
3081 4176 3309 4242 vendat;

1722 4273 1865 4349 quod
1903 4273 1949 4328 si
1991 4274 2169 4347 aliqua
2218 4275 2517 4329 necessitas
2545 4283 2720 4346 cogit,
2764 4274 2905 4330 hanc
2931 4274 3312 4329 insinuandam

1722 4382 1843 4423 esse
1867 4366 2085 4436 primati
2116 4367 2428 4436 provinciae,
2467 4375 2527 4422 ut
2556 4383 2677 4422 cum
2715 4376 2917 4423 statuto
2946 4382 3173 4423 numero
3206 4364 3312 4435 cpi-

1722 4473 2029 4529 scoporum,
2062 4467 2243 4517 utrum
2274 4456 2581 4523 faciendum
2611 4458 2684 4512 sit
2720 4457 3053 4521 arbitretur;
3094 4455 3233 4525 quod
3264 4454 3311 4508 si

1726 4559 1876 4606 tanta
1918 4559 2077 4623 urget
2116 4549 2418 4605 necessitas
2447 4548 2714 4615 ecclesiae,
2743 4557 2804 4603 ut
2845 4565 2950 4603 non
2984 4546 3155 4618 possit
3187 4553 3313 4599 ante

1723 4643 2041 4708 consulere.
2085 4642 2279 4699 saltem
2321 4650 2447 4712 post
2482 4642 2685 4701 factum
2712 4639 3086 4696 curiositatem
3116 4638 3313 4693 habent

1720 4744 1779 4791 et
1805 4733 2002 4791 vicinis
2027 4732 2299 4802 episcopis
2341 4732 2447 4789 hoc
2475 4740 2600 4785 ante
2630 4729 2901 4791 indicare,
2940 4738 2996 4785 et
3028 4727 3095 4781 ad
3132 4727 3315 4785 conci:

1722 4826 1856 4884 lium
1882 4825 2093 4885 referre
2127 4840 2221 4881 eas
2259 4824 2507 4891 ecclesiae
2532 4820 2923 4885 necessitates;
2953 4818 3099 4889 quod
3120 4816 3169 4873 si
3206 4830 3315 4875 non

1725 4919 1938 4987 fecerit,
1970 4931 2097 4974 reus
2133 4913 2349 4972 concilii
2376 4912 2626 4975 venditor
2653 4919 2924 4967 teneatur.

1796 5009 1864 5068 ν.
1892 5009 2105 5071 Placuit
2133 5016 2192 5069 ut
2217 5008 2423 5069 nemini
2454 5007 2527 5064 sit
2547 5002 2777 5061 facultas
2815 5001 3005 5061 relicta
3033 5000 3317 5074 principali

53 5097 352 5163 maeularit
366 5082 691 5173 damnatus,
726 5082 835 5165 non
858 5082 1019 5171 liccat
1050 5082 1186 5169 eum.
1205 5115 1321 5171 sive
1444 5112 1620 5171 eccle-
1646 5082 1702 5145 D
1724 5107 2019 5173 cathedra,
2060 5105 2131 5160 ad
2160 5101 2402 5170 aliquam
2428 5097 2717 5159 ecclesiam
2757 5098 2815 5155 in
2857 5095 3079 5157 αἰωρωί
3116 5092 3319 5153 consti-

50 5186 335 5295 liisqaibus
368 5197 633 5295 praefuit,
671 5200 787 5255 sive
826 5215 858 5254 a
902 5203 1146 5270 quolibet
1184 5204 1403 5263 homine
1429 5204 1620 5262 defen-

52 5289 160 5346 sari,
182 5289 491 5358 interposita
516 5305 688 5361 paena
718 5290 899 5350 damni
924 5296 1169 5363 munire
1188 5305 1352 5368 atque
1372 5293 1618 5359 honoris.

51 5382 141 5428 (Illo
162 5388 256 5428 nm
274 5387 513 5428 mm-
537 5396 653 5428 nm
675 5397 865 5428 nexum
882 5387 1255 5428 Akmnnﬂnm
1282 5406 1402 5428 nam
1429 5385 1620 5428 ναι-φρί-

1727 5209 1896 5257 tutam
1926 5218 1986 5259 se
2030 5197 2297 5257 conferre,
2346 5197 2433 5253 vel
2470 5196 2525 5251 in
2568 5208 2627 5248 re
2652 5193 2870 5263 propria
2912 5191 3117 5251 diutius
3154 5202 3318 5256 quam

1722 5302 1940 5363 oportet
1966 5288 2328 5350 constitutum
2358 5299 2551 5343 curam
2578 5283 2663 5339 vel
2690 5281 3181 5355 frequentatione!!!
3201 5288 3309 5343 pro

1723 5384 1859 5428 ιιι-ἰαὶ
1876 5381 2153 5428 cathedra
2180 5374 2480 5428 nenlitrere.
