3910 6448
475 501 570 556 351

1313 494 1557 551 APPED.
1599 493 1693 549 AD
1731 492 1906 550 SIEC.
1934 491 2027 548 IX.
2057 522 2128 534 —-
2159 490 2413 549 ISlDORI
2453 490 2915 550 MEBCATORIS.

3644 457 3825 554 352'

475 613 730 685 scrupulo
749 625 842 668 eos
862 625 981 668 esse
1004 609 1354 682 haptizandos
1373 651 1388 675 ,
1426 624 1496 664 ne
1520 609 1624 664 ista
1654 607 1939 680 trepidatio
1964 621 2058 662 eos
2083 606 2136 667 A
2162 603 2300 661 libus
2329 604 2484 668 laicis
2509 606 2841 678 imponatur,
2869 621 3044 677 neque
3064 623 3298 679 unquam
3320 611 3754 682 permittendum

475 705 644 761 faciat
669 711 1132 760 sacramentorum
1156 702 1477 774 purgatione
1505 699 1730 772 privari,
1763 699 1891 754 huic
1914 698 2061 755 enim

475 795 636 869 legati
679 797 989 852 Maurorum
1026 795 1227 851 fratres
1269 794 1443 850 nostri
1479 793 1888 860 consuluerunt,
1933 792 2060 862 quia

476 893 677 949 multos
715 891 851 948 tales
895 907 928 947 a
967 889 1220 947 barbaris
1269 890 1572 956 redimunt;
1618 888 1867 944 similiter
1901 895 1958 942 et
1992 886 2060 942 de

477 983 721 1040 ecclesiis
761 980 1007 1054 (quoties
1047 997 1210 1052 super
1236 997 1422 1036 earum
1453 982 1862 1037 consecratione
1901 980 2060 1035 hasi-

475 1076 654 1150 tatur)
679 1077 949 1148 agendum
981 1085 1084 1143 est,
1125 1076 1178 1132 id
1213 1085 1297 1132 est
1329 1084 1391 1132 ut
1427 1075 1543 1132 sine
1570 1074 1677 1130 ulla
1703 1073 2061 1144 trepidatione

475 1184 578 1226 con
585 1179 892 1226 εθετεηιυιο.

542 1263 656 1320 VII.
686 1262 898 1320 Placuit
942 1272 1003 1320 ut
1042 1263 1158 1321 dies
1193 1263 1516 1321 venerabilis
1542 1263 1764 1320 Pascha
1805 1263 2064 1318 formata-

469 1369 591 1412 rum
625 1355 1023 1426 subscriptione
1045 1357 1299 1412 omnibus
1331 1357 1626 1421 intimetur,
1651 1357 1767 1412 dies
1792 1370 1922 1412 vero
1941 1371 2064 1412 con—

470 1444 582 1501 cilii
605 1445 895 1500 undecimo
922 1445 1195 1502 Kalendas
1219 1447 1540 1504 Novembris
1569 1458 1833 1514 servetur,
1856 1457 1910 1503 et
1930 1447 2064 1503 scri-

471 1534 708 1591 bendum
736 1535 805 1590 ad
825 1537 1158 1608 singularum
1189 1553 1637 1610 quarumcunque
1661 1539 2062 1610 provinciarum

470 1627 749 1698 primates,
780 1636 840 1683 ut
878 1629 1094 1699 quando
1121 1629 1263 1698 apud
1306 1644 1364 1686 se
1403 1630 1688 1686 concilium
1732 1639 2064 1701 congregant

470 1718 632 1775 istum
671 1720 814 1775 diem
841 1734 949 1775 non
978 1721 1293 1792 impediant.

541 1793 671 1866 VIII.
719 1809 852 1867 Item
885 1813 1236 1868 constitutum
1276 1820 1392 1878 est,
1435 1820 1496 1868 ut
1539 1812 1670 1868 nulli
1715 1813 2064 1869 intercessori

467 1903 674 1960 licitum
714 1904 785 1960 sit
813 1905 1128 1962 cathedram
1159 1906 1246 1961 cui
1279 1906 1608 1962 intercessor
1640 1905 1798 1961 datus
1833 1914 1919 1961 est
1946 1905 2064 1975 qui-

2163 706 2222 752 ut
2265 697 2582 766 rebaptizati
2617 699 2683 754 ad
2722 698 3008 755 clericatus
3033 701 3256 771 gradum
3298 712 3750 772 promoveantur.

2230 789 2344 845 XII.
2376 790 2584 846 Rursus
2616 791 2970 847 constitutum
3019 801 3129 858 est,
3173 801 3232 847 ut
3276 795 3489 863 quoties
3533 795 3757 850 clericis

2161 885 2443 952 convictis,
2470 892 2526 941 et
2555 885 2816 942 confessis
2846 885 2900 940 in
2928 885 3107 956 aliquo
3133 886 3376 954 crimine,
3406 887 3493 942 vel
3527 897 3755 958 propter

2161 998 2348 1040 eorum
2375 998 2602 1053 quorum
2629 982 2967 1038 verecundia
2993 983 3253 1053 parcitur,
3275 982 3360 1038 vel
3396 994 3624 1054 propter
3649 981 3756 1038 Ec-

2162 1076 2340 1132 clesia
2385 1076 2733 1147 opprobrium
2758 1117 2774 1143 ,
2823 1084 2918 1131 aut
2974 1075 3292 1132 insolentem
3344 1076 3758 1132 insultationem

2161 1169 2538 1225 bareticorum
2586 1178 2748 1240 atque
2787 1169 3089 1240 gentilium,
3140 1171 3186 1226 si
3231 1170 3372 1227 forte
3416 1184 3596 1226 causa
3645 1185 3759 1225 sua

2162 1261 2352 1316 adesse
2367 1260 2654 1327 voluerint,
2679 1269 2734 1315 et
2751 1260 3114 1317 innocentiam
3136 1277 3288 1316 suam
3314 1276 3586 1329 asserere,
3612 1259 3757 1316 intra

2165 1367 2367 1407 annum
2393 1352 2972 1409 excommunicationis
2993 1353 3096 1408 hoc
3121 1353 3347 1421 faciant,
3373 1355 3584 1410 sivero
3613 1353 3759 1408 intra

2163 1461 2362 1501 annum
2407 1461 2627 1502 causam
2665 1462 2818 1502 suam
2847 1462 3080 1520 purgare
3116 1449 3581 1520 contempserint,
3611 1446 3761 1504 nulla

2163 1553 2352 1594 eorum
2380 1547 2565 1610 postea
2592 1539 2806 1610 penitus
2833 1540 3106 1595 audiatur.

2235 1629 2371 1686 XIII.
2395 1630 2529 1687 Item
2557 1631 2775 1703 placuit,
2805 1643 2864 1688 ut
2891 1634 2937 1688 si
2974 1634 3096 1704 quis
3133 1633 3203 1691 de
3230 1644 3455 1693 a.tertus
3487 1643 3763 1691 monaste-

2165 1728 2248 1784 rio
2273 1736 2550 1799 repertum
2580 1728 2667 1784 vel
2703 1729 2771 1784 ad
2800 1729 3115 1787 clericatum
3145 1747 3465 1803 promovere
3486 1732 3762 1797 voluerit,

2164 1821 2250 1875 vel
2295 1821 2481 1878 in.suo
2511 1823 2844 1878 monasterio
2886 1824 3145 1895 majorem
3193 1826 3508 1881 monasterii
3551 1825 3763 1881 consti-

2167 1925 2335 1982 tuere,
2371 1917 2656 1987 episc0pus
2682 1917 2775 1989 qui
2815 1917 2918 1973 hoc
2942 1917 3164 1986 fecerit,
3197 1935 3227 1975 a
3266 1928 3587 1976 caterorum
3621 1934 3764 1974 com-

467 1996 703 2054 buslibet
729 1999 1053 2070 populorum
1085 1999 1280 2056 studiis
1307 1999 1392 2055 vel
1423 1998 1778 2056 seditionibus
1805 1998 2060 2065 retinere,
2090 1979 2139 2040 Β
2171 1979 2428 2066 munian
2454 1979 2748 2079 seju-nctu-s,
2777 2027 2889 2067 sua;
2925 2019 3133 2068 tantum
3165 2012 3336 2082 plebis
3378 2013 3764 2069 communione

469 2089 564 2144 sed
591 2090 721 2146 dare
750 2105 973 2162 operam
1019 2099 1079 2146 ut
1106 2091 1249 2146 intra
1283 2106 1482 2146 annum
1517 2091 1722 2146 eisdem
1749 2090 2064 2161 episcopum

467 2182 768 2252 provideat,
784 2185 929 2254 quod
951 2184 996 2240 si
1015 2183 1311 2255 neglexerit
1335 2200 1479 2240 anno
1493 2193 1765 2256 exempto,
1793 2185 2066 2240 interven-

471 2280 558 2328 tor
589 2271 728 2328 alius
755 2273 1045 2328 tribuatur.

539 2363 630 2418 IX.
675 2363 758 2420 Ab
802 2365 1221 2435 imperatoribus
1266 2367 1536 2424 universis
1566 2369 1741 2424 visum
1771 2376 1856 2426 est
1881 2377 2066 2439 postu-

467 2455 685 2511 landum
715 2465 936 2526 propter
959 2457 1304 2515 aﬂlictionem
1335 2474 1657 2532 pauperum,
1688 2476 1920 2532 quorum
1945 2476 2065 2518 mo-

466 2545 640 2602 lestiis
683 2547 1241 2606 sine'intermissione
1285 2548 1545 2623 fatigatur
1578 2550 1855 2619 Ecclesia,
1885 2559 1947 2607 ut
1969 2552 2067 2608 de-

468 2637 715 2694 fensores
741 2638 822 2693 eis
860 2639 1118 2696 adversus
1148 2641 1421 2710 potentias
1450 2641 1674 2698 divitum
1703 2657 1826 2697 cum
1855 2643 2068 2713 episco-

470 2743 668 2798 porum
693 2730 1004 2799 provisione
1033 2725 1370 2803 delegentur.

540 2820 609 2875 X.
638 2821 770 2877 Item
793 2823 1032 2892 placuit,
1073 2832 1134 2880 ut
1170 2827 1604 2901 quotiescunque
1631 2830 2067 2903 congregandum

469 2924 553 2971 est
579 2917 888 2984 concilium,
923 2919 1163 2991 episcopi
1189 2923 1283 2993 qui
1311 2938 1488 2996 neque
1511 2933 1691 2992 atate,
1717 2940 1891 2996 neque
1912 2924 2067 2996 agri-

473 3008 678 3074 tudine,
725 3025 902 3081 neque
931 3010 1036 3067 alia
1075 3015 1311 3086 graviori
1352 3017 1678 3074 necessitate
1704 3017 2070 3089 impediuntur

471 3111 846 3173 competenter
869 3118 1197 3176 occurrant,
1226 3110 1662 3182 primatibusque
1697 3127 1917 3167 suarum
1946 3126 2070 3182 pro-

467 3195 771 3252 vinciarum
810 3196 1124 3268 intimetur,
1167 3210 1229 3257 ut
1269 3204 1337 3258 de
1380 3203 1654 3261 universis
1684 3203 1956 3275 episcopis
1984 3201 2069 3258 vel

471 3289 590 3344 dua
617 3289 702 3344 vel
727 3298 838 3346 tres
861 3290 998 3348 fiant
1018 3300 1230 3362 turma,
1265 3309 1330 3351 ac
1353 3293 1420 3351 de
1440 3295 1668 3368 singulis
1695 3297 1889 3350 turmis
1910 3295 2070 3350 vicis-

470 3386 573 3440 sim
620 3394 887 3456 quotquot
913 3386 1070 3444 electi
1107 3387 1312 3444 fuerint
1347 3388 1416 3445 ad
1445 3362 1588 3444 diem
1619 3385 1837 3443 concilii
1865 3387 2070 3441 instan-
2098 3362 2143 3425 (ἶ

470 3476 997 3535 tissime-occurrant
1017 3497 1032 3548 ;
1055 3481 1199 3552 quod
1239 3481 1287 3538 si
1317 3496 1428 3538 non
1451 3480 1727 3552 potuerint
1747 3491 2066 3543 occurrere,

470 3570 852 3628 excusationes
885 3587 1014 3629 suas
1062 3574 1116 3628 in
1155 3573 1472 3630 tractatoria
1501 3572 1867 3637 subscribam,
1903 3571 1988 3626 vel
2024 3573 2072 3628 si

471 3668 596 3729 post
635 3662 925 3718 adventum
972 3663 1303 3720 tractatoria
1345 3663 1539 3735 aliquae
1577 3664 1934 3720 necessitates
1986 3676 2075 3717 re-

473 3758 634 3821 pente
669 3749 896 3807 forsitan
938 3764 1074 3808 orta
1114 3753 1337 3821 fuerint,
1387 3755 1493 3810 nisi
1540 3756 1804 3810 rationem
1846 3753 2073 3822 impedi-

470 3843 638 3898 ruenti
661 3844 745 3899 sui
768 3845 908 3916 apud
932 3861 1088 3900 suum
1109 3847 1396 3917 primatem
1419 3847 1780 3914 reddiderint,
1798 3846 1866 3902 ab
1884 3846 2070 3903 Eccle-

473 3933 566 3987 siae
592 3936 976 3991 communione
1002 3937 1203 3993 debere
1234 3953 1346 3994 .sse
1375 3947 1736 4009 contemptos.

544 4024 636 4080 XI.
659 4027 792 4083 Item
813 4029 1195 4086 conﬁrmatum
1218 4040 1322 4100 est,
1346 4041 1406 4087 ut
1427 4033 1472 4088 si
1501 4033 1718 4102 quando
1744 4033 2066 4105 presbyteri,

472 4115 558 4172 vel
601 4118 813 4174 diaconi
851 4120 906 4175 in
947 4119 1052 4175 alia
1095 4122 1331 4191 graviori
1361 4123 1519 4194 culpa
1562 4123 1795 4180 convicti
1845 4125 2068 4193 fuerint,

473 4224 634 4277 quam
665 4225 758 4264 cos
783 4225 816 4265 a
841 4211 1146 4269 ministerio
1173 4226 1396 4271 necesse
1425 4213 1588 4270 fuerit
1631 4217 1920 4284 removeri,
1961 4233 2070 4273 non

473 4301 553 4355 eis
583 4317 774 4359 manus
801 4312 1054 4375 tanquam
1093 4308 1507 4379 paenitentibus,
1538 4310 1622 4366 vel
1652 4319 1909 4383 tanquam
1935 4312 2070 4368 ﬁde-

2166 2111 2456 2160 contentus
2478 2105 2572 2172 sit,
2595 2113 2652 2160 et
2676 2104 2765 2161 ille
2787 2119 2962 2164 neaue
2979 2106 3226 2174 clericus,
3250 2123 3424 2178 neque
3436 2106 3764 2178 prapositus

2165 2205 2498 2266 perseveret.

2235 2287 2376 2344 XIV.
2401 2289 2536 2346 Item
2560 2289 2762 2362 placuit
2788 2301 2849 2348 ut
2873 2293 3067 2348 altaria
3101 2310 3220 2364 qua
3244 2295 3443 2366 passim
3474 2309 3575 2364 per
3603 2308 3762 2365 agros

2168 2391 2264 2439 aut
2287 2385 2402 2440 vias
2429 2393 2690 2456 tanquam
2718 2383 2997 2443 memoria
3021 2398 3322 2460 martyrum
3353 2389 3764 2445 constituuntur

2168 2474 2224 2528 in
2249 2475 2448 2544 quibus
2475 2475 2680 2530 nullum
2700 2491 2898 2548 corpus
2925 2487 3017 2533 aut
3045 2479 3288 2549 reliquia
3307 2488 3613 2550 martyrum
3640 2493 3762 2532 con-

2169 2566 2293 2622 dita
2320 2568 2649 2638 probantur,
2682 2568 2750 2622 ab
2776 2569 3048 2641 episcopis
3074 2571 3167 2640 qui
3201 2572 3402 2626 eisdem
3440 2570 3577 2626 locis
3628 2585 3764 2640 pra-

2169 2669 2320 2726 sunt,
2358 2662 2404 2717 si
2431 2661 2548 2716 fieri
2589 2672 2789 2731 potest,
2819 2673 3153 2719 evertantur.
3196 2662 3253 2718 Si
3283 2673 3461 2719 autem
3492 2665 3602 2719 hoc
3645 2680 3763 2734 pro-

2168 2765 2289 2824 pter
2317 2754 2581 2810 tumultus
2619 2755 2908 2827 pepulares
2950 2774 3057 2814 non
3084 2759 3296 2823 sinitur,
3343 2759 3531 2828 plebes
3578 2767 3761 2812 tamen

2170 2844 2584 2911 admoneamur,
2618 2862 2688 2902 ne
2715 2847 2805 2902 illa
2845 2847 2962 2903 loca
3007 2849 3371 2919 frequentent,
3400 2858 3461 2904 ut
3489 2849 3582 2919 qui
3621 2857 3762 2904 recte

2171 2936 2386 3006 sapiunt
2427 2935 2570 2990 nulla
2619 2937 2692 2993 ibi
2735 2939 3123 3008 superstitione
3166 2940 3402 2994 devincti
3453 2948 3762 2995 teneantur.

2171 3027 2240 3082 Et
2282 3030 2502 3085 omnino
2548 3029 2693 3086 nulla
2741 3032 3004 3087 memoria
3060 3044 3362 3105 martyrum
3411 3033 3766 3104 probabiliter

2171 3129 2501 3188 acceptctur,
2517 3119 2621 3175 nisi
2648 3120 2741 3176 ubi
2769 3137 2982 3193 corpus,
3011 3131 3104 3177 aut
3133 3122 3327 3194 aliquae
3348 3134 3496 3180 certe
3521 3123 3765 3194 reliquiae

2172 3218 2318 3275 sunt,
2344 3219 2440 3264 aut
2465 3211 2620 3281 origo
2645 3210 2874 3282 alicujus
2903 3213 3257 3271 habitationis
3278 3216 3361 3271 vel
3381 3216 3762 3287 possessionis,

2174 3301 2261 3355 vel
2291 3302 2559 3372 passionis
2590 3303 2902 3360 fidelissima
2933 3305 3142 3376 origine
3173 3308 3420 3363 traditur.
3467 3307 3606 3363 Nam
3652 3323 3767 3379 qua

2172 3411 2269 3466 per
2294 3399 2535 3464 somnia,
2571 3408 2624 3456 et
2659 3415 2755 3469 per
2793 3400 2982 3458 inanes
3021 3403 3178 3473 quasi
3221 3403 3582 3459 revelationes
3631 3417 3767 3473 quo-

2173 3490 2427 3546 rumlibet
2454 3492 2734 3547 hominum
2759 3494 2960 3565 ubique
2981 3496 3385 3552 constituuntur
3415 3496 3638 3564 altaria,
3659 3512 3768 3552 om-

2172 3581 2390 3638 nimodo
2420 3585 2797 3654 reprohentur.

2242 3671 2361 3727 XV.
2397 3673 2526 3728 Item
2566 3675 2770 3744 placuit
2812 3678 2881 3732 ab
2916 3678 3335 3749 imperatoribus
3362 3679 3769 3752 gloriosissimis

2172 3767 2305 3836 peti,
2346 3776 2404 3820 ut
2439 3768 2680 3838 reliquia
2726 3787 2835 3826 non
2884 3771 3056 3828 solum
3089 3773 3144 3828 in
3189 3773 3526 3840 simulacris,
3569 3775 3672 3831 sed
3720 3775 3768 3829 in

2174 3860 2584 3931 quibuscunque
2626 3863 2758 3920 locis
2800 3865 2885 3920 vel
2933 3865 3098 3934 lucis,
3143 3866 3227 3922 vel
3273 3867 3560 3923 arboribus
3588 3867 3768 3922 omni-

2175 3954 2334 4009 modo
2357 3955 2659 4010 doleantur.
2690 3957 2943 4013 Aurelius
2964 3959 3250 4029 episcopus
3270 3958 3528 4014 Ecclesia:
3550 3958 3766 4014 Cartha-

2175 4049 2318 4117 ginis
2347 4065 2511 4119 supra
2542 4053 2952 4121 comprehensis
2979 4053 3032 4108 in
3072 4062 3258 4110 nostro
3292 4053 3524 4110 concilio
3553 4054 3768 4110 statutis

2177 4143 2510 4213 subscripsi;
2548 4143 2800 4200 similiter
2829 4146 3172 4218 septuaginta
3212 4145 3319 4231 duo
3358 4146 3605 4218 episcopi
3642 4147 3767 4201 sub-

2178 4236 2532 4306 scripserunt.

483 4445 3752 4496 ...______________________________

1157 4587 1504 4646 INCIPIUNT
1531 4588 1884 4648 CAPITULA
1907 4590 2201 4650 CONCILII
2227 4594 2431 4653 SEXTI
2456 4597 3076 4659 CARTHAGINENSIS.

547 4761 597 4817 l.
626 4760 893 4819 Allocutio
926 4760 1132 4818 Aurelii
1159 4763 1398 4836 episcopi
1433 4767 1608 4822 sancti
1639 4768 1707 4824 ad
1737 4770 2024 4841 synodum.

2241 4753 2292 4808 9.
2327 4753 2428 4810 Ubi
2455 4754 2748 4812 Faustinus
2787 4760 3073 4832 episcopus
3113 4777 3214 4832 pro
3248 4763 3528 4821 dubietate
3554 4766 3764 4822 recitati

546 4853 601 4908 Ξ.
635 4853 933 4926 Responsio
984 4852 1232 4909 Faustini
1300 4857 1544 4928 episcopi
1598 4857 1756 4928 legati
1817 4860 2075 4916 Romana

475 4941 731 5000 Ecclesia
757 4946 823 5001 de
858 4946 943 5001 his
968 4961 1088 5016 qua
1112 4945 1166 5001 in
1191 4946 1434 5004 Ecclesia
1464 4949 1666 5018 partim
1695 4965 1927 5019 canone,
1957 4967 2078 5022 par-

479 5040 573 5094 tim
600 5043 992 5098 consuctudine
1023 5051 1151 5099 sunt
1179 5042 1416 5099 ﬁrmata.

544 5130 598 5186 3.
631 5130 710 5187 De
739 5135 1161 5191 commonitorio
1189 5135 1416 5191 Romani
1441 5151 1594 5207 papa
1623 5138 1868 5194 recitato.

548 5223 603 5277 4.
632 5222 834 5294 Alippii
861 5227 1102 5297 episcopi
1140 5227 1421 5298 responsio
1446 5242 1547 5298 pro
1574 5228 1720 5284 veris
1747 5228 2074 5301 exemplari-

476 5318 579 5372 bus
605 5315 808 5372 Nicani
834 5320 1050 5375 concilii
1076 5321 1476 5391 perquirendis.

547 5408 600 5464 5.
631 5407 729 5464 Ubi
745 5407 1031 5465 Faustinus
1047 5427 1132 5482 ep.
1151 5412 1308 5478 dixit,
1332 5422 1390 5467 ut
1408 5413 1654 5469 Romano
1668 5428 1820 5484 papa
1835 5414 2072 5485 synodus

476 5514 576 5570 pro
603 5500 922 5570 inquirenda
965 5498 1195 5556 Nicana
1234 5503 1422 5576 synodi
1474 5503 1705 5559 veritate
1735 5504 2068 5574 innotescat.

549 5592 602 5648 6.
631 5591 688 5658 1.
716 5593 792 5648 De
829 5594 1099 5648 sententia
1138 5594 1479 5653 Sardicensis
1521 5595 1737 5654 concilii
1777 5597 2002 5652 recitata
2037 5611 2069 5652 a

476 5678 785 5757 postulante
813 5683 1023 5740 Novato
1043 5684 1318 5756 episcopo.

548 5773 601 5828 8.
631 5772 744 5830 Ubi‘
762 5775 1094 5846 Augustinus
1111 5777 1393 5849 episcopus
1416 5795 1539 5837 cum
1560 5781 1767 5854 synodo
1785 5780 2064 5838 Nicanum

466 5864 764 5934 concilium
794 5881 1012 5925 servare
1037 5871 1327 5941 promittit.

2179 4849 2397 4919 capituli
2430 4849 2674 4906 Romano
2699 4867 2853 4922 papa
2877 4855 3011 4923 petit
3037 4855 3403 4912 scribendum.

2252 4943 2335 4998 lO.
2373 4944 2468 5000 Ubi
2494 4946 2724 5016 synodus
2749 4947 3078 5018 exemplaria
3121 4947 3324 5006 Nicani
3355 4951 3570 5008 concilii
3598 4952 3766 5021 magis

2179 5036 2247 5091 ab
2275 5035 2628 5093 orientalibus
2653 5041 3006 5110 competenda
3029 5040 3287 5098 decrevit.

2253 5127 2339 5182 11.
2376 5125 2648 5184 Professio
2673 5131 2796 5186 fidei
2823 5130 3026 5188 Nicani
3049 5134 3284 5189 concilii.

2253 5229 2340 5284 12.
2373 5227 2712 5300 Rcscriptum
2739 5230 2977 5301 episcopi
3006 5231 3208 5294 Romae,
3232 5227 3595 5296 Alexandria,
3629 5227 3763 5283 Con-

2175 5319 2662 5390 stantinopolitani,
2686 5337 2808 5376 cum
2857 5321 3256 5391 exemplaribus
3299 5320 3504 5378 Nicani
3551 5317 3760 5376 concilii

2173 5412 2444 5469 Africana
2471 5414 2679 5485 synodo
2707 5414 3041 5472 constitutis.

2247 5505 2334 5561 l5.
2365 5505 2579 5577 Scripta
2603 5506 2848 5565 Africani
2875 5510 3115 5583 episcOpi
3148 5511 3215 5568 ad
3244 5509 3586 5567 Bonifacium
3617 5505 3762 5562 urbis

2173 5599 2360 5655 Roma
2381 5601 2714 5674 episcopum.

2245 5692 2332 5748 14.
2357 5692 2568 5766 Scripta
2595 5695 2835 5754 Africani
2873 5697 3088 5755 concilii
3132 5698 3201 5756 ad
3237 5697 3589 5755 Caelestinum
3621 5693 3762 5750 urbis

2175 5785 2359 5843 Roma
2383 5787 2716 5858 episcopum.
