3910 6438
1335 351 1826 415 DECRETALIUM
1851 347 2254 409 COLLECTIO.

445 503 560 578 84
633 486 1036 572 INCIPIT
1092 484 1669 568 CONCILIUM
1728 475 2582 564 CARTHAGINENSE
2657 475 3072 558 SEXTUM

756 666 1012 731 Gestum
1047 666 1120 729 ab
1159 662 1472 747 episcopis
1511 660 1797 724 ducentis
1820 657 2020 722 decem
2055 663 2109 719 et
2139 663 2392 739 septem,
2416 674 2543 721 ara
2569 673 2806 722 anvu.

189 866 243 923 ιη
269 865 373 920 hoc
398 858 633 917 concilio
661 863 846 914 actum
874 865 960 913 est
1002 863 1064 912 ut
1105 854 1385 911 Nicanum
1411 850 1705 909 concilium
1735 834 1788 894 Α
1813 847 1950 903 actis
1989 859 2160 917 nuper
2195 844 2590 918 allegaverunt,
2631 853 2687 900 et
2725 853 2920 902 catera
2961 859 3080 918 qua
3120 852 3244 902 acta
3278 860 3344 903 su

129 960 186 1016 ab
213 955 480 1028 episcopis
510 950 864 1014 orientalibus
912 957 1223 1020 peteretur,
1263 947 1349 1003 cui
1398 946 1606 1018 synodo
1636 945 1711 999 in-

131 1052 300 1109 terfuit
331 1048 535 1120 legatio
573 1045 830 1103 Ecclesiae
857 1044 1149 1107 Romana,
1187 1041 1477 1097 Faustinus
1503 1040 1710 1110 episco-

129 1163 242 1217 pus,
288 1141 569 1214 Philippus
596 1148 652 1197 et
694 1139 908 1196 Asellus
935 1136 1262 1210 presbyteri.
1300 1134 1432 1192 Post
1457 1133 1710 1191 consula-

130 1246 226 1289 tum
252 1233 774 1304 gloriosissimorum
815 1229 1203 1300 imperatorum
1244 1226 1467 1284 Honorii
1505 1225 1709 1281 duode-

132 1334 261 1398 cimi,
292 1341 347 1388 et
370 1329 667 1387 Theodosii
693 1337 943 1384 octavum
972 1329 1356 1398 Augustorum,
1396 1339 1492 1378 Vlll
1520 1321 1712 1376 Kalen-

130 1428 210 1484 das
230 1425 395 1491 Junii,
423 1426 633 1497 scripta
657 1425 774 1480 hac
804 1430 930 1478 sunt
959 1421 1289 1490 Carthagine
1329 1419 1382 1474 in
1415 1417 1710 1474 secretario

131 1519 345 1575 basilica
369 1517 593 1584 Fausti,
624 1531 748 1572 cum
777 1513 1030 1572 Aurelius
1061 1529 1203 1585 papa
1231 1529 1337 1567 una
1368 1527 1489 1567 cum
1516 1508 1722 1564 Valen?

130 1610 228 1664 tino
260 1608 447 1680 prima
505 1607 652 1664 sedis
699 1606 996 1672 Numidia,
1046 1614 1101 1660 et
1147 1603 1407 1659 Faustino
1457 1600 1711 1658 Ecclesiae

131 1699 407 1756 Potentina
437 1700 632 1771 prima
653 1698 796 1755 sedis
819 1697 1114 1768 provincia
1139 1695 1305 1750 ltalia
1327 1693 1506 1749 Piceni
1531 1692 1711 1765 legato

131 1792 362 1850 Ecclesia
390 1793 690 1859 Romana,
738 1794 832 1848 sed
873 1800 927 1846 et
974 1789 1170 1862 legatis
1209 1788 1549 1844 diversarum
1590 1801 1713 1858 pro-

131 1887 406 1942 vinciarum
453 1885 863 1950 Africanarum,
915 1884 967 1938 id
1011 1893 1125 1951 est,
1169 1882 1543 1938 Nutnidiarum
1587 1882 1712 1937 dua-

132 1995 249 2046 rum,
277 1978 620 2045 Bizanceua,
652 1978 987 2034 Mauritania
1018 1975 1312 2042 Sitifensis,
1351 1983 1407 2030 et
1447 1974 1708 2030 Maurita-

133 2072 218 2126 nia
238 2071 624 2137 Caesariensis,
669 2071 764 2127 sed
799 2081 854 2127 et
883 2070 1136 2142 Tripolis,
1167 2079 1223 2126 et
1254 2068 1541 2126 Vincentio
1566 2066 1712 2124 Culi-

134 2167 305 2234 sitano,
334 2166 758 2232 Fortunatiano,
790 2175 846 2223 et
881 2165 1097 2222 caeteris
1127 2163 1394 2235 episcopis
1419 2161 1711 2234 provincia

1817 937 1902 995 vel
1931 952 2052 1008 qua
2078 937 2285 1009 agenda
2315 946 2460 1001 sunt,
2492 937 2910 1007 snbsequantur.
2943 935 3131 992 Daniel
3157 938 3406 993 notarius

1816 1028 2072 1085 recitavit
2140 1028 2616 1084 commonitorium
2664 1027 2819 1084 fratri
2867 1028 3127 1085 Faustino
3176 1037 3234 1084 et
3285 1028 3413 1084 ﬁliis

1814 1114 2063 1190 Philippo
2088 1127 2144 1174 et
2169 1119 2351 1174 Asello
2377 1119 2732 1192 presbyteris.
2793 1118 3041 1176 Zosimus
3092 1121 3411 1192 episcopus:

1758 1234 1760 1237 -
1814 1209 1984 1266 Vobis
2039 1213 2329 1268 commissa
2382 1213 2597 1284 negotia
2655 1228 2762 1268 non
2813 1212 3025 1278 latent,
3077 1227 3174 1267 vos
3224 1217 3298 1268 ita
3353 1221 3416 1267 ut

1814 1310 2032 1367 nostra,
2077 1303 2188 1359 imo
2218 1305 2347 1374 quia
2380 1314 2569 1360 nostra
2608 1304 2685 1360 ibi
2719 1305 2776 1361 in
2807 1305 2963 1360 vobis
2994 1306 3280 1375 praesentia
3309 1312 3414 1370 est,

1814 1401 2010 1447 cuncta
2036 1395 2302 1466 peragite,
2335 1396 2571 1452 maxime
2593 1411 2718 1452 cum
2751 1404 2805 1451 et
2831 1396 2935 1472 hoc
2961 1405 3206 1452 nostrum
3235 1396 3414 1466 possi-

1813 1485 1884 1540 tis
1934 1487 2136 1543 habere
2186 1489 2526 1554 mandatum,
2577 1498 2635 1544 et
2682 1490 2848 1546 verba
2890 1505 3161 1546 canonum
3192 1505 3312 1560 qua
3362 1489 3419 1544 in

1814 1577 2114 1650 pleniorem
2144 1579 2462 1637 ﬁrmitatem
2499 1583 2631 1637 huic
2663 1583 3086 1640 commonitorio
3139 1581 3420 1653 inscripsi-

1815 1687 1968 1738 mus,
2017 1671 2095 1726 ita
2144 1674 2290 1728 enim
2338 1675 2626 1743 dixerunt,
2678 1675 3022 1731 dilectissimi
3080 1674 3313 1741 fratres,
3364 1677 3419 1728 in

1814 1763 2049 1822 Concilio
2069 1765 2316 1833 Nicano,
2360 1782 2485 1822 cum
2529 1769 2595 1824 de
2625 1768 3007 1840 episcoporum
3056 1768 3420 1840 appellatione

1817 1855 2194 1914 decernerent.
2252 1859 2464 1916 Placuit
2511 1870 2691 1918 autem
2731 1870 2793 1917 ut
2832 1863 2879 1918 si
2919 1863 3207 1934 episcopus
3253 1877 3418 1917 accu-

1814 1959 1970 2007 satus
2011 1951 2198 2019 fuerit,
2224 1961 2278 2008 et
2307 1952 2673 2023 judicaverint
2712 1955 3028 2026 congregati
3058 1954 3297 2026 epiSCOpi
3328 1968 3417 2010 re-

1815 2043 1990 2115 gionis
2012 2044 2207 2116 ipsius,
2233 2055 2290 2102 et
2313 2047 2379 2103 de
2405 2047 2574 2120 gradu
2598 2064 2697 2106 suo
2727 2047 3024 2118 dejecerint
3060 2063 3207 2116 eum,
3237 2056 3294 2112 et
3321 2062 3415 2116 ap-

1814 2137 2046 2208 pellasse
2075 2140 2363 2212 episcopus
2389 2141 2660 2209 Videatur,
2693 2151 2750 2197 et
2772 2142 3080 2214 confugerit
3113 2143 3180 2197 ad
3208 2141 3414 2198 beatis--

135 2260 535 2331 proconsularis,
582 2260 830 2316 ducentis
877 2259 1063 2314 decem
1111 2267 1166 2314 et
1213 2266 1452 2328 septem,
1503 2269 1715 2311 necnon
1743 2257 1792 2319 B
2064 2233 2325 2331 ΕοίξῘθείθθ
2369 2233 2630 2291 Romani”
2678 2236 3028 2306 episcopum,
3079 2244 3136 2292 ει
3181 2235 3419 2290 vomer“

135 2352 355 2426 Philippo
399 2364 458 2411 et
505 2354 692 2410 Asello
733 2354 1067 2424 presbyteris
1111 2351 1373 2406 Romana
1422 2349 1712 2416 Ecclesia,

137 2459 238 2501 cum
265 2449 608 2504 consedisset
632 2446 936 2503 astantibus
975 2444 1294 2501 diaconibus
1334 2443 1589 2500 Aurelius
1609 2442 1716 2514 epi-

139 2551 306 2608 scopus
337 2539 496 2594 dixit.

193 2628 313 2686 CAP.
359 2630 397 2686 l.
427 2630 570 2686 Post
593 2630 736 2686 diem
765 2630 1124 2700 praestitutam
1153 2629 1398 2695 concilii,
1438 2637 1500 2684 ut
1539 2641 1720 2685 recor-

140 2721 347 2790 damini,
391 2723 595 2779 fratres
634 2723 956 2787 beatissimi,
990 2723 1156 2777 multa
1195 2722 1434 2793 flagitata
1465 2729 1591 2777 sunt
1619 2736 1718 2792 per

141 2824 493 2885 exspectantes
525 2814 732 2869 fratres
756 2823 972 2869 nostros
997 2812 1089 2883 qui
1120 2829 1266 2869 nunc
1301 2813 1368 2868 ad
1396 2819 1718 2882 praesentem

142 2908 374 2978 synodum
417 2907 588 2979 legati
627 2907 966 2961 advenerunt
1013 2919 1133 2974 qua
1169 2905 1335 2977 gestis
1375 2919 1598 2959 necesse
1638 2911 1722 2958 est

142 3002 519 3057 consocientur.
564 3000 678 3068 Qua
722 3001 786 3055 de
827 3015 886 3055 re
931 2999 1160 3054 Domino
1206 3008 1396 3054 nostro
1441 2999 1508 3053 de
1560 3005 1719 3051 tanta

143 3093 558 3165 congregationis
587 3101 730 3148 catu
769 3093 972 3163 gratias
1021 3091 1346 3155 referimus,
1378 3099 1627 3162 superest
1662 3097 1723 3144 ut

144 3191 235 3239 tam
264 3186 596 3257 exemplaria
621 3185 824 3241 Nicani
853 3185 1067 3241 concilii
1104 3199 1224 3255 qua
1251 3199 1395 3239 nunc
1433 3184 1718 3248 habemus,

144 3286 188 3332 et
209 3295 233 3332 a
259 3279 508 3337 Patrihus
550 3280 844 3336 constituta
875 3288 1020 3346 sunt,
1054 3294 1218 3349 quam
1249 3277 1413 3333 etiam
1443 3279 1532 3333 hic
1568 3293 1596 3332 a
1629 3277 1723 3332 de-

146 3373 426 3430 cessoribus
459 3373 669 3430 nostris
698 3372 946 3427 eamdem
979 3371 1262 3426 firmantes
1291 3369 1554 3442 synodum
1577 3409 1590 3434 ,
1638 3365 1725 3423 vel

148 3475 246 3530 qua
268 3465 563 3520 secundum
605 3477 725 3518 eam
762 3462 988 3518 formam
1032 3477 1130 3532 per
1167 3475 1360 3516 omnes
1400 3459 1724 3514 clericorum

149 3557 318 3624 gradus
349 3575 376 3612 a
406 3571 626 3614 summo
648 3571 818 3626 usque
856 3557 910 3612 in
952 3554 1201 3610 ultimum
1246 3553 1538 3610 salubriter
1577 3551 1725 3610 ordi-

1819 2324 1998 2380 audiri
2045 2333 2100 2382 et
2148 2324 2357 2396 justum
2409 2328 2684 2398 putaverit
2732 2340 2790 2383 ut
2835 2339 3129 2385 renovetur
3155 2342 3410 2393 examen,

1819 2416 2060 2491 scribere
2105 2418 2191 2473 his
2222 2419 2495 2490 episcopis
2541 2421 2816 2491 dignetur,
2860 2421 2954 2491 qui
2991 2421 3047 2475 in
3090 2420 3320 2474 ﬁnitima
3366 2426 3425 2473 et

1819 2510 2126 2582 prOpinqua
2156 2510 2440 2582 provincia
2486 2520 2634 2582 sunt,
2667 2521 2724 2568 ut
2767 2512 2870 2582 ipsi
2917 2511 3204 2582 diligenter
3234 2510 3420 2566 omnia

1819 2605 2122 2676 requirant,
2150 2615 2205 2661 et
2225 2604 2383 2676 juxta
2414 2606 2574 2661 ﬁdem
2598 2607 2846 2663 veritatis
2868 2607 3162 2672 definiant;
3192 2605 3337 2677 quod
3368 2605 3418 2659 si

1820 2699 1869 2756 is
1892 2701 1985 2771 qui
2010 2709 2162 2769 rogat
2188 2715 2408 2757 causam
2434 2715 2589 2757 suam
2617 2701 2812 2756 iterum
2843 2700 3016 2755 audiri
3038 2697 3422 2770 deprecatione

1823 2809 1922 2852 sua
1953 2794 2191 2850 moverit
2240 2796 2554 2867 episcopum
2585 2795 2892 2850 Romanum
2951 2803 3012 2849 ut
3049 2810 3080 2850 e
3110 2794 3284 2849 latere
3326 2809 3426 2848 suo

1823 2893 2202 2964 presbyterum
2246 2892 2448 2958 mittat,
2491 2892 2596 2946 erit
2645 2892 2698 2945 in
2729 2898 2997 2962 potestate
3040 2887 3280 2959 episcopi
3305 2887 3418 2942 Ro-

1823 2985 1969 3040 mani
2021 2985 2152 3056 quid
2189 2985 2319 3041 velit
2357 2995 2413 3039 et
2453 2984 2582 3054 quid
2617 2983 2915 3048 existimet,
2950 2989 3006 3036 et
3037 2980 3083 3034 si
3123 2978 3428 3035 decreverit

1825 3079 2122 3134 mittendos
2169 3093 2291 3134 esse
2319 3078 2411 3147 qui
2445 3085 2744 3147 praesentes
2791 3091 2916 3130 eum
2960 3072 3232 3143 episcopis
3271 3070 3425 3140 judi-

1827 3181 1971 3237 cent,
2022 3171 2289 3227 habentes
2334 3169 2722 3225 auctoritatem
2771 3166 2888 3237 ejus
2936 3182 2967 3220 a
3009 3181 3118 3236 quo
3164 3161 3421 3218 destinati

1827 3273 1976 3331 sunt,
2019 3264 2125 3320 erit
2165 3265 2221 3318 in
2254 3278 2352 3319 suo
2391 3263 2639 3318 arbitrio.
2678 3261 2736 3317 Si
2764 3275 2897 3316 vero
2933 3257 3228 3314 crediderit
3270 3254 3421 3311 sufﬁ-

1828 3371 1953 3411 cere
2016 3355 2297 3426 episcopos
2350 3361 2411 3407 ut
2470 3353 2687 3424 negotio
2748 3351 3042 3406 terminum
3106 3349 3426 3421 imponant,

1828 3448 1994 3505 faciat
2066 3447 2210 3518 quod
2283 3444 2686 3515 sapientissimo
2756 3441 2985 3499 consilio
3049 3455 3147 3497 suo
3210 3439 3427 3509 judica-

1828 3543 1988 3599 verit.

149 3657 254 3702 nata
281 3661 401 3706 sunt
427 3651 484 3705 in
519 3623 754 3704 medium
790 3648 1173 3719 proferantur,
1215 3647 1283 3702 ab
1309 3645 1563 3702 universo
1591 3659 1726 3700 con-
1753 3642 1801 3708 C
1901 3633 1988 3689 Ν·
2030 3632 2100 3688 Et
2149 3646 2272 3689 cum
2319 3631 2600 3695 rec-“aret,
2639 3627 2887 3700 Alippius
2931 3625 3219 3697 episcopus
3246 3623 3398 3696 T383

150 3741 254 3796 cilio
280 3745 479 3799 dictum
515 3751 620 3809 est,
652 3742 1017 3813 proferantur,
1053 3741 1240 3796 Daniel
1267 3740 1511 3796 notarius
1534 3739 1724 3795 recita-

151 3837 235 3901 vit,
263 3837 457 3893 Nicani
492 3835 714 3895 concilii
745 3835 870 3892 ﬁdei
906 3835 1172 3906 professio
1202 3834 1287 3890 vel
1327 3841 1530 3891 statuta
1558 3834 1637 3889 sic
1667 3847 1726 3888 se

153 3926 348 3985 habent.

210 4017 267 4075 ll.
296 4020 360 4075 Et
388 4036 518 4078 cum
547 4020 769 4093 legisset
795 4020 1088 4078 Faustinus
1117 4021 1402 4092 episcopus
1427 4018 1602 4090 plebis
1628 4017 1731 4080 P0-

155 4112 378 4179 tentina,
431 4113 728 4185 provincia
773 4113 936 4169 Italia
971 4113 1186 4180 Piceni,
1230 4111 1438 4183 legatus
1474 4112 1733 4166 Romanae

159 4199 384 4282 Ecclesia
411 4206 598 4261 dixit:
619 4205 863 4277 lnjuncta
888 4205 1044 4262 nobis
1069 4212 1193 4260 sunt
1219 4221 1248 4258 a
1272 4203 1412 4260 Sede
1441 4202 1735 4275 apostolica

159 4290 310 4362 aliqua
330 4310 427 4365 per
455 4296 810 4367 scripturam,
838 4296 1015 4367 aliqua
1041 4297 1205 4352 etiam
1235 4295 1288 4350 in
1319 4295 1590 4350 mandatis
1610 4309 1734 4350 cum

159 4395 318 4442 vestra
343 4389 682 4445 beatitudine
709 4391 1078 4457 retractanda,
1105 4390 1250 4445 sicut
1283 4396 1339 4444 et
1375 4389 1544 4457 gestis
1578 4402 1736 4460 supe-

161 4472 371 4534 rioribus
398 4479 770 4547 meminimus,
804 4481 906 4536 hoc
933 4488 1017 4536 est
1038 4521 1052 4547 ,
1083 4480 1152 4536 de
1177 4477 1406 4536 Nicanis
1436 4479 1736 4535 cauonibus

162 4574 213 4620 ut
233 4583 637 4642 conserventur,
665 4583 720 4632 et
745 4575 1276 4632 constitutioleorum
1298 4582 1354 4629 et
1380 4573 1734 4638 consuetudo,

165 4659 274 4726 Quia
301 4665 481 4736 aliqua
510 4668 703 4723 ordine
729 4677 786 4724 et
826 4683 1037 4726 canone
1078 4675 1360 4732 tenentur,
1393 4668 1572 4738 aliqua
1602 4682 1736 4723 con-

167 4757 422 4814 suetudine
466 4758 684 4814 ﬁrmata
716 4769 861 4826 sunt,
894 4761 962 4817 de
1000 4759 1086 4816 bis
1113 4775 1242 4831 ergo
1279 4759 1324 4815 si
1355 4758 1534 4829 placet
1567 4757 1740 4813 beati-

169 4843 318 4903 tudini
340 4857 535 4906 vestra
558 4859 856 4908 tractemus
877 4893 892 4918 ,
923 4860 981 4908 et
1010 4859 1199 4922 postea
1240 4857 1436 4906 caetera
1465 4865 1586 4920 qua
1617 4857 1738 4904 acta

169 4934 241 4989 vel
261 4937 505 4997 inchoata
537 4951 684 5008 sunt,
715 4942 919 4999 inserta
947 4941 1328 5008 ﬁrmabuntur,
1357 4950 1418 4997 ut
1444 4941 1510 4997 ad
1542 4939 1737 4997 Sedem

1831 3727 2030 3785 stensis
2077 3727 2287 3799 legatus
2331 3725 2627 3798 provinciae
2651 3723 2919 3778 Numidia
2956 3723 3093 3778 dixit
3135 3741 3147 3776 :
3194 3722 3269 3775 De
3319 3722 3427 3776 hoc

1825 3820 1939 3891 jam
1988 3821 2363 3892 superioribus
2411 3819 2578 3874 etiam
2629 3817 2823 3872 litteris
2869 3815 3083 3872 concilii
3125 3814 3300 3871 nostri
3343 3828 3435 3868 re-

1833 3912 2172 3983 scripsimus,
2204 3921 2260 3968 et
2293 3912 2350 3967 id
2375 3926 2476 3967 nos
2502 3918 2814 3968 servaturos
2844 3909 3164 3981 proﬁtemur
3199 3906 3341 3977 quod
3373 3905 3432 3959 in

1833 4005 2054 4062 Nicano
2073 4004 2306 4060 concilio
2330 4003 2694 4060 constitutum
2721 4009 2829 4067 est,
2856 4000 2924 4055 ad
2953 4001 3057 4055 hoc
3099 4007 3312 4054 tantum
3341 4011 3434 4053 me

1836 4106 2036 4160 movet,
2065 4097 2324 4167 quoniam
2357 4111 2482 4153 cum
2512 4095 2907 4166 inspiceremus
2941 4091 3129 4148 Graeca
3159 4089 3438 4160 exempla-

1836 4189 1918 4244 ria
1971 4189 2130 4260 hujus
2174 4189 2366 4261 synodi
2392 4187 2641 4252 Nicana,
2684 4187 2788 4241 ista
2840 4184 2933 4250 ibi,
2968 4184 3152 4239 nescio
3186 4196 3293 4252 qua
3340 4196 3433 4236 ra-

1839 4280 2006 4349 tione,
2060 4281 2285 4336 minime
2319 4279 2648 4344 invenimus,
2676 4276 2822 4332 unde
2866 4274 3104 4345 petimus
3127 4272 3438 4328 veneratio-

1837 4389 1964 4430 nem
1997 4381 2168 4438 tuam,
2199 4379 2384 4428 sancte
2413 4385 2552 4442 papa
2579 4367 2790 4433 Aureli,
2825 4374 2886 4420 ut
2913 4365 3041 4436 quia
3070 4364 3175 4420 hoc
3205 4364 3440 4418 authen-

1839 4469 2006 4524 ticum
2034 4465 2323 4523 concilium
2346 4462 2626 4520 Nicanum
2648 4461 2707 4516 in
2730 4461 2865 4516 urbe
2910 4458 3115 4514 dicitur
3159 4471 3279 4514 esse
3301 4455 3439 4512 Con-

1838 4558 2323 4630 stantinopolitana
2351 4556 2562 4626 aliquos
2590 4568 2715 4610 cum
2744 4551 2963 4622 scriptis
3001 4559 3106 4606 tua
3135 4548 3443 4606 sanctitatis

1839 4652 2056 4706 mittere
2103 4648 2362 4720 digneris,
2389 4655 2444 4702 et
2482 4660 2588 4702 non
2633 4643 2806 4700 solum
2851 4643 2918 4698 ad
2967 4643 3141 4714 ipsum
3188 4648 3440 4696 sanctum

1841 4743 2070 4798 fratrem
2111 4748 2361 4796 nostrum
2389 4735 3053 4806 Constantinopolitanum
3100 4731 3440 4802 episcopum,

1839 4835 1934 4892 sed
1962 4834 2128 4889 etiam
2164 4832 2231 4888 ad
2257 4829 2688 4886 Alexandrinum
2715 4837 2771 4884 et
2791 4825 3189 4880 Antiochenum
3215 4836 3443 4875 venera-

1839 4929 1976 4985 biles
2026 4927 2337 4984 sacerdotes
2378 4925 2472 4996 qui
2520 4925 2624 4980 hoc
2670 4921 2828 4977 nobis
2868 4916 3160 4974 concilium
3213 4914 3316 4970 sub
3341 4913 3440 4969 sti—

174 5029 495 5094 apostolicam
538 5005 824 5103 rescﬁptis
851 5005 1327 5089 vestrisimimaré
1355 5031 1611 5101 possitis,
1656 5039 1736 5087 ιη.
1763 5019 2117 5092 Dpulatione
2183 5017 2489 5073 litterarum
2544 5028 2763 5070 suarum
2823 5010 3091 5082 dirigant,
3150 5015 3211 5062 ut
3260 5005 3443 5060 omnis

174 5127 262 5182 que
293 5136 387 5179 vos
427 5138 526 5181 nos
571 5127 915 5183 admonuisse
953 5128 1094 5198 apud
1135 5126 1499 5183 venerabilem
1545 5139 1738 5197 papam

177 5205 422 5269 evidenter
449 5224 651 5287 pateat,
680 5216 810 5273 licet
837 5218 1074 5289 capitula
1105 5219 1378 5275 actionum
1403 5217 1512 5290 jam
1536 5217 1743 5272 inserta

179 5297 270 5354 sint
311 5308 488 5376 gestis,
537 5310 601 5365 de
644 5310 774 5381 ipsis
819 5327 949 5382 ergo
987 5310 1070 5382 (ut
1106 5311 1310 5366 dictum
1355 5319 1440 5366 est
1473 5307 1742 5380 superius)

181 5390 292 5456 quid
311 5409 500 5455 vestra
541 5402 864 5457 beatitudini
894 5402 1122 5473 placeat,
1154 5417 1314 5472 agere
1346 5403 1624 5468 debemus,
1655 5415 1747 5454 ve-

185 5479 280 5538 niat
303 5502 424 5561 ergo
453 5493 924 5549 commonitorium
954 5494 1007 5548 in
1038 5493 1297 5559 medium,
1324 5500 1384 5548 ut
1408 5492 1550 5548 scire
1575 5489 1747 5562 possit

185 5586 340 5636 vestra
363 5583 634 5644 beatitudo
661 5588 789 5659 quid
817 5589 870 5643 in
893 5602 958 5643 eo
987 5588 1357 5651 contineatur,
1388 5593 1449 5640 ut
1473 5585 1540 5640 ad
1566 5584 1747 5654 singu-

185 5660 284 5725 1³1⁵⁸
300 5678 522 5743 spondea
531 5688 582 5734 tu
591 5697 635 5735 r.

245 5758 324 5819 ΠΙ.
382 5770 625 5830 Aurelius
676 5774 964 5846 episcopus
1010 5772 1147 5829 dixit
1187 5769 1553 5827 :Proferatur
1595 5783 1744 5825 com-

192 5855 508 5919 monitorium
556 5865 702 5936 quod
758 5865 958 5921 fratres
1005 5873 1062 5921 et
1105 5861 1521 5921 consacerdotes
1569 5860 1743 5917 nostri

407 5954 673 6020 PATROL.
709 5958 965 6022 CXXX.

1841 5111 2184 5184 postmodum
2235 5107 2561 5179 ambiguitas
2608 5101 2913 5167 auferatur,
2957 5099 3082 5170 quia
3110 5114 3212 5154 nos
3256 5098 3328 5152 ita
3359 5095 3445 5166 (ut

1845 5203 2016 5258 frater
2053 5201 2348 5257 Faustinus
2403 5196 2630 5266 attulit)
2684 5195 2912 5250 minime
2963 5192 3268 5248 invenimus
3318 5191 3442 5246 ista.

1847 5295 1956 5352 Nos
1982 5305 2162 5351 tamen
2195 5293 2461 5363 tantisper
2489 5297 2803 5346 servaturos
2855 5286 2941 5360 (ut
2969 5293 3130 5342 antea
3162 5281 3296 5353 dixi)
3347 5281 3447 5336 do-

1848 5405 1950 5447 nec
1991 5390 2200 5460 integra
2245 5382 2576 5454 exemplaria
2613 5381 2834 5436 veniant
2875 5378 3216 5450 proﬁtemur,
3256 5382 3447 5444 peten-

1850 5486 1950 5541 dus
1979 5492 2063 5539 est
2091 5490 2274 5538 autem
2297 5479 2494 5535 litteris
2521 5477 2726 5533 nostris
2750 5485 2806 5532 et
2830 5472 3158 5532 venerabilis
3185 5468 3445 5524 Ecclesia

1851 5579 2112 5634 Romana
2149 5573 2437 5644 episcopus
2460 5568 2808 5635 Bonifacius,
2859 5576 2917 5621 ut
2967 5566 3080 5636 ipse
3107 5575 3322 5633 quoque
3365 5559 3449 5614 di-

1849 5677 2046 5742 gnetur
2078 5665 2146 5721 ad
2170 5670 2505 5719 memoratas
2531 5660 2794 5718 ecclesias
2842 5658 3052 5726 aliquos
3081 5653 3319 5716 mittere,
3348 5650 3448 5721 qui

1848 5762 2036 5820 eadem
2063 5757 2392 5829 exemplaria
2415 5756 2660 5826 pradicti
2685 5752 2888 5810 Nicani
2915 5748 3130 5805 concilii
3153 5747 3452 5804 secundum

1849 5855 1967 5926 ejus
2005 5851 2217 5924 possint
2265 5850 2467 5919 scripta
2522 5845 2790 5920 proferre,
2835 5857 2981 5898 nunc
3029 5850 3213 5896 autem
3248 5852 3456 5894 memo-

2983 5934 3057 5997 12
