3910 6444
446 444 551 505 355

1252 434 1540 525 Arretio.
1578 437 1670 495 an
1712 433 1881 507 sese.
1915 433 2003 489 ix.
2034 461 2107 475 —
2139 362 2418 503 istuctu;
2443 425 2885 497 MERCATORIS

3615 426 3728 486 556

448 567 553 625 rati
586 563 801 624 concilii
822 559 1025 619 Nicaeni
1051 556 1232 631 qualia
1258 556 1588 629 exemplaria
1619 555 1916 612 habeamus
1945 548 2031 605 bis
2058 550 2111 613 Α
2136 529 2577 615 Jocundialiqua
2598 541 2802 597 ﬁrmari
2828 540 3011 606 credo,
3038 536 3215 611 aliqua
3235 537 3440 594 ﬁrmari
3470 537 3726 610 debeant,

449 661 619 737 gestis
646 660 935 716 sociemus.

516 752 583 809 ν.
619 751 911 809 Faustinus
930 749 1233 820 episcopus,
1257 747 1466 819 legatus
1476 743 1735 801 Ecclesiae
1755 741 2032 808 Romanae,

448 846 620 904 dixit:
649 842 761 901 Nec
783 851 960 900 vestra
994 842 1258 898 sanctitas
1288 838 1614 912 praeiudicat
1650 834 1895 892 ecclesiae
1921 832 2035 889 Re-

447 955 653 1007 manaa,
681 938 795 995 sive
826 936 892 993 de
921 938 1025 993 hoc
1053 933 1310 1006 capitulo,
1344 933 1459 990 sive
1493 931 1560 988 de
1600 929 1756 993 aliis,
1789 928 1920 999 quia
1952 926 2035 982 di-

446 1046 570 1088 cere
595 1032 848 1103 dignatus
868 1036 953 1086 est
992 1028 1168 1085 frater
1195 1034 1384 1083 noster
1418 1033 1475 1081 et
1497 1023 1854 1095 coepiscopus
1882 1020 2033 1090 Alip-

442 1128 572 1199 pius‘
591 1125 787 1182 dubios
816 1139 941 1182 esse
965 1137 1221 1181 canones.
1278 1119 1387 1177 Sed
1411 1120 1528 1176 haec
1547 1120 1664 1191 ipsa
1691 1117 1761 1174 ad
1782 1121 2032 1172 sanctum

442 1226 497 1275 ct
521 1216 899 1275 beatissimum
934 1228 1134 1287 papam
1164 1220 1412 1285 nostrum
1437 1212 1682 1269 scribere
1712 1206 2030 1283 dignemini,

444 1322 503 1371 ut
530 1312 649 1386 ipse
672 1312 915 1385 integros
958 1323 1200 1366 canones
1232 1307 1518 1379 inquirens
1544 1320 1669 1363 cum
1698 1311 1880 1361 vestra
1908 1315 2033 1358 san-

442 1407 632 1462 ctitate
656 1405 724 1461 de
751 1403 1007 1461 omnibus
1033 1400 1347 1459 constitutis
1374 1406 1613 1456 tractare
1639 1396 1837 1469 possit.
1870 1390 2032 1451 Sulli-

440 1501 515 1557 cit
561 1508 743 1557 autem
787 1509 849 1555 ut
891 1506 945 1555 et
991 1497 1108 1568 ipse
1149 1496 1502 1554 beatissimus
1548 1493 1836 1566 episcopus
1878 1488 2034 1545 urbis

439 1591 627 1649 Romae
673 1591 835 1649 sicuti
880 1598 1064 1649 vestra
1109 1587 1377 1647 sanctitas
1419 1587 1563 1661 apud
1608 1601 1668 1643 se
1698 1589 1920 1650 tractat,
1953 1580 2031 1637 ita

439 1694 494 1742 et
520 1685 639 1758 ipse
689 1684 955 1761 inquirat,
989 1699 1058 1741 ne
1085 1680 1365 1739 contentio
1391 1681 1537 1737 inter
1563 1678 1827 1737 ecclesias
1875 1672 2031 1732 nasci

439 1777 714 1845 videatur,
758 1777 854 1835 sed
891 1776 1067 1850 magis
1118 1776 1390 1833 charitate
1432 1772 1682 1831 fraterna
1725 1770 2033 1828 deliberare

2139 657 2265 699 cum
2289 638 2404 711 iam
2432 639 2492 699 in
2521 637 2743 711 dubium
2787 634 2894 708 ipsi
2931 646 3169 709 canones
3195 633 3466 689 venerint.
3500 632 3641 704 Ergo
3665 644 3729 693 ut

2135 735 2313 807 placet
2346 741 2402 788 et
2424 732 2577 787 vobis
2602 738 2660 786 et
2694 727 3016 786 beatitudini
3054 733 3249 784 vestra:
3278 727 3347 782 ad
3387 734 3637 784 sanetum
3665 739 3726 786 et

2136 825 2508 885 venerabilem
2551 823 2812 887 Ecclesia:
2837 822 3100 887 Romana:
3136 819 3477 895 Bonifacium
3514 821 3729 897 episco-

2137 936 2263 992 pum
2293 928 2473 977 vestra
2513 916 2754 977 scribere
2785 915 3042 987 dignetur
3076 912 3376 983 sanctitas,
3414 921 3481 981 ut
3523 921 3581 977 et
3615 913 3731 986 ipse

2137 1016 2283 1089 quod
2308 1024 2532 1075 sanctus
2554 1012 2891 1086 AuguStinus
2915 1017 3163 1080 statuere
3189 1009 3444 1085 dignatus
3470 1018 3580 1080 est,
3605 1009 3726 1069 deli.

2135 1109 2334 1166 beare
2356 1107 2550 1178 possit,
2580 1115 2762 1169 utrum
2797 1111 2854 1161 et
2883 1103 2988 1167 ltoc
3016 1102 3418 1175 concedendum
3445 1102 3613 1161 sitan
3646 1118 3733 1161 re—

2137 1203 2414 1260 ticendum
2448 1203 2555 1259 hoc
2582 1209 2688 1267 est,
2713 1200 2783 1256 de
2808 1197 3263 1271 appellationibus
3301 1196 3583 1257 interioris
3613 1213 3736 1271 επις

2138 1296 2262 1361 dus,
2285 1296 2333 1353 si
2368 1310 2501 1367 ergo
2518 1293 2700 1362 adhuc
2729 1292 2785 1349 in
2821 1291 3046 1350 dubium
3069 1291 3224 1353 venit
3248 1292 3316 1353 de
3339 1292 3445 1361 hoc
3469 1292 3736 1364 capitulo,

2133 1389 2339 1461 justum
2387 1398 2474 1447 est
2525 1397 2587 1445 ut
2626 1387 2956 1445 beatissima:
2979 1385 3241 1445 Romana:
3276 1387 3423 1453 sedis
3446 1387 3738 1461 episcopus

2139 1482 2422 1540 informari
2451 1483 2667 1550 debeat,
2696 1481 2741 1539 si
2770 1491 2953 1547 tamen
2997 1480 3053 1537 in
3087 1479 3402 1557 approbatis
3436 1482 3742 1551 canonibus

2086 1555 2094 1569 ’
2140 1574 2248 1633 hoc
2279 1573 2513 1633 inveniri
2541 1574 2733 1646 possit.

2210 1666 2281 1723 Χ.
2317 1665 2575 1726 Aurelius
2615 1668 2903 1742 episoopus
2956 1668 3095 1729 dixit
3127 1686 3143 1726 :
3173 1666 3352 1735 Etiam
3379 1684 3503 1741 qum
3532 1668 3739 1729 dudum

2141 1765 2341 1818 vestrae
2362 1760 2625 1820 eharitati
2674 1760 3077 1829 intimavimus,
3125 1776 3237 1819 non
3264 1760 3519 1833 patimini
3547 1775 3738 1819 exem-

435 1869 663 1940 possitis
690 1869 810 1942 ipso
838 1867 1181 1926 rescribente
1225 1867 1354 1940 quid
1386 1865 1580 1925 melius
1617 1863 1900 1922 observari
1940 1862 2034 1917 de-
2060 1938 2100 1942 _
2138 1852 2312 1925 plaria
2362 1860 2690 1913 statutorum
2718 1852 2924 1915 Nicani
2949 1851 3218 1923 ~concilii,
3266 1853 3363 1915 sed
3405 1861 3462 1910 et
3496 1867 3624 1925 qua
3651 1852 3745 1919 hic

436 1938 580 2020 beat.
604 1938 857 2021 Aurelius
878 1962 1166 2036 episcOpus
1187 1938 1363 2020 dixit:
1387 1960 1599 2018 Praeter
1626 1958 1731 2016 ista
1757 1971 1879 2028 qua:
1901 1967 2032 2028 pro-
2058 1938 2110 2001 Β
2136 1946 2429 2005 salubriter
2457 1961 2488 2003 ι
2516 1945 2721 2009 nostris
2746 1945 3129 2007 decessori“!
3159 1945 3462 2015 80¢,de
3490 1942 3741 2015 θξιιεάεω

438 2056 690 2114 misimus
718 2057 857 2113 actis
893 2069 1117 2115 necesse
1143 2064 1253 2130 est,
1283 2064 1343 2112 ut
1370 2055 1535 2112 etiam
1575 2060 1778 2109 nostra:
1800 2049 2035 2123 parvita-

441 2146 512 2203 tis
531 2145 731 2205 litteris
768 2158 958 2205 sancto
989 2147 1148 2203 fratri
1171 2156 1225 2203 et
1246 2143 1625 2203 consacerdoti
1657 2151 1845 2200 nostro
1868 2139 2038 2196 Boni-

438 2238 584 2298 facio
607 2239 821 2314 singula
850 2255 973 2311 qua:
1003 2249 1301 2296 tractamus
1336 2238 1650 2311 plenissime
1680 2236 2029 2300 intimemus';

437 2349 570 2410 ergo
588 2334 637 2391 si
655 2335 911 2392 omnibus
927 2335 1124 2407 placet,
1138 2332 1450 2407 prosecutio
1471 2333 1659 2410 nostra
1683 2344 1778 2385 ore
1791 2327 2034 2384 omnium

434 2408 838 2487 condiscamus.
891 2426 1219 2486 Universum
1264 2423 1552 2500 concilium
1596 2408 1733 2479 dixit
1768 2416 2031 2479 :‘Placet.

504 2514 598 2587 Vl,
613 2515 730 2576 Vll.
753 2516 997 2576 Novatus
1019 2515 1530 2590 episc0puslegatus
1553 2511 1893 2569 Mauritaniae
1907 2508 2039 2568 Sitis

436 2609 603 2670 tensis
624 2609 764 2669 dixit
794 2628 810 2667 :
841 2610 996 2669 Nunc
1018 2611 1367 2669 meminimus
1389 2610 1445 2666 in
1480 2609 1583 2665 hoc
1612 2605 1866 2681 praesenti
1889 2620 2037 2662 comv

436 2704 730 2764 monitorio
763 2705 965 2781 lectum
994 2707 1162 2763 etiam
1196 2705 1265 2762 de
1288 2694 1623 2778 presbyteris
1653 2704 1770 2759 sive
1799 2701 2038 2758 diaconi-

435 2797 540 2857 bus
558 2799 831 2858 contineri
858 2799 1095 2870 qualiter
1128 2799 1197 2855 ab
1234 2796 1509 2870 episcopis
1540 2794 1656 2853 suis
1695 2793 1780 2851 vel
1807 2810 1835 2848 a
1865 2792 2037 2848 finiti-

434 2889 542 2948 mis
563 2890 741 2947 audiri
775 2889 1029 2956 debeant,
1054 2890 1200 2963 quod
1228 2891 1282 2944 in
1310 2887 1532 2946 Nicatno
1558 2886 1791 2943 concilio
1816 2884 2038 2941 minime

432 2978 690 3056 legimus.
746 2980 903 3039 Unde
954 2982 1059 3038 hoc
1109 2982 1283 3053 ipsum
1324 2978 1514 3051 iubeat
1559 2979 1824 3037 sanctitas
1856 2985 2037 3033 vestra

435 3068 599 3131 nobis
637 3072 882 3129 recitari.
928 3071 1186 3128 Aurelius
1220 3071 1511 3143 episc0pus
1556 3069 1694 3126 dixit
1720 3088 1731 3124 :
1756 3068 2038 3125 Recitetur

433 3162 507 3221 ad
535 3160 744 3232 locum,
773 3162 937 3219 etiam
962 3163 1067 3219 hoc
1092 3164 1235 3235 quod
1259 3162 1603 3235 deposcitur;
1657 3158 1844 3217 Daniel
1880 3166 2038 3215 nota-

440 3254 562 3313 rius
590 3253 865 3321 recitavit,
893 3253 960 3311 de
982 3250 1436 3326 appellationibus
1462 3261 1645 3309 autem
1685 3251 2034 3318 clericorum,

2137 2040 2353 2099 concilii
2397 2054 2648 2098 normam
2694 2040 2929 2101 formata
2961 2047 3111 2108 sunt,
3137 2037 3225 2097 vel
3253 2052 3378 2112 qua
3404 2053 3554 2099 nunc
3584 2037 3739 2096 ordi-

2135 2141 2264 2191 nata
2306 2140 2456 2201 sunt,
2487 2148 2519 2190 a
2556 2132 2717 2191 nobis
2756 2133 2979 2190 recitari
3023 2140 3079 2190 et
3122 2131 3294 2205 gestis
3338 2130 3529 2193 inseri.
3564 2129 3745 2205 omne

2136 2224 2424 2287 concilium
2452 2223 2631 2283 dixit:
2656 2223 2999 2296 Exemplaria
3040 2222 3166 2283 ﬁdei
3185 2231 3244 2280 et
3266 2230 3472 2283 statuta
3499 2220 3741 2291 Nicena

2135 2319 2327 2391 synodi
2368 2332 2491 2389 qua:
2522 2316 2592 2374 ad
2630 2325 2879 2377 nostrum
2910 2314 3226 2383 concilium,
3255 2330 3378 2388 qua:
3423 2328 3524 2388 per
3565 2314 3745 2373 licata

2136 2410 2533 2471 recordationis
2583 2408 2715 2479 olim
2760 2408 3218 2479 pmdecessorem
3274 2414 3383 2467 tua:
3429 2405 3743 2471 sanctitatis

2136 2504 2231 2575 qui
2265 2501 2537 2569 interfuit,
2566 2500 2905 2557 Ceciliauum
2926 2500 3240 2572 episcopum
3263 2498 3430 2557 allata
3458 2506 3617 2567 sunt,
3647 2496 3743 2556 sed

2136 2606 2193 2656 et
2219 2611 2341 2669 quae
2382 2604 2567 2668 patres
2600 2594 2934 2666 exemplaria
2980 2600 3270 2667 sequentes
3306 2592 3398 2655 hic
3435 2591 3737 2669 constitue-

2138 2696 2295 2755 runt,
2344 2687 2435 2746 vel
2481 2702 2631 2765 nunc
2682 2686 2958 2745 communi
3006 2693 3242 2747 tractatu
3287 2685 3603 2753 statuimus,
3655 2684 3742 2745 his

2137 2781 2308 2855 gestis
2341 2780 2733 2841 ecclesiasticis
2761 2780 2968 2852 inserta
2999 2780 3319 2849 manebunt,
3349 2779 3427 2837 ita
3469 2781 3558 2853 (ut
3577 2793 3742 2853 supe-

2138 2877 2254 2934 rius
2291 2876 2500 2935 dictum
2528 2874 2635 2949 est)
2684 2873 3085 2935 venerabilibus
3129 2874 3263 2937 viris
3296 2872 3661 2937 Antiocheam
3685 2880 3745 2935 ot

2134 2969 2544 3037 Alexandrinae,
2590 2969 2687 3027 sed
2737 2976 2793 3027 ct
2831 2967 3447 3040 Constantinopolitana:
3479 2967 3740 3033 ecclesia-

2138 3079 2261 3120 rum
2302 3063 2576 3136 episcopis
2616 3064 2856 3122 scribere
2894 3072 3076 3120 vestra
3097 3063 3376 3121 beatitudo
3395 3063 3655 3135 dignetur
3682 3070 3744 3123 ut

2136 3154 2476 3228 exemplaria
2517 3156 2802 3217 verissima
2857 3156 3076 3216 concilii
3115 3155 3317 3215 Nicmni
3367 3155 3470 3215 sub
3513 3154 3742 3228 stipula-

2150 3248 2297 3306 tione
2330 3248 2637 3307 litterarum
2665 3264 2890 3311 suarum
2934 3247 3191 3320 dirigant,
3219 3262 3329 3319 quo
3352 3247 3503 3305 clara
3532 3247 3742 3319 veritas

436 3339 620 3414 idest,
642 3344 871 3402 minoris
898 3344 1002 3400 loci
1035 3352 1206 3400 restat
1233 3342 1402 3414 ipsius
1425 3342 1616 3416 synodi
1634 3350 1785 3400 certa
1814 3355 2036 3412 respono
2062 3327 2109 3392 C
2138 3356 2204 3398 ea
2243 3342 2479 3414 capitula
2508 3357 2632 3417 quae
2675 3342 2729 3398 in
2756 3339 3175 3401 commouitorio
3194 3354 3455 3411 praesens.
3476 3338 3653 3403 frater
3683 3347 3740 3396 et

436 3436 541 3505 sio,
570 3437 764 3508 dequa
794 3452 855 3492 re
884 3437 1029 3509 quod
1057 3436 1232 3492 acturi
1264 3436 1700 3503 sitis,eredimus
1724 3435 2034 3502 inserenda,

435 3528 584 3602 quod
640 3529 823 3585 taliter
870 3529 1073 3586 dictum
1135 3538 1218 3586 est
1276 3544 1345 3585 ex
1394 3528 1706 3586 Sardicensi
1781 3528 2031 3584 concilio.

437 3616 601 3691 Osius
625 3620 916 3692 episcopus
944 3619 1083 3675 dixit
1108 3635 1123 3672 :
1147 3619 1287 3687 Quid
1325 3619 1504 3675 adhuc
1540 3629 1762 3675 moveat
1803 3618 2035 3674 reticere

434 3722 548 3767 non
576 3708 770 3777 debeo,
808 3710 853 3764 si
884 3709 1173 3780 episcopus
1201 3710 1341 3764 forte
1380 3709 1678 3767 iracundus
1710 3708 1881 3780 (quod
1910 3723 2034 3765 esse

433 3813 546 3856 non
575 3800 758 3874 debet)
806 3801 917 3857 cito
960 3808 1055 3856 aut
1084 3815 1278 3871 aspere
1322 3810 1735 3857 commoveatur
1771 3801 2035 3861 adversus

434 3892 826 3965 presbyterum
855 3894 971 3949 sive
1020 3894 1308 3949 diaconum
1360 3906 1538 3960 suum,
1584 3902 1640 3948 et
1665 3894 2036 3950 exterminare

434 3998 562 4041 eum
580 3983 884 4041 deecclesia
895 3984 1151 4053 voluerit,
1170 3984 1565 4057 providendum
1576 3992 1665 4040 est
1682 3999 1753 4040 ne
1771 3984 2035 4041 innocens

442 4078 751 4144 damnetur,
787 4088 883 4135 aut
909 4080 1106 4151 perdat
1149 4080 1614 4143 communionem,
1655 4079 1855 4135 habeat
1881 4088 2035 4151 pote-

439 4177 645 4227 statem
673 4170 881 4243 eiectus
908 4179 968 4226 ut
997 4171 1258 4227 ﬁnitimos
1290 4169 1602 4241 interpellet
1628 4172 1937 4243 episcopos,
1975 4180 2035 4226 ut

440 4277 665 4320 causam
712 4279 870 4320 suam
908 4265 1170 4333 audiant,
1215 4273 1272 4321 et
1302 4265 1593 4337 diligenter
1624 4273 1875 4331 tractent,
1907 4264 2033 4334 quia

438 4371 548 4412 non
578 4366 796 4429 oportet
836 4357 1021 4429 negari
1064 4358 1394 4414 audientiam
1435 4358 1675 4431 roganti,
1703 4367 1760 4415 et
1788 4357 1880 4413 ille
1914 4357 2035 4428 epi-

437 4464 635 4521 scopus
659 4452 751 4522 qui
781 4459 875 4507 aut
894 4452 1044 4524 juste
1069 4459 1163 4507 aut
1188 4451 1389 4524 injuste
1416 4450 1598 4522 eiecit,
1628 4455 1899 4524 patienter
1937 4467 2032 4509 ac-

435 4534 626 4612 cipiat,
650 4542 741 4598 vel
780 4542 1060 4614 negotium
1104 4542 1453 4610 discutiatur,
1488 4552 1585 4599 aut
1631 4544 1891 4614 probetur
1915 4542 2035 4613 ejus

438 4640 536 4689 aut
569 4633 895 4691 emendetur
918 4633 1215 4700 sententia,
1242 4641 1348 4690 etc.

2139 3435 2493 3506 coepiscopus
2522 3444 2710 3493 noster
2736 3434 3053 3503 Faustinus,
3081 3442 3140 3490 et
3162 3433 3592 3507 eompresbyteri
3616 3431 3742 3491 Phi-

2135 3526 2316 3597 lippus
2341 3535 2398 3583 et
2417 3526 2632 3583 Asellus
2675 3542 2863 3585 secum
2916 3527 3236 3595 attulerunt,
3277 3536 3376 3587 aut
3409 3525 3615 3591 ibidem
3646 3540 3737 3583 re-

2133 3625 2290 3687 perta
2319 3633 2352 3675 a
2380 3618 2539 3675 nobis
2560 3618 2886 3686 ﬁrmabitur,
2915 3628 3013 3677 aut
3033 3619 3078 3676 si
3107 3634 3217 3677 non
3243 3618 3600 3681 inveniuntur
3627 3617 3741 3677 col-

2135 3708 2278 3767 lecta
2317 3711 2528 3782 synodo
2553 3712 2622 3768 de
2642 3712 2745 3768 hoc
2771 3712 2826 3768 in
2853 3711 3101 3784 sequenti
3136 3710 3510 3768 tractabimus.
3544 3709 3739 3771 Daniel

2134 3804 2383 3861 notarius
2410 3802 2617 3860 Nieami
2646 3803 2865 3861 concilii
2913 3802 3309 3876 professionem
3342 3803 3463 3863 ﬁdei
3497 3802 3583 3863 vel
3620 3801 3739 3874 ejus

2136 3906 2343 3954 statuta
2371 3898 2628 3955 recitavit
2654 3899 2707 3956 in
2738 3898 2972 3956 concilio
2995 3898 3273 3955 Africano.

2604 3988 2916 4061 Symbolum
2956 3990 3261 4053 Nicreuum.

2207 4078 2304 4137 ιιι.
2345 4080 2629 4138 Credimus
2662 4083 2715 4137 in
2746 4098 2913 4143 unum
2943 4083 3113 4139 Deum
3140 4082 3359 4140 Patrem
3391 4083 3738 4155 omnipoten-

2135 4181 2273 4240 tem,
2297 4174 2541 4230 omnium
2568 4174 2862 4235 visibilium
2889 4185 2947 4232 et
2975 4175 3329 4241 invisibilium
3366 4178 3731 4243 conditorem,

2137 4273 2192 4322 et
2239 4266 2296 4322 in
2343 4282 2509 4323 unum
2542 4265 2830 4327 Dominum
2869 4265 3056 4329 Iesum
3081 4267 3589 4331 Christuerilium
3614 4270 3731 4336 Dei,

2130 4364 2326 4413 natum
2370 4359 2439 4413 de
2468 4356 2630 4415 Patre
2679 4357 3053 4429 unigenitum,
3083 4359 3188 4415 hoc
3216 4369 3302 4417 est
3331 4360 3400 4421 de
3427 4361 3735 4423 substantia

2122 4447 2341 4516 Patris,
2368 4447 2539 4507 Deum
2558 4449 2627 4507 de
2650 4449 2779 4516 Deo,
2804 4449 2986 4513 lumen
3007 4450 3075 4506 de
3097 4450 3325 4519 lumine,
3348 4450 3519 4508 Deum
3544 4467 3734 4508 verum

2137 4542 2207 4600 de
2233 4542 2345 4601 Deo
2374 4558 2523 4608 vero,
2560 4550 2770 4609 natum,
2813 4558 2922 4599 non
2949 4542 3172 4613 factum,
3220 4544 3382 4603 unius
3411 4545 3733 4605 substantia:

2141 4650 2263 4691 eum
2292 4632 2457 4695 Patre
2472 4633 2640 4704 (quod
2667 4634 2846 4691 Grazci
2874 4634 3073 4693 dicunt
3093 4637 3416 4708 amica),
3442 4651 3541 4709 iter
3568 4650 3730 4707 quem

522 4722 655 4780 Vlll.
696 4724 945 4797 Cumque
991 4723 1720 4817 recitaretur,'Augustinus
1775 4727 2033 4785 Ecclesiae
2060 4714 2321 4783 Domnia
2363 4728 2507 4787 facta
2554 4737 2705 4795 sunt,
2754 4729 2872 4787 sive
2915 4742 3053 4799 qum.
3084 4728 3139 4795 in
3185 4728 3360 4794 etalio,
3390 4728 3509 4785 sive
3533 4728 3731 4798 quain

437 4816 704 4891 Hipponis
723 4818 1009 4893 chiensis
1029 4820 1241 4892 legatus
1263 4816 1557 4892 provincia:
1580 4822 1845 4880 Numidia
1867 4825 2033 4881 dixit:

436 4908 507 4965 Et
528 4912 632 4968 hoc
658 4927 757 4969 nos
783 4921 1097 4969 servaturos
1123 4913 1462 4984 profitemur,
1514 4916 1658 4972 salva
1696 4917 2035 4990 diligentiore

439 5000 798 5071 inquisitione
850 5003 1069 5060 concilii
1096 5003 1324 5061 Nicaeui.
1358 5006 1616 5064 Aurelius
1643 5009 1931 5079 episcopus
1954 5009 2036 5064 di-

438 5095 561 5150 xit:
588 5095 648 5152 Si
689 5095 796 5152 hoc
824 5097 990 5154 etiam
1033 5099 1275 5154 omnium
1303 5108 1506 5156 vestra:
1546 5100 1801 5156 eharitati
1829 5100 2032 5171 placet,

442 5184 803 5256 responsione
859 5187 1093 5244 ﬁrmate.
1148 5188 1471 5247 Universum
1517 5191 1809 5247 concilium
1862 5191 2029 5247 dixit:

442 5274 641 5335 Omnia
671 5292 792 5349 qua:
830 5278 885 5335 in
926 5279 1147 5339 Memno
1177 5283 1410 5340 concilio
1452 5291 1653 5339 statuta
1697 5293 1843 5352 sunt,
1880 5285 2036 5342 nobis

444 5365 700 5426 omnibus
721 5370 955 5441 placent.
981 5371 1258 5431 Jocundus
1288 5374 1574 5446 episcopus
1601 5376 1857 5432 Ecclesiae
1884 5375 2038 5432 Sulli-

444 5457 575 5516 tulte
600 5458 813 5533 legatus
846 5464 1139 5532 provinciae
1171 5464 1491 5522 Bisancenaa
1518 5466 1661 5521 dixit
1689 5483 1703 5520 :
1732 5466 1887 5535 Quod
1926 5458 2038 5523 sta-

448 5558 626 5609 tutum
665 5563 751 5611 est
806 5555 860 5610 in
889 5554 1109 5613 Nicaano
1157 5556 1411 5626 concilio,
1453 5553 1651 5615 violari
1692 5565 1731 5607 ἃ
1760 5566 2040 5627 quoquam

446 5644 756 5715 nullatenus
782 5656 979 5719 potest.

518 5738 612 5795 IX.
671 5739 963 5800 Faustinus
1008 5746 1298 5820 episcopus
1363 5746 1578 5820 legam
1629 5753 1869 5813 ecclesia:
1935 5755 2041 5810 lio-

449 5847 625 5889 mana!
649 5832 786 5891 dixit
810 5855 823 5892 :
843 5837 1037 5896 Adhuc
1066 5840 1373 5897 secundum
1398 5838 1793 5911 professionem
1828 5847 2031 5900 sancti-

450 5930 547 5983 tati
583 5939 775 5987 vestra:
811 5942 921 5986 tam
945 5934 1118 5991 sancti
1143 5933 1342 6006 Alippii
1371 5948 1536 6004 quam
1562 5939 1616 5986 et
1654 5929 1837 5986 fratris
1873 5928 2043 5984 n05tl'i

2140 4819 2324 4884 terris,
2354 4820 2446 4889 qui
2476 4827 2699 4890 propter
2733 4836 2834 4877 nus
2863 4820 3114 4885 homines
3143 4828 3201 4876 et
3224 4827 3445 4892 propter
3485 4829 3730 4885 nostram

2137 4912 2367 4968 salutem
2394 4912 2675 4971 descendit
2698 4923 2757 4969 et
2796 4914 3109 4973 incarnatus
3158 4920 3243 4971 est
3285 4914 3355 4973 de
3383 4912 3595 4986 Spiritu
3618 4929 3735 4979 sau-

2139 5013 2248 5069 clo,
2280 5012 2338 5061 et
2366 5004 2529 5061 homo
2568 5005 2763 5072 lactus,
2794 5020 2991 5077 passus
3015 5016 3121 5073 est.
3153 5014 3211 5069 et
3236 5006 3541 5067 recurrexit
3569 5007 3732 5073 tertia

2139 5100 2247 5165 die,
2293 5100 2538 5157 ascendit
2589 5100 2643 5159 in
2685 5100 2877 5167 ctelos,
2926 5101 3081 5159 sedet
3125 5101 3195 5158 ad
3227 5102 3506 5158 dexteram
3530 5099 3733 5164 Patris.

2138 5189 2266 5246 inde
2297 5200 2562 5247 venturus
2596 5186 2846 5259 judicare
2870 5190 3026 5248 vivos
3057 5204 3114 5248 et
3148 5199 3413 5257 mortuos,
3449 5199 3507 5249 et
3538 5192 3597 5249 iu
3623 5190 3737 5262 Spi-

2139 5279 2305 5335 ritum
2334 5287 2606 5336 sanctutn.
2646 5278 2752 5336 Eos
2784 5288 2968 5336 autem
2997 5280 3094 5352 qui
3121 5281 3330 5350 dicunt,
3366 5291 3490 5343 erat
3516 5281 3737 5353 quando

2139 5385 2250 5427 non
2279 5379 2422 5436 erat,
2450 5378 2505 5429 et
2529 5369 2845 5442 priusquam
2872 5382 3192 5431 nasceretur
3219 5388 3328 5430 non
3357 5382 3501 5441 erat,
3527 5383 3589 5435 et
3612 5373 3735 5443 quia

2139 5479 2207 5521 ex
2236 5464 2400 5523 nullis
2426 5465 2788 5527 existentibus
2816 5464 2997 5525 factus
3020 5476 3124 5534 est,
3166 5467 3251 5524 vel
3275 5465 3380 5524 alia
3410 5467 3736 5531 substantia,

2144 5556 2233 5612 vel
2290 5565 2520 5622 natura,
2550 5558 2793 5615 dicentes
2857 5558 3172 5615 mutabilem
3223 5566 3281 5616 et
3329 5558 3736 5623 convertihilem

2143 5648 2343 5706 Filium
2366 5648 2484 5716 Dei,
2508 5648 2610 5705 bos
2631 5650 3057 5706 anatitematizat
3074 5648 3344 5711 catholica
3366 5656 3423 5707 et
3442 5647 3738 5721 δροειίϋμ

2144 5739 2414 5800 Ecclesia.

2215 5832 2460 5905 aptum
2485 5834 2728 5906 Αῖείωε
2755 5838 2966 5895 omne
2994 5838 3066 5894 od
3085 5834 3427 5906 Bonifacius
3453 5848 3670 5904 ρῳ...

2219 5925 2332 5985 χιι.
2353 5930 2583 5986 Ι)οωίηο
2607 5930 2922 5988 beatissimo
2941 5941 2997 5987 et
3017 5929 3318 5989 honorabili
3338 5928 3498 5987 fratri
3514 5928 3734 5985 BONII’A‘:
