3910 6508
105 529 191 597 557
1244 532 1734 592 DECRETALIUM
1778 532 2184 595 COLLECTIO.

103 648 464 714 ctoAuusuus,
482 643 824 705 “nummus
841 646 1033 718 primae
1058 646 1204 705 sedis
1227 648 1520 722 provinciae
1546 648 1657 704 Nu-
1683 654 1736 725 Α
1759 658 1823 704 ιιι
1844 665 1909 706 ea
1932 663 2152 710 servare
2174 652 2289 709 sine
2322 651 2431 709 ulla
2459 652 2577 728 ejus
2604 655 2800 727 injuria
2845 658 3121 733 paulisper
3149 661 3356 722 sinere-

105 743 277 807 midiae,
320 748 373 796 et
405 740 584 797 caeteri
614 740 704 817 qui
739 748 1038 813 prtesentes
1072 736 1373 819 adfuimus,
1425 757 1655 799 numero

104 832 290 892 ducenti
318 833 500 891 decem
533 844 587 889 et
623 842 829 906 septem
857 848 924 890 ex
953 834 1103 911 omni
1138 835 1369 897 concilio
1397 835 1615 893 Africae.

160 925 401 995 Quoniam
421 924 535 983 Deo
557 923 775 999 placuit,
801 935 861 980 ιιι
881 924 949 999 de
971 924 1056 982 his
1077 942 1198 998 qua:
1220 928 1501 989 vobiscum
1528 942 1655 1003 ege-

102 1028 206 1076 runt
236 1017 400 1077 sancti
442 1015 640 1079 fratres
687 1017 863 1073 nostri
899 1019 1255 1099 coepiscopus
1278 1019 1570 1095 Faustinus
1599 1031 1655 1076 et

102 1116 495 1197 compresbyteri
521 1114 803 1190 Philippus
834 1116 1162 1187 etAsellus,
1218 1134 1430 1189 necnon
1482 1122 1657 1194 beatae

102 1209 341 1264 memoriae
387 1207 644 1282 episcopo
666 1208 911 1281 Zozjmo,
941 1227 969 1265 a
998 1226 1108 1283 quo
1147 1212 1215 1268 ad
1257 1228 1359 1281 nos
1400 1213 1653 1279 mandata

102 1309 144 1356 et
179 1299 373 1367 litteras
401 1300 722 1370 attulerunt,
772 1303 867 1375 sed
919 1310 1023 1373 tuae
1057 1305 1416 1381 veneraliQni,
1457 1307 1549 1378 qui
1598 1307 1653 1362 in

102 1394 197 1464 ejus
228 1392 341 1452 loco
370 1409 430 1453 es
457 1394 644 1452 divina
670 1396 1016 1473 providentia
1049 1412 1173 1455 cum
1215 1399 1293 1455 rei
1340 1397 1653 1455 christianae

103 1484 214 1543 felici
228 1496 485 1560 proventu
502 1488 853 1556 constitutus,
876 1489 1155 1551 humilitas
1177 1500 1362 1551 nostra
1388 1493 1654 1557 rescribe-

104 1588 181 1645 ret,
204 1595 263 1636 ea
285 1580 527 1639 breviter
557 1580 836 1641 insinuare
865 1583 1125 1666 debemus
1156 1600 1278 1658 quae
1299 1592 1654 1665 utrorumque

103 1672 348 1731 concordia
390 1677 692 1737 terminata
734 1683 884 1747 sunt,
911 1691 1021 1759 nou
1062 1692 1127 1737 ea
1158 1692 1280 1753 quae
1304 1677 1533 1750 prolixis
1557 1694 1651 1752 ge-

103 1772 270 1825 storum
315 1766 682 1835 voluminibus
730 1770 1104 1843 continentur,
1150 1771 1209 1833 iu
1253 1773 1453 1843 quibus
1500 1771 1652 1833 salva

101 1855 282 1925 quidem
305 1856 598 1924 charitate,
627 1874 735 1916 non
767 1869 949 1918 tamen
993 1863 1114 1919 sine
1142 1876 1313 1934 parvo
1338 1862 1653 1929 altercatio-

103 1947 170 2003 nis
203 1948 374 2008 labore
419 1952 692 2009 demorati
737 1969 946 2021 sumus,
996 1970 1059 2012 ea
1090 1958 1254 2029 gestis
1290 1957 1655 2016 deliberantes

1760 756 1901 811 mus,
1948 756 2121 819 usque
2173 744 2243 801 ad
2302 745 2712 821 inquisitionem
2763 759 3091 811 statutorum
3141 755 3357 817 Nicaeni

1758 834 2002 905 concilii,
2054 844 2111 892 et
2152 853 2297 895 nunc
2322 839 2389 896 de
2428 848 2521 896 tua
2564 842 2905 913 postulamus
2931 846 3249 919 sanctitate,
3292 856 3358 908 ut

1756 926 2211 1005 quemadmodum
2259 943 2325 987 ea
2376 932 2519 1009 apud
2566 930 2802 990 Nicaeam
2833 952 2864 991 a
2910 937 3167 1011 Patribus
3224 949 3349 999 acta

1754 1015 1839 1071 vel
1867 1018 2163 1087 constituta
2206 1027 2356 1105 sunt,
2378 1021 2462 1079 sic
2499 1036 2565 1079 ea
2593 1038 2626 1079 a
2670 1026 2826 1085 nobis
2870 1024 3039 1089 facias
3068 1031 3353 1103 custodiri,

1754 1119 1812 1168 et
1837 1112 1908 1169 ibi
1937 1117 2078 1189 apud
2108 1129 2206 1171 vos
2233 1129 2355 1187 quae
2385 1114 2441 1173 in
2470 1118 2888 1176 commonitorio
2914 1122 3240 1191 attulerunt,
3269 1121 3357 1178 fa-

1757 1206 1871 1263 cias
1893 1208 2160 1276 exerceri,
2192 1209 2246 1265 id
2270 1219 2376 1277 est,
2409 1209 2456 1265 si
2476 1210 2761 1285 episcopus
2790 1222 3078 1270 accusatus
3104 1212 3273 1272 fuerit
3290 1222 3351 1275 et

1749 1296 2120 1367 iudicaverint
2149 1303 2464 1385 congregati
2500 1303 2740 1380 episcopi
2769 1306 3009 1380 regionis
3049 1308 3258 1387 ipsius,
3297 1316 3357 1367 et

1758 1389 2191 1462 dejecerinteum
2224 1396 2290 1451 de
2326 1412 2425 1452 suo
2455 1398 2645 1471 gradu,
2672 1409 2729 1456 et
2756 1400 3057 1472 appellasse
3080 1402 3351 1483 videatur,

1757 1492 1812 1539 et
1837 1484 2142 1556 confugerit
2163 1486 2231 1541 ad
2254 1487 2634 1557 beatissimum
2663 1488 2927 1549 Romanae
2953 1492 3212 1571 Ecclesiae

1756 1588 2003 1647 scopum,
2036 1584 2092 1633 et
2113 1577 2346 1634 voluerit
2380 1580 2574 1649 audiri,
2616 1591 2672 1638 et
2703 1582 2914 1656 justum
2938 1586 3253 1665 putaverit,
3294 1577 3361 1655 ut

1757 1678 2055 1727 renovetur
2088 1685 2347 1741 examen,
2388 1674 2631 1732 scribere
2660 1674 2747 1732 his
2770 1677 3041 1750 episcopis
3071 1676 3363 1759 diligenter

1759 1762 1853 1835 qui
1884 1762 1937 1817 in
1964 1762 2193 1818 ﬁnitima
2235 1772 2292 1819 et
2324 1765 2632 1839 prepinqua
2675 1768 2958 1845 provincia
2994 1777 3140 1837 sunt,
3169 1778 3230 1835 ut
3256 1768 3362 1849 ipsi

1759 1856 2049 1931 diligenter
2092 1858 2377 1928 requirant
2417 1858 2600 1915 omnia
2641 1868 2699 1915 et
2719 1859 2877 1931 juxta
2924 1860 3087 1919 ﬁdem
3111 1861 3362 1919 veritatis

1758 1948 2056 2016 deﬁniant;
2087 1947 2229 2019 quod
2259 1950 2303 2004 si
2349 1950 2395 2005 is
2422 1951 2515 2023 qui
2543 1960 2699 2023 rogat
2723 1966 2945 2009 causam
2968 1969 3123 2010 suam
3150 1954 3355 2012 iterum

103 2051 351 2107 quguuuc
378 2040 445 2096 ad
477 2056 704 2098 causam
738 2044 1031 2116 pertinent,
1061 2060 1375 2118 quanquam
1405 2055 1461 2103 et
1487 2048 1582 2103 ille
1604 2049 1650 2105 εἰ
1682 2050 1732 2112 Β
1762 2040 1959 2108 audiri,
1998 2041 2382 2117 deprecatione
2422 2057 2519 2099 sua
2548 2045 2782 2100 moverit
2807 2046 3123 2118 episcopum
3148 2043 3363 2119 ,Βοιω-

105 2132 244 2190 adhuc
267 2144 406 2192 esset
434 2136 491 2191 in
523 2151 772 2213 corpore,
798 2140 1068 2211 acciperet
1092 2142 1303 2225 gratius
1328 2144 1475 2213 quod
1500 2142 1649 2213 vide-

102 2233 165 2280 ret
206 2228 437 2298 pacatius
486 2232 862 2313 terminatum.
915 2231 1144 2291 Domine
1179 2233 1352 2291 frater
1394 2234 1652 2307 Apiarius

103 2317 357 2390 presbyter,
381 2323 449 2379 de
474 2324 635 2394 cujus
657 2332 714 2380 et
747 2323 1095 2382 ordinatione
1129 2334 1185 2383 et
1214 2329 1652 2403 excommunica-

1754 2149 1908 2202 num,
1950 2143 2009 2189 ut
2037 2149 2067 2188 a
2092 2134 2262 2193 latere
2290 2150 2390 2193 suo
2412 2137 2795 2211 presbyterum
2821 2139 3023 2210 mittat,
3055 2140 3164 2198 erit
3188 2140 3246 2198 in
3268 2155 3364 2215 po-

1755 2233 1952 2282 testate
1975 2227 2213 2298 episcopi
2242 2227 2335 2303 qui
2364 2229 2498 2285 velit
2520 2239 2577 2286 et
2603 2231 2733 2307 quid
2774 2232 3074 2305 existimet,
3114 2242 3173 2290 et
3191 2234 3240 2291 si
3266 2234 3363 2305 de-

1752 2317 1989 2385 creverit
2010 2318 2303 2375 mittendos
2334 2334 2457 2376 esse
2484 2320 2577 2394 qui
2599 2330 2900 2394 praesentes
2938 2339 3067 2381 cum
3092 2325 3364 2405 episcopis

103 2412 232 2479 tione,
256 2432 315 2473 ac
339 2418 637 2495 vocatione
676 2420 853 2477 fuerat
879 2431 1154 2491 exortum,
1186 2440 1291 2480 non
1317 2426 1491 2482 solum
1522 2442 1649 2484 suc-

1759 2410 2014 2483 iudicent,
2040 2412 2304 2469 habentes
2331 2415 2711 2472 auctoritatem
2740 2416 2859 2490 ejus
2885 2432 2919 2474 a
2954 2432 3063 2490 quo
3101 2418 3363 2489 destinati

103 2506 238 2575 censi,
259 2522 442 2566 verum
482 2511 657 2568 etiam
690 2513 789 2569 toti
814 2513 1085 2572 Africanae
1112 2515 1356 2574 ecclesiae
1399 2533 1506 2575 non
1535 2519 1653 2577 leve

102 2600 363 2659 scandalum
386 2608 453 2661 de
476 2606 738 2663 omnibus
754 2610 1035 2667 erroribus
1061 2612 1175 2668 suis
1197 2611 1413 2668 veniam
1435 2625 1649 2685 petens,

101 2696 416 2753 communioni
457 2707 552 2753 est
580 2698 884 2769 restitutus,
910 2702 1063 2773 prior
1087 2709 1270 2760 autem
1300 2704 1654 2777 coepiscopus

101 2796 247 2845 noster
266 2788 546 2849 Siccensis
584 2792 867 2861 Urbanus,
908 2796 1055 2867 quod
1093 2797 1148 2853 in
1179 2812 1245 2854 eo
1271 2799 1651 2874 corrigendum

102 2877 239 2937 visum
277 2894 356 2941 est
395 2886 527 2943 sine
554 2884 663 2941 ulla
687 2887 1027 2957 dubitatione
1067 2891 1324 2957 correxit,
1353 2892 1480 2964 quia
1524 2908 1655 2952 vero

101 2973 193 3040 paci
216 2986 265 3031 et
287 2978 449 3048 quieti
484 2978 740 3037 ecclesiae
779 2995 890 3038 non
926 2989 1140 3039 tantum
1171 2983 1239 3055 ad
1265 2998 1526 3055 praesens,
1557 2987 1654 3043 sed

101 3062 229 3122 etiam
270 3067 319 3125 in
368 3079 659 3144 posterum
716 3073 1159 3148 prospiciendum
1206 3074 1347 3146 fuit,
1396 3077 1655 3150 quoniam

101 3156 233 3214 multa
271 3160 393 3219 talia
429 3174 867 3237 praecesserant,
896 3175 959 3222 ut
990 3167 1079 3225 vel
1103 3168 1321 3237 similia,
1365 3170 1452 3227 vel
1486 3171 1654 3228 etiam

99 3251 330 3323 graviora,
378 3258 646 3333 deinceps
707 3260 1005 3334 praecaveri
1075 3271 1353 3336 oporteret
1375 3304 1392 3335 ,
1453 3264 1658 3338 placuit

99 3344 240 3415 nobis,
272 3358 329 3406 ut
362 3352 429 3409 de
470 3351 727 3412 Siccensi
756 3354 1003 3413 Ecclesia
1048 3367 1265 3415 retento
1303 3358 1517 3417 scilicet
1557 3360 1658 3417 ho-

1752 2516 1902 2575 sunt,
1930 2507 2036 2563 erit
2066 2507 2119 2565 in
2151 2522 2250 2565 suo
2278 2508 2538 2577 arbitrio;
2562 2510 2609 2567 si
2630 2525 2762 2567 vero
2784 2511 3079 2569 crediderit
3109 2510 3365 2583 sumere

1752 2597 2058 2669 episcopos,
2082 2607 2141 2653 ut
2161 2599 2378 2672 negotio
2399 2602 2689 2658 terminum
2707 2601 3013 2676 imponant,
3027 2601 3194 2665 faciet
3213 2605 3363 2679 quod

1753 2688 2157 2760 sapientissimo
2180 2704 2280 2749 suo
2299 2691 2527 2749 consilio
2547 2692 2895 2767 iudicaverit.
2926 2693 2985 2753 Si
3013 2696 3140 2773 quis
3150 2688 3363 2773 cpiam.

1752 2796 1855 2854 pus
1879 2782 2193 2853 iracundus,
2220 2784 2367 2856 quod
2404 2799 2530 2845 esse
2549 2800 2661 2853 non
2690 2784 2873 2856 debet,
2915 2786 3027 2847 cito
3047 2798 3143 2853 aut
3166 2800 3363 2861 aspere

1753 2887 2161 2935 commoveatur
2201 2879 2465 2937 adversus
2491 2881 2875 2953 presbyterum
2925 2881 3041 2939 sive
3067 2883 3361 2942 diaconum

1753 2984 1935 3040 suum,
1966 2979 2023 3027 et
2045 2971 2416 3043 exterminare
2442 2987 2566 3030 eum
2600 2973 2665 3030 de
2690 2972 2923 3033 ecclesia
2951 2974 3208 3043 voluerit,
3233 2990 3365 3051 pro-

1752 3063 2048 3125 videndum
2069 3073 2153 3131 est
2180 3080 2252 3131 ne
2269 3066 2536 3127 innocens
2556 3064 2848 3136 damnetur
2867 3077 2965 3133 aut
2984 3069 3177 3140 perdat
3209 3082 3363 3133 eom-

1755 3159 2090 3228 munionem,
2108 3161 2309 3219 habeat
2326 3168 2653 3233 potestatem
2666 3163 2899 3237 eiectus,
2920 3162 3255 3239 utﬂuitirnos
3274 3164 3336 3239 in

1754 3253 2003 3327 terpellet
2039 3254 2345 3329 episcopos,
2386 3264 2444 3313 et
2485 3271 2650 3314 causa
2679 3254 2799 3330 ejus
2839 3256 3117 3327 audiatur,
3145 3265 3205 3315 et
3235 3254 3359 3314 dili-

1754 3351 1973 3423 gentius
1996 3360 2263 3408 tractetur
2282 3353 2427 3426 quod
2454 3368 2562 3411 non
2598 3362 2815 3426 oportet
2831 3355 2884 3411 ei
2913 3369 3118 3428 negare
3138 3353 3370 3412 audien-

98 3444 403 3516 loregradus
440 3446 539 3503 sui
568 3449 852 3521 presbyter
887 3461 1264 3508 removeretur
1290 3451 1563 3523 Apiarius,
1595 3461 1653 3508 et

1759 3445 1887 3500 tiam
1934 3445 2171 3515 roganti,
2222 3455 2279 3502 et
2321 3445 2411 3501 ille
2458 3446 2747 3519 episcopus
2792 3448 2887 3519 qui
2934 3434 3221 3533 antzjuste,
3267 3455 3369 3504 aut

98 3542 279 3606 locepto
310 3537 592 3608 epistolio,
620 3539 949 3613 ubicumque
993 3543 1120 3600 alibi
1146 3543 1311 3600 vellet
1355 3553 1411 3600 et
1446 3553 1653 3616 posset,

96 3626 367 3702 presbyterii
421 3647 663 3690 munere
708 3633 1064 3707 fungeretur,
1120 3637 1265 3709 quod
1323 3637 1501 3693 eidem
1550 3639 1657 3710 ipsi

100 3729 174 3787 per
202 3721 396 3784 litteras
418 3730 682 3801 proprias
708 3731 1011 3804 postulanti
1038 3732 1158 3795 sine
1187 3733 1503 3792 difficultate
1531 3750 1660 3794 con—

105 3814 340 3875 cessimus.
382 3819 533 3877 Sane
570 3824 889 3894 priusquam
925 3827 1044 3882 haec
1082 3841 1250 3883 causa
1283 3827 1388 3885 isto
1425 3830 1661 3889 termino

104 3903 399 3969 clauderetur
426 3915 576 3971 inter
600 3914 704 3989 alia
730 3931 852 3988 quae
877 3917 1149 3977 diuturnis
1171 3920 1663 4005 disceptationibus

104 4006 434 4095 versabamus,
454 4009 590 4082 quia
612 4010 821 4084 rogatio
842 4012 958 4084 ipsa
983 4015 1270 4095 poscebat,
1293 4024 1353 4071 ut
1373 4016 1515 4095 apud
1542 4024 1665 4075 acta

103 4094 426 4159 ecclesiastica
455 4118 491 4160 a
521 4103 728 4167 nostris
757 4104 1017 4163 fratribus
1045 4105 1304 4164 Faustino
1340 4094 1663 4182 coepiscopo

105 4194 146 4240 et
157 4186 373 4268 Philippo
395 4206 565 4269 atque
583 4197 784 4266 Asello,
801 4184 1259 4275 compresbyteris
1272 4216 1664 4272 quaereremus,

105 4287 459 4373 mpromerent
483 4290 755 4373 quidquid
796 4291 879 4349 eis
905 4293 1187 4350 nobiscum
1233 4294 1503 4373 agendum
1530 4295 1666 4353 fuis-

50 4404 54 4411 ι
106 4374 169 4422 εει
202 4372 525 4447 iniunctum,
574 4372 834 4438 nonnulla
879 4383 1100 4456 quidem
1149 4384 1267 4441 sine
1306 4385 1416 4442 ullo
1459 4387 1664 4459 scripto

104 4469 333 4528 prosecuti
361 4479 492 4526 sunt
530 4473 729 4538 verbis,
764 4476 861 4530 sed
887 4490 1011 4531 cum
1056 4476 1108 4532 id
1158 4478 1338 4548 potius
1385 4476 1662 4552 ﬂagitare-

106 4563 201 4608 mus
215 4559 345 4627 quod
367 4562 422 4617 in
446 4562 652 4620 litteris
676 4562 884 4622 ferrent
903 4569 1403 4638 commonitorium,
1425 4572 1664 4645 protule-

107 4654 224 4713 runt,
247 4653 382 4720 quod
415 4655 705 4711 recitatum
742 4657 901 4714 nobis
935 4660 1099 4716 etiam
1135 4663 1303 4734 gestis
1330 4680 1450 4734 quas
1476 4680 1659 4723 secum

108 4735 159 4788 ad
172 4751 253 4795 vos
273 4741 579 4815 deferrent,
603 4756 689 4806 est
723 4750 1045 4824 allegatum,
1086 4755 1141 4811 in
1175 4771 1283 4827 quo
1323 4758 1404 4815 eis
1430 4768 1663 4831 quatuor

1758 3535 1957 3608 injuste
1984 3537 2195 3609 reiecit,
2221 3540 2491 3613 patienter
2516 3541 2750 3614 accipiat
2772 3541 3074 3614 negotium,
3106 3550 3166 3598 ut
3184 3541 3363 3600 discu-

1758 3632 1949 3700 tiatur,
1993 3640 2087 3689 aut
2110 3633 2373 3705 probetur
2409 3634 2529 3706 ejus
2571 3643 2668 3690 aut
2708 3636 3036 3695 emendetur
3071 3633 3364 3692 sententia.

1760 3723 1888 3784 Haec
1915 3726 2106 3798 utique
2132 3725 2201 3782 ad
2235 3726 2528 3787 adventum
2563 3726 2975 3785 verissimorum
3002 3725 3368 3809 exemplario-

1761 3831 1882 3878 rum
1933 3819 2136 3878 Νιοωηὶ
2190 3819 2409 3895 concilii
2458 3821 2662 3878 inserta
2700 3822 2869 3892 gestis
2916 3806 3085 3891 sunt,
3118 3806 3239 3891 quae
3261 3820 3367 3877 sibi

1762 3912 2219 3987 quemadmodum
2242 3914 2361 3988 ipso
2382 3913 2526 3987 quod
2546 3913 2689 3986 apud
2716 3928 2819 3971 nos
2836 3912 3037 3971 fratres
3060 3927 3129 3971 ex
3153 3918 3369 3989 aposto-

1765 4003 1869 4060 lica
1898 4005 2025 4062 sede
2071 4005 2265 4063 directi
2310 4005 2680 4080 allegaverunt
2728 4004 3154 4062 commonitorio
3194 4001 3369 4057 conti-

1765 4105 2027 4152 nerentur
2064 4098 2133 4153 de
2173 4111 2364 4155 eorum
2410 4097 2625 4166 ordine,
2667 4096 2754 4153 vel
2796 4097 2939 4168 apud
2977 4111 3073 4153 vos
3113 4095 3170 4153 in
3217 4092 3369 4150 [talia

1766 4190 2191 4261 custodirentur,
2214 4191 2361 4248 nullo
2392 4193 2553 4249 modo
2598 4207 2699 4249 nos
2730 4191 2860 4247 talia
2897 4189 3080 4262 qualia
3125 4202 3370 4245 comme-

1765 4296 1984 4343 morare
2020 4285 2134 4355 jam
2176 4286 2463 4354 volumus,
2503 4285 2589 4343 vel
2621 4286 3229 4366 tolerare'cogeremur,
3279 4280 3366 4338 vei

1764 4380 2125 4439 intolerabilia
2180 4388 2516 4449 pateremur,
2576 4380 2672 4434 sed
2722 4378 3017 4443 credimus,
3075 4374 3369 4447 adiuvante

1762 4473 2135 4529 misericordia
2167 4471 2379 4526 Domini
2420 4471 2515 4526 Dei
2551 4473 2745 4536 nostri,
2785 4472 2928 4544 quod
2957 4481 3051 4526 tua
3078 4469 3371 4533 sanctitate

1764 4566 2023 4625 Romana:
2051 4565 2307 4621 Ecclesiae
2330 4564 2644 4636 praesidenti
2674 4580 2780 4620 non
2812 4579 3022 4633 sumus,
3053 4561 3169 4634 jam
3197 4564 3365 4619 istum

1763 4665 1951 4732 typum
1975 4659 2212 4730 passuri,
2243 4666 2299 4714 et
2330 4658 2699 4713 servabuntur
2725 4671 2857 4729 erga
2901 4673 3000 4713 nos
3028 4671 3094 4714 ea
3126 4669 3246 4726 quae
3268 4667 3366 4709 no-

1762 4752 1849 4809 bis
1878 4752 2045 4807 etiam
2094 4767 2198 4807 non
2246 4749 2639 4807 disserentibus
2680 4749 2939 4805 custodiri
2972 4749 3207 4804 debeant
3240 4760 3365 4813 cum

110 4834 315 4895 quaedam
361 4840 642 4897 nobiscum
678 4846 916 4915 gerenda
979 4848 1236 4906 mandata
1277 4859 1439 4919 sum,
1495 4869 1661 4913 unum
1688 4831 1741 4893 D
1768 4844 2005 4899 fraterna
2028 4843 2302 4900 charitate
2337 4858 2459 4917 quae
2506 4840 2803 4897 secundum
2849 4838 3173 4910 sapientiam
3200 4845 3257 4891 et
3279 4835 3372 4907 ju-

110 4917 160 5010 (ιβ
190 4928 623 4999 appellationibus
665 4937 1041 5010 episcOporum
1079 4942 1145 4998 ad
1186 4917 1444 5001 Romanae
1489 4943 1661 5001 eccle-

110 5009 182 5109 ξίεε
205 5024 553 5081 sacerdotem.
584 5026 830 5084 Alterum
854 5009 945 5087 ine
977 5034 1042 5088 ad
1069 5034 1386 5090 comitatum
1425 5037 1663 5109 episcopi

114 5098 375 5202 importune
400 5118 679 5191 navigent.
730 5118 976 5177 Tertium
1007 5123 1075 5179 de
1110 5127 1411 5182 tractandis
1433 5098 1661 5202 presby-

113 5198 313 5259 lerorum
331 5216 387 5262 et
408 5208 759 5266 diaconorum
792 5214 973 5270 causis
997 5214 1138 5286 apud
1170 5198 1664 5292 finitimosepisco-

286 5310 315 5350 a
338 5298 452 5355 suis
491 5305 949 5361 excommunicati
994 5304 1186 5365 leviter
1212 5310 1298 5365 vel
1323 5311 1666 5384 culpabiliter

112 5373 295 5442 fuerint.
344 5388 607 5460 Quartum
656 5396 725 5452 de
760 5395 979 5455 Urbano
1006 5400 1261 5474 episeopo
1294 5388 1666 5462 excommuni-

113 5473 272 5568 eando,
308 5482 395 5539 vel
431 5487 594 5542 etiam
618 5487 849 5546 Romam
880 5494 1178 5561 evocando,
1197 5473 1314 5551 nisi
1342 5509 1407 5552 ea
1435 5510 1555 5568 quae
1582 5497 1666 5553 vi-

115 5560 342 5667 debantur
367 5582 712 5656 corrigenda,
736 5585 1058 5667 corrigeret,
1078 5602 1312 5667 quorum
1334 5591 1578 5651 omnium
1600 5591 1668 5651 de

116 5660 257 5761 primo
280 5678 334 5726 et
375 5675 554 5745 tertio,
589 5677 644 5733 id
685 5687 790 5746 est,
839 5660 904 5736 ut.
930 5662 1162 5761 gemam
1204 5682 1369 5741 liceat
1393 5685 1667 5757 episcopis

116 5759 393 5831 llm’ocare,
442 5775 492 5823 et
531 5776 593 5824 ut
617 5756 1217 5847 clericorumquerelze
1261 5775 1405 5846 apud
1441 5756 1664 5832 suarum

117 5847 475 5939 Provinciamm
501 5861 784 5934 episcopos
804 5848 1067 5921 ﬁniantur
1087 5907 1106 5936 ,
1146 5864 1260 5939 jam
1287 5850 1472 5939 priore
1519 5881 1665 5926 anno

117 5932 250 6033 εξίειιι
276 5940 469 6005 litteris
497 5932 704 6012 uestris
729 5955 797 6012 ad
824 5957 1078 6014 eumdem
1108 5958 1433 6016 venerabilis
1459 5976 1669 6018 memo-

120 6030 469 6098 ﬂeZosimum
497 6048 807 6122 episcopum
833 6052 972 6110 datis
1011 6052 1290 6111 insinuare
1327 6057 1663 6123 curavimus,

1764 4936 1969 4991 stitiam
1991 4951 2154 5009 quam
2188 4936 2283 4991 tibi
2315 4934 2538 4990 donavit
2557 4932 2894 4999 Altissimus,
2921 4930 3086 4988 etiam
3107 4928 3223 5003 ipse
3242 4942 3367 4999 per-

1764 5033 1929 5103 spicis
1956 5047 2077 5088 esse
2123 5031 2412 5099 servanda,
2454 5032 2501 5087 si
2534 5030 2673 5088 forte
2708 5030 2867 5085 aliter
2903 5029 3105 5084 habent
3128 5042 3369 5084 canones

1766 5122 1971 5180 Nicaini
1997 5125 2229 5181 concilii.
2267 5123 2528 5194 Quamvis
2569 5124 2712 5179 enim
2751 5121 3013 5194 plurimos
3041 5121 3260 5178 codices
3291 5119 3369 5175 le-

1767 5214 2031 5285 gerimus,
2059 5214 2153 5271 sed
2184 5230 2452 5287 nusquam
2482 5215 2535 5271 in
2565 5211 2787 5271 Nicaeno
2812 5212 3044 5269 concilio
3070 5211 3280 5267 Latinis
3310 5211 3368 5267 in

1767 5311 2045 5368 codicibus
2096 5309 2366 5384 legimus,
2426 5311 2886 5383 quemadmodum
2937 5311 2990 5366 in
3053 5309 3369 5382 supradicto

1765 5402 2181 5475 commonitorio
2206 5401 2341 5457 mihi
2388 5402 2593 5459 directa
2633 5409 2781 5469 sunt,
2808 5416 2872 5457 ea
2903 5412 3083 5458 tamen
3112 5402 3237 5474 quia
3278 5398 3368 5457 hic

1767 5496 1822 5552 in
1850 5495 1995 5552 nullo
2021 5496 2212 5555 Graeco
2238 5497 2427 5561 codice
2462 5496 2739 5568 potuimus
2770 5497 3039 5565 invenire,
3084 5513 3155 5556 ex
3180 5495 3361 5553 orien-

1770 5589 1967 5651 talibus
2022 5590 2284 5649 Ecclesiis
2339 5589 2433 5647 ubi
2492 5590 2848 5662 perhibentur
2899 5594 3089 5655 eadem
3147 5590 3368 5647 decreta

1766 5694 1927 5749 posse
1958 5681 2123 5737 etiam
2163 5679 2475 5737 authentica
2501 5682 2730 5752 reperiri
2770 5684 2944 5756 magis
2970 5682 3126 5741 nobis
3148 5679 3367 5739 deside-

1769 5790 1955 5830 ramus
2001 5773 2205 5839 allerri,
2248 5756 2348 5844 pro
2378 5790 2484 5846 qua
2533 5791 2591 5833 re
2630 5783 2777 5832 tuam
2807 5790 3024 5847 quoque
3062 5772 3369 5831 veneratio—

1768 5882 1892 5924 nem
1923 5867 2298 5936 obsecramus,
2328 5874 2393 5923 ut
2419 5867 2667 5926 scribere
2696 5869 2861 5927 etiam
2885 5868 3000 5939 ipse
3033 5864 3274 5940 digneris
3300 5865 3371 5922 ad

1768 5961 1984 6020 illarum
2005 5961 2242 6035 partium
2283 5965 2621 6035 sacerdotes,
2656 5965 2761 6020 hoc
2783 5971 2867 6020 est
2897 5961 3152 6021 Ecclesiae
3179 5960 3373 6020 Antio—

1767 6057 1973 6119 chenac,
2008 6056 2406 6124 Alexandrinae,
2437 6056 3062 6125 Constantinopolitame,
3090 6065 3143 6111 et
3169 6054 3212 6111 si
3246 6052 3369 6109 aliis
