3910 6480
553 472 661 532 359
694 522 709 539 ,ι

1359 464 1652 524 APPEND.
1680 466 1773 523 AD
1804 463 1978 523 SJEC.
2012 465 2108 521 IX.
2157 496 2226 507 —
2264 466 2515 526 lSlDORl
2548 468 2992 528 MERCATORIS

3709 473 3788 533 360

551 556 714 644 etiam
746 582 1013 655 placuerit
1042 587 1148 636 tute
1182 580 1478 647 sanctitati,
1511 588 1569 635 ut
1598 580 1723 635 inde
1748 554 1816 635 ad
1844 594 1941 636 nos
1978 579 2136 633 iidem
2167 586 2218 648 Α
2243 584 2471 654 perfrui,
2498 584 2710 640 Domini
2739 583 3036 640 beatissimi
3062 582 3277 640 fratres.
3300 582 3597 656 Scripsistis
3615 599 3727 644 sane
3744 601 3789 645 ut

553 668 790 737 canones
818 676 975 747 apud
1015 675 1250 730 Nicaeam
1292 674 1567 729 civitatem
1597 690 1627 727 a
1664 674 1912 744 patribus
1943 674 2145 729 consti-

552 770 655 826 tuti
694 768 936 831 veniant,
991 775 1042 821 te
1075 765 1415 836 potissimum
1460 765 1563 819 hoc
1589 763 1911 820 beneﬁcium
1940 764 2148 819 cunctis

549 845 977 920 occidentalibus
1024 859 1281 914 Ecclesiis
1328 860 1379 913 in
1408 858 1621 913 Domini
1670 856 2153 928 adiutorio’confe-

548 952 725 1012 rente.
774 953 907 1022 Quis
931 954 1076 1009 enim
1106 952 1315 1007 dubitet
1340 949 1669 1021 exemplaria
1703 963 1826 1005 esse
1862 949 2147 1004 verissima

546 1046 765 1104 concilii
797 1046 851 1101 in
894 1044 1103 1101 Graecia
1135 1042 1366 1099 Nicaenae
1391 1043 1584 1115 synodi
1613 1050 1973 1114 congregatae,
2027 1057 2148 1112 qua:

546 1138 751 1195 tam‘de
775 1138 1006 1195 diversis
1021 1136 1155 1193 locis
1184 1144 1242 1192 et
1261 1137 1328 1191 de
1358 1134 1630 1191 nobilibus
1653 1133 1860 1191 Graecis
1885 1133 2146 1190 Ecclesiis

545 1233 712 1288 allata
738 1242 795 1291 et
830 1228 1155 1303 comparata
1200 1230 1767 1319 concordanti‘Quod
1804 1230 1974 1285 donec
2027 1227 2143 1295 ﬁat,

547 1326 666 1381 haec
698 1320 821 1396 qua:
849 1325 907 1379 in
930 1325 1347 1381 eommonitorio
1377 1323 1689 1394 supradicto
1728 1322 1887 1378 nobis
1913 1320 2145 1392 allegata

546 1425 674 1473 sunt
697 1417 764 1473 de
788 1415 1237 1491 appellationibus
1262 1415 1642 1486 episcoporum
1665 1416 1734 1470 ad
1759 1413 2019 1470 Romanae
2048 1414 2149 1467 Ec-

503 1511 510 1519 '
545 1507 726 1563 clesiae
755 1493 1095 1562 sacerdotem
1119 1513 1176 1561 et
1198 1507 1266 1561 de
1297 1505 1619 1575 clericorum
1648 1507 1825 1561 causis
1856 1505 1995 1574 apud
2017 1519 2144 1560 sua-

542 1613 668 1653 rum
701 1597 1108 1670 provinciarum
1138 1597 1421 1668 episcopos
1451 1598 1808 1653 terminandis
1834 1614 1933 1652 nos
1956 1596 2145 1666 utique

544 1688 611 1744 ad
638 1689 1016 1761 probationem
1070 1698 1384 1745 servaturos
1421 1704 1541 1746 esse
1582 1690 1921 1761 proﬁtemur,
1963 1688 2141 1744 beati-
2174 1688 2179 1696 '

541 1783 788 1837 tudinem
813 1791 961 1837 tuam
1008 1783 1075 1837 ad
1103 1784 1205 1837 hoc
1231 1797 1331 1837 nos
1380 1781 1686 1851 adiuturam
1728 1784 1781 1837 in
1810 1782 1906 1837 Dei
1945 1774 2175 1837 volun?

540 1878 1003 1935 tate.conﬁdimus
1028 1895 1043 1943 ;
1103 1866 1301 1934 caetera
1350 1862 1479 1933 vero
1499 1892 1621 1948 quae
1646 1878 1699 1931 in
1720 1886 1909 1932 nostra
1934 1876 2140 1947 synodo

538 1977 693 2038 gesta
727 1968 815 2024 vel
860 1969 1076 2023 ﬁrmata
1117 1977 1264 2034 sunt,
1317 1968 1574 2038 quoniam
1602 1968 1897 2037 supradicti
1943 1966 2142 2023 fratres
2168 1955 2218 2016 Β

540 2061 738 2129 nostri,
772 2061 1063 2117 Faustinus
1092 2062 1477 2130 coepiscopus,
1526 2059 1804 2130 Philippus
1848 2066 1903 2114 et
1928 2059 2141 2113 Asellus

537 2142 844 2224 presbyteri
870 2168 1053 2209 secum
1087 2153 1290 2218 ferunt,
1316 2152 1361 2207 si
1403 2153 1653 2223 dignatus
1681 2150 1850 2207 fueris
1881 2158 1986 2205 tua:
2014 2159 2141 2206 nota

538 2243 747 2299 faciant
777 2232 1073 2301 sanctitati.
1119 2244 1188 2298 Et
1215 2243 1319 2297 alia
1366 2259 1550 2309 manu,
1579 2242 1841 2299 Dominus
1872 2251 2062 2300 noster
2088 2249 2141 2298 te

537 2338 699 2393 nobis
749 2338 909 2394 annis
953 2320 1203 2409 plurimis
1258 2337 1907 2409 custodiat,_beatissime
1947 2336 2137 2392 frater.

536 2429 734 2484 Amen.
758 2429 1077 2507 .‘Aurelius'
1108 2428 1787 2507 episcopus'Cartbaginis
1812 2471 1827 2495 ,
1872 2429 2139 2501 Alippius,

537 2521 894 2594 Augustinus,
925 2522 1222 2597 Possidius,
1269 2521 1527 2587 Marinus,
1560 2522 1745 2578 caeteri
1778 2522 2016 2594 episcOpi
2043 2522 2140 2577 du-

538 2612 684 2667 centi
715 2604 1125 2683 quatudrdecim
1153 2612 1618 2683 subscripserunt.

539 2700 676 2777 XIII.
698 2704 966 2777 Incipiunt
979 2704 1237 2775 rescripta
1249 2704 1317 2777 ad
1332 2703 1615 2777 concilium
1628 2703 1942 2777 Africanum
1956 2702 2143 2777 Cyrilli

609 2773 961 2831 Alexandrini
976 2773 1226 2845 episcopi,
1253 2776 1342 2829 ubi
1367 2776 1669 2845 afutlicntica
1694 2773 1904 2830 Nicwni
1932 2773 2141 2829 concilii

610 2846 874 2901 translata
911 2847 975 2900 de
1006 2843 1200 2901 ‘erco
1247 2861 1345 2916 per,
1379 2844 1748 2899 Innocentium
1784 2847 2140 2916 presbyterum

613 2917 925 2980 transmisit,
948 2933 1065 2987 qua:
1090 2926 1138 2971 et
1161 2915 1397 2987 epistola;
1418 2932 1537 2969 cum
1558 2915 2025 2971 concilioNica'no
2051 2924 2143 2987 pct‘

610 2984 1335 3058 memoratumpresbyterum
1366 2984 1735 3041 Innocentium
1756 2997 1803 3041 et
1828 2984 2141 3041 Marcellum

614 3056 1002 3113 subdiaconum
1016 3056 1269 3112 Ecclesia:
1282 3056 1710 3128 Carthaginensis
1723 3058 2140 3128 sanctolionifa-

611 3131 693 3200 cio
742 3128 980 3200 episcopo
1009 3128 1262 3200 Romanis
1287 3118 1561 3195 Ecclesiae,
1598 3128 1684 3183 die
1729 3140 1876 3184 sexta
1907 3118 2140 3185 Kalend.
2176 3178 2181 3183 .

588 3197 1049 3263 nummum
1067 3197 1287 3254 directa.

578 3356 583 3359 _
611 3290 858 3347 Dominis
889 3290 1302 3347 honorabilibus
1335 3290 1540 3347 sanctis
1568 3290 1829 3349 fratribus
1871 3301 1927 3349 et
1958 3294 2143 3366 coepi-

538 3383 721 3453 scopis
747 3382 994 3439 Aunnuo
1016 3392 1071 3439 et
1094 3383 1523 3449 VALENTINIANO,
1558 3383 1653 3440 sed
1678 3392 1735 3439 et
1763 3385 1911 3441 omni
1943 3394 2147 3443 sanctae

538 3462 946 3549 congregationi
994 3476 1050 3531 in
1081 3476 1499 3549 Carthaginensi
1551 3479 1758 3550 synodo
1803 3489 2147 3553 congregatae

538 3572 807 3630 CYRILLUS
834 3572 1077 3627 salutans
1100 3572 1155 3626 in
1184 3573 1415 3629 Domino
1439 3573 1766 3629 charitatem
1794 3583 2060 3629 vestram.

611 3664 830 3735 Scripta
856 3664 1225 3719 venerationis
1246 3674 1444 3721 vestrae
1471 3664 1697 3720 multam
1732 3666 1987 3720 habentia
2012 3681 2146 3736 que-

536 3750 828 3807 rimoniam
850 3766 973 3807 cum
1003 3751 1149 3806 omni
1176 3750 1363 3806 laetitia
1389 3767 1485 3822 per
1514 3751 1682 3808 ﬁlium
1712 3761 1958 3808 nostrum
1986 3752 2147 3810 Inno-

544 3845 786 3899 centium
828 3837 1209 3915 presbyterum
1242 3845 1475 3914 suscepi,
1527 3845 1722 3915 quibus
1761 3861 1793 3900 a
1831 3845 1990 3901 nobis
2018 3860 2143 3916 spe-

537 3935 699 4002 ratis,
727 3944 787 3990 ut
806 3935 871 3990 de
893 3935 1096 3991 scrinio
1126 3930 1326 3991 noStraa
1358 3935 1614 3993 Ecclesiae
1649 3937 1933 3994 verissima
1961 3954 2146 3994 exem-

536 4026 713 4097 plaria
741 4041 808 4082 ex
840 4026 1155 4082 authentica
1200 4028 1406 4099 synodo
1437 4029 1577 4100 apud
1607 4028 1839 4084 Nicaeam
1869 4031 2142 4086 civitatem

540 4118 887 4191 metropolim
924 4118 1195 4191 Bithyniae
1241 4134 1271 4173 a
1320 4120 1524 4176 sanctis
1568 4121 1813 4191 patribus
1848 4123 2143 4179 constituta

541 4220 705 4282 atque
763 4212 977 4267 ﬁrmata
1024 4213 1124 4267 sub
1154 4219 1357 4268 nostrae
1404 4213 1527 4269 ﬁdei
1579 4212 1917 4284 professione
1946 4225 2143 4272 vestrae

540 4306 817 4362 dilectioni
838 4306 1175 4377 dirigamus;
1223 4306 1390 4390 unde,
1433 4307 1636 4363 domini
1672 4308 2015 4366 honorabiles
2034 4309 2144 4365 fra-

541 4411 675 4468 tres,
708 4401 883 4457 salute
922 4410 1221 4473 praeeunte,
1262 4415 1485 4458 necesse
1513 4401 1678 4458 habui
1708 4417 1807 4472 per
1832 4403 2028 4458 harum
2056 4404 2139 4458 la-

537 4503 717 4563 torem
774 4492 944 4549 ﬁlium
996 4502 1244 4550 nostrum
1310 4495 1687 4551 Innocentium
1757 4497 2141 4569 presbyterum

536 4585 858 4642 ﬁdelissima
905 4586 1238 4657 exemplaria
1268 4602 1336 4641 ex
1376 4588 1687 4644 authentica
1730 4593 1936 4661 synodo
1970 4591 2025 4646 in
2050 4591 2141 4647 Ni-

2249 675 2566 733 verissimos
2592 691 2827 732 canones
2870 676 3010 747 apud
3058 674 3291 731 Nicaeam
3334 677 3601 733 civitatem
3631 689 3790 737 metro-

2182 836 2187 855 )
2250 766 2410 837 polim
2436 767 2700 839 Bithyniae
2729 783 2760 822 a
2797 766 3050 824 Patribus
3073 770 3422 842 constitutos,
3451 771 3547 826 sub
3575 771 3787 841 astipula-

2249 859 2395 914 tione
2421 857 2673 931 dirigam.
2714 859 2781 914 Et
2809 860 2932 930 quis
2960 866 3043 916 est
3068 861 3160 932 qui
3201 876 3540 917 communem
3563 861 3705 917 ﬁdem
3725 864 3788 919 vel

2249 960 2453 1009 statuta
2501 969 2531 1006 a
2560 952 2815 1009 Patribus
2857 953 3070 1009 ﬁrmata
3125 954 3239 1010 suis
3269 953 3524 1010 fratribus
3563 955 3790 1027 deneget?

2247 1045 2365 1115 Qua
2392 1046 2460 1101 de
2484 1061 2545 1102 re
2568 1060 2666 1118 per
2689 1046 2940 1103 eumdem
2969 1046 3140 1103 ﬁlium
3172 1062 3352 1104 meum
3382 1046 3673 1103 Marcellum
3693 1049 3789 1104 sub-

2247 1136 2534 1193 diaconum
2562 1146 2809 1193 nostrum
2858 1138 3084 1193 nimium
3131 1137 3503 1205 festinantem,
3544 1140 3687 1195 sicuti
3705 1152 3789 1195 sta-

2247 1231 2350 1286 tuti
2380 1238 2508 1286 sunt
2549 1231 2605 1286 in
2634 1230 2816 1287 Nicaea
2843 1232 3064 1287 civitate
3093 1246 3125 1286 a
3167 1230 3441 1298 Patribus,
3488 1245 3702 1287 canones
3725 1232 3788 1287 in-

2248 1330 2431 1392 tegros
2458 1322 2540 1393 (ut
2562 1321 2827 1395 iussistis)
2863 1322 3059 1389 direxi,
3090 1331 3283 1395 petens
3310 1330 3371 1378 ut
3416 1338 3514 1394 pro
3538 1339 3620 1379 me
3651 1323 3788 1393 pluri-

2246 1428 2396 1469 mum
2441 1421 2622 1470 vestra
2672 1421 2865 1469 sancta
2916 1415 3263 1485 congregatio
3312 1429 3471 1471 orare
3509 1412 3694 1484 iubeat.
3741 1414 3790 1469 Et

2247 1502 2353 1558 alia
2384 1519 2572 1572 manu,
2620 1504 2879 1561 Dominus
2908 1514 3095 1561 noster
3119 1506 3464 1562 sanctitatem
3491 1517 3701 1563 vestram
3719 1521 3788 1562 cu-

2249 1594 2473 1660 stodiat,
2501 1595 2646 1665 quod
2672 1602 2943 1665 optamus,
2975 1597 3301 1653 sanctissimi
3328 1596 3545 1653 fratres.

2246 1685 2513 1767 Incipiunt
2533 1687 2871 1767 exemplaria_
2884 1684 3101 1767 Nicazni
3122 1689 3336 1767 concilii
3372 1689 3428 1743 di
3434 1699 3575 1767 recta
3586 1690 3785 1767 Africano

2317 1756 2537 1839 concilio
2553 1775 2584 1811 a
2599 1756 2897 1838 memoratis
2918 1759 3249 1841 ponti/icilius
3264 1756 3787 1841 post-consulatnm‘glc:

2315 1830 2725 1953 νιξιὶῗεεὶιᾶιδῗὶᾳῖι
2747 1830 3154 1955 ἱωέῗναῗνῖηιᾶ
3165 1830 3541 1956 ΗὸηοτὶἱὺΧΙ,
3564 1830 3785 1886 Theodosii

2457 1915 2516 1953 co
2640 1915 2660 1954 ι
2694 1915 2828 1953 usse
2888 1916 2919 1954 ο
2999 1918 3116 1956 αεη
3160 1941 3174 1956 .
3248 1917 3386 1957 eccm
3426 1918 3512 1957 rts.

2889 1992 3203 2049 SYIIBOLUI.

2320 2084 2606 2142 Credimus
2631 2084 2688 2139 in
2730 2100 2895 2140 unum
2925 2086 3092 2141 Deum
3123 2086 3345 2142 Patrem
3398 2086 3783 2159 omnipotentem,

2244 2177 2540 2235 visibilium
2558 2192 2767 2234 necnon
2796 2177 3500 2236 invisibilinm'conditorem
3511 2222 3525 2246 ,
3539 2191 3589 2235 et
3602 2182 3647 2235 in
3662 2195 3786 2235 unum

2182 2322 2187 2331 .
2245 2272 2533 2329 Dominum
2560 2280 2806 2328 nostrum
2834 2271 3021 2328 .lesum
3047 2272 3325 2330 Christum
3369 2273 3558 2330 Filium
3584 2273 3693 2338 Dei,
3712 2289 3784 2327 na-

2245 2371 2363 2420 tum
2382 2381 2451 2422 ex
2474 2364 2660 2426 Patre.
2692 2366 3053 2437 unigenitum,
3077 2367 3182 2422 hoc
3205 2375 3291 2423 est
3319 2383 3388 2423 ex
3418 2367 3695 2424 substantia
3715 2364 3787 2418 Pa-

2246 2460 2369 2526 tris,
2395 2459 2566 2515 Deum
2596 2477 2663 2517 ex
2690 2461 2822 2526 Deo,
2880 2460 3062 2517 lumen
3091 2476 3158 2517 ex
3206 2462 3435 2529 lumine,
3465 2463 3621 2519 Deum
3645 2474 3787 2515 verum

2246 2567 2316 2607 ex
2348 2552 2462 2609 Deo
2510 2568 2663 2621 vero,
2714 2562 2922 2621 natum,
2979 2570 3084 2609 non
3115 2563 3387 2622 creatum,
3439 2554 3662 2625 eiusdem
3696 2566 3786 2607 cum

2244 2648 2408 2706 Patre
2455 2649 2790 2717 substantiae,
2843 2665 2943 2722 per
2970 2665 3132 2722 quem
3163 2653 3348 2708 omnia
3383 2652 3520 2709 facta
3548 2660 3676 2717 sunt,
3702 2662 3783 2706 c02-

2247 2739 2405 2797 lestia
2434 2751 2489 2797 et
2519 2751 2755 2797 terrena.
2811 2740 2916 2810 Qui
2957 2751 3184 2814 propter
3213 2759 3316 2800 nos
3348 2745 3586 2800 homines
3609 2753 3656 2798 et
3691 2755 3786 2814 pros

2245 2840 2369 2903 pter
2394 2842 2639 2890 nostram
2689 2833 2924 2895 salutem
2950 2834 3247 2903 descendit,
3278 2845 3339 2891 et
3383 2837 3672 2892 incarnatus
3709 2842 3784 2895 est,

2248 2934 2303 2983 et
2345 2929 2509 2983 homo
2540 2928 2736 2995 factus,
2783 2942 2981 2999 passus
3008 2936 3110 2994 est,
3142 2937 3198 2984 et
3226 2928 3525 3006 resurrexit
3552 2927 3686 2983 tertia
3707 2924 3784 2979 die.

2246 3022 2506 3077 Ascendit
2532 3022 2588 3078 in
2614 3022 2835 3089 coelum,
2884 3031 3151 3079 venturus
3183 3023 3316 3079 inde
3339 3022 3579 3095 iudicare
3603 3021 3729 3076 vivos
3747 3026 3787 3073 et

2247 3123 2514 3182 mortuos,
2543 3125 2597 3171 et
2622 3116 2677 3171 in
2724 3114 2989 3187 Spiritum
3031 3123 3309 3173 sanctum.
3363 3117 3468 3175 Eos
3495 3130 3614 3173 vero
3634 3112 3709 3184 qui
3727 3110 3785 3165 di-

2172 3268 2179 3279 Α
2248 3218 2400 3276 cunt,
2424 3216 2543 3266 erat
2568 3216 2782 3281 tempus
2805 3201 3024 3283 quando
3045 3225 3155 3266 non
3185 3219 3331 3279 erat,
3359 3219 3413 3266 et
3433 3210 3555 3281 quia
3579 3223 3639 3266 ex
3657 3201 3783 3262 nihilo

2173 3333 2219 3397 ο
2248 3300 2443 3369 factus,
2479 3299 2566 3356 vel
2595 3316 2662 3356 ex
2692 3301 2798 3356 alia
2846 3302 3150 3359 substantia
3176 3302 3261 3357 vel
3292 3303 3527 3359 essentia
3565 3313 3685 3364 esse,
3719 3300 3785 3349 aui

2250 3393 2589 3461 mutabilem,
2642 3402 2736 3448 aut
2784 3394 3193 3452 convertibilem
3245 3393 3446 3451 Filium
3498 3393 3585 3448 Dei
3624 3391 3782 3451 dicunt,

2248 3486 2676 3541 anathematizat
2701 3484 2968 3542 catholica
3002 3494 3056 3541 et
3087 3486 3388 3558 apostolica
3419 3483 3660 3541 Ecclesia.

2318 3576 2455 3632 Huic
2483 3576 2731 3649 symbolo
2759 3577 2884 3633 fidei
2927 3578 3092 3633 etiam
3137 3578 3473 3649 exemplaria
3515 3581 3783 3633 statutorum

2247 3666 2486 3737 eiusdem
2531 3668 2746 3724 concilii
2795 3668 2998 3725 Nicaeni
3044 3685 3258 3726 annexa
3286 3681 3414 3726 sunt
3463 3671 3526 3726 de
3550 3668 3710 3724 Gra’co
3743 3663 3781 3716 in

2246 3759 2496 3816 Latinum
2526 3761 2792 3818 translata
2820 3778 2852 3818 a
2878 3762 3101 3820 Teilone
3122 3773 3177 3820 et
3219 3763 3504 3822 Thearisto
3529 3756 3781 3820 Constanti-

2246 3855 2579 3928 nopolitano.

2282 4009 2291 4025 ι
2319 4008 2324 4016 Α
2400 3945 2670 4018 Incipiunt
2694 3948 2927 4021 capitula
2953 3950 3190 4023 ejusdem
3220 3949 3432 4008 Nicteni
3457 3946 3663 4007 concilii.

2316 4042 2368 4096 1.
2393 4040 2471 4097 De
2498 4041 2763 4098 eunuchis
2790 4044 2883 4113 qui
2911 4046 3119 4116 seipsos
3146 4047 3491 4103 abscindunt.

2314 4132 2369 4185 2.
2400 4132 2477 4187 De
2501 4133 2585 4187 his
2612 4134 2704 4203 qui
2732 4150 2801 4190 ex
2824 4137 3081 4207 gentibus
3102 4147 3225 4208 post
3267 4138 3589 4210 baptismum
3625 4132 3681 4189 ad
3701 4128 3778 4186 cle-

2243 4222 2448 4281 ricatus
2473 4225 2720 4280 ordinem
2744 4237 3154 4298 promoventur.

2312 4317 2366 4372 5.
2391 4317 2468 4373 De
2496 4321 2969 4376 commanentibus
3000 4337 3121 4377 cum
3150 4322 3491 4381 mulieribus.

2312 4409 2369 4465 4.
2399 4408 2475 4466 De
2499 4410 2841 4466 ordinatione
2866 4413 3269 4484 episcoporum.

2313 4501 2367 4557 5.
2401 4503 2478 4558 De
2502 4503 3007 4561 excommunicatis.

2313 4595 2366 4652 6.
2388 4594 2467 4652 De
2491 4595 2791 4669 privilegiis
2834 4613 2955 4669 qua:
2980 4598 3308 4673 quibusdam
3353 4601 3641 4660 civitatibus
3664 4606 3776 4653 colll-

534 4692 649 4733 cina
687 4677 908 4733 civitate
954 4677 1222 4749 Bithyniae
1252 4678 1435 4733 habita
1483 4688 1682 4737 vestrae
1729 4682 1981 4738 charitati
2012 4682 2136 4739 diri-
2165 4706 2213 4765 ι)
2237 4696 2445 4760 petunt.

536 4782 684 4838 gere,
729 4768 874 4837 quod
902 4776 956 4823 et
1003 4768 1058 4821 in
1107 4768 1477 4825 ecclesiastica
1511 4771 1743 4828 historia
1797 4773 2134 4843 inquirentes

533 4858 843 4915 invenietis.
911 4860 989 4915 De
1039 4857 1256 4917 Pascha
1320 4860 1401 4933 (ut
1452 4864 1770 4936 scripsistis)
1822 4866 2135 4922 nuntiamus

532 4953 709 5019 vobis,
736 4967 849 5007 xvn
878 4951 1107 5008 Kalend.
1147 4952 1275 5009 Maii
1304 4970 1402 5011 nos
1431 4957 1611 5012 futura
1666 4958 1966 5015 indictione
1991 4959 2134 5015 cele-

533 5040 716 5097 brare.
765 5042 834 5097 Et
864 5042 970 5098 alia
998 5059 1183 5110 manu,
1234 5046 1376 5103 Deus
1402 5056 1456 5102 et
1486 5049 1746 5105 Dominus
1775 5059 1962 5106 noster
2005 5065 2133 5107 san-

535 5142 683 5190 ctam
731 5136 999 5207 virginem
1056 5139 1529 5210 congregationem
1559 5150 1801 5197 vestram
1844 5143 2135 5210 custodiat,

535 5226 683 5297 quod
711 5235 988 5299 optamus,
1016 5229 1325 5284 charissimi
1358 5229 1571 5286 fratres.

535 5309 782 5390 Epistola
804 5320 966 5374 Attici
980 5316 1549 5393 Constantinopolitani
1563 5324 1789 5394 episcopi
1809 5325 1879 5379 ad
1904 5325 2130 5380 eosdem.

592 5408 855 5466 \Dominis
906 5410 1113 5466 sanctis
1162 5413 1357 5467 merito
1404 5412 1739 5469 beatissimis
1792 5414 2052 5472 fratribus
2080 5426 2136 5473 et

536 5503 898 5575 coepiscopis,
928 5503 1173 5571 Aurelio,
1208 5504 1514 5573 Valentino,
1546 5507 1631 5565 vel
1671 5509 1883 5565 caeteris
1928 5509 2134 5566 charis-

535 5596 691 5652 simis
717 5596 771 5652 in
803 5597 1008 5668 synodo
1029 5597 1169 5668 apud
1191 5595 1573 5671 Carthaginem
1597 5602 1776 5657 habita
1802 5603 2134 5672 constitutis,
2158 5602 2159 5611 “

534 5688 751 5744 Atticus
799 5689 1105 5760 episcopus.
1152 5687 1258 5744 Per
1306 5690 1472 5745 ﬁlium
1522 5702 1768 5747 nostrum
1821 5693 2133 5750 Marcellum

537 5782 927 5838 subdiaconum
960 5790 1204 5837 nostrum
1233 5784 1433 5854 scripta
1460 5785 1764 5841 dilectionis
1789 5797 1981 5842 vestrae
2008 5803 2132 5842 cum

538 5875 685 5928 omni
736 5874 1034 5945 gratiarum
1090 5878 1304 5931 actione
1359 5880 1592 5946 suscepi,
1649 5879 1878 5934 Domino
1931 5881 2133 5950 gratias

542 5982 728 6036 agens,
769 5969 912 6035 quod
948 5968 1118 6022 merui
1162 5978 1435 6025 tantorum
1483 5970 1715 6027 fratrum
1751 5972 2129 6032 benedictione

2312 4783 2365 4837 7.
2399 4782 2476 4837 De
2503 4782 2758 4854 episcopo
2781 4782 2933 4850 Elim,
2965 4783 3018 4839 id
3048 4794 3134 4842 est
3159 4786 3659 4861 Hierosolymorum.

2312 4875 2366 4931 8.
2394 4876 2471 4931 De
2501 4873 2588 4931 his
2619 4877 2711 4946 qui
2744 4878 3000 4934 dicuntur
3026 4878 3273 4949 Cathari,
3302 4882 3356 4937 id
3386 4889 3467 4937 est
3492 4874 3674 4935 mundi.

2312 4964 2367 5020 9.
2395 4963 2473 5020 De
2516 4965 2605 5021 his
2630 4968 2722 5038 qui
2756 4969 2824 5024 ad
2870 4969 3233 5028 sacerdotium
3270 4972 3389 5028 sine
3434 4959 3771 5027 examinatione

2242 5058 2475 5128 promoti
2500 5068 2648 5114 sunt.

2316 5151 2403 5207 10.
2434 5152 2513 5209 De
2541 5152 2708 5225 lapsis
2739 5154 3053 5227 ignorantcr
3077 5156 3359 5213 ordinatis.

2313 5246 2400 5301 11.
2434 5246 2511 5302 De
2538 5247 2625 5302 his
2654 5248 2747 5319 qui
2776 5258 3131 5321 negaverunt,
3164 5259 3220 5306 et
3244 5251 3508 5306 habentur
3528 5245 3577 5300 in
3604 5233 3726 5295 lociS-

2311 5335 2401 5390 12.
2430 5336 2505 5391 De
2550 5337 2635 5394 his
2661 5339 2754 5409 qui
2783 5339 3191 5409 abrenuntiant,
3239 5348 3293 5394 et
3335 5340 3527 5396 iterum
3551 5331 3614 5387 ad
3633 5335 3765 5383 δωρει-

2236 5429 2347 5485 lum
2374 5440 2504 5486 sunt
2533 5433 2759 5488 reversi.

2309 5520 2396 5575 l3.
2429 5524 2506 5577 De
2529 5523 2614 5579 his
2641 5523 2732 5594 qui
2761 5523 2815 5578 in
2842 5524 2988 5580 exitu
3017 5524 3450 5582 communionem
3470 5514 3729 5588 requiri!“-

2314 5611 2400 5666 M.
2436 5612 2513 5667 De
2540 5614 2949 5671 eatechumenis
2975 5614 3161 5687 lapsis.

2313 5705 2399 5759 15.
2428 5706 2504 5761 De
2529 5706 2743 5766 clericis
2772 5723 2838 5763 ne
2868 5708 2937 5764 de
2961 5709 3182 5766 civitate
3208 5710 3273 5765 ad
3301 5708 3456 5763 aliam
3488 5695 3735 5757 transeam-

2314 5798 2399 5850 16.
2431 5798 2506 5851 De
2532 5797 2617 5853 his
2644 5798 2737 5869 qui
2770 5798 2823 5853 in
2854 5798 3102 5855 ecclesiis
3129 5800 3183 5856 in
3207 5799 3400 5871 quibus
3426 5784 3640 5867 provecti
3667 5778 3762 5834 ευυί

2240 5887 2464 5941 minime
2492 5888 2947 5957 perduraverunt.

2312 5979 2396 6032 17.
2430 5980 2504 6034 De
2526 5978 2737 6035 clericis
2763 5982 2855 6051 qui
2888 5997 3084 6039 usuras
3110 5980 3398 6051 accipiunt.
