3834 5428
64 311 143 366 set
1188 276 2110 403 DECRETALIUM'COLLECTIO.

123 421 203 478 l8.
230 419 302 475 De
327 418 621 493 privilegiis
645 422 1110 495 presbyterorum.

118 513 195 571 l9.
223 512 294 569 De
317 510 402 570 his
431 512 527 583 qui
569 526 601 569 a
625 512 795 572 Paulo
822 512 1180 574 Samosateno
1224 513 1293 572 ad
1321 512 1609 571 ecclesiam

61 605 269 663 veniunt.
1364 624 1365 631 η

112 697 189 754 20.
218 697 290 753 De
310 695 579 755 ﬂectendo
607 715 768 773 genu.

112 795 189 849 21.
221 795 293 850 De
337 795 716 853 observatione
750 795 955 854 Nicaeni
996 797 1233 865 concilii,
1269 806 1331 854 ut
1368 795 1513 853 nulla
1543 797 1611 854 de

58 887 235 958 reliquo
257 889 492 946 varietas
518 890 726 946 oriatur
754 891 808 947 in
828 892 1092 949 ecclesiis.

108 979 221 1037 CAP.
246 981 295 1036 l.
332 980 389 1037 Si
422 983 549 1053 quis
576 999 675 1054 per
718 984 1034 1057 languorem
1081 1002 1114 1044 a
1168 987 1396 1045 medicis
1427 997 1610 1045 sectus

56 1082 136 1136 est,
160 1080 297 1128 auta
340 1073 596 1131 barbaris
640 1074 912 1133 abscissus
941 1086 1046 1145 est,
1096 1079 1199 1136 iste
1244 1088 1526 1136 remaneat
1555 1080 1609 1136 in

58 1162 194 1219 clero.
234 1162 290 1219 Si
315 1163 437 1234 quis
465 1173 648 1221 autem
680 1182 848 1224 sanus
872 1184 933 1225 se
977 1169 1227 1235 abscidit,
1279 1171 1443 1227 istum
1471 1181 1526 1226 et
1554 1171 1609 1227 in

57 1255 175 1311 clero
196 1256 423 1327 positum
452 1257 726 1315 abstinere
746 1268 979 1331 oportet,
1010 1262 1156 1318 etde
1181 1273 1378 1321 caetero
1403 1264 1609 1319 nullum

58 1348 214 1403 talium
242 1349 432 1406 debere
461 1353 792 1422 promoveri.
833 1354 988 1409 Sicut
1019 1363 1202 1411 autem
1250 1355 1354 1411 hoc
1381 1354 1611 1411 manife-

59 1452 173 1499 stum
197 1451 293 1509 est,
321 1444 446 1514 quia
475 1446 547 1499 de
576 1445 663 1501 his
690 1446 783 1517 qui
816 1447 959 1503 hanc
1001 1462 1118 1504 rem
1143 1448 1482 1519 excogitant,
1513 1463 1612 1503 au-

60 1537 256 1607 dentque
280 1537 489 1608 seipsos
513 1538 834 1595 abscindere
861 1539 1065 1595 dictum
1091 1540 1181 1606 sit,
1231 1541 1311 1596 sic
1335 1556 1430 1596 eos
1463 1540 1610 1612 quia

60 1626 282 1694 barbaris,
328 1637 420 1684 aut
463 1645 497 1684 a
542 1629 779 1687 dominis
808 1634 1032 1688 castrati
1063 1643 1210 1699 sunt,
1263 1632 1613 1689 inveniuntur

61 1730 207 1777 autem
242 1720 372 1778 alias
396 1722 569 1794 digni,
606 1723 742 1780 tales
771 1726 838 1781 ad
863 1725 1069 1781 clerum
1101 1726 1335 1797 applicat
1360 1741 1557 1781 canon.

3194 317 3301 374 362

1636 428 1689 487 A
1713 439 1812 495 pro
1834 426 1919 483 his
1947 427 2091 485 ferre
2115 431 2463 487 sententiam.
2492 431 2733 490 Concilia
2754 433 3110 513 autamgﬁant,
3133 450 3301 491 unum

1712 518 1930 589 quidem
1959 529 2087 577 ante
2113 522 2589 596 quadragesimam
2630 524 2879 594 Paschaa,
2920 534 2981 582 ut
3009 526 3158 603 omni
3196 542 3300 598 pu-

1711 609 2083 668 sillanimitate
2108 613 2339 679 sublata,
2373 630 2568 671 munus
2592 618 2850 674 mundum
2881 615 3143 674 oli'eratur
3167 616 3302 687 Deo,

1709 703 2006 758 secundum
2034 714 2213 759 autem
2238 705 2382 761 circa
2412 714 2625 777 tempus
2643 708 2910 765 autumni.
2982 746 2985 751 η

1782 792 1836 848 6.
1893 793 2245 865 Antiquiores
2316 796 2597 853 obtineant
2658 799 2953 871 qui.apud
3007 780 3303 878 Egyptum

1711 896 1859 953 sunt,
1882 896 1940 943 et
1967 887 2215 960 Lybiam,
2241 898 2299 945 et
2324 888 2666 961 Pentapolin,
2699 892 2773 948 ita
2801 902 2861 948 ut
2905 892 3305 969 Alexandrinus

1711 983 1997 1053 cpiscopus
2038 982 2235 1037 horum
2277 984 2519 1038 omnium
2550 970 2810 1040 exhibeat
2856 984 3299 1059 sollicitudinem,

1712 1075 1839 1147 quia
1864 1084 1919 1129 et
1944 1076 2095 1130 urbis
2128 1074 2315 1130 Romae
2345 1075 2598 1145 episcopo
2638 1075 2831 1132 similis
2865 1090 2984 1131 mos
3009 1082 3107 1131 est.
3136 1074 3306 1154 “Simi-

1710 1168 1837 1225 liter
1862 1178 2044 1224 autem
2077 1177 2133 1224 et
2171 1169 2315 1225 circa
2357 1169 2703 1225 Antiochiam
2737 1178 2794 1228 at
2821 1171 2878 1226 in
2922 1152 3305 1249 caeterispro-

1711 1261 1905 1316 vinciis
1935 1260 2220 1333 privilegia
2248 1261 2470 1333 propria
2497 1275 2848 1317 reservemur
2874 1261 3308 1331 metropolitanis

1712 1353 1987 1409 Ecclesiis.
2020 1351 2253 1410 Omnino
2288 1362 2470 1409 autem
2500 1352 2847 1409 manifestum
2874 1361 2959 1409 est
2996 1352 3146 1427 illud,
3180 1352 3309 1423 quia

1713 1447 1758 1503 si
1787 1447 1910 1518 quis
1938 1455 2136 1515 praeter
2166 1445 2450 1502 consilium
2491 1445 2895 1516 metropolitani
2928 1444 3107 1500 factus
3146 1443 3310 1499 fuerit

1712 1539 2018 1611 episcopus,
2062 1538 2208 1593 hunc
2258 1537 2548 1595 concilium
2600 1524 3156 1610 magnum'delinivit
3201 1551 3309 1591 nen

1714 1633 1910 1689 debere
1950 1648 2072 1689 esse
2118 1634 2456 1703 episcopum,
2486 1631 2530 1687 si
2575 1646 2707 1687 vero
2748 1631 3024 1687 communi
3064 1629 3309 1686 omnium

1713 1722 1934 1779 decreto
1954 1721 2261 1778 rationabili
2281 1720 2577 1777 secundum
2598 1735 2859 1776 canonem
2879 1706 3310 1801 ecclesiasticum

115 1809 160 1866 2.
196 1810 322 1880 Quia
364 1813 537 1868 multa
567 1825 664 1869 aut
686 1816 1043 1882 necessitate,
1092 1825 1187 1872 aut
1215 1816 1374 1872 aliter
1416 1831 1613 1888 cogen-
1641 1799 1689 1860 Β
1716 1816 2090 1887 comprobato,
2118 1816 2223 1870 duo
2270 1822 2365 1868 aut
2394 1822 2505 1868 tres
2541 1821 2764 1883 propter
2784 1799 3043 1887 proprias
3075 1809 3309 1869 inimici«

65 1901 178 1957 tibus
215 1902 521 1960 hominibus
558 1904 703 1961 facta
741 1915 870 1963 sunt
904 1917 1095 1963 contra
1140 1922 1400 1963 canonem
1429 1906 1607 1962 eccle-

63 1992 328 2062 siasticum,
381 2006 442 2051 ut
488 1997 741 2054 homines
767 2015 834 2055 ex
875 1999 1065 2071 gentili
1090 1997 1199 2055 vita
1250 2015 1423 2070 nuper
1452 2014 1609 2055 acce-

61 2083 214 2139 dentes
249 2087 311 2141 ad
346 2087 535 2155 ﬁdem,
587 2100 641 2146 et
688 2091 743 2146 in
779 2107 948 2162 parvo
982 2102 1226 2163 tempore
1262 2095 1609 2161 catechizatt,

62 2176 209 2230 statim
232 2179 294 2233 ad
324 2180 574 2250 spiritale
602 2180 879 2238 lavacrum
905 2182 1194 2250 ducantur,
1228 2193 1282 2239 et
1307 2184 1467 2239 simul
1488 2200 1610 2241 eum

60 2266 274 2337 baptizati
298 2269 505 2328 fuerint
529 2284 956 2345 promoveantur
990 2276 1055 2330 ad
1080 2277 1472 2349 episcopatum,
1520 2287 1613 2333 aut

61 2358 114 2412 ad
138 2360 538 2434 presbyterium,
584 2365 790 2437 placuit
826 2368 894 2423 de
936 2376 1135 2425 caetero
1171 2370 1307 2425 nihil
1338 2369 1443 2424 tale
1472 2369 1609 2427 ﬁeri.
1694 2378 1695 2383 ‘

60 2452 169 2511 Nam
203 2467 252 2513 et
296 2467 546 2533 tempore
596 2478 732 2533 opus
770 2473 855 2527 est
895 2464 945 2519 ei
978 2465 1073 2537 qui
1115 2466 1507 2531 catechizatur,
1559 2474 1615 2523 et

58 2555 154 2615 post
185 2549 436 2621 baptisma
466 2554 795 2625 approbatio
840 2555 1085 2627 amplior,
1141 2556 1432 2614 manifesta
1468 2559 1612 2615 enim

57 2647 122 2693 est
141 2641 405 2711 apostolica
435 2644 737 2716 scriptura,
784 2661 906 2717 quae
930 2647 1098 2703 dicit:
1128 2646 1246 2703 Non
1271 2650 1612 2720 neopbitum,

58 2745 111 2785 ne
137 2731 261 2789 forte
306 2735 363 2791 in
407 2738 732 2808 superbiam
779 2738 956 2796 elatus
983 2739 1039 2795 in
1072 2740 1345 2813 judicium
1388 2743 1611 2812 incidat,

57 2832 98 2879 et
116 2823 338 2897 laqueum
363 2829 595 2885 diaboli.
648 2830 705 2886 Si
732 2840 934 2898 autem,
982 2834 1311 2903 procedente
1342 2843 1609 2908 tempore,

57 2918 231 2989 aliquod
256 2923 421 2980 animi
456 2933 749 2995 peccatum
778 2926 1089 2983 inveniatur
1128 2929 1277 2985 circa
1299 2929 1612 3002 huiusmodi

54 3012 141 3084 85
164 3030 452 3087 personam,
488 3028 554 3075 et
598 3020 956 3077 convincatur
989 3037 1022 3078 a
1048 3023 1259 3080 duobus
1286 3014 1394 3079 aut
1438 3025 1614 3082 tribus

58 3107 262 3177 testibus,
312 3111 427 3183 ipse
452 3121 642 3170 cesset
666 3128 699 3169 a
728 3113 896 3171 clero.
946 3112 1006 3170 Si
1033 3115 1156 3185 quis
1202 3123 1382 3171 autem
1411 3123 1611 3186 praeter

56 3194 149 3252 hac
167 3199 282 3257 facit
306 3204 461 3273 quasi
490 3203 761 3261 adversus
784 3220 1043 3277 magnum
1072 3204 1366 3263 concilium
1393 3220 1454 3264 se
1481 3203 1609 3263 el'fe-

56 3301 176 3357 rens,
199 3292 306 3362 ipse
326 3294 738 3365 periclitabitur
764 3295 831 3351 de
853 3295 1020 3352 clero.

106 3377 148 3434 5.
183 3380 455 3442 lnterdixit
480 3386 805 3443 omnimodo
834 3398 1083 3445 sanctum
1110 3386 1614 3460 concilium,nequc

54 3472 340 3546 episcopum,
356 3491 545 3550 neque
563 3479 969 3551 presbyterum,
992 3495 1170 3552 neque
1190 3480 1497 3550 diaconum,
1517 3499 1613 3540 ne-

54 3566 321 3637 queiextoto
336 3586 460 3627 eum
478 3571 582 3643 qui
593 3572 650 3634 in
662 3571 808 3630 clero
821 3582 925 3642 est,
938 3576 1140 3632 habere
1149 3590 1332 3633 secum
1346 3577 1616 3633 subintro-

62 3655 241 3714 ductam
257 3661 571 3730 mulierem,
586 3664 689 3719 nisi
700 3663 843 3722 forte
858 3674 1090 3724 matrem
1105 3678 1199 3725 aut
1219 3684 1488 3737 sororem,
1518 3678 1613 3726 aut

55 3761 128 3804 eas
150 3750 281 3809 solas
300 3768 573 3823 personas
586 3770 707 3826 qum
721 3757 1185 3828 refugiuntomnes
1215 3762 1546 3832 suspicione.

106 3842 151 3896 4.
184 3844 497 3918 Episcopum
538 3858 755 3921 oportet
789 3851 1027 3908 maxime
1052 3852 1272 3923 quidem
1334 3856 1402 3911 ab
1438 3855 1614 3913 omni-

55 3932 135 3992 bus
162 3940 245 4009 qui
290 3952 416 3997 sunt
461 3943 608 3999 intra
646 3944 984 4014 provinciam
1020 3945 1290 4017 episcopis
1330 3948 1612 4015 ordinari;

55 4030 93 4083 si
131 4044 292 4092 autem
333 4039 440 4096 hoc
477 4039 699 4098 difﬁcile
742 4040 924 4110 fuerit,
967 4051 1059 4097 aut
1083 4054 1301 4114 propter
1330 4052 1614 4113 urgentem

55 4127 392 4186 necessitatem
420 4172 435 4197 ,
497 4139 595 4187 aut
646 4142 869 4203 propter
915 4132 1301 4206 longitudinem
1362 4134 1611 4203 itineris,

54 4215 173 4270 omni
206 4220 357 4275 modo
388 4230 500 4278 tres
534 4222 590 4276 in
628 4239 795 4279 unum
841 4226 1226 4283 convenientes
1272 4228 1612 4285 consentien-

57 4302 189 4375 tibus,
217 4316 269 4363 et
302 4310 387 4367 bis
410 4313 503 4382 qui
534 4313 791 4370 absentes
815 4323 945 4370 sunt
969 4316 1236 4387 episcopis
1256 4325 1311 4371 et
1338 4318 1610 4387 sponden-

56 4392 173 4453 tibus
210 4415 300 4468 per
347 4404 575 4476 scripta,
609 4415 738 4461 tunc
782 4421 979 4465 manus
1024 4408 1428 4481 impositionem
1468 4408 1607 4468 ﬁeri.

56 4480 361 4551 Confirmatio
388 4506 570 4553 autem
600 4513 789 4554 eorum
820 4515 941 4571 quae
967 4500 1106 4556 ﬁunt
1147 4502 1325 4558 danda
1360 4510 1446 4558 est
1485 4503 1607 4562 uui-

56 4577 217 4649 cuique
240 4600 268 4638 a
291 4600 403 4643 suae
420 4588 717 4657 provincia:
745 4590 1181 4661 metropolitano.

111 4670 155 4724 5.
203 4674 274 4731 De
318 4679 398 4734 eis
439 4679 532 4750 qui
582 4684 1148 4750 excommunicantur,
1199 4684 1316 4741 sive
1363 4685 1428 4740 de
1464 4686 1612 4742 clero

57 4756 164 4827 sint,
187 4765 292 4821 sive
314 4769 382 4824 de
406 4769 547 4828 laico
588 4772 825 4844 agmine,
850 4775 917 4829 ab
943 4775 1211 4846 episcopis
1244 4790 1343 4845 per
1369 4776 1611 4849 singulas

58 4854 323 4940 provincias
354 4863 596 4920 obtineat
622 4866 918 4935 sententia,
941 4866 1097 4937 juxta
1127 4881 1366 4924 canones
1395 4883 1490 4925 eos
1515 4867 1609 4940 qui

59 4938 113 4992 ab
152 4944 261 5003 aliis
288 4950 635 5022 abjiciuntur,
664 4954 736 5010 ab
770 4955 890 5013 aliis
937 4973 1044 5013 non
1096 4956 1458 5027 recipiendos.
1502 4938 1610 5013 Re-

58 5032 273 5101 quiratur
309 5050 490 5101 autem
536 5062 607 5105 ne
647 5047 1123 5118 pusillanimitate,
1162 5058 1259 5105 aut
1286 5050 1607 5119 pertinacia,

60 5135 136 5212 aut
152 5127 313 5201 aliqua
337 5135 444 5191 alia
471 5139 717 5196 molestia
740 5140 975 5212 episcopi
996 5142 1106 5198 sint
1125 5141 1606 5198 excommunicati.

60 5209 117 5287 Ut
140 5234 255 5291 ergo
288 5224 391 5283 hoc
423 5228 701 5288 decentius
735 5209 1043 5302 requiratur
1070 5234 1211 5290 bene
1240 5231 1462 5305 placuit,
1489 5233 1605 5289 sin-

59 5306 174 5373 gulis
204 5317 350 5373 annis
386 5334 484 5389 per
509 5321 752 5392 singulas
778 5326 1084 5393 provincias
1109 5323 1198 5381 bis
1223 5323 1278 5379 in
1304 5340 1447 5381 anno
1475 5338 1606 5382 con-
1694 5394 1697 5395 ν

60 5397 158 5428 ιιῖΙέη
185 5404 288 5428 1!-_:
345 5425 359 5428 _
388 5426 411 5428 __

1634 4553 1690 4616 D

1717 1907 1822 1963 tias
1849 1904 2303 1969 contradixerint,
2331 1903 2576 1958 obtineat
2609 1901 2882 1958 sententia
2924 1900 3307 1970 plurimorum.

1785 1999 1839 2053 7.
1871 1994 2358 2065 Hierosolymitana
2392 1992 2723 2048 consuetudo
2768 1992 2992 2062 antiqua
3032 1996 3308 2053 servetur,

1714 2106 1776 2151 ut
1824 2094 1953 2149 Eliae
1998 2093 2283 2164 episcopus
2328 2091 2630 2146 honoretur
2686 2098 2744 2146 et
2790 2089 2994 2144 habeat
3062 2088 3311 2145 ordinem

1713 2189 1963 2255 honoris,
1986 2187 2135 2243 salva
2154 2194 2336 2242 tamen
2355 2183 2760 2256 metropolitani
2784 2182 3046 2256 dignitate
3066 2181 3312 2254 ejusdem

1713 2280 2029 2352 provinciae.
2328 2278 2329 2281 “

1786 2375 1840 2431 8.
1883 2372 1940 2429 Si
1983 2372 2275 2442 aliquando
2310 2371 2563 2428 venerint
2611 2369 2679 2425 ad
2734 2366 3059 2425 catholicam
3121 2364 3313 2423 Eccle-

1714 2467 1856 2524 siam
1898 2463 2143 2531 Cathari,
2190 2462 2393 2534 placuit
2433 2463 2573 2519 sicut
2616 2470 2673 2517 et
2721 2476 2930 2531 magnae
2969 2459 3175 2531 synodo
3217 2472 3313 2515 eos

1715 2560 2013 2616 ordinatos.
2044 2560 2123 2616 sic
2157 2572 2380 2613 manere
2408 2558 2461 2613 in
2513 2557 2680 2613 clero.
2721 2542 2867 2610 Ante.
2909 2554 3090 2609 omnia
3131 2561 3313 2608 autem

1692 2644 1836 2708 haec
1856 2650 2101 2721 proﬁteri
2124 2650 2270 2721 ipsos
2296 2665 2394 2721 per
2420 2649 2746 2721 scripturam
2770 2656 2984 2718 Oportet
3010 2644 3154 2716 quod
3181 2659 3311 2700 con-

1716 2743 1954 2799 sentiant
1997 2750 2052 2798 et
2092 2750 2389 2814 sequantur
2432 2740 2697 2797 catholica
2743 2750 2796 2796 et
2837 2738 3136 2811 apostolica
3184 2738 3316 2808 dog-

1715 2847 1881 2891 mata.
1907 2834 2021 2890 Hoc
2050 2844 2132 2889 est
2156 2844 2212 2890 et
2236 2834 2463 2905 bigamis
2493 2836 2916 2901 communicare,
2944 2843 3000 2890 et
3026 2832 3229 2904 bisqui
3252 2832 3316 2888 in

1714 2925 2093 2998 persecutione
2118 2924 2257 2994 lapsi
2283 2937 2426 2991 sunt,
2456 2926 2600 2980 circa
2633 2940 2770 2994 quos
2797 2933 2853 2979 et
2875 2932 3088 2994 tempus
3111 2922 3313 2979 consti-

1714 3024 1892 3072 tutum
1919 3023 2001 3071 est
2025 3024 2080 3070 et
2101 3014 2217 3070 dies
2243 3013 2515 3082 deﬁnitus,
2544 3022 2597 3070 et
2622 3024 2923 3085 sequantur
2952 3014 3004 3068 in
3035 3012 3310 3080 omnibus,

1718 3125 1840 3181 quae
1888 3110 2213 3181 placuerunt
2262 3108 2542 3164 catholicae
2602 3108 2857 3164 Ecclesiae
2910 3109 3183 3179 episcopo,
3229 3107 3317 3162 vel

1711 3202 2051 3273 presbytero,
2080 3200 2388 3270 ubicunque
2419 3207 2601 3255 autem
2641 3214 2855 3265 omnes,
2888 3199 3003 3254 sive
3033 3200 3088 3254 in
3120 3197 3317 3254 castel-

1712 3293 1799 3362 lis,
1829 3294 1944 3350 sive
1972 3293 2027 3347 in
2072 3292 2382 3348 civitatibus
2427 3291 2529 3362 ipsi
2570 3289 2747 3360 juncti
2798 3290 3026 3357 fuerint,
3053 3290 3312 3357 ordinati,

1714 3386 1808 3457 qui
1837 3386 2189 3443 inveniuntur
2214 3385 2269 3439 in
2301 3384 2449 3441 clero
2474 3384 2587 3439 sint
2619 3385 2672 3439 in
2702 3384 2892 3441 eodem
2923 3368 3135 3451 habitu,
3157 3392 3316 3453 quot-

1692 3472 1847 3550 quot
1874 3486 2057 3534 autem
2086 3476 2369 3533 catholicae
2400 3476 2657 3532 Ecclesia:
2684 3477 2939 3548 episcopo
2967 3475 3054 3533 vel
3084 3476 3312 3547 presby—

1715 3584 1834 3631 tero
1860 3581 2109 3629 exstante
2135 3569 2421 3633 accetlunt,
2448 3568 2795 3625 manifestum
2819 3578 2902 3625 est
2931 3570 3075 3639 quod
3103 3570 3315 3640 episco-

1712 3682 1816 3738 pus
1839 3666 2085 3723 ecclesiae
2110 3664 2332 3720 habebit
2357 3663 2675 3735 dignitatem
2703 3664 2964 3733 episcopi.
2990 3663 3095 3731 Qui
3129 3670 3311 3718 autem

1714 3760 2028 3816 nominatur
2057 3759 2198 3828 apud
2236 3772 2332 3813 eos
2375 3758 2659 3828 episcopus
2701 3758 3005 3828 presbyteri
3051 3758 3313 3813 honorem

1690 3852 1955 3917 'habebit,
2000 3851 2103 3906 nisi
2147 3850 2290 3906 forte
2331 3850 2597 3921 placuerit
2635 3850 2890 3920 episcopo
2934 3850 3161 3906 honoris
3190 3865 3315 3905 eum

1715 3944 1935 4000 nomine
1964 3941 2094 4009 frui,
2120 3942 2205 3997 sin
2234 3957 2363 3997 vero
2391 3958 2499 3997 non
2532 3942 2636 3997 hoc
2663 3941 2713 3996 ei
2751 3941 3037 4011 placuerit,
3064 3941 3316 4011 provide-

1713 4035 1795 4091 bit
1819 4034 1869 4090 ei
1898 4034 2075 4090 locum
2107 4041 2201 4088 aut
2230 4049 2326 4089 cor
2339 4033 2693 4106 episcopatus
2734 4042 2829 4087 aut
2866 4032 3214 4103 presbyterii,
3256 4039 3315 4086 ut

1715 4129 1770 4185 in
1799 4128 1947 4185 clero
1970 4128 2191 4183 omnino
2215 4142 2338 4183 esse
2359 4128 2629 4195 videatur,
2660 4135 2929 4199 quatenus
2957 4144 3065 4185 non
3097 4129 3150 4184 in
3174 4129 3311 4184 civi~

1715 4232 1826 4279 tate
1865 4226 1972 4279 duo
2002 4224 2111 4280 sint
2144 4225 2403 4296 episcopi.

1785 4317 1837 4373 9.
1894 4316 1951 4373 Si
1996 4318 2085 4388 qui
2135 4318 2252 4373 sine
2291 4317 2696 4374 examinatione
2751 4320 2985 4389 promoti
3025 4327 3153 4375 sunt
3199 4320 3312 4389 epi-

1713 4406 1861 4476 scopi
1901 4415 1995 4461 aut
2022 4407 2347 4479 presbyteri,
2398 4407 2479 4462 vel
2509 4423 2630 4463 cum
2662 4406 3031 4465 discutiuntur
3075 4408 3311 4465 confessi

1719 4506 1848 4555 sunt
1876 4514 1995 4569 quae
2021 4507 2400 4569 peccaverunt,
2434 4499 2519 4554 vel
2561 4500 2606 4554 si
2635 4498 2705 4554 ab
2730 4500 2854 4557 aliis
2894 4500 3310 4563 convincantur,

1711 4599 1770 4648 et
1797 4591 2183 4647 conﬁtentibus
2218 4598 2410 4645 contra
2454 4603 2718 4646 canonem
2765 4589 3014 4645 homines
3055 4587 3313 4642 commoti

1715 4699 1909 4739 manus
1948 4684 2029 4739 eis
2070 4683 2464 4752 imposuerunt,
2504 4680 2640 4736 tales
2677 4694 2853 4735 canon
2903 4694 3010 4734 non
3060 4678 3310 4749 suscipit,

1714 4775 1815 4831 sed
1833 4774 2039 4845 abiicit,
2061 4773 2166 4829 hoc
2206 4773 2350 4828 enim
2377 4772 2522 4843 quod
2564 4768 3038 4839 irreprehensibile
3066 4775 3173 4834 est,
3217 4769 3315 4824 de-

1715 4866 1889 4923 fendit
1917 4865 2189 4923 catholica
2215 4865 2484 4922 Ecclesia.
3119 4915 3125 4921 ,

1789 4959 1875 5013 10.
1900 4958 2000 5026 Qui
2016 4971 2225 5024 cunque
2253 4955 2319 5009 de
2346 4954 2513 5026 lapsis
2534 4947 2768 5005 ordinati
2796 4959 2927 5005 sunt
2949 4947 3323 5021 per‘ignoran-

1717 5049 1848 5105 tiam
1897 5058 1990 5103 aut
2051 5043 2538 5101 dissimulationem
2593 5036 3005 5105 ordinantium,
3056 5037 3162 5091 hoc
3212 5054 3327 5095 non

1716 5138 2039 5210 praejudicat
2072 5134 2267 5189 canoni
2296 5127 2703 5193 ecclesiastico,
2732 5131 2942 5201 cogniti
2979 5126 3183 5186 etenim
3225 5129 3325 5185 de-

1753 5242 2011 5286 onuntur.

1753 5245 2011 5286 ouuntur.

1716 5245 1752 5301 p
1787 5322 1876 5374 ll.
1921 5320 1998 5373 De
2028 5315 2117 5370 his
2139 5315 2233 5384 qui
2262 5309 2605 5382 praevaricati
2636 5316 2762 5362 sunt
2784 5323 2988 5380 praeter
3027 5308 3330 5363 necessita-

2467 5417 2545 5428 -..Α
2599 5397 2917 5428 tntis-lin...“
2985 5404 3073 5428 ενι-11
3122 5408 3331 5428 “mla...

1986 5415 2183 5428 ΔΑΜΙΑ..
2222 5403 2449 5428 Αιςιιιιξ-..
