3910 6480
516 431 623 491 365

1387 431 1672 488 APPEND.
1706 432 1797 487 AD
1838 430 2007 489 SIEC.
2051 430 2144 489 IX.
2179 432 2521 491 —lSlDORl
2565 434 3006 495 MEliCA'l‘OliIS

3722 437 3815 498 361

521 545 623 618 Qui
657 545 795 618 lapsi
843 553 969 601 sunt
1012 544 1217 612 ﬁdeles,
1262 554 1463 619 septem
1512 560 1682 602 annos
1729 547 2098 613 succumbant,
2130 553 2179 611 A
2206 549 2379 619 piens,
2416 562 2510 609 aut
2538 553 2684 612 aliud
2712 554 2915 628 aliquid
2941 556 3253 629 excogitans
3287 558 3481 632 turpis
3511 559 3664 619 lucri
3702 574 3813 635 gra-

520 634 731 696 duobus
758 652 889 696 vero
926 638 1081 695 annis
1114 636 1231 695 sine
1261 636 1535 698 oblatione
1578 640 1776 712 populo
1813 642 2111 699 communi-

520 734 646 789 cent
678 730 733 787 in
761 728 1117 788 orationibus.

593 820 681 882 12.
721 822 1037 896 Quicunque
1082 826 1257 882 Vocati
1325 835 1451 883 sunt
1500 841 1598 898 per
1640 827 1869 899 gratiam
1913 835 1967 883 et
2003 827 2112 898 pri-

520 916 732 972 mordia
776 917 1211 972 demonstrantes
1243 914 1382 973 bona
1431 917 1796 988 deposuerunt
1841 910 2110 989 cingulum

521 998 752 1074 militiae,
787 1016 973 1077 postea
1011 1023 1137 1063 vero
1170 1006 1237 1063 ad
1270 1002 1547 1079 proprium
1583 1004 1841 1064 vomitum
1882 1009 2112 1065 revoluti

520 1104 673 1165 sunt,
696 1092 770 1153 ita
795 1105 853 1153 ut
878 1097 1043 1169 aliqui
1066 1108 1121 1155 et
1144 1099 1427 1171 pecuniam
1450 1097 1737 1156 conferant
1758 1109 1811 1154 et
1833 1098 2111 1157 beneﬁciis

522 1186 771 1245 militiam
803 1197 1067 1259 repetant,
1098 1189 1186 1245 isti
1210 1190 1396 1246 decem
1421 1206 1592 1247 annos
1615 1191 1970 1247 succumbant
1991 1202 2113 1262 post

522 1281 817 1338 triennium
861 1282 1153 1339 auditionis
1203 1293 1430 1356 tempus.
1481 1284 1587 1341 Sed
1629 1282 1682 1341 in
1733 1285 1818 1342 his
1863 1285 2114 1342 omnibus

523 1384 741 1447 oportet
767 1376 1037 1434 discutere
1060 1376 1388 1435 voluntatem
1415 1388 1471 1435 et
1494 1380 1727 1452 speciem
1758 1380 2112 1452 poenitenticc,

470 1537 481 1547 ι
523 1482 790 1546 quotquot
834 1474 979 1531 enim
1013 1474 1205 1531 timore
1227 1488 1282 1532 et
1326 1476 1579 1549 lacrymis
1617 1488 1672 1532 et
1710 1479 2113 1550 perseverantia

484 1560 485 1569 “
524 1573 579 1620 et
621 1564 782 1623 bonis
816 1565 1068 1636 operibus
1099 1567 1568 1623 conversationem
1610 1576 1741 1623 non‘
1769 1568 2115 1625 simulatione

526 1655 919 1722 demonstrant,
961 1655 1050 1710 isti
1088 1654 1445 1726 adimplentes
1489 1658 1848 1713 constitutum
1903 1667 2114 1730 tempus

526 1746 819 1802 auditionis
863 1746 1200 1804 orationibus
1255 1747 1448 1804 merito
1504 1747 2014 1818 communicabunt,
2060 1760 2117 1808 et

523 1848 711 1912 postea
757 1839 942 1897 licebit
983 1841 1236 1914 episcopo
1261 1836 1554 1899 humanius
1578 1842 1643 1900 de
1682 1843 1767 1900 his
1791 1843 1995 1914 aliquid
2024 1860 2114 1901 co-

2213 646 2307 715 tia,
2332 646 2621 720 abjiciatur
2643 664 2677 704 a
2701 651 2873 720 clero,
2898 661 2956 707 et
2980 651 3189 712 alienus
3209 667 3242 709 n
3266 658 3499 710 canone
3526 652 3633 711 sit.

2283 738 2371 795 18.
2409 738 2663 798 Pervenit
2688 745 2755 799 ad
2806 752 3054 801 sanctum
3105 755 3161 802 et
3193 761 3462 819 magnum
3525 746 3809 806 concilium

2210 834 2353 902 quod
2401 835 2453 889 in
2485 836 2808 906 quibusdam
2841 837 2974 894 locis
3011 848 3105 895 aut
3129 839 3456 896 civitatibus
3481 840 3812 912 presbyteris

2211 926 2443 996 gratiam
2471 944 2643 985 sacra:
2668 932 3061 988 communionis
3082 932 3295 991 diaconi
3322 933 3659 1003 porrigant,
3683 936 3810 1003 quod

2213 1035 2388 1089 neque
2424 1035 2600 1077 canon
2634 1038 2809 1094 neque
2836 1025 3168 1080 consuetudo
3196 1026 3451 1089 tradidit,
3482 1034 3553 1081 ut
3594 1024 3690 1096 qui
3729 1039 3811 1096 po-

2215 1118 2465 1168 testatem
2487 1112 2746 1171 oﬂ‘erendi
2775 1130 2882 1171 non
2908 1116 3111 1173 habent
3132 1118 3219 1174 his
3239 1117 3331 1189 qui
3354 1115 3618 1174 oﬂ‘erunt
3633 1128 3809 1188 corpus

2213 1202 2416 1260 Christi
2459 1206 2760 1278 porrigant.
2808 1207 2913 1265 Sed
2956 1209 3119 1265 etiam
3152 1210 3257 1266 hoc
3303 1217 3547 1280 quoque
3597 1209 3810 1264 innotuit

2213 1296 2357 1365 quod
2384 1296 2606 1367 quidam
2641 1298 2854 1356 diaconi
2884 1310 3011 1356 ante
3044 1301 3328 1372 episcopos
3355 1300 3694 1371 cbntihgant
3730 1312 3807 1355 eu-

2212 1388 2550 1445 charistiam.
2589 1392 2782 1448 Omnia
2816 1393 2980 1464 igitur
3022 1396 3137 1450 hate
3177 1403 3567 1465 antputentur.
3615 1404 3672 1449 et
3713 1409 3810 1447 ma-

2214 1490 2380 1535 neant
2405 1481 2616 1538 diaconi
2637 1484 2693 1539 in
2714 1486 2938 1557 proprio
2956 1486 3167 1553 ordine,
3182 1487 3423 1543 scientes
3445 1485 3602 1557 quod
3622 1486 3807 1556 episco-

2215 1586 2408 1643 porum
2462 1575 2678 1644 quidem
2725 1578 2963 1635 ministri
3021 1588 3185 1646 sunt,
3233 1580 3591 1652 presbyteris
3647 1588 3806 1634 autem

2215 1663 2503 1723 inferiores
2547 1669 2809 1738 existunt,
2852 1671 3119 1743 accipiant
3165 1680 3349 1728 autem
3392 1688 3473 1730 ex
3512 1672 3703 1729 ordine
3728 1687 3803 1728 eu~

2214 1759 2531 1816 charistiam
2561 1771 2684 1833 post
2726 1765 3070 1836 presbyteros
3092 1766 3171 1823 eis
3207 1766 3374 1822 dante
3430 1774 3535 1821 aut
3575 1766 3803 1837 episeopo

2216 1864 2309 1911 aut
2338 1858 2677 1931 presbytero,
2715 1860 2812 1917 sed
2839 1876 2941 1920 nec
2965 1863 3157 1921 sedere
3193 1863 3359 1920 eisin
3390 1862 3585 1921 medio
3611 1864 3805 1935 presby-

524 1930 721 2026 git.are,
752 1931 845 2026 qui
891 1940 1071 1989 autem
1119 1931 1413 1991 indiscrete
1459 1934 1697 1991 tulerunt
1721 1946 1776 1993 et
1810 1934 2118 2008 ingressum
2144 1928 2193 1990 B
2220 1955 2464 2005 ιθιεοι-υηι
2491 1928 2671 2008 ἠθείη,
2695 1952 2850 2020 Quod
2879 1954 2926 2011 εί
2963 1955 3068 2013 hoc
3094 1954 3210 2023 ﬁat,
3234 1964 3445 2026 pm
3471 1928 3733 2012 cano-"en
3759 1928 3805 2009 ξι

525 2020 629 2081 sibi
664 2021 912 2084 indicere
944 2024 1191 2083 arbitrati
1222 2035 1348 2082 sunt
1375 2027 1443 2084 ad
1470 2026 1901 2096 conversionem,
1930 2028 2119 2087 delini-

526 2122 641 2172 tum
663 2118 824 2177 omne
845 2114 1152 2188 Compleant
1181 2124 1410 2191 tempus.

599 2198 690 2270 i3.
728 2210 806 2270 De
854 2214 1178 2271 exeuntibus
1223 2215 1290 2272 de
1318 2232 1546 2288 corpore
1582 2227 1738 2275 vetus
1771 2227 1825 2275 et
1859 2221 2122 2277 canonica

528 2306 614 2363 lex
644 2305 977 2364 cuStodiatur
1001 2315 1055 2364 et
1083 2323 1245 2374 nunc,
1272 2316 1331 2363 ut
1355 2308 1446 2380 qui
1470 2310 1607 2365 mori
1633 2322 1920 2381 sperantur
1941 2311 2133 2368 novis-

529 2399 668 2454 simo
708 2395 987 2471 juvamine
1030 2415 1139 2456 non
1186 2401 1484 2472 priventur.
1534 2398 1591 2457 Si
1638 2419 1763 2459 vero
1807 2404 2123 2475 desperatus

529 2492 908 2548 communione
937 2502 1171 2565 sumpta,
1214 2502 1270 2550 et
1309 2492 1580 2551 oblatione
1607 2504 1881 2566 percepta,
1926 2495 2122 2553 iterum

529 2581 892 2651 convalescat,
939 2583 1013 2639 sit
1059 2576 1203 2640 inter
1244 2600 1337 2642 eos
1388 2584 1482 2657 qui
1526 2585 1861 2644 orationibus
1916 2596 2122 2643 tantum

528 2671 954 2740 communicant,
1006 2673 1329 2745 generaliter
1376 2683 1554 2731 autem
1604 2674 1813 2732 ho‘mini
1859 2677 2125 2734 morituro

529 2765 730 2837 petenti
761 2765 1299 2835 sibi‘communiouis
1328 2766 1559 2839 gratiam
1603 2770 1887 2841 episcopus
1925 2771 2124 2843 proba-

531 2855 717 2913 biliter
743 2856 1072 2914 oblationem
1098 2858 1147 2915 ei
1179 2860 1483 2916 contradat.

604 2971 693 3027 14.
721 2968 798 3029 De
840 2973 1247 3030 catechumenis
1290 2973 1454 3046 lapsis
1473 2973 2128 3048 placuitsicutetmagnae

530 3067 760 3141 synodo,
788 3076 846 3123 ut
869 3067 1100 3126 triennio
1131 3078 1340 3125 tantum
1353 3069 1599 3138 audiant,
1624 3078 1810 3142 postea
1823 3079 1981 3128 orent
2003 3086 2126 3129 cum

430 3167 434 3171 ‘
532 3158 962 3228 catechumenis.

2221 2050 2419 2111 praeter
2471 2043 2719 2101 ordinem
2764 2046 3026 2116 probatur
3074 2046 3330 2115 existere,
3369 2047 3426 2103 si
3466 2047 3606 2117 quis
3646 2056 3799 2102 autem

2220 2131 2598 2204 obtemperare
2624 2135 2879 2206 noluerit,
2904 2145 3028 2208 post
3055 2140 3198 2197 hanc
3235 2138 3623 2197 deﬁnitionem
3652 2148 3803 2194 cesset

2223 2239 2256 2279 a
2286 2224 2555 2284 diaconio.

2296 2318 2381 2374 l9.
2424 2318 2502 2377 De
2550 2318 2897 2381 Pauliauistis
2949 2324 3339 2396 refugientibus
3388 2324 3465 2380 ad
3526 2320 3798 2381 Ecclesiam

2225 2411 2543 2470 catholicam
2569 2415 2812 2473 definitio
2840 2418 3049 2490 prolata
3085 2430 3170 2477 est
3208 2418 3551 2492 rebaptiza‘ri
3592 2428 3681 2476 eos
3704 2430 3798 2475 om-

2224 2504 2374 2573 nino,
2399 2507 2445 2563 si
2475 2507 2568 2578 qui
2592 2524 2723 2566 vero
2749 2526 2817 2567 ex
2844 2512 2946 2577 eis,
2974 2513 3251 2583 praeterito
3275 2510 3552 2583 tempore,
3585 2512 3729 2568 fuerit
3754 2513 3795 2565 in

2227 2598 2394 2667 clero,
2419 2601 2465 2658 si
2493 2602 2710 2674 quidem
2757 2604 2873 2660 sine
2900 2606 3122 2676 querela
3149 2615 3205 2663 et
3234 2606 3668 2678 reprehensione
3700 2606 3795 2660 lite.-

2227 2693 2355 2761 rint,
2380 2704 2502 2766 post
2519 2695 2847 2767 baptismum
2866 2698 3187 2755 ordinentur
3198 2700 3270 2755 ab
3290 2699 3796 2772 qabcopO'Eeclcsta

2228 2789 2533 2858 catholicae,
2556 2792 2604 2849 si
2633 2804 2762 2850 vero
2791 2791 3057 2850 discussio
3078 2809 3174 2851 eos
3200 2792 3387 2852 minus
3420 2789 3653 2851 idoneos
3676 2794 3796 2847 inve

2228 2883 2392 2950 nerit,
2433 2884 2630 2955 deponi
2675 2896 2772 2941 eos
2810 2886 3084 2942 convenit.
3126 2886 3396 2944 Similiter
3439 2888 3620 2943 autem
3661 2878 3710 2941 et
3744 2885 3794 2940 de

2230 2974 2547 3033 diaconibus
2569 2987 2626 3033 et
2651 2978 2873 3034 omnino
2902 2980 2970 3036 de
2996 2979 3084 3036 his
3108 2980 3201 3049 qui
3223 2981 3325 3037 sub
3354 2992 3573 3037 canoris
3605 2980 3795 3037 conici-

2230 3076 2444 3134 santur,
2470 3070 2662 3127 eadem
2701 3069 2877 3127 forma
2916 3072 3242 3129 servabitur.
3266 3069 3614 3129 Meminimus
3646 3079 3792 3126 autem

2231 3161 2298 3217 de
2321 3161 2647 3219 diacouissis
2669 3179 2789 3235 qua:
2812 3165 2867 3220 in
2892 3164 3081 3221 eadem
3098 3165 3291 3237 specie
3310 3174 3468 3232 sunt,
3489 3165 3615 3235 quia
3636 3158 3793 3218 maniis

613 3254 701 3311 15.
729 3253 962 3327 Propter
1004 3254 1266 3327 grandem
1296 3254 1584 3311 tumultum
1605 3263 1661 3312 et
1687 3255 1983 3313 seditiones
2006 3271 2126 3327 qua:
2152 3303 2200 3367 C
2231 3251 2633 3324 impositionem
2661 3255 2898 3327 aliquam
2941 3270 3048 3313 non
3092 3255 3319 3325 habent,
3346 3265 3414 3312 ut
3438 3255 3657 3313 omnino
3678 3253 3793 3307 inm

652 3357 668 3367 Α
736 3344 829 3367 ί.-.
882 3350 917 3367 .,
2015 3365 2117 3367 _,,,_
2235 3343 2397 3367 ιφ--
2436 3355 2813 3367 _m__-.-_.___

533 3348 693 3416 ﬁunt,
719 3344 923 3421 placuit
952 3349 1264 3406 omnimode
1289 3347 1491 3404 auferri
1529 3349 1973 3405 consuetudinem
2005 3365 2126 3419 quae
2155 3343 2200 3367 ν
2235 3343 2401 3402 laris-as
2429 3355 2834 3418 computentur.

534 3450 618 3499 est
641 3450 830 3499 contra
877 3456 1139 3499 canonem
1180 3442 1237 3498 in
1278 3441 1549 3514 aliquibus
1590 3442 1836 3513 partibus
1868 3441 2128 3509 admissa,

530 3535 613 3590 ita
642 3542 701 3589 ut
727 3534 793 3590 de
819 3535 1039 3590 civitate
1077 3534 1133 3589 in
1179 3534 1478 3605 civitatem,
1518 3550 1620 3592 nec
1662 3535 1999 3606 episcopum,
2035 3551 2136 3593 nec

536 3630 932 3702 presbyterum,
973 3644 1152 3701 neque
1196 3629 1481 3687 diaconum
1527 3629 1813 3686 transferri
1857 3629 2033 3685 liceat.
2075 3628 2137 3685 Si

538 3720 663 3791 quis
684 3729 865 3777 autem
892 3730 1014 3791 post
1043 3722 1217 3778 sancti
1246 3732 1303 3778 et
1326 3722 1503 3795 magni
1526 3723 1741 3778 concilii
1766 3721 2136 3779 deﬁnitionem

540 3810 647 3869 tale
680 3811 883 3884 aliquid
911 3828 1073 3884 agere
1104 3814 1864 3877 tentaverit,aut.sodaderit
1891 3814 2137 3885 hujusce-

542 3902 685 3957 modi
718 3902 957 3975 negotio,
1000 3903 1308 3959 cassabitur
1352 3902 1658 3974 hujusmodi
1696 3904 2045 3971 machinatio,
2084 3912 2140 3959 et

544 3995 868 4051 restituatur
892 3995 1141 4052 ecclesia:
1163 3996 1217 4051 in
1242 4010 1348 4067 qua
1374 4004 1470 4051 aut
1488 3996 1774 4067 episcopus
1799 4005 1893 4051 aut
1921 3995 2141 4069 presby-

547 4095 632 4143 ter
659 4096 754 4142 aut
780 4087 1041 4145 diaconus
1075 4088 1241 4145 fuerit
1270 4089 1571 4145 ordinatus.

616 4200 708 4258 16.
748 4201 815 4257 lii
862 4202 955 4272 qui
1004 4202 1159 4258 facile
1200 4216 1259 4258 se
1297 4203 1551 4274 periculis
1600 4205 1933 4275 ingerentes,
1973 4202 2149 4275 neque

548 4296 799 4353 timorem
828 4296 923 4351 Dei
950 4306 1078 4351 ante
1102 4298 1289 4354 oculos
1314 4298 1594 4366 habentes,
1624 4313 1800 4371 neque
1820 4299 2151 4356 ecclesiasti-

548 4405 672 4446 cum
716 4405 985 4446 canonem
1016 4391 1251 4448 scientes
1302 4393 1588 4449 discedunt
1625 4395 1694 4450 ab
1754 4393 1988 4451 ecclesia
2034 4408 2153 4465 pre-

551 4489 757 4561 sbyteri
798 4497 894 4543 aut
926 4490 1162 4557 diaconi,
1191 4498 1283 4545 aut
1331 4493 1641 4564 quicunque
1683 4505 1808 4550 sunt
1845 4496 1896 4551 in
1948 4510 2154 4553 canone

550 4580 850 4645 constituti,
896 4581 984 4637 isti
1038 4582 1183 4636 nullo
1228 4584 1388 4638 modo
1434 4585 1633 4655 suscipi
1684 4586 1882 4641 debent
1927 4588 1995 4641 ali
2045 4586 2149 4642 alia

2304 3435 2398 3491 20.
2461 3437 2726 3505 Quoniam
2782 3449 2911 3495 sunt
2985 3439 3205 3509 quidam
3253 3440 3348 3510 qui
3403 3440 3493 3496 die
3550 3434 3790 3493 omum

2236 3526 2455 3584 ﬂectant
2479 3545 2674 3600 genua,
2702 3539 2758 3585 et
2784 3530 2841 3586 in
2879 3530 3068 3587 diebus
3097 3529 3474 3597 Pentecostes,
3516 3524 3709 3600 placuit
3741 3524 3792 3576 de

2239 3621 2341 3677 hoc
2386 3632 2590 3677 sanctae
2635 3630 2689 3679 et
2736 3637 2943 3694 magnae
2991 3624 3201 3694 synodo
3224 3634 3455 3681 cunctos
3484 3623 3540 3678 in
3579 3614 3790 3674 omnibus

2241 3715 2373 3770 locis
2421 3724 2785 3772 consonanter
2832 3724 2889 3772 et
2944 3715 3344 3773 oonsentie‘nter
3400 3722 3607 3772 sum
3656 3708 3789 3764 θωω

2242 3828 2336 3869 ora
2344 3828 2402 3868 re
2435 3812 2653 3869 debere.

2290 3901 2407 3969 21.
2448 3901 2709 3960 Sanctum
2740 3904 3029 3961 concilium
3081 3904 3295 3960 traditis
3325 3901 3581 3960 omnii!!!
3619 3904 3669 3953 et
3709 3894 3791 3948 fite

2246 3995 2525 4069 dispositis
2577 4004 2635 4051 ut
2657 3994 3031 4053 Ecclesiarum
3076 4009 3182 4067 pax
3233 4003 3288 4051 et
3332 3994 3470 4051 ﬁdes
3510 3994 3565 4049 in
3607 3984 3791 4045 orientis

2248 4099 2411 4160 atque
2423 4090 2721 4146 occidentis
2732 4088 2979 4160 partibus
2994 4100 3099 4144 una
3120 4088 3423 4158 eaquue
3438 4090 3685 4144 servem.
3702 4077 3789 4129 Ιιταε

2248 4181 2618 4240 ecclesiastica
2645 4190 2849 4237 statuta
2888 4181 3198 4238 necessario
3239 4179 3514 4237 credimus
3535 4165 3787 4231 inici-enda-

2532 4294 2766 4370 Explicit
2787 4296 3062 4369 exempiar
3081 4292 3284 4352 Nlcanii
3317 4289 3550 4350 concilii.

2434 4390 2673 4462 Epicteti:
2702 4388 2944 4460 Africani
2968 4387 3177 4444 conciti?
3202 4387 3272 4441 ad
3304 4385 3644 4442 Gelasimum.
3662 4466 3681 4467 7

2323 4482 2463 4543 XIV.
2481 4460 2712 4540 Domino
2731 4480 3078 4539 dilectissimo
3096 4489 3152 4537 et
3171 4476 3474 4536 honorabili
3497 4466 3629 4547 patri
3651 4460 3786 4521 Cutic-

2257 4583 2425 4647 stitio,
2453 4576 2723 4637 Atirelio‘s.
2754 4576 3079 4642 Palestinus,
3110 4572 3397 4639 Antonius,
3441 4565 3603 4625 Tutus
3642 4560 3787 4647 seritis

514 4744 519 4749 ἱ
551 4669 802 4737 ecclesia,
837 4642 946 4728 sed
976 4686 1190 4727 onmem
1217 4673 1297 4728 eis
1335 4642 1712 4730 necessitatem
1754 4676 1953 4747 imponi
1988 4690 2146 4748 opor-
2170 4669 2225 4730 D
2254 4670 2368 4739 Dei,
2389 4642 2695 4736 Terentius,
2713 4668 3061 4735 Fortunatus,
3077 4665 3393 4732 Martianus,
3409 4642 3785 4749 Jahtiariuslpp'

522 4766 672 4846 jtere
698 4774 758 4821 ut
797 4765 864 4821 ad
897 4766 1149 4837 proprias
1185 4768 1471 4837 parochias
1506 4776 1875 4835 revertantur,
1908 4771 2145 4841 pertina-

530 4862 646 4913 ces
677 4866 857 4913 autem
898 4859 1397 4915 excommunicatos
1439 4874 1560 4917 esse
1601 4870 1833 4931 oportet,
1883 4862 1929 4917 si
1962 4870 2145 4917 autem

556 4948 760 5020 aliquis
778 4966 910 5007 ausu
944 4952 1236 5007 temerario
1264 4950 1597 5023 subripuerit
1628 4954 1696 5008 ad
1719 4954 1948 5009 alterum
1978 4954 2147 5025 perti-

558 5050 776 5096 nentem
804 5053 861 5096 et
897 5043 1231 5097 ordinaverit
1274 5043 1325 5097 in
1374 5058 1469 5099 sua
1501 5043 1747 5110 ecclesia,
1778 5060 1882 5099 non
1919 5058 2147 5101 consen-

561 5131 729 5185 tiente
753 5132 1006 5203 episcopo
1035 5148 1065 5187 a
1097 5149 1205 5204 quo
1236 5133 1559 5191 discesserat
1584 5135 1814 5191 clericus
1839 5136 1931 5205 qui
1976 5136 2029 5191 in
2060 5152 2150 5192 ca-

559 5237 702 5278 none
726 5226 1095 5293 eonstituitur,
1120 5226 1335 5283 inﬁrma
1364 5228 1435 5283 sit
1477 5226 1781 5296 huiusmodi
1819 5234 2015 5285 manus
2055 5230 2154 5285 im-

558 5316 778 5389 positio.

632 5432 721 5488 17.
762 5431 1028 5500 Quoniam
1075 5432 1258 5505 plures
1313 5434 1368 5490 in
1407 5448 1615 5489 canone
1669 5434 1947 5489 constituti
2007 5432 2155 5503 cupi-

564 5523 793 5582 ditatem
835 5533 890 5579 et
928 5523 1079 5580 lucra
1124 5526 1305 5596 turpia
1349 5535 1649 5592 sectantur,
1684 5526 1945 5598 oblilique
1989 5541 2156 5582 sacrae

2257 4737 2422 4832 tatus,
2453 4763 2732 4827 Celticius,
2761 4760 3019 4827 Donatus,
3048 4756 3329 4821 Theasius,
3349 4748 3667 4812 Vincentius,
3684 4737 3785 4842 Ρρῇ

2254 4830 2590 4926 innatianus,
2616 4867 2671 4913 et
2696 4856 2880 4914 caeteri
2903 4854 2993 4926 qui
3019 4852 3312 4909 universali
3339 4850 3587 4905 Africano
3606 4830 3784 4895 concilio

2254 4952 2600 5022 Carthaginis
2630 4948 2919 5016 adfuimus,
2951 4955 3264 5019 optaremus
3302 4937 3346 5000 si
3390 4926 3784 5029 quemadmodum

2255 5020 2519 5124 sanctitas
2549 5044 2727 5102 veStra
2757 5043 2823 5099 de
2846 5043 3075 5098 adventu
3106 5036 3309 5111 Apiarii
3335 5037 3537 5093 laetatos
3557 5020 3782 5124 vos-fuisse

2258 5140 2440 5198 missis
2465 5118 2564 5214 per
2588 5138 3086 5212 compresbyterum
3112 5144 3355 5194 nostrum
3389 5131 3607 5189 Leonem
3635 5118 3782 5214 litteris

2258 5202 2551 5301 intimaiit,
2599 5233 2675 5289 ita
2705 5202 2805 5291 nos
2852 5202 3067 5304 queque
3101 5231 3168 5284 de
3215 5226 3331 5299 ejus
3374 5202 3779 5304 ριπεειιίοιιεῬἚῩ

2258 5326 2460 5397 scripta
2512 5290 2637 5382 cum
2682 5290 2886 5380 laetitia.
2912 5290 3270 5388 mitteremus,
3317 5290 3462 5373 esset
3479 5290 3710 5397 Ῥῒοῖθθξθ
3740 5290 3781 5397 ξι

2259 5389 2442 5475 nostra
2469 5414 2523 5475 et
2544 5426 2724 5474 vestra
2756 5416 2915 5474 modo
2943 5414 3197 5472 alacritas
3224 5410 3443 5476 certior,
3470 5406 3561 5525 nec

2588 5518 2597 5525 ‘
2667 5507 2717 5525 "
2764 5508 2903 5525 ένί-’λ
2974 5520 2993 5525 ~-=
3043 5506 3274 5525 —-AJl--
3321 5509 3427 5525 ιι...-
3505 5499 3699 5525 Anuli.

2264 5518 2604 5582 Dm’pmpera
2630 5507 2940 5566 viderentur
2962 5520 3081 5578 qua:
3103 5506 3280 5562 adhuc
3321 5509 3431 5558 tam
3472 5492 3532 5554 de
3572 5485 3725 5545 audit?ll

565 5558 793 5582 υιιαιῠιιι
835 5558 890 5579 σι
931 5558 1079 5580 ιυιια
1127 5558 1305 5596 ιιιιμιιι
1349 5558 1649 5592 θυιιαιιιυι,
1684 5558 1945 5598 υυιιιιιιιιυ
1989 5558 2152 5582 δαμιω

565 5611 862 5684 Scriptura:
877 5613 1131 5682 dicentis,
1154 5634 1172 5667 ι
1196 5613 1298 5682 Qui
1324 5616 1607 5686 pecuniam
1635 5632 1785 5671 suam
1804 5631 1907 5671 non
1923 5615 2069 5671 dedit
2095 5616 2152 5672 ad

2265 5558 2604 5582 t"“r""r"-"
2642 5558 2929 5566 --μν-ν---νη
2968 5558 3079 5578 π-ν-

2262 5618 2426 5676 quam
2471 5605 2537 5661 de
2585 5604 2768 5660 audito
2792 5607 3200 5676 praecesserant.
3231 5594 3550 5686 Adveniente
3587 5558 3774 5686 sane”?

564 5720 807 5776 usuram,
844 5726 863 5762 ι
900 5720 1021 5763 cum
1054 5709 1368 5763 lenerantur
1390 5708 1509 5764 aliis
1549 5711 1875 5765 centesimas
1908 5709 2148 5782 exigunt,

560 5796 709 5867 juste
730 5797 920 5855 statuit
942 5806 1189 5856 sanctum
1214 5807 1268 5855 et
1290 5814 1541 5872 magnum
1564 5800 1873 5867 concilium,
1897 5809 1958 5856 ut
1979 5800 2021 5858 si
2044 5800 2152 5874 quis

2266 5792 2448 5851 cilium
2464 5793 2932 5866 congregavimus,
2949 5798 3004 5847 et
3018 5784 3470 5849 credidimusidco
3483 5786 3613 5837 cum!

570 5887 823 5953 inventus
853 5890 1015 5951 fuerit
1040 5900 1161 5969 post
1193 5892 1335 5951 hanc
1362 5891 1728 5955 definitionem
1764 5911 1980 5955 usuram
2022 5895 2163 5955 acci-

2266 5716 2365 5758 nos
2393 5709 2581 5758 sancto
2608 5700 2779 5758 fratre
2803 5704 2858 5758 et
2881 5699 3201 5772 coepiscopo
3230 5705 3416 5754 nostro
3435 5677 3661 5749 Faustino
3682 5673 3774 5761 οοξι·

2268 5792 2447 5822 λείπω..
2467 5793 2907 5822 ηηηηηηηηυςάη...
2950 5798 2999 5822 ηρ
3019 5788 3342 5822 ηκηιιίιιςηηια
3358 5784 3470 5822 tam
3483 5761 3773 5822 pumiliomis‘

2267 5906 2406 5960 sum,
2422 5853 2844 5965 quoniamusicut
2860 5902 2958 5962 per
2977 5888 3094 5964 ejus
3114 5899 3338 5961 Operam
3366 5860 3665 5956 presbyterio
3680 5853 3771 5910 in"
