3910 6444
188 430 303 488 565

1368 430 1864 489 DECRETALIUM
1897 432 2300 493 COLLECTIO.

3368 437 3475 495 566

191 548 442 605 redditus
464 545 663 617 fuerat,
685 548 759 603 ita
784 563 927 604 nunc
948 560 1134 620 posset
1151 551 1218 608 de
1240 552 1405 610 tantis
1421 553 1737 610 criminibus
1752 569 1783 609 a
1810 558 1863 619 Α
1887 569 2102 626 quoque
2124 564 2178 611 et
2216 555 2551 626 sequentium
2597 554 2920 613 clericorum
2962 555 3207 627 improba
3242 555 3473 632 refugis,

188 638 307 712 86
354 636 720 695 Thabracenis
786 638 1012 709 objectis
1068 657 1134 702 eo
1188 641 1469 700 laborante
1517 644 1785 718 purgari,

188 730 350 800 cujus
384 738 532 786 tanta
566 736 631 787 ac
657 736 764 786 tam
790 731 1049 789 immania
1087 726 1289 805 flagitia
1314 720 1576 793 decursus
1616 736 1787 794 nostri

187 816 413 880 concilii
450 840 679 880 examen
732 824 963 894 invenit,
1011 836 1071 883 ut
1112 831 1397 885 memorati
1428 830 1787 902 patrocinium

186 917 378 989 potius
408 933 570 988 quam
604 916 870 989 judicium
902 933 968 974 ac
1010 916 1311 977 defensoris
1350 924 1521 995 magis
1566 938 1787 994 Operam

186 1012 358 1082 quani
393 1009 771 1083 disceptatoris
804 1012 1077 1084 justitiam
1128 1024 1469 1086 superarent.
1515 1004 1649 1073 Nam
1679 1018 1790 1090 pri-

185 1118 340 1159 mum
372 1110 638 1174 quantum
658 1105 929 1161 obstiterit
950 1105 1098 1163 omni
1124 1098 1526 1181 congregationi
1548 1108 1790 1168 diversas

186 1186 427 1269 injurias
448 1197 770 1271 ingerendo,
797 1200 953 1271 quasi
983 1200 1229 1258 ecclesiae
1252 1201 1514 1260 Romanae
1541 1219 1791 1269 asserens

182 1288 496 1365 privilegia,
524 1303 578 1349 et
599 1295 783 1351 volens
797 1292 917 1351 eum
934 1314 964 1353 a
990 1297 1143 1355 nobis
1168 1296 1222 1353 in
1247 1298 1680 1358 communionem
1702 1317 1792 1358 su-

182 1385 350 1455 scipi,
369 1402 528 1457 quem
549 1395 636 1442 tua
682 1380 940 1445 sanctitas
957 1390 1184 1448 credens
1206 1392 1505 1464 appellasse
1517 1388 1660 1466 quod
1672 1411 1792 1468 pro-

183 1478 320 1534 bare
350 1494 460 1533 non
476 1479 1377 1553 potnitcommunionireddiderat,
1407 1482 1551 1556 quod
1568 1482 1791 1543 minime

184 1573 375 1624 tamen
422 1568 619 1636 licuit,
652 1568 795 1643 quod
841 1572 1007 1628 etiam
1036 1574 1314 1647 gestorum
1372 1576 1567 1633 melius
1604 1593 1671 1633 ex
1714 1574 1789 1649 le-

184 1661 374 1717 ctione
439 1677 774 1733 cognosces,
827 1656 1079 1722 triduano
1136 1668 1315 1723 tamen
1366 1660 1793 1728 laboriosissimo

184 1750 613 1825 agilatoj'udicio
633 1768 755 1809 cum
778 1755 992 1811 diversa
1019 1755 1195 1812 eidem
1212 1746 1421 1827 objecta
1443 1742 1793 1817 amictissime

182 1850 564 1916 quaereremus
616 1842 701 1901 vel
748 1844 931 1903 moras
974 1846 1278 1920 coepiscopi
1308 1850 1480 1905 nostri
1524 1846 1789 1918 Faustini,

1890 646 2033 705 sicut
2059 658 2111 705 te
2140 650 2357 721 dignum
2387 660 2493 718 est,
2542 649 2766 722 repellat
2800 649 3064 707 sanctitas
3108 658 3233 718 tua,
3261 650 3388 722 quia
3421 662 3477 711 et

1889 730 2034 792 nulla
2090 747 2301 808 patrum
2353 722 2663 796 definitione
2718 740 2823 797 hoc
2863 739 3104 797 ecclesia:
3163 740 3479 816 derogatum

1889 838 1973 885 est
1999 820 2359 894 Africanae,et
2385 818 2602 886 decreta
2629 820 2845 888 Nicaena
2886 832 2999 888 sive
3044 832 3323 891 inferioris
3351 849 3479 907 gra-

1889 918 1990 976 dus
2018 916 2265 985 clericos,
2297 918 2410 975 sive
2431 922 2710 994 episcopos
2732 922 2878 992 ipsos
2905 925 3018 980 suis
3041 926 3476 997 metropolitants

1889 1013 2157 1086 episcopis
2169 1015 2507 1086 apertissime
2520 1017 2872 1074 commiserit.
2891 1018 3318 1078 Prudentissime
3332 1022 3479 1079 enim

1885 1094 2295 1179 justissimeque
2344 1108 2598 1191 viderunt
2637 1126 2991 1183 quaecumque
3045 1114 3259 1187 negotia
3286 1114 3342 1170 in
3365 1114 3482 1172 suis

1891 1194 2027 1257 locis
2056 1199 2147 1255 ubi
2176 1207 2298 1258 orta
2338 1209 2467 1257 sunt
2495 1200 2734 1257 finienda
2762 1244 2777 1268 ,
2812 1219 2914 1259 nec
2961 1203 3254 1276 unicuique
3292 1205 3481 1276 provi-

1892 1291 2086 1373 dentiae.
2129 1291 2362 1364 gratiam
2408 1292 2634 1365 spiritus
2680 1293 2989 1373 defuturam
3034 1311 3142 1366 qua
3186 1295 3417 1367 aequitas
3448 1310 3485 1352 ι

1891 1368 2093 1439 Christi
2122 1381 2515 1452 sacerdotibus,
2546 1393 2602 1441 et
2626 1368 2922 1456 prudenter
2960 1385 3228 1452 videatur,
3280 1396 3336 1442 et
3353 1400 3486 1443 oon-

1892 1472 2224 1530 stantissime
2271 1483 2559 1543 teneatur,
2608 1476 2954 1546 maximeque
3011 1475 3302 1546 unicuique
3356 1492 3486 1533 con-

1893 1586 2104 1627 cessum
2143 1579 2250 1638 est.
2296 1571 2342 1627 si
2376 1571 2582 1643 judicio
2608 1571 2777 1627 fuerit
2820 1570 3060 1629 offensus
3103 1572 3441 1644 cognitorum
3465 1611 3484 1639 ,

1893 1662 1960 1718 ad
1988 1663 2215 1719 concilia
2247 1663 2542 1735 provincia:
2569 1679 2704 1729 sum,
2728 1664 2816 1720 vel
2838 1664 3006 1720 etiam
3028 1664 3334 1721 universale
3368 1679 3489 1735 pro-

1892 1770 2110 1821 vocare,
2145 1756 2246 1811 nisi
2276 1755 2414 1812 forte
2441 1756 2729 1827 quisquam
2754 1766 2841 1812 est
2865 1758 2958 1829 qui
2995 1758 3184 1815 credat
3224 1758 3478 1815 unicuili-

1893 1846 1987 1902 bet
2012 1860 2170 1917 posse
2198 1846 2366 1902 Deum
2416 1856 2660 1903 nostrum
2704 1849 2971 1905 examinis
3019 1849 3290 1921 inspirare
3328 1849 3489 1920 justi-

184 1936 279 2013 νεὶΔ
316 1940 796 2013 tergiversationes
838 1941 1005 2014 ipsius
1033 1940 1262 2014 Apiarii,
1295 1940 1493 2014 quibus
1531 1940 1793 2003 nefandas
1821 1933 1868 1993 B
1896 1930 2072 2022 tiam,
2119 1948 2172 1994 et
2199 1939 2687 2001 innumerabilibus
2714 1942 3054 2016 congregatis
3093 1943 3151 1999 in
3196 1942 3489 2001 concilium

185 2032 559 2106 turpitudines
605 2024 859 2089 occulere
908 2032 1241 2103 conabatur,
1305 2035 1447 2091 Deus
1477 2030 1661 2106 justus
1704 2036 1792 2110 ju-

184 2122 319 2193 dex,
370 2122 530 2183 fortis
572 2126 627 2183 et
670 2127 883 2199 patiens
921 2135 977 2181 et
1016 2118 1382 2201 longanimis,
1412 2144 1609 2200 magno
1644 2147 1793 2185 com-

184 2219 395 2294 pendio
451 2224 738 2277 resecavit.
802 2204 1053 2277 'i'etriore
1117 2221 1317 2293 quippe
1374 2238 1438 2278 ac
1493 2220 1796 2295 putridiore

184 2312 561 2369 obstinatione
584 2324 915 2383 compressa,
948 2330 1053 2384 qua
1086 2321 1291 2368 tantum
1329 2311 1551 2370 lividum
1579 2331 1793 2371 ctenum

186 2402 531 2474 impudentia
577 2402 883 2476 negationis
913 2402 1128 2460 volebat
1163 2403 1427 2472 obruere,
1457 2406 1571 2462 Deo
1611 2417 1796 2463 nostro

186 2496 307 2567 ejus
339 2497 733 2553 conscientiam
764 2496 1113 2566 cohortante,
1146 2500 1201 2554 et
1242 2496 1451 2555 occulta
1489 2514 1608 2571 quae
1655 2496 1797 2558 illius

185 2584 243 2645 in
273 2588 447 2645 corde
478 2599 733 2659 tanquam
772 2590 829 2669 in
853 2587 1141 2647 volutabro
1168 2591 1460 2648 criminum
1486 2592 1601 2665 jam
1646 2588 1799 2651 dam-

186 2679 356 2736 nabat
378 2678 553 2737 etiam.
574 2678 883 2736 hominibus
914 2679 1246 2753 publicante,
1264 2686 1486 2755 repente
1504 2685 1560 2739 in
1588 2683 1804 2741 confes-

186 2771 342 2829 sione
370 2766 693 2833 cunctb‘runi
722 2770 1057 2841 Objectornm
1098 2772 1429 2846 ﬂagitiortim
1460 2770 1678 2833 dolosus
1706 2791 1799 2832 ne-

187 2872 349 2940 gator
394 2864 596 2936 erupit,
629 2864 684 2921 et
715 2858 932 2920 tandem
986 2862 1052 2921 de
1098 2856 1354 2923 omnibus
1390 2867 1802 2926 incredibilibus

186 2956 498 3031 opprobriis
534 2958 887 3030 spontaneus,
913 2973 973 3014 se
993 2956 1109 3031 ipse
1146 2959 1404 3028 convicit,
1435 2966 1599 3034 atque
1627 2956 1799 3033 ipsam

187 3066 411 3124 quoque
455 3050 697 3107 uestram
739 3066 912 3123 spem,
940 3067 1047 3123 qua
1075 3067 1198 3107 eum
1230 3056 1285 3107 et
1305 3046 1662 3109 credebamns
1687 3093 1701 3117 ,
1746 3060 1802 3109 et

190 3142 520 3217 optabamus
545 3141 611 3199 de
658 3150 765 3198 tam
796 3140 1063 3214 pudendis
1096 3142 1321 3199 maculis
1363 3157 1524 3215 posse
1552 3142 1796 3217 purgari,

191 3235 464 3313 convertit
479 3234 532 3290 in
556 3235 806 3309 gemitus,
826 3235 928 3291 nisi
946 3237 1199 3307 quoniam
1220 3235 1378 3292 istam
1401 3244 1640 3292 nostram
1658 3248 1796 3292 nue-

191 3324 398 3403 stitiam
430 3344 538 3403 uno
571 3334 777 3383 tantum
809 3327 1004 3383 sdlatio
1031 3326 1314 3399 mitigavit,
1343 3327 1485 3398 quod
1516 3335 1569 3382 et
1592 3336 1691 3383 nos
1718 3327 1796 3383 la-

193 3418 325 3481 bore
344 3400 713 3478 diuturnioris
740 3414 1058 3491 quaestionis
1086 3414 1318 3473 absolvit
1343 3457 1358 3483 ,
1385 3424 1442 3473 et
1469 3417 1581 3473 suis
1608 3415 1795 3473 vulne-

196 3515 345 3571 ribus
379 3511 814 3586 Qualemcunqne
854 3509 1141 3577 medelam,
1173 3508 1228 3566 et
1264 3498 1389 3565 siin
1425 3508 1535 3565 vita
1580 3522 1644 3566 ac
1696 3525 1794 3567 sua

193 3598 536 3664 conscientia
601 3603 901 3661 reluctante
962 3599 1306 3659 confessione
1372 3598 1649 3673 providit,
1696 3601 1794 3657 do-

197 3698 345 3757 mine
377 3697 567 3765 frater.
599 3696 833 3755 Prmfato
860 3696 1043 3769 itaque
1075 3692 1270 3752 debita:
1304 3692 1647 3752 salutationis
1676 3690 1791 3751 oili-

195 3791 279 3851 cio
306 3789 604 3865 plurimum
633 3788 906 3867 impendio
937 3786 1315 3860 deprecamur,
1350 3786 1410 3842 ut
1440 3786 1690 3857 deinceps
1725 3786 1793 3842 ad

194 3893 409 3943 vestras
449 3888 609 3941 aures
651 3876 779 3941 hinc
816 3877 1092 3938 vcnientes
1123 3892 1228 3938 non
1258 3879 1469 3953 facilius
1496 3876 1796 3937 admittatis

196 3993 298 4036 nec
321 3994 355 4034 a
386 3976 545 4034 nobis
574 3974 1076 4032 excommunicatos
1099 3973 1153 4029 in
1182 3973 1616 4034 communionem
1650 3972 1794 4029 ultra

196 4068 378 4125 velitis
414 4066 693 4139 excipere,
734 4068 861 4139 quia
924 4060 1029 4124 hoc
1079 4064 1247 4123 etiam
1295 4062 1516 4123 Mesene
1564 4058 1794 4122 cencriio

199 4160 482 4218 definitum
511 4158 668 4216 facile
708 4161 939 4216 advertit
985 4159 1367 4217 venerabilitas
1415 4170 1526 4216 tua.
1561 4157 1699 4215 Nam
1738 4168 1796 4216 et

199 4253 244 4310 si
268 4254 338 4311 de
369 4251 721 4311 inferioribus
750 4254 963 4311 clericis
978 4254 1058 4310 vel
1081 4254 1233 4311 laicis
1246 4254 1459 4311 videtur
1487 4255 1558 4310 ibi
1584 4270 1791 4326 praaca-

200 4352 331 4420 veri,
361 4359 567 4423 quanto
594 4350 768 4422 magis
792 4349 895 4408 hoc
920 4351 986 4407 de
1011 4350 1282 4423 episcOpis
1302 4349 1473 4407 voluit
1488 4340 1790 4418 observari,

201 4460 301 4504 nec
337 4447 394 4503 in
450 4461 546 4503 sua
596 4447 874 4518 provincia
903 4448 1286 4504 communione
1330 4446 1577 4519 suspensi
1633 4461 1663 4499 a
1702 4453 1793 4501 tua

204 4542 490 4599 sanctitate
520 4550 725 4598 temere
744 4541 831 4598 vel
852 4540 1127 4608 festinato,
1154 4555 1500 4613 praepropere
1528 4538 1611 4597 vel
1640 4538 1792 4597 inde-

1894 2026 2172 2085 Nicaanum
2236 2028 2612 2087 sacerdotibus
2671 2032 2986 2104 denegare,
3058 2041 3154 2090 aut
3216 2032 3490 2105 quomodo

1894 2120 2069 2191 ipsum
2103 2120 2526 2176 transmarinum
2569 2120 2833 2193 judicium
2878 2132 3058 2180 ratum
3086 2123 3212 2191 erit,
3240 2122 3308 2177 ad
3346 2120 3490 2194 quod

1897 2212 2113 2269 testium
2144 2208 2465 2270 necessariae
2508 2228 2754 2285 personae
2796 2214 2880 2270 vel
2930 2224 3149 2287 propter
3195 2215 3491 2272 senectutis

1896 2303 2292 2370 infirmitatem,
2326 2300 2410 2359 vel
2440 2298 2625 2360 multis
2653 2302 2772 2360 aliis
2808 2304 3297 2362 intercurrentibus
3320 2305 3492 2376 impe-

1898 2388 2151 2450 dimentis
2180 2380 2373 2449 adduci
2417 2410 2526 2450 non
2553 2405 2861 2466 potuerunt.
2898 2394 3036 2453 Nam
3074 2406 3137 2453 ut
3179 2396 3345 2467 aliqui
3374 2404 3492 2451 tan-

1900 2502 2063 2559 quam
2091 2503 2121 2541 a
2147 2486 2250 2542 tua‘:
2284 2484 2586 2543 sanctitatis
2609 2480 2779 2543 latere
2823 2491 3133 2559 mittantur,
3165 2490 3311 2545 nulla
3341 2488 3493 2546 inve-

1900 2579 2080 2635 nimus
2102 2588 2315 2650 patrum
2346 2578 2552 2652 synodo
2581 2581 2961 2650 constitutum,
3010 2582 3139 2655 quia
3168 2581 3299 2638 illud
3348 2580 3495 2652 quod

1898 2671 2109 2745 pridem
2154 2674 2251 2743 per
2280 2671 2531 2727 eumdem
2572 2670 2951 2745 coepiscopum
2999 2684 3246 2731 nostrum
3282 2672 3494 2729 Fausti-

1900 2776 2029 2820 num
2060 2771 2319 2836 tauquam
2342 2778 2406 2820 cx
2436 2764 2587 2836 parte
2607 2760 2814 2821 Niemni
2842 2758 3056 2822 concilii
3082 2764 3278 2822 exinde
3318 2774 3496 2822 trans-

1901 2854 2128 2913 misistis
2148 2855 2202 2912 in
2233 2855 2480 2913 conciliis
2504 2848 2827 2926 verioribus,
2860 2872 2981 2931 quae
3024 2857 3368 2930 accipiuntur
3397 2857 3495 2913 Ni-

1903 2948 2037 3004 catnl
2070 2954 2100 3002 a
2134 2948 2323 3004 sancto
2342 2942 2545 3022 Cyrillo
2566 2948 2888 3022 coepiscOpo
2912 2961 3101 3006 nostro
3114 2948 3494 3005 Alexandrinae

1901 3040 2146 3097 ecclesia
2182 3049 2237 3096 et
2266 3050 2298 3096 ιι
2345 3042 2642 3099 venerabili
2680 3042 2861 3100 Attico
2889 3040 3493 3114 Constantinopolitano

1901 3129 2147 3189 antistite
2196 3142 2261 3189 ex
2307 3122 2640 3192 Anthentico
2683 3135 2887 3204 missis,
2922 3151 3042 3208 quae
3070 3134 3235 3192 etiam
3262 3130 3495 3191 antehac
3570 3154 3573 3157 ·

1904 3230 2002 3295 per
2026 3222 2395 3282 Innocentium
2423 3226 2813 3301 presbyterum
2843 3224 2898 3285 et
2933 3212 3246 3287 Marcellum
3272 3227 3501 3287 subdia-

1901 3336 2117 3395 conum,
2151 3334 2248 3391 per
2265 3336 2403 3393 quos
2431 3316 2501 3378 ad
2526 3339 2626 3379 nos
2651 3320 2720 3379 ab
2748 3324 2827 3381 eis
2850 3318 3054 3382 directa
3093 3337 3242 3395 sunt,
3274 3342 3495 3384 venera-

1896 3413 2022 3469 bilis
2051 3414 2329 3470 ntemoria!
2373 3410 2648 3473 Bonifaclo
2674 3417 2929 3488 episeopo
2965 3418 3355 3489 praedecessori
3394 3434 3494 3474 no-

1898 3508 2014 3561 stro
2039 3520 2068 3560 a
2097 3502 2251 3562 nobis
2284 3507 2606 3563 transmissa
2650 3517 2811 3575 sunt,
2845 3509 2899 3563 in
2927 3508 3124 3582 quibus
3150 3509 3259 3566 tale
3290 3508 3495 3579 aliquid

1896 3612 2004 3654 non
2032 3597 2310 3671 potuimus
2353 3600 2614 3672 reperire.
2647 3599 3007 3658 Exsecutores
3046 3600 3216 3658 etiam
3265 3601 3495 3656 clericos

1896 3701 2107 3750 vestros
2134 3690 2439 3765 quibnStjue
2459 3694 2767 3771 petentibus
2814 3692 2984 3752 nolite
3029 3697 3278 3761 mittere,
3328 3692 3495 3749 nolite

1899 3782 2219 3853 concedere,
2252 3794 2319 3843 tie
2340 3785 2608 3844 famosum
2640 3786 2825 3862 typum
2868 3786 3049 3845 smcnli
3096 3788 3151 3843 in
3194 3784 3492 3844 Ecclesium

1897 3876 2098 3936 Christi
2131 3890 2253 3953 quae
2289 3868 2467 3949 lucem
2498 3878 2865 3951 simplicitatis
2906 3890 2962 3936 et
2987 3878 3309 3936 humilitatis
3351 3876 3495 3934 diem

1898 3962 2109 4029 Domini
2140 3971 2324 4028 videre
2349 3973 2694 4043 cupientibus
2721 3973 2974 4045 praefert,
3017 3972 3302 4041 videamur
3340 3972 3496 4028 indu-

1899 4066 2045 4125 cere.
2072 4054 2212 4123 Nam
2241 4056 2308 4123 de
2328 4062 2499 4123 fratre
2526 4062 3022 4137 nostroFaustino,
3050 4074 3232 4119 amoto
3252 4063 3368 4137 jam
3397 4078 3495 4133 pro

1897 4159 2013 4217 suis
2042 4158 2290 4215 nefandis
2320 4158 2577 4230 nequitiis
2626 4154 2694 4216 de
2734 4154 2936 4215 Christi
2982 4154 3225 4213 Ecclesia
3263 4154 3496 4212 dolendo

1896 4244 2124 4325 Ipiario
2146 4242 2325 4312 securi
2355 4269 2563 4320 sumus,
2598 4254 2741 4325 quod
2771 4271 2895 4309 eum
2917 4253 3186 4325 probitate
3216 4268 3281 4307 ac
3312 4250 3498 4306 mode-

1898 4346 2109 4402 ratione
2138 4356 2244 4403 tnm
2268 4345 2598 4415 sanctitatis,
2632 4345 2783 4403 salva
2834 4343 3071 4402 fraterna
3123 4345 3389 4401 charitate
3417 4342 3500 4397 ul-

1900 4441 2071 4499 terius
2097 4441 2157 4497 in
2201 4439 2383 4498 Africa
2432 4440 2658 4496 minime
2693 4438 2966 4496 sustinere
3009 4436 3277 4508 patiatur,
3305 4432 3497 4491 et-alia

1897 4553 2061 4593 manu
2110 4555 2123 4591 :
2172 4535 2431 4592 Dominus
2472 4543 2660 4592 noster
2704 4533 3050 4591 sanctitatem
3095 4539 3333 4586 vestram
3382 4542 3499 4583 aevo

204 4634 329 4694 bitas
355 4635 645 4693 videantur
663 4633 1029 4695 communioni
1070 4633 1306 4702 restitui,
1350 4632 1793 4704 presbyterorum
1824 4662 1876 4726 υ
1899 4627 2145 4700 longiore
2162 4638 2408 4686 orantem
2435 4643 2536 4702 pro
2568 4626 2728 4683 nobis
2753 4625 3046 4691 custodiat,
3071 4623 3287 4679 domine
3307 4620 3496 4676 frater.

214 4743 3474 4778 WM

813 4835 1163 4894 INCIPIUNT
1190 4832 1541 4893 CAPITULA
1581 4830 1879 4890 GONGILII
1915 4824 2521 4887 CARTHAGINENSIS
2550 4823 2846 4882 SEPTIMI.

276 4979 328 5036 l.
370 4979 449 5035 De
475 4972 961 5034 excommunicatis
999 4980 1059 5028 ut
1095 4967 1165 5028 ad
1212 4966 1535 5027 clericorum
1584 4976 1804 5023 accusa-

213 5071 412 5128 tionem
440 5087 547 5127 non
578 5070 956 5126 admittantur.

276 5161 331 5217 2.
363 5159 442 5216 De
487 5159 735 5233 personis
781 5154 978 5230 quibus
1025 5154 1349 5214 clericorum
1397 5150 1677 5212 accusatio
1721 5149 1805 5206 in-

217 5252 514 5311 terdicitur.

279 5344 336 5402 5.
378 5340 458 5402 De
482 5344 571 5402 his
599 5342 697 5417 qui
716 5341 953 5416 primum
991 5342 1203 5401 crimen
1236 5340 1514 5414 obiectum
1543 5350 1654 5398 non
1675 5350 1803 5411 pro-

1882 4966 2107 5025 .barunt
2131 4972 2191 5021 nt
2218 4964 2286 5020 ad
2312 4973 2508 5021 caetera
2540 4976 2647 5018 non
2677 4956 3053 5015 admittuntur.

1979 5060 2034 5116 4.
2074 5059 2151 5115 De
2176 5058 2425 5132 personis
2448 5070 2568 5129 quae
2591 5055 2849 5112 adversus
2878 5050 3107 5108 clericos
3134 5049 3502 5107 testimonium

1910 5150 2090 5207 dicere
2115 5151 2492 5223 prohibentur.

1976 5243 2031 5300 5.
2074 5244 2152 5300 De
2176 5258 2243 5299 eo
2271 5257 2434 5316 quem
2471 5239 2588 5298 solo
2629 5235 2941 5295 testimonio
2974 5236 3378 5312 praesumpserit
3403 5247 3501 5290 ex-

1906 5332 2433 5393 communicandum.

1724 5467 2078 5494 ..π--υ--ι

582 5574 986 5671 INCIPIT
1039 5576 1620 5671 CONCILIUM
1678 5577 2536 5669 CABTHAGINENSE
2594 5568 3138 5652 SEPTIMUM

1216 5724 1606 5790 TRIGINTA
1649 5721 1867 5787 OCTO
1911 5712 2497 5783 EPISCOPORUM.

246 5894 251 5897 τ
286 5850 417 5908 Post
454 5851 796 5910 mulas-tl
839 5850 1356 5924 gloriosissimon
1419 5849 1811 5920 imperatorum

222 5942 445 6006 Honorii
499 5946 648 6007 tertii
675 5986 692 6019 ,
737 5954 795 6006 et
842 5943 1133 6009 Theodosii
1166 5942 1385 6012 octavi,
1416 5943 1805 6016 Augustorum,

1921 5846 2081 5905 tertio
2115 5844 2372 5902 Kalendis
2397 5842 2526 5901 Julii
2556 5838 2904 5911 Carthagine,
2944 5836 3001 5892 in
3047 5831 3341 5891 secretario
3360 5828 3506 5885 basi-

1914 5939 2032 5999 licae
2078 5939 2341 6001 restitutae
2368 5977 2383 6006 ,
2434 5950 2556 5993 cum
2599 5930 2853 5989 Aurelius
2904 5927 3188 6004 episcopus
3232 5938 3339 5981 una
3384 5936 3506 5978 cum
