3834 5428
446 406 557 471 567

1290 403 1578 460 APPEND.
1610 403 1702 461 AD
1727 401 1901 463 SMC.
1934 401 2028 459 IX.
2056 433 2133 469 ,--

2169 402 2421 462 lSlDORI
2455 397 2896 459 MERCATORIS
3608 389 3696 445 δᾶ

455 519 714 578 Faustino
744 496 985 583 ecclesia
1011 522 1310 580 Potentina
1349 523 1643 595 provincia
1671 521 1835 578 Italia
1863 520 2047 579 Piceni
2073 527 2127 586 A
2220 525 2307 580 lll.
2346 524 2479 580 Item
2513 521 2750 595 placuit,
2778 519 3204 591 quotiescunque
3237 511 3449 570 clericis
3474 509 3537 567 ab
3563 526 3699 567 acau-

456 615 638 686 legato
692 615 952 672 Romana
1012 616 1266 673 Ecclesia
1295 658 1311 683 ,
1375 615 1664 674 Vincentio
1711 615 2004 675 Culusiano
2028 657 2044 685 ,

458 707 848 765 Fortunatiano
893 707 1247 780 Neapolitano
1272 750 1289 776 ,
1332 707 1614 766 Mauriano
1654 708 2044 782 Uzipparensi,

457 797 740 855 Adeodato
783 796 1062 866 Simidico,
1109 798 1370 857 Pentadio
1415 799 1739 872 Carpitauo,
1765 800 2051 857 Ruﬁniano

458 887 739 946 lluzuensi
763 931 778 956 ,
820 888 1121 947 Pratexato
1169 890 1499 959 Sicilibensi,
1540 890 1912 959 Quodvultdeo
1940 889 2048 949 Ve—

458 979 628 1047 rensi,
659 977 900 1036 Candido
928 980 1232 1049 Abiritano,
1264 981 1587 1039 Galloniano
1614 981 1861 1042 Uticensi
1899 982 2048 1054 lega-

458 1068 552 1137 tis,
598 1070 891 1142 provincia
916 1072 1204 1143 Numidia,
1251 1074 1679 1146 proconsularis,
1714 1074 1928 1148 Alippio
1952 1074 2054 1132 Ta-

456 1163 629 1232 gensi,
659 1165 963 1238 Augustino
989 1167 1235 1239 Hippone
1264 1169 1515 1242 Regiensi
1536 1210 1551 1236 ,
1587 1179 1643 1226 et
1677 1168 1924 1227 Possidio
1945 1170 2053 1225 Ca-

454 1252 684 1311 lamensi
753 1256 947 1329 legatis
1016 1260 1310 1330 provincia:
1360 1259 1624 1317 Numidia
1658 1304 1677 1330 ,
1729 1260 2054 1317 Maximiano

437 1342 781 1415 'Aquiregni,
810 1344 1052 1405 Jocundo
1074 1349 1430 1418 Sullitulensi,
1462 1361 1520 1408 et
1556 1350 1803 1408 Hilarino
1827 1351 2056 1409 Herreo-
2134 1360 2137 1363 '

459 1432 699 1491 celerum
730 1437 920 1510 legatis
946 1442 1239 1512 provincia
1282 1441 1631 1512 Bizaneena,
1674 1443 1884 1500 Novato
1923 1442 2056 1500 Siti-

440 1528 601 1583 .tensi
626 1568 643 1597 ,
674 1538 731 1586 et
767 1530 949 1590 Leone
996 1533 1221 1605 Opteusi
1269 1536 1459 1606 legatis
1512 1536 1807 1608 provincia
1854 1535 2055 1593 Mauri-

462 1622 622 1676 tania
668 1621 968 1693 Sitifensis,
1001 1626 1211 1685 Nivello
1245 1628 1566 1697 Rusurensi,
1607 1629 1901 1686 Laurentio
1934 1628 2053 1685 leo-

456 1715 657 1783 sitano,
687 1726 743 1773 et
771 1716 1101 1776 Numeriano
1128 1721 1489 1795 Nusgumensi
1521 1721 1734 1794 legatis,
1760 1721 2053 1794 provincia

458 1807 796 1869 Mauritania
826 1812 1196 1882 Casariensis,
1223 1817 1289 1872 ab
1323 1817 1594 1874 universis
1641 1815 1872 1873 concilio
1907 1814 2053 1886 judi-

2134 618 2424 676 satoribus
2457 619 2626 675 multa
2664 613 2897 672 crimina
2943 609 3271 682 objiciuntur
3294 648 3309 674 ,
3355 613 3414 662 et
3447 619 3604 660 unum
3644 620 3700 661 ex

2147 712 2281 784 ipsis
2307 710 2375 767 de
2405 726 2513 783 quo
2540 709 2691 782 prius
2726 704 2919 778 egerit,
2953 706 3184 776 probare
3213 715 3323 757 non
3363 696 3622 764 voluerit,
3646 696 3701 752 ad

2150 816 2347 866 catera
2377 821 2485 864 non
2510 801 2847 861 admittatur.

2220 901 2310 958 IV.
2356 899 2548 956 Testes
2578 906 2759 955 autem
2804 893 2869 949 ad
2914 889 3285 949 testimonium
3308 902 3420 944 non
3447 884 3704 941 admitten-

2150 992 2271 1061 dos,
2296 992 2390 1064 qui
2416 1006 2517 1048 nec
2541 989 2609 1046 ad
2638 987 3040 1046 accusationem
3070 982 3281 1041 admitti
3308 978 3558 1053 pracepti
3581 986 3703 1043 sunt,

2152 1084 2238 1141 vel
2262 1083 2428 1140 etiam
2454 1096 2593 1154 quos
2632 1080 2750 1151 ipse
2779 1086 3063 1135 accusator
3092 1078 3159 1131 de
3203 1073 3368 1129 domo
3406 1085 3502 1126 sua
3532 1068 3704 1140 produ-

2153 1178 2298 1234 xerit
2324 1219 2339 1245 ,
2367 1176 2437 1233 ad
2466 1173 2836 1232 testimonium
2869 1179 3052 1227 autem
3092 1167 3239 1226 infra
3270 1178 3443 1222 annos
3485 1169 3708 1233 quatuor-

2155 1272 2330 1329 decim
2357 1269 2534 1327 atatis
2558 1282 2670 1325 sua
2699 1280 2806 1321 non
2836 1263 3209 1320 admittantur.

2226 1366 2293 1422 γ.
2339 1364 2475 1421 Item
2534 1359 2782 1434 placuit,
2832 1366 2894 1413 ut
2936 1358 2985 1413 si
3024 1354 3241 1427 quando
3285 1353 3567 1424 episcopus
3606 1349 3711 1404 dicit

2155 1456 2393 1528 aliquem
2418 1454 2523 1512 sibi
2546 1452 2647 1510 soli
2684 1450 2963 1524 proprium
2989 1449 3193 1504 crimen
3221 1445 3390 1502 fuisse
3413 1441 3711 1505 confessum,

2156 1559 2322 1621 atque
2349 1548 2439 1606 ille
2486 1554 2667 1621 neget,
2697 1561 2807 1603 non
2852 1551 3005 1617 putet
3034 1542 3101 1598 ad
3146 1540 3399 1611 injuriam
3445 1552 3591 1594 suam
3622 1534 3715 1607 cpio

2154 1661 2324 1717 copus
2367 1644 2664 1716 pertinere,
2713 1639 2860 1712 quod
2905 1638 2984 1694 illi
3014 1636 3113 1694 soli
3150 1630 3263 1692 non
3303 1633 3562 1698 creditur,
3599 1639 3648 1684 et
3679 1644 3716 1701 si

2156 1736 2410 1807 scrupulo
2439 1734 2671 1806 propria
2700 1730 3048 1789 conscientia
3079 1744 3138 1786 se
3179 1726 3318 1783 dixit
3352 1722 3570 1796 neganti
3602 1718 3717 1776 nolle

2155 1822 2581 1888 communicare,
2636 1818 2896 1893 quamdiu
2930 1812 3400 1874 excommunicato
3431 1812 3562 1868 ‘non
3598 1824 3718 1867 com.

457 1900 612 2003 Cibus
640 1903 865 2003 delectis
896 1907 1202 1964 astantibus
1232 1907 1551 1965 diaconibus
1584 1909 1953 1975 consedisset,
1999 1917 2055 1964 et
2076 1922 2133 2003 ’Β
2161 1915 2522 1974 municaverit
2549 1928 2679 1970 suus
2706 1913 2994 1985 episcopus
3013 1909 3193 1966 eidem
3219 1908 3496 1979 episcopo,
3529 1903 3596 1958 ab
3621 1901 3718 1956 aliis

438 1998 786 2069 quibusdam
815 2004 1056 2073 peractis
1107 2003 1261 2059 multi
1291 2004 1531 2074 episcopi
1570 2012 1894 2059 caterorum
1930 2018 2056 2073 per-

457 2092 794 2160 agendorum
834 2109 1019 2150 moras
1056 2111 1115 2151 se
1139 2103 1620 2165 conquarerentur
1651 2094 1919 2151 sustinere
1954 2107 2060 2149 non

460 2199 626 2256 posse
647 2226 663 2253 ,
692 2196 748 2242 et
775 2189 844 2244 ad
870 2190 1121 2260 proprias
1163 2190 1425 2246 ecclesias
1462 2188 1786 2245 festinarent
1812 2228 1827 2254 ,
1860 2186 2063 2259 placuit

463 2272 726 2335 universo
776 2280 1047 2346 concilio,
1088 2289 1149 2336 ut
1195 2282 1263 2337 ab
1320 2281 1574 2338 omnibus
1615 2279 1948 2351 eligerentur
1997 2279 2066 2335 de

466 2370 699 2441 singulis
733 2373 1039 2445 quibusque
1066 2375 1382 2447 provinciis,
1413 2376 1508 2447 qui
1558 2382 1781 2447 propter
1809 2372 1916 2429 alia
1943 2386 2066 2443 per-

464 2463 674 2533 agenda
700 2464 1026 2533 residerent,
1048 2474 1103 2523 et
1131 2466 1331 2524 factum
1361 2474 1446 2524 est
1475 2477 1534 2523 ut
1552 2468 1609 2525 hi
1632 2467 1887 2524 adessent
1926 2479 2064 2536 quo-

466 2569 588 2611 rum
616 2556 1045 2629 subscriptiones
1076 2574 1169 2617 eos
1188 2559 1430 2618 adfuisse
1460 2569 1747 2618 testantur.
1814 2576 1817 2577 '

531 2649 663 2706 Car.
692 2650 736 2706 ι.
768 2652 1088 2726 Placuitque
1111 2695 1127 2721 ,
1166 2654 1428 2725 quoniam
1466 2655 1840 2726 superioribus
1886 2657 2071 2713 conci-
2130 2644 2137 2651 ’

457 2742 659 2801 liorum
684 2747 921 2805 decretis
948 2749 1014 2804 de
1044 2752 1292 2820 personis
1320 2763 1442 2820 qua
1464 2749 1815 2805 admittenda
1843 2759 1971 2807 sunt
1997 2750 2068 2807 ad
2134 2740 2139 2745 ’

466 2839 875 2897 accusationem
922 2841 1244 2898 clericorum
1283 2842 1398 2914 jam
1447 2843 1803 2899 constitutum
1841 2853 1965 2911 est,
2014 2851 2073 2901 et

466 2948 590 3002 qua
615 2949 861 3004 persona
888 2952 999 2992 non
1025 2937 1385 2993 admittantur
1422 2938 1537 3011 jam
1581 2953 1901 3010 expressum
1949 2948 2069 3006 est,

468 3027 676 3083 idcirco
724 3028 1014 3087 deﬁnimus
1058 3046 1185 3087 eum
1241 3032 1347 3088 rite
1391 3033 1460 3090 ad
1513 3035 1915 3091 accusationem
1962 3049 2072 3091 non

468 3122 704 3189 admitti,
730 3125 822 3195 qui
855 3133 1208 3196 posteaquam
1257 3126 1761 3183 exeommunicatus
1810 3126 1976 3182 fuerit
2016 3128 2071 3182 in

470 3213 592 3284 ipsa
638 3215 816 3272 adhuc
843 3218 1407 3276 excommunicatione
1439 3220 1799 3287 constitutus,
1853 3219 1971 3277 sive
1999 3221 2072 3276 sit

472 3310 730 3379 clericus,
761 3313 875 3369 sive
900 3314 1093 3382 laicus,
1117 3329 1378 3371 accusare
1408 3315 1661 3371 voluerit.
1820 3298 1826 3305 ’

2164 2026 2273 2066 non
2299 2005 2730 2065 communicetur
2751 2002 3039 2075 episcopis,
3069 2008 3126 2056 ut
3146 1999 3320 2071 magis
3341 2004 3531 2054 caveat
3546 1996 3720 2064 episco-

2163 2120 2285 2176 pus,
2327 2118 2396 2158 ne
2420 2100 2565 2157 dicat
2600 2099 2656 2155 in
2704 2110 3033 2169 quemquam
3061 2092 3205 2164 quod
3253 2090 3376 2145 aliis
3421 2086 3721 2144 documentis

2165 2194 2490 2253 convincere
2532 2205 2641 2247 non
2672 2196 2871 2261 potest.
2910 2184 2979 2241 Et
3024 2183 3465 2253 subscripserunt
3505 2176 3723 2233 Aurelius

2166 2291 2452 2361 episcopus
2477 2283 2721 2341 ecclesia
2742 2277 3203 2350 Carthaginensis.
3226 2274 3522 2331 Faustinus
3559 2270 3723 2326 Poten-

2168 2383 2295 2437 tina
2320 2378 2614 2451 provincia
2646 2375 2832 2432 Piceni
2856 2415 2871 2438 ,
2903 2372 3148 2443 Alippius
3173 2366 3523 2441 Tagastensis
3550 2363 3724 2435 legatus

2167 2474 2460 2547 provincia
2489 2470 2775 2536 Numidia,
2807 2465 3143 2537 Augustinus
3180 2462 3441 2534 Hippona
3479 2453 3725 2527 Begiensis

2168 2569 2380 2642 legatus
2427 2564 2693 2621 Numidia
2744 2560 3076 2636 provincia,
3127 2554 3409 2613 Possidius
3474 2551 3725 2623 episcopus

2169 2661 2506 2720 Calamensis
2552 2659 2763 2732 legatus
2827 2651 3119 2727 provincia
3169 2648 3437 2706 Numidia
3462 2686 3479 2712 ,
3525 2643 3725 2699 Novatus

2172 2754 2450 2813 Sitifensis
2476 2754 2689 2824 legatus
2718 2748 3011 2823 provincia
3039 2743 3283 2815 ejusdem
3310 2782 3326 2808 ,
3358 2739 3471 2796 Leo
3512 2733 3727 2809 Optensis

2171 2847 2377 2920 legatus
2427 2841 2720 2916 provincia
2765 2836 3099 2895 Mauritania
3149 2832 3424 2892 Sitifensis
3449 2871 3468 2898 ,
3512 2827 3728 2883 Μίδαι-ἰαὶ»

2172 2918 2296 2997 nius
2336 2936 2789 3009 Uzipparitanus,
2821 2931 3082 2987 Rufiauus
3127 2925 3400 2983 Muzcnsis
3420 2963 3437 2991 ,
3468 2918 3728 2991 Quodvult-

2172 3032 2306 3088 deus
2339 3027 2614 3091 Verensis.
2649 3023 2925 3082 Candidus
2967 3019 3283 3078 Abiritanus
3319 3012 3729 3072 Germaniciano-

2138 3120 2143 3127 ⁴
2174 3141 2312 3188 rum,
2346 3122 2697 3180 Gallonianus
2722 3118 2993 3176 Uticensis
3012 3157 3026 3183 ,
3069 3114 3345 3172 Joeundus
3374 3107 3641 3166 Suﬂ‘etula
3674 3104 3729 3158 le-

2173 3229 2331 3293 gatus
2379 3214 2671 3288 provincia
2715 3211 3034 3266 Bizancena
3060 3249 3076 3275 ,
3127 3195 3730 3261 Hilarinus’ﬂorneoeel-

2099 3325 2148 3391 ο
2178 3311 2344 3368 lensis
2396 3308 2605 3380 legatus
2646 3302 2941 3376 provincia
2995 3298 3314 3356 Bizancena
3342 3336 3359 3362 ,
3410 3293 3729 3358 Maximianus

542 3403 608 3460 ll.
646 3404 780 3461 Item
805 3397 1035 3476 placuit,
1062 3379 1123 3462 ut
1149 3422 1340 3464 omnes
1369 3407 1514 3464 servi
1543 3407 1628 3463 vel
1656 3406 1861 3479 proprii
1895 3405 2074 3464 liberti
2106 3379 2151 3471 *Α
2180 3379 2558 3459 Suﬂ‘etulensis
2582 3388 2585 3393 ’
2610 3396 2819 3468 legatus
2863 3392 3157 3465 provincia
3198 3388 3550 3451 Bizancena,
3597 3379 3730 3438 Iasio

472 3494 544 3551 ad
582 3496 988 3554 accusationem
1019 3514 1127 3556 non
1172 3500 1550 3566 admittantur,
1587 3499 1673 3557 vel
1717 3513 1910 3555 omnes
1939 3514 2076 3569 quos

471 3588 543 3643 ad
589 3590 895 3646 accusanda
944 3591 1163 3662 publica
1207 3592 1439 3648 crimina
1489 3591 1636 3664 leges
1683 3590 1911 3663 publica
1965 3606 2074 3647 non

470 3679 784 3746 admittunt,
815 3695 1007 3737 omnes
1041 3682 1189 3738 enim
1216 3682 1457 3738 infamia
1486 3681 1716 3738 maculis
1754 3683 1983 3753 aspersi,
2021 3682 2077 3738 id

471 3778 578 3837 est,
623 3771 916 3828 histriones
947 3787 1012 3828 ac
1045 3773 1471 3845 turpitudinibus
1499 3772 1756 3843 subjecta
1803 3787 2069 3844 persona,

472 3861 716 3917 haretici
747 3863 936 3928 etiam,
966 3862 1080 3919 sive
1107 3864 1326 3935 pagani,
1372 3865 1486 3921 sive
1526 3863 1696 3921 Judai
1722 3904 1738 3932 ,
1771 3864 1866 3921 sed
1896 3873 2078 3921 tamen

2180 3498 2394 3553 mianus
2436 3491 2762 3564 Aquiregnis
2810 3488 3021 3560 legatus
3068 3481 3363 3557 provincia
3414 3479 3729 3533 Bizanceua.

2179 3574 2417 3645 Nivellus
2454 3582 2783 3642 Rusurensis
2817 3581 3027 3652 legatus
3054 3573 3349 3649 provincia
3392 3565 3730 3627 Casariensis,

2147 3720 2155 3733 ι
2179 3680 2503 3741 Laurentius
2531 3677 2830 3736 lcositanus
2853 3673 3064 3747 legatus
3082 3666 3379 3742 provincia
3397 3656 3729 3720 Casariensis.

2180 3774 2545 3833 Numerianus
2589 3765 2980 3840 Nusgumensis
3021 3764 3232 3836 legatus
3256 3756 3553 3830 provincia
3588 3751 3733 3808 Casa-

2184 3866 2383 3925 riensis
2412 3906 2428 3933 ,
2488 3862 2770 3933 Philippus
2834 3856 3118 3929 presbyter
3178 3849 3425 3909 ecclesia
3481 3846 3729 3903 Romanis.

477 3952 736 4009 omnibus
760 3953 958 4025 quibus
989 3955 1265 4012 accusatio
1311 3956 1633 4029 denegatur,
1664 3956 1722 4012 in
1748 3957 1931 4015 causis
1954 3970 2084 4030 pro-
2150 4024 2155 4037 ι
2176 3959 2400 4019 Asellus
2425 3958 2710 4031 presbyter
2733 3952 2942 4025 legatus
2960 3945 3217 4005 Ecclesia
3239 3943 3523 4000 Romana.

476 4043 616 4114 priis
641 4047 936 4103 accusandi
968 4045 1187 4103 licentia
1218 4062 1323 4103 non
1354 4049 1625 4120 neganda.

480 4133 3706 4186 _________________________________________________..__—

1388 4255 1734 4315 lNCIPlUNT
1768 4256 2116 4347 CAPITULA
2133 4247 2428 4313 CONClLll
2440 4237 2890 4340 .MILEVITANI.‘

556 4400 610 4457 1.
654 4401 861 4458 Contra
885 4399 1209 4473 Pelagianos
1231 4397 1327 4471 qui
1356 4398 1544 4456 dicunt
1566 4396 1732 4454 etiam
1785 4396 1905 4453 sine
1950 4407 2077 4466 pec-

484 4504 610 4556 cato
633 4495 773 4552 mori
794 4495 1041 4567 potuisse
1063 4495 1260 4550 Adam.
1520 4504 1523 4509 '
1826 4490 1829 4493 λ

2158 4398 2163 4407 ·
2257 4388 2310 4444 8.
2342 4382 2499 4453 Quod
2569 4395 2600 4435 a
2666 4375 2872 4434 sanctis
2923 4370 3193 4431 veraciter
3256 4367 3464 4426 dicitur
3502 4384 3516 4421 :
3548 4362 3729 4420 Dimitte

2185 4478 2344 4536 nobis
2372 4475 2555 4533 debita
2579 4479 2789 4530 nostra.

560 4591 617 4646 2.
657 4546 1303 4661 Quodr‘juvx'ta—Xpostoli
1350 4585 1723 4643 testimonium
1758 4583 1921 4640 etiam
1956 4548 2083 4653 par-
2107 4584 2161 4647 D
2257 4576 2312 4633 9.
2354 4572 2509 4643 Quod
2537 4572 2607 4626 ad
2639 4579 2959 4661 communes
3008 4575 3204 4619 causas
3231 4557 3495 4661 Ecclesia
3525 4546 3729 4659 generale

480 4685 591 4742 vuli
621 4686 717 4757 qui
743 4685 878 4742 nihil
904 4683 1117 4757 peccati
1148 4683 1326 4738 adhuc
1367 4681 1761 4737 commiserunt
1805 4692 1995 4734 omnes
2026 4676 2083 4732 in

483 4788 834 4851 peccatorum
860 4774 1184 4833 remissione
1212 4774 1484 4830 veraciter
1512 4772 1878 4843 baptizentur.
1914 4813 1924 4822 .

553 4871 608 4927 '5.
651 4868 803 4936 Quod
838 4869 1017 4941 gratia
1045 4866 1144 4922 Dei
1192 4881 1301 4921 non
1352 4864 1527 4920 solum
1554 4870 1780 4934 peccata
1825 4860 2080 4955 dimittit:
2148 4926 2155 4929 _

455 5038 458 5042 .
484 4963 581 5020 sed
608 4962 772 5019 etiam
803 4960 1022 5031 adjuvat
1063 4973 1130 5014 ne
1159 4956 1588 5014 committantur.

558 5053 615 5107 4.
652 5051 807 5120 Quod
837 5065 937 5120 per
958 5049 1189 5122 gratiam
1221 5046 1318 5103 Dei
1347 5044 1584 5101 sciamus
1634 5042 1763 5113 quid
1785 5041 1965 5099 facere
1992 5040 2085 5097 de-
2148 5108 2157 5113 δ

487 5148 713 5205 beamus
734 5155 789 5201 et
812 5145 1037 5216 diligere
1062 5153 1123 5200 ut
1148 5143 1428 5198 faciamus.

2188 4668 2480 4728 concilium
2535 4660 2857 4734 congregari
2917 4663 3209 4728 oporteat,
3262 4652 3316 4719 in
3369 4648 3593 4722 privatis
3638 4653 3730 4697 vero

2142 4762 2147 4765 ’
2185 4762 2371 4820 causis
2398 4756 2633 4829 speciale
2654 4750 3079 4821 uniuscujusque
3105 4741 3419 4817 provincia.

2257 4852 2345 4908 l0.
2394 4850 2465 4907 Ut
2496 4848 2754 4920 epistolas
2785 4844 2852 4899 ad
2876 4839 3167 4898 concilium
3208 4833 3541 4893 evocandum
3572 4836 3727 4886 metm-

2185 4944 2459 5019 politauus
2489 4940 2819 5005 subscribat,
2844 4944 2903 4993 et
2936 4934 3156 5003 dirigat.

2260 5060 2348 5116 ii.
2399 5057 2471 5115 Ut
2514 5056 2581 5112 de
2630 5051 2906 5109 haereticis
2951 5031 3007 5105 et
3056 5045 3366 5103 infidelibus
3414 5036 3657 5121 quidquid
3688 5030 3726 5087 in

2188 5150 2422 5210 concilio
2448 5145 2798 5206 constituitur
2823 5159 2853 5199 a
2880 5141 3127 5214 principe
3151 5137 3490 5209 impleretur.
