3910 6442
125 435 220 496 369

1313 440 1809 505 DECRETALIUM
1833 442 2234 509 COLLEC'I‘IO.

3281 456 3389 511 570

186 550 293 624 87
321 549 411 608 15.
438 548 511 609 Ut
527 548 618 608 ubi
638 551 872 624 primum
898 555 1018 627 quis
1043 556 1253 629 legerit,
1278 558 1352 615 ibi
1378 569 1699 631 permaneat
1724 565 1776 627 Α
1871 559 1961 613 21.
1992 560 2068 617 De
2092 562 2360 634 episcopis
2383 564 2478 635 qui
2502 565 2647 638 quod
2674 575 2924 638 repetere
2950 534 3218 641 poterant,
3252 586 3390 643 prte-

126 643 360 701 clericus.

188 737 268 792 16.
302 735 372 792 Ut
393 752 497 809 pro
532 739 713 798 causis
739 742 1093 801 ecclesiarum
1120 750 1469 806 exsecuturos
1496 750 1582 806 vel
1606 750 1701 807 ad-

128 830 285 886 vocati
312 845 342 885 a
366 832 615 905 principe
635 835 997 906 postulentur.

126 1012 136 1024 ο
187 922 264 976 l7.
298 921 367 978 Ut
387 938 567 1010 neque
591 925 866 1000 dimissus,
907 945 1085 1004 neque
1122 933 1342 991 dimissa
1376 936 1534 993 alteri
1562 953 1697 995 con-

120 1023 420 1086 junguntur.

186 1106 265 1162 l8.
295 1106 371 1163 De
409 1107 501 1165 his
524 1111 619 1183 qui
648 1111 704 1168 in
736 1128 836 1171 sua
864 1116 1141 1187 provincia
1165 1133 1272 1177 non
1296 1122 1701 1183 communicant

125 1198 201 1255 ubi
225 1200 350 1257 alibi
372 1217 485 1259 non
506 1208 930 1267 communicent.
1392 1232 1395 1235 '

183 1290 265 1347 l9.
294 1290 373 1349 De
403 1293 623 1353 clericis
650 1299 741 1368 qui
771 1302 913 1370 apud
940 1303 1240 1378 principem
1277 1309 1537 1367 saeculare
1557 1311 1701 1384 judi-

124 1381 248 1437 cium
273 1391 368 1438 aut
403 1388 667 1457 synodale
694 1391 1053 1463 impleverim.

183 1472 266 1527 20.
299 1474 370 1531 Ut
396 1476 520 1534 sine
547 1478 795 1538 formatis
824 1500 985 1544 nemo
1014 1490 1082 1545 ad
1120 1491 1437 1551 comitatum
1479 1497 1698 1568 proﬁci-

125 1574 310 1636 scatur,
338 1576 396 1625 et
422 1570 662 1641 qualiter
689 1572 934 1636 formatae
964 1579 1121 1638 ﬁant.

1806 651 2051 708 termissa
2077 655 2282 724 synodo
2305 656 2640 714 invaserunt.

1872 747 1962 802 22.
1996 748 2072 803 De
2099 748 2316 808 clericis
2341 752 2434 823 qui
2461 752 2529 809 de
2545 751 2749 823 judicio
2770 755 3145 829 episcoporum
3168 770 3391 814 suorum

1805 851 2232 912 conqueruntur.

1871 936 1963 991 25.
1992 937 2067 993 De
2092 935 2179 994 his
2201 937 2293 1008 qui
2319 939 2460 1010 apud
2501 940 2785 1000 haereticos
2821 944 3201 1017 paenitentiam
3237 957 3395 1003 acce-

1803 1038 2022 1102 perunt.

1875 1128 1964 1185 24.
1993 1127 2071 1186 De
2110 1130 2380 1203 episcopis
2422 1133 2818 1206 negligentibus
2867 1135 3126 1195 adversus
3172 1134 3393 1195 haereti-

1804 1236 1919 1280 COS.

1873 1316 1965 1373 25.
1998 1316 2152 1375 Unde
2182 1334 2363 1390 supra.

1872 1407 1964 1464 26.
1993 1407 2070 1464 De
2111 1409 2410 1481 virginibus
2443 1428 2562 1484 qua:
2613 1415 2753 1471 infra
2790 1415 2979 1489 viginti
3024 1415 3264 1488 quinque
3295 1428 3396 1470 an-

1804 1516 1928 1565 nos,
1968 1504 2294 1561 necessitate
2322 1517 2574 1577 cogente,
2600 1508 2871 1566 velantur.

1872 1592 1960 1647 27.
1993 1593 2070 1648 De
2095 1595 2365 1667 episcopis
2389 1600 2481 1670 qui
2508 1611 2633 1670 post
2681 1611 2803 1659 acta
2832 1602 3279 1676 Carthaginensis
3314 1613 3399 1675 sy-

1802 1684 1932 1740 nodi
1961 1687 2156 1744 retenti
2187 1697 2313 1746 sunt
2341 1691 2409 1748 ad
2451 1692 2660 1767 reliqua
2689 1695 3017 1770 peragenda.

1512 1844 2005 1877 Ἥ

811 1949 1217 2037 INCIPIT
1251 1957 1835 2046 CONCILIUM
1897 1968 2676 2053 MILEVITANUM.

180 2143 594 2207 Gloriosissimis
632 2151 1052 2223 imperatoribus
1088 2157 1323 2217 Arcadio
1343 2169 1398 2218 et
1446 2161 1706 2237 Honorio,
1733 2153 1786 2217 Β
1811 2168 1869 2225 in
1914 2182 2022 2239 qua
2058 2166 2425 2238 justiﬁcamur
2458 2183 2556 2240 per
2587 2167 2773 2227 Iesum
2808 2166 3083 2226 Christum
3113 2168 3403 2227 Dominum

129 2237 352 2310 Augustis
401 2242 564 2309 viris,
601 2243 921 2303 clarissimis
961 2250 1294 2320 consulibus,
1328 2263 1482 2313 sexto
1512 2257 1715 2315 Kalen-

77 2356 83 2363 ο
129 2331 208 2385 das
229 2330 566 2402 Septembris
615 2336 668 2390 in
703 2336 924 2393 civitate
953 2339 1284 2410 Milevitana,
1318 2344 1372 2399 in
1412 2349 1709 2406 secretario
1748 2396 1762 2405 .

131 2422 334 2481 basilica
359 2442 490 2516 cum
508 2429 773 2516 Aurelius
796 2434 1082 2506 episcopus
1128 2436 1386 2497 Ecclesiae
1420 2440 1706 2516 Carthagi-

131 2522 287 2577 neusis
316 2514 644 2607 inr‘concilio
685 2512 975 2585 universali
1006 2534 1360 2601 consedisset,
1404 2512 1710 2596 astantibus

133 2612 438 2684 diaconibus,
476 2616 735 2675 Aurelius
748 2622 1035 2695 episcopus
1047 2624 1185 2680 dixit
1201 2643 1215 2680 :
1237 2624 1508 2694 Quoniam
1522 2628 1708 2686 Eccle-

130 2708 205 2763 sia:
227 2719 416 2767 sanctae
442 2728 619 2769 unum
649 2723 735 2771 est
773 2731 992 2789 corpus,
1039 2720 1389 2793 omniumque
1425 2725 1705 2781 membro-

130 2820 227 2860 rum
253 2817 404 2878 caput
432 2817 553 2875 est,
586 2826 750 2866 unum
801 2812 1007 2869 factum
1048 2823 1153 2881 est,
1200 2815 1415 2873 volente
1454 2820 1704 2887 Domino,

130 2913 181 2954 ac
200 2911 426 2957 nostram
472 2901 844 2981 inﬁrmitatem
886 2904 1130 2975 juvante,
1162 2917 1216 2964 ut
1247 2908 1313 2963 ad
1352 2909 1494 2966 hanc
1526 2912 1705 2971 eccle—

130 2992 240 3049 siam
262 2997 681 3054 conveniremus
708 2999 1013 3056 dilectionis
1050 3011 1107 3058 et
1148 3003 1505 3062 fraternitatis
1531 3007 1705 3079 gratia

129 3084 328 3154 invitati,
359 3089 512 3145 unde
550 3105 734 3161 quaeso
778 3092 1097 3150 charitatem
1142 3104 1404 3163 vestram,
1454 3099 1579 3169 quia
1628 3099 1704 3155 ita

102 3176 423 3234 ‘credendum
464 3189 570 3245 est,
595 3181 738 3250 quod
770 3191 955 3238 noster
988 3199 1237 3242 accessus
1265 3187 1332 3241 ad
1367 3203 1464 3245 vos
1485 3204 1587 3246 nec
1614 3205 1704 3245 su-

128 3270 331 3341 perﬂuus
373 3291 488 3333 nec
542 3275 781 3334 insuavis
826 3287 911 3334 est
956 3279 1184 3343 cunctis,
1219 3279 1448 3351 ideoque
1497 3282 1705 3352 pariter

129 3368 342 3436 quaedam
371 3371 436 3428 de
473 3370 656 3428 causis
680 3369 829 3438 ﬁdei,
856 3371 1000 3428 unde
1025 3386 1169 3427 nunc
1199 3373 1427 3441 quaestio
1455 3372 1703 3447 Pelagia—

129 3468 292 3516 norum
312 3462 587 3528 imminet,
637 3461 691 3518 in
731 3463 833 3519 hoc
864 3472 1006 3519 ctetu
1057 3465 1405 3520 sanctissimo
1446 3466 1702 3537 primitus

133 3557 417 3623 tractentur,
451 3554 653 3611 deinde
678 3555 1101 3626 subsequantur,
1139 3563 1196 3612 et
1245 3556 1423 3628 aliqua
1447 3573 1569 3630 qua:
1593 3545 1704 3618 dis-

132 3640 309 3713 ciplinae
328 3646 718 3703 ecclesiasticae
741 3631 1050 3706 necessaria
1080 3648 1350 3727 existunt.

186 3736 359 3796 Cani.
390 3740 606 3797 Placuit
648 3740 781 3813 ergo
822 3741 1075 3799 omnibus
1113 3743 1384 3815 episcopis
1439 3746 1539 3818 qui
1582 3745 1702 3805 fue-

133 3840 235 3889 runt
267 3835 318 3890 in
342 3837 443 3894 hac
470 3844 663 3893 sancta
713 3838 937 3907 synodo,
963 3837 1293 3895 constituere
1323 3839 1439 3896 haec
1476 3856 1598 3911 quae
1643 3840 1698 3898 in

131 3931 347 3995 presenti
398 3931 638 3989 concilio
688 3932 1205 3998 delinita‘sunt,‘ut
1249 3934 1558 4004 quicunque
1608 3935 1694 3991 di-

131 4016 403 4078 citzAdam
446 4022 689 4095 prinum
721 4022 995 4079 hominem
1042 4024 1327 4081 mortalem
1368 4024 1591 4093 factum,
1622 4027 1732 4089 ita.

131 4116 178 4161 ut
205 4110 307 4168 sive
344 4125 624 4185 peccaret,
670 4114 785 4171 sive
828 4129 936 4170 non
978 4126 1253 4186 peccaret,
1294 4127 1597 4173 moreretur
1641 4117 1697 4174 in

132 4214 343 4273 corpore,
373 4208 480 4265 hoc
507 4217 591 4263 est
627 4208 693 4263 de
718 4222 948 4278 corpore
972 4208 1166 4274 exiret,
1210 4224 1317 4266 non
1348 4211 1552 4281 peccati
1580 4224 1696 4267 me-

130 4291 236 4360 rito,
260 4300 347 4352 sed
375 4299 705 4356 necessitate
733 4309 963 4365 naturze,
998 4301 1289 4357 anathema
1317 4301 1408 4358 sit.
1656 4308 1667 4329 τ

82 4456 97 4475 ,
184 4384 240 4442 ll.
266 4376 392 4447 Item
419 4391 647 4464 placuit,
690 4401 750 4447 ut
799 4392 1107 4462 quicunque
1145 4393 1398 4464 parvulos
1449 4404 1694 4451 recentes

132 4477 186 4533 ab
217 4486 374 4543 uteris
409 4494 650 4542 matrum
689 4487 1044 4557 baptizandus
1072 4496 1256 4559 negat,
1282 4495 1374 4542 aut
1402 4486 1536 4543 dicit
1571 4488 1695 4559 qui-

133 4568 265 4630 dem:
288 4572 348 4633 ln
380 4577 755 4635 remissionem
792 4586 1140 4648 peccatorum
1163 4593 1261 4634 eos
1279 4578 1570 4650 baptizari,
1597 4580 1691 4635 sed

132 4663 242 4719 nihil
263 4682 326 4724 ex
351 4670 524 4726 Adam
551 4671 771 4727 trahere
796 4670 1076 4741 originalis
1111 4670 1316 4742 peccati
1350 4669 1493 4741 quod
1536 4686 1690 4743 rege-
1765 4674 1781 4686 ⁸

133 4760 393 4821 uerationis
419 4764 639 4820 lavacro
669 4764 939 4834 expietur,
975 4763 1117 4820 unde
1156 4761 1213 4818 ﬁt
1244 4778 1603 4835 consequens,
1629 4771 1689 4818 nt

134 4848 177 4903 in
202 4853 272 4909 eis
291 4854 459 4913 forma
482 4856 826 4929 baptismatis
854 4857 908 4913 in
936 4857 1311 4913 remissionem
1338 4866 1686 4928 peccatorum

133 4954 223 5001 non
240 4954 508 5019 vera,‘sed
536 4951 668 5009 falsa
700 4952 1071 5025 intelligatur;
1097 4952 1386 5008 anathema
1412 4953 1519 5017 sit,
1556 4968 1692 5023 quo-

137 5036 257 5094 niam
284 5058 384 5100 non
414 5044 571 5102 aliter
610 5045 1017 5118 intelligendum
1044 5055 1128 5103 est
1162 5046 1305 5116 quod
1354 5046 1429 5101 ait
1456 5047 1688 5118 Aposto-

136 5124 224 5192 IIIS.
244 5147 331 5203 per
361 5154 527 5194 unum
564 5139 838 5195 hominem
884 5146 1166 5210 peccatum
1191 5140 1418 5194 intravit
1454 5140 1507 5195 in
1536 5156 1690 5195 mun-

138 5217 259 5288 dum,
279 5236 331 5284 et
350 5244 448 5299 per
466 5241 749 5302 peccatum
768 5232 822 5286 in
847 5246 966 5298 nos,
981 5239 1037 5287 et
1064 5231 1138 5286 ita
1160 5230 1215 5286 in
1238 5246 1428 5288 omnes
1441 5232 1690 5289 homines

138 5323 434 5389 Pertransiit,
461 5325 515 5380 in
545 5339 655 5395 quo
675 5339 865 5380 omnes
894 5329 1279 5393 peccaverunt,
1306 5322 1408 5377 nisi
1431 5321 1691 5393 quemad-

141 5410 328 5469 modum
362 5416 601 5474 Ecclesia
625 5415 891 5474 catholica
922 5415 1121 5485 ubique
1155 5412 1349 5470 diﬁ‘usa
1376 5429 1589 5485 semper
1615 5413 1696 5469 in-

141 5499 333 5573 tellexit,
349 5518 572 5581 propter
602 5510 740 5566 hanc
766 5508 913 5564 enim
945 5506 1186 5580 regulam
1215 5505 1340 5561 ﬁdei
1364 5506 1530 5561 etiam
1570 5521 1696 5575 par-

142 5594 231 5650 vuli
280 5602 362 5669 qui
419 5602 552 5662 nihil
626 5612 972 5675 peccatorum
1034 5603 1090 5658 in
1152 5600 1459 5670 semetipsis
1516 5599 1694 5657 adhuc

143 5690 442 5751 committere
485 5703 797 5768 potuerunt,
847 5693 968 5751 ideo
1016 5694 1071 5750 in
1113 5700 1458 5766 peccatorum
1504 5692 1696 5748 remis~

146 5774 271 5834 sione
292 5789 546 5844 veraciter
572 5788 937 5859 baptizantur,
973 5796 1032 5843 ut
1072 5787 1127 5842 in
1162 5786 1244 5844 eis
1285 5778 1695 5857 regeneratione

142 5872 397 5948 inundatur
419 5880 562 5952 quod
583 5880 932 5951 generatione
960 5888 1262 5937 traxerunt.
1300 5872 1303 5875 “

198 5961 273 6025 ΙΙΙ.
298 5966 424 6032 Item
447 5974 651 6050 placuit
673 5985 734 6036 ut
758 5964 1292 6050 quicunque'dixe‘rit
1308 5966 1545 6046 gratiam
1570 5971 1691 6046 Dei,

1810 2272 2057 2319 nostrum
2105 2264 2174 2320 ad
2200 2264 2376 2321 solam
2418 2264 2797 2320 remissionem
2824 2271 3170 2334 peccatorum
3194 2262 3401 2329 valere,

1809 2369 1930 2423 quae
1947 2353 2062 2423 jam
2086 2356 2380 2412 commissa
2407 2364 2553 2421 sunt,
2580 2370 2685 2410 non
2713 2355 2876 2410 etiam
2901 2355 2969 2411 ad
2998 2352 3323 2424 adjutorium
3344 2360 3405 2409 ut

1810 2464 1917 2505 non
1957 2449 2387 2515 committantur,
2412 2450 2701 2505 anathema
2721 2450 2793 2505 sit

1879 2537 1968 2597 IV.
1994 2542 2128 2598 Item
2155 2542 2404 2614 quisquis
2433 2543 2635 2599 dixerit
2653 2543 2900 2600 eamdem
2927 2542 3157 2616 gratiam
3186 2541 3282 2598 Dei
3308 2556 3407 2613 per

1808 2630 1993 2689 Jesum
2013 2632 2290 2689 Christum
2312 2632 2603 2688 Dominum
2634 2640 2877 2689 nostrum
2902 2641 3124 2705 propter
3152 2630 3258 2688 hoc
3287 2641 3408 2687 tan-

1810 2732 1922 2780 tum
1948 2739 2047 2781 nos
2081 2722 2337 2793 adjuvare
2359 2724 2427 2779 ad
2451 2724 2620 2782 solam
2655 2740 2764 2781 non
2782 2725 3137 2796 peccandum,
3161 2725 3288 2797 quia
3309 2740 3406 2797 per

1809 2819 1982 2890 ipsam
2012 2819 2167 2876 nobis
2194 2804 2466 2876 revela-tur
2493 2830 2549 2877 et
2592 2822 2835 2893 aperitur
2860 2820 3213 2894 intelligentia
3253 2838 3410 2878 man-

1808 2910 2062 2965 datorum
2103 2920 2164 2966 ut
2204 2911 2444 2967 sciamus
2470 2911 2603 2981 quid
2641 2920 2920 2983 appetere,
2950 2912 3079 2983 quid
3113 2912 3289 2968 vitare
3315 2910 3411 2968 de-

1806 3004 2053 3069 beamus,
2102 3018 2213 3059 non
2257 3011 2437 3060 autem
2482 3019 2582 3074 per
2626 3003 2776 3063 illam
2831 3005 2989 3063 nobis
3037 3005 3307 3076 prmstari,
3349 3014 3411 3062 ut

1806 3096 1953 3167 quod
1979 3095 2292 3153 faciendum
2332 3096 2747 3169 cognoverimus
2784 3097 2950 3155 etiam
2997 3097 3176 3155 facere
3213 3084 3408 3169 diliga-

1807 3203 1929 3243 mus
1957 3196 2119 3258 atque
2143 3187 2440 3254 valeamus,
2474 3190 2767 3245 anathema
2798 3190 2889 3257 sit,
2935 3205 3060 3245 cum
3099 3189 3245 3246 dicat
3269 3188 3409 3259 Apo-

1805 3279 2015 3335 stolus:
2049 3277 2290 3336 Scientia
2319 3280 2490 3347 inﬁat,
2532 3281 2771 3337 charitas
2812 3297 2942 3339 vero
2970 3281 3220 3348 aediﬁcat,
3253 3264 3410 3337 valde

1806 3371 2032 3441 impium
2059 3379 2230 3428 estut
2266 3373 2553 3429 credamus
2582 3374 2651 3429 ad
2695 3388 2816 3430 eam
2848 3389 2970 3445 qua:
3008 3373 3159 3429 inllat
3186 3372 3409 3437 noslia-

1807 3465 1936 3519 bere
1971 3462 2205 3536 gratiam
2235 3462 2463 3533 Christi,
2492 3466 2561 3521 ad
2589 3481 2710 3523 eam
2738 3482 2859 3539 quae
2887 3467 3119 3523 aediﬁcat
3162 3481 3272 3522 non
3308 3467 3405 3521 ha-

1804 3556 1956 3622 bere,
1986 3572 2108 3612 ctun
2157 3557 2228 3613 sit
2275 3564 2567 3628 utrumque
2606 3558 2807 3614 donum
2846 3558 2961 3625 Dei,
3009 3569 3070 3614 et
3107 3558 3249 3616 scire
3277 3558 3408 3629 quid

1805 3646 1989 3704 facere
2014 3648 2328 3716 debeamus,
2370 3657 2425 3704 et
2467 3648 2693 3721 diligere
2726 3657 2786 3704 ut
2816 3647 3104 3715 faciamus,
3146 3657 3207 3705 ut
3241 3647 3410 3705 aediﬁ-

1806 3748 1964 3797 cante
1992 3740 2261 3796 charitate
2299 3740 2524 3797 scientia
2557 3741 2875 3815 nonpossit
2904 3738 3111 3808 inﬂare,
3142 3740 3284 3797 sicut
3312 3756 3409 3797 au-

1804 3840 1918 3889 tem
1941 3831 2007 3888 de
2034 3831 2148 3889 Deo
2188 3833 2450 3904 scriptum
2479 3840 2581 3900 est,
2624 3832 2716 3904 qui
2744 3833 2901 3889 docet
2924 3831 3408 3909 hominemscien-

1806 3922 1960 3991 tiam,
1986 3924 2063 3978 ita
2088 3923 2252 3979 etiam
2278 3924 2545 3995 scriptum
2583 3933 2686 3981 est.

1879 4013 1939 4069 V.
1975 4015 2109 4073 Item
2150 4016 2354 4089 placuit
2398 4026 2457 4072 ut
2491 4017 2801 4089 quicunque
2844 4016 3041 4074 dixerit
3092 4018 3213 4076 ideo
3250 4019 3408 4077 nobis

1801 4109 2034 4181 gratiam
2059 4107 2465 4178 justiﬁeationis
2492 4109 2760 4183 (charitas
2786 4125 2855 4166 ex
2880 4111 2993 4167 Deo
3024 4111 3129 4184 est)
3157 4112 3297 4178 dari,
3344 4120 3410 4168 ut

1799 4200 1945 4272 quod
1972 4198 2155 4258 facere
2182 4215 2280 4271 per
2303 4200 2530 4257 liberum
2554 4198 2811 4269 iubemur
2839 4200 3145 4269 arbitrium,
3187 4201 3399 4259 facilius

1799 4295 2071 4365 possimus
2102 4294 2325 4366 implere
2349 4309 2449 4366 per
2481 4295 2734 4366 gratiam,
2758 4303 3017 4365 tanquam
3064 4302 3120 4351 et
3148 4297 3193 4352 si
3225 4297 3403 4369 gratia

1776 4403 1905 4465 -non
1948 4388 2168 4451 daretur
2196 4404 2302 4443 non
2333 4388 2548 4460 quidem
2578 4387 2758 4455 facile,
2795 4390 2890 4445 sed
2925 4397 3105 4446 tamen
3135 4390 3407 4461 possimus

1796 4482 1960 4536 etiam
1985 4480 2101 4536 sine
2126 4480 2216 4535 illa
2243 4480 2467 4552 implere
2488 4481 2670 4537 divina
2690 4481 2965 4549 mandata,
2988 4482 3281 4538 anathema
3310 4483 3400 4539 sit.

1796 4570 1875 4627 De
1904 4571 2171 4628 fructibus
2193 4573 2339 4627 enim
2364 4570 2744 4628 mandatorum
2770 4572 3030 4629 Dominus
3060 4571 3400 4644 loquebatur,

1793 4665 1885 4722 ubi
1925 4681 2033 4721 non
2068 4666 2163 4732 ait,
2205 4666 2322 4722 sine
2365 4680 2452 4721 me
2493 4664 2760 4723 difﬁcilius
2805 4665 3031 4737 potestis
3069 4664 3271 4734 facere,
3304 4666 3401 4723 sed

1794 4757 1889 4823 ait,
1932 4757 2051 4812 sine
2090 4769 2176 4810 me
2210 4754 2340 4811 nihil
2371 4740 2596 4825 potestis
2625 4755 2823 4812 facere.

1867 4848 1953 4905 Vl.
1982 4847 2116 4903 Item
2143 4847 2367 4918 placuit,
2398 4846 2542 4919 quod
2569 4847 2646 4903 ait
2673 4856 2895 4904 sanctus
2919 4845 3163 4905 Joannes
3189 4856 3405 4918 aposto'

1797 4941 1901 5008 lus,
1935 4942 1982 4998 si
2007 4940 2308 4997 dixerimus
2337 4941 2463 5011 quia
2508 4949 2789 5012 peccatum
2831 4955 2938 4997 non
2969 4940 3253 5010 habemus,
3276 4956 3402 4999 nos-

1780 5040 1945 5113 _ipsos
1973 5037 2302 5105 seducimus,
2353 5044 2407 5091 et
2445 5037 2646 5093 veritas
2689 5037 2744 5092 in
2787 5018 2945 5093 nobis
2986 5052 3096 5094 non
3122 5037 3403 5115 est,_quis-

1778 5131 1922 5202 quis
1945 5131 2025 5187 sic
2044 5129 2418 5200 accipiendum
2459 5129 2751 5200 putaverit,
2791 5137 2850 5185 ut
2873 5128 3019 5185 dicat
3050 5139 3275 5202 propter
3295 5130 3399 5186 hu-

1798 5224 2119 5279 manitatem
2160 5239 2270 5280 non
2304 5231 2560 5293 oportere
2596 5221 2723 5288 dici,
2756 5237 2856 5278 nos
2900 5238 3008 5279 non
3047 5224 3250 5280 habere
3273 5238 3400 5293 pec-

1797 5325 2002 5383 catum,
2033 5330 2141 5371 non
2164 5315 2292 5387 quia
2321 5314 2525 5370 veritas
2563 5321 2669 5380 est,
2692 5315 2982 5370 anathema
3021 5315 3114 5373 sit.
3142 5315 3402 5386 Sequitur

1803 5423 1927 5466 eum
1957 5407 2264 5479 Apostolus,
2294 5416 2345 5464 et
2385 5405 2667 5476 adiungit:
2698 5406 2756 5462 Si
2794 5414 2978 5463 autem
3011 5406 3244 5463 confessi
3289 5406 3402 5461 fue-

1802 5502 1975 5558 rimus
2005 5510 2228 5573 peccata
2259 5507 2470 5567 nostra,
2502 5498 2676 5555 ﬁdelis
2704 5507 2788 5555 est
2817 5507 2871 5555 et
2889 5498 3071 5569 justus
3097 5498 3188 5568 qui
3213 5486 3403 5552 remit-

1804 5603 1882 5649 tat
1905 5594 2060 5650 nobis
2079 5590 2325 5665 peccata,
2354 5598 2411 5648 et
2430 5591 2656 5647 mundet
2676 5606 2776 5648 nos
2811 5592 2881 5648 ab
2914 5592 3062 5648 omni
3091 5589 3399 5662 iniquitate,

1795 5687 1890 5745 ubi
1931 5688 2062 5744 satis
2104 5693 2329 5758 apparet
2373 5686 2476 5742 hoc
2520 5702 2631 5742 non
2679 5696 2887 5742 tantum
2941 5683 3239 5751 humiliter,
3301 5684 3399 5741 sed

1799 5782 1962 5838 etiam
1992 5779 2259 5835 veraciter
2280 5779 2419 5846 dici;
2444 5787 2659 5850 poterat
2684 5778 2829 5835 enim
2854 5775 3148 5848 Apostolus
3175 5776 3394 5833 dicere:

1799 5874 1854 5930 Si
1882 5872 2183 5943 dixerimus
2207 5873 2332 5943 quia
2364 5887 2471 5928 non
2500 5873 2764 5929 habemus
2792 5878 3095 5942 peccatum,
3124 5858 3224 5926 nos
3249 5869 3399 5938 ipsos

1796 5968 2131 6042 extollimus,
2169 5974 2227 6031 et
2254 5967 2537 6028 humilitas
2566 5966 2624 6026 in
2651 5963 2808 6047 nobis
2830 5978 2956 6041 .nou
2985 5971 3101 6037 est;
3145 5950 3242 6026 Sed
3268 5976 3399 6023 cum
