3910 6506
492 459 592 520 571

1304 450 1596 508 APPEND.
1629 449 1722 505 AD
1759 444 1934 504 SE6.
1966 445 2063 502 IX.
2090 436 2173 487 ’Σ
2210 440 2466 500 ISIDORI
2515 434 2961 497 MERCA'I‘ORIS

3730 427 3824 484 372

492 578 572 636 ait
598 575 847 647 noslpsos
874 583 1196 642 decipimus,
1237 576 1292 625 et
1320 566 1522 647 veritas
1548 567 1606 623 in
1645 564 1802 623 nobis
1838 578 1949 621 non
1985 570 2090 631 est,
2117 568 2171 627 Α
2195 558 2400 632 aliquid
2429 566 2620 619 contra
2650 555 2810 612 iidem
2848 568 2945 625 per
2966 548 3362 623 ignorantiam,
3385 545 3488 603 vel
3522 556 3632 618 per
3655 544 3823 602 minus

493 669 627 727 satis
655 644 891 722 ostendit
918 677 1039 720 eum
1069 663 1161 732 qui
1187 675 1247 717 se
1275 644 1472 717 dixerit
1509 672 1617 714 non
1651 656 2087 735 haberevpecca-

495 767 632 825 tuin,
662 772 767 812 non
792 769 978 810 verum
1010 751 1154 822 loqui
1186 740 1279 805 scil
1302 748 1518 804 falsum.

566 848 677 906 VII.
706 842 834 903 Item
862 832 1079 917 placuit,
1106 851 1163 898 ut
1186 841 1495 912 quicunque
1532 839 1732 896 dixerit
1758 840 1812 894 in
1845 837 2090 894 oratione

497 940 794 1005 Doiuinica,
829 938 950 993 idco
977 937 1157 992 dicere
1180 942 1419 1001 sanctos,
1474 932 1686 997 dimitte
1725 918 1879 989 nobis
1910 928 2090 985 debita

498 1040 705 1104 nostra,
742 1034 802 1085 ut
831 1044 938 1083 non
967 1042 1066 1099 pro
1097 1024 1291 1096 seipsis
1326 1023 1431 1079 hoc
1471 1023 1676 1088 dicant,
1714 1021 1841 1092 quia
1873 1035 1978 1076 non
2007 1025 2091 1075 est

497 1102 579 1181 eis
595 1122 709 1194 jam
739 1121 1050 1177 necessaria
1079 1119 1185 1175 ista
1205 1117 1416 1191 petitio,
1455 1117 1552 1174 sed
1579 1130 1678 1189 pro
1706 1114 1827 1171 aliis
1850 1102 1945 1186 qui
1967 1114 2094 1169 sunt

500 1224 553 1279 in
578 1239 676 1279 suo
703 1221 899 1294 p0pulo
930 1226 1264 1292 peccatores,
1306 1225 1361 1274 et
1403 1215 1525 1272 ideo
1559 1230 1664 1271 non
1696 1212 1873 1269 dicere
1895 1227 2092 1267 unum-

500 1327 771 1385 quemque
811 1321 1143 1377 sanctorum,
1180 1308 1393 1364 dimitte
1422 1306 1555 1362 mihi
1592 1304 1772 1360 debita
1814 1317 1956 1369 mea,
1997 1300 2095 1356 sed

500 1406 715 1462 dimitte
738 1404 895 1460 nobis
924 1402 1105 1459 debita
1132 1404 1341 1463 nostra,
1382 1406 1443 1453 ut
1485 1397 1588 1453 hoc
1631 1411 1732 1469 pro
1769 1393 1890 1450 aliis
1917 1392 2096 1465 potius

502 1510 666 1569 quam
710 1510 810 1566 pro
845 1509 904 1551 se
942 1494 1122 1565 justus
1166 1502 1353 1565 petere
1404 1489 1754 1561 intelligatur,
1805 1486 2094 1549 anathema

504 1590 594 1645 sit.
636 1589 871 1644 Sanctus
906 1587 1049 1642 enim
1100 1591 1154 1641 et
1192 1583 1373 1656 justus
1401 1591 1521 1639 erat
1553 1578 1828 1655 apostolus
1868 1576 2099 1635 Iacobus

502 1684 626 1738 cum
654 1679 888 1748 dicebat,
914 1681 966 1735 iii
997 1676 1183 1735 multis
1211 1664 1356 1735 enim
1387 1672 1708 1733 oii‘endimus
1728 1688 1938 1730 omnes.
1962 1662 2100 1728 Nam

505 1790 676 1845 quare
704 1774 944 1830 additum
975 1782 1060 1829 cst
1083 1787 1293 1840 omnes,
1321 1771 1424 1827 nisi
1455 1778 1516 1825 ut
1542 1769 1643 1825 ista
1674 1767 1941 1825 sententia
1971 1780 2101 1822 con-

506 1866 738 1932 veniret,
769 1879 823 1927 et
851 1867 903 1921 in
940 1864 1148 1937 psalmo
1176 1864 1267 1919 ubi
1295 1863 1492 1935 legitur
1522 1878 1537 1917 :
1569 1861 1685 1918 Non
1727 1861 1899 1916 intres
1932 1860 1983 1914 in
2008 1857 2101 1927 jua

2147 686 2156 699 α
2191 653 2431 710 studium
2465 651 2538 707 sit
2569 648 2946 720 compositum.

2261 768 2400 824 xui.
2463 765 2780 822 Palentinus
2828 760 3117 832 episcopus
3167 758 3313 814 dixit
3360 764 3381 812 ε
3438 754 3509 813 Si
3564 758 3823 826 permittit

2191 863 2392 917 bonum
2432 856 2705 930 patientia:
2748 860 2964 915 vestrm,
3006 858 3313 921 pmsequar
3350 858 3431 904 ea
3472 860 3611 918 quae
3653 860 3820 905 neces.

2190 952 2334 1010 saria
2362 958 2489 1007 sunt
2512 945 2898 1006 ecclesiasticae
2937 943 3260 1015 disciplinae.
3288 941 3549 998 Scimus
3580 940 3728 995 enim
3752 942 3819 997 sic

2193 1041 2504 1098 inviolatam
2546 1040 2911 1110 permansisse
2957 1034 3407 1094 ecclesiasticam
3452 1029 3816 1102 disciplinam,

2193 1136 2270 1193 ita
2309 1144 2371 1191 ut
2407 1133 2587 1189 nullus
2636 1132 2866 1187 fratrum
2906 1130 3186 1203 prioribus
3236 1126 3364 1183 suis
3423 1137 3495 1179 se
3544 1122 3819 1192 aliquando

2194 1226 2420 1282 auderet
2448 1233 2801 1294 anteponere,
2834 1222 2930 1279 sed
2951 1219 3145 1279 oﬂieiis
3179 1215 3469 1291 legitimis
3517 1214 3577 1269 id
3623 1228 3821 1283 semper

2193 1317 2495 1395 exhibituin
2547 1324 2631 1379 est
2681 1314 2955 1387 prioribus
2978 1346 2999 1381 ,
3049 1312 3198 1384 quod
3257 1311 3333 1366 ab
3400 1306 3818 1376 insequentibus

2197 1411 2589 1468 rationabiliter
2631 1424 2849 1481 semper
2897 1408 3255 1480 acciperetur.
3327 1402 3513 1458 Hunc
3579 1397 3816 1455 ordinem

2191 1503 2380 1576 jubeat
2403 1503 2666 1560 sanctitas
2691 1511 2875 1559 vestra
2910 1501 3104 1557 melius
3136 1496 3339 1555 vestris
3374 1491 3814 1551 interlocutioni-

2199 1595 2301 1651 bus
2328 1595 2608 1652 roborare.
2650 1593 2905 1649 Aurelius
2934 1592 3224 1663 episcopus
3256 1587 3455 1644 dixit:
3491 1582 3617 1640 Non
3648 1583 3819 1637 decue-

2201 1692 2288 1741 rat
2312 1684 2530 1755 quidem
2559 1693 2618 1740 ut
2646 1684 2763 1740 haec
2793 1692 3186 1755 repeteremus,
3219 1680 3329 1736 nisi
3359 1678 3521 1735 forte
3541 1677 3817 1733 existerent

2201 1776 2624 1834 inconsiderata:
2655 1785 2864 1833 mentes
2892 1774 3251 1848 quorumdam
3286 1786 3427 1843 qua:
3467 1770 3542 1826 ad
3585 1771 3702 1825 hac
3726 1776 3816 1823 sta-

2204 1870 2401 1927 tuenda
2450 1879 2669 1929 nostros
2716 1877 2977 1926 acuerent
3026 1881 3240 1934 sensus,
3281 1864 3389 1922 sed
3432 1872 3495 1920 et
3536 1861 3813 1919 communis

509 1959 708 2015 ilicium
727 1974 850 2015 cum
873 1973 1031 2015 servo
1054 1967 1168 2026 tuo,
1198 1957 1327 2030 quia
1352 1972 1459 2045 non
1478 1954 1864 2026 justiﬁeabitur
1884 1954 1938 2008 in
1968 1967 2097 2007 con-
2124 1944 2175 2006 B
2203 1965 2322 2022 hac
2341 1977 2507 2020 causa
2533 1969 2618 2020 es;
2637 1972 2801 2034 quam
2829 1959 3122 2018 insinuavit
3156 1957 3337 2014 [ηιθι-
3360 1964 3444 2023 ,ει
3476 1955 3816 2025 “episcopus

509 2064 698 2126 spectu
731 2064 822 2111 tuo
851 2055 1028 2111 omnis
1072 2055 1293 2121 vivens;
1322 2063 1379 2109 et
1420 2053 1473 2107 in
1523 2052 1769 2107 oratibne
1818 2049 2106 2121 sapientis4

512 2148 631 2203 simi
650 2147 991 2204 Salomonis:
1024 2145 1140 2203 Non
1170 2154 1254 2202 est
1280 2146 1443 2202 liomo
1461 2145 1554 2216 qui
1580 2159 1687 2200 non
1714 2151 1939 2215 peccet;
1972 2148 2029 2197 et
2055 2141 2109 2197 iii

511 2239 650 2296 libro
680 2239 818 2295 Job:
855 2239 913 2296 In
954 2228 1116 2295 manu
1146 2239 1326 2295 omnis
1363 2236 1600 2293 hominis
1630 2237 1829 2309 signat,
1872 2238 1932 2290 ιιι
1973 2230 2112 2289 sciat

515 2330 693 2387 omnis
720 2330 884 2386 homo
920 2331 1290 2387 infirmitatem
1335 2345 1511 2387 suam.
1547 2322 1703 2387 Unde
1731 2328 1894 2385 etiam
1924 2325 2112 2383 Daniel

515 2429 737 2478 sanctus
774 2429 830 2477 et
861 2420 1042 2491 justus
1080 2434 1203 2477 cum
1250 2422 1305 2477 iri
1346 2422 1591 2478 oratione
1636 2420 1922 2492 pluraliter
1969 2419 2113 2476 dicc-

518 2514 1046 2579 i-etzpeccavimus,
1096 2513 1442 2585 iniquitatem
1492 2511 1743 2578 fecimus,
1794 2514 1848 2566 et
1891 2518 2109 2577 caetera,

516 2595 638 2676 qua:
675 2604 748 2661 ibi
794 2606 1061 2661 veraciter
1094 2612 1151 2660 et
1185 2604 1463 2661 humiliter
1490 2602 1798 2670 confitetur,
1845 2614 1911 2656 ne
1960 2610 2114 2672 puta-

516 2709 694 2767 retur,
725 2696 1185 2771 qbemadmodum
1224 2696 1443 2769 quidam
1492 2697 1734 2753 sentiunt
1766 2696 1882 2753 hinc
1913 2712 2018 2751 non
2049 2694 2116 2750 de

517 2792 655 2858 suis,
684 2792 781 2848 sed
802 2790 867 2847 de
888 2790 1068 2863 populi
1110 2791 1191 2847 sui
1214 2790 1392 2863 potius
1418 2790 1618 2846 dixisse
1642 2782 1897 2860 peccatis,
1926 2793 2115 2859 postea

520 2887 695 2944 dixit:
725 2888 861 2944 Cum
885 2898 1099 2944 orarem
1126 2894 1181 2943 et
1209 2885 1499 2943 cmiilterer
1521 2892 1742 2957 peccata
1766 2898 1886 2938 mea
1915 2890 1970 2939 et
1992 2893 2118 2952 pec-

520 2986 642 3034 cata
672 2976 851 3049 populi
892 2976 998 3033 mei
1044 2976 1274 3047 Domino
1324 2976 1435 3033 Deo
1482 2984 1689 3040 nostro,
1741 2972 1912 3029 noluit
1939 2970 2119 3027 dicere

522 3076 747 3141 peccata
795 3076 1005 3137 nostra,
1051 3068 1147 3125 sed
1197 3068 1379 3140 populi
1430 3062 1515 3125 sui
1561 3066 1697 3123 dixit
1732 3068 1787 3122 et
1833 3070 1948 3132 sua,
1990 3064 2115 3135 qiiia

522 3160 736 3218 futuros
761 3161 894 3218 istos
918 3161 1011 3232 qui
1037 3170 1147 3217 tam
1178 3159 1318 3218 male
1347 3158 1673 3232 intelligunt,
1704 3164 1959 3229 tanquam
1990 3160 2120 3229 pro-

522 3252 687 3325 pheta
718 3252 985 3323 praevidit.

2208 2063 2421 2123 noster,
2442 2064 2503 2111 ut
2538 2040 2910 2125 unusquisque
2934 2060 3182 2109 nostrum
3212 2050 3484 2107 ordinem
3512 2047 3618 2103 sibi
3648 2045 3811 2102 decreo

2210 2158 2323 2217 tum
2375 2164 2407 2203 a
2446 2148 2556 2206 Deo
2601 2154 2919 2220 cognoscat,
2960 2154 3019 2203 et
3060 2144 3410 2216 posteriores
3464 2139 3813 2196 anterioribns

2209 2226 2475 2323 deferant,
2525 2258 2628 2299 nec
2665 2242 2747 2300 eis
2791 2238 3112 2298 inconsultis
3148 2235 3364 2308 aliquid
3427 2245 3603 2307 agere
3636 2245 3810 2323 presu-

2209 2320 2380 2393 mant.
2403 2320 2520 2404 Qua
2548 2334 2615 2390 de
2641 2350 2700 2390 re
2727 2342 2941 2405 oportet
2977 2347 3073 2389 eos
3117 2329 3211 2401 qui
3258 2325 3597 2399 putaverint
3638 2322 3808 2392 spretis

2212 2428 2508 2501 majoribus
2548 2426 2750 2500 aliquid
2787 2424 3226 2500 praesumendum
3274 2425 3676 2491 competenter
3708 2428 3807 2469 esse

2213 2519 2282 2576 ab
2306 2520 2452 2583 omni
2477 2518 2709 2578 concilio
2733 2518 3085 2576 coercendos.
3117 2510 3382 2572 Universi
3413 2506 3663 2582 episcopi
3689 2505 3809 2559 dixe-

2215 2624 2384 2671 runt:
2422 2598 2524 2669 Hic
2558 2613 2693 2670 ordo
2729 2621 2785 2671 et
2830 2627 2863 2666 a
2916 2608 3163 2682 patribus
3209 2613 3268 2662 et
3314 2620 3353 2660 a
3404 2598 3710 2671 maioribus
3742 2602 3806 2650 est

2215 2715 2480 2771 servatus,
2513 2712 2570 2763 et
2621 2719 2653 2759 a
2692 2703 2849 2773 nobis
2898 2702 3008 2758 Deo
3042 2697 3283 2773 propitio
3313 2693 3658 2757 servabitur,
3682 2687 3802 2745 salio

2222 2797 2395 2853 etiam
2409 2785 2531 2870 jure
2558 2797 2827 2869 primatus
2848 2792 3114 2851 Numidia:
3135 2800 3191 2849 et
3217 2785 3598 2846 Mauritania).

2288 2872 2426 2946 XlV.
2488 2889 2693 2946 Deinde
2737 2888 2942 2959 placuit
2979 2894 3041 2942 ut
3077 2882 3399 2956 quicunque
3459 2877 3707 2945 deinceps
3747 2870 3799 2925 ab

2218 2982 2484 3056 episcopis
2511 2982 2852 3049 ordinantur,
2883 2981 3094 3037 litteras
3117 2974 3401 3047 accipiant
3444 2971 3519 3027 ab
3559 2966 3802 3025 ordinato-

2219 3076 2369 3141 l‘iblis
2395 3064 2506 3138 suis
2530 3058 2691 3134 manu
2721 3087 2910 3129 eorum
2932 3069 3292 3141 subscriptas,
3320 3064 3673 3123 continentes
3692 3071 3796 3113 con-

2217 3177 2394 3237 sulem
2437 3182 2491 3232 et
2537 3171 2704 3236 diem,
2746 3176 2807 3223 ut
2851 3165 3002 3222 trulla
3047 3161 3331 3221 altercatio
3376 3160 3452 3218 de
3518 3148 3799 3230 posteriori-

2220 3274 2323 3329 bus
2350 3269 2433 3327 vel
2470 3262 2837 3345 anterioribus
2863 3261 3095 3317 oriatur.

534 3318 543 3378 Ϊ
599 3318 737 3401 Vill:
761 3343 895 3399 Item
925 3343 1143 3416 placuit,
1174 3342 1235 3400 ni
1261 3324 1568 3415 quicunque
1595 3341 1759 3399 verba
1798 3328 1909 3413 ipsa
1942 3334 2121 3398 Domi-
2146 3318 2194 3385 Ο
2455 3318 2847 3429 ιῖξῶηριπυίι
2892 3363 2951 3407 ιιι
2996 3351 3309 3423 quicunque
3358 3347 3417 3405 in
3460 3340 3686 3403 ecclesia
3730 3331 3795 3390 vel

525 3432 664 3491 nica:
684 3433 950 3491 orationis
978 3433 1071 3490 ubi
1092 3434 1360 3513 dicimus}
1386 3433 1608 3490 Dimitte
1624 3432 1780 3490 nobis
1808 3432 1988 3488 debita
2020 3441 2123 3489 no-

528 3533 664 3594 stra,
703 3526 776 3581 ita
803 3524 990 3582 volunt
1018 3534 1047 3581 a
1077 3528 1281 3583 sanctis
1326 3526 1451 3593 dici,
1484 3528 1544 3582 ut
1578 3524 1852 3582 humiliter
1880 3540 1985 3581 non
2033 3538 2124 3581 ve-

528 3620 729 3675 raciter
756 3620 858 3676 hot!
894 3620 1130 3687 dicatur,
1168 3619 1461 3676 ιηιιιιεωι
1509 3616 1599 3675 sit.
1633 3616 1764 3687 Quis
1801 3618 1945 3674 enim
1986 3602 2126 3689 ferat

528 3720 776 3766 orantem
811 3714 1003 3767 etnon
1044 3696 1373 3777 nominibus,
1416 3710 1513 3767 sed
1553 3708 1651 3779 ipéi
1698 3709 1926 3765 Domino
1969 3720 2123 3764 men-

532 3804 756 3862 ticntem
791 3805 886 3876 qui
904 3790 1077 3862 labiis
1112 3800 1216 3861 sibi
1264 3804 1397 3861 dicit
1443 3803 1638 3860 dimitti
1672 3800 1827 3868 vene,
1861 3812 1913 3857 et
1963 3798 2128 3859 corde

531 3898 685 3965 dicit,
736 3906 857 3969 qua:
910 3898 1014 3956 sibi
1063 3898 1425 3964 dimittantur,
1483 3896 1662 3953 debita
1719 3908 1829 3952 non
1889 3883 2128 3952 habere?

534 3989 827 4059 lluctisque
862 3989 931 4046 de
968 3989 1074 4046 ﬁde
1117 3990 1307 4046 contra
1355 3982 1697 4060 Pelagianos,
1750 3970 1893 4045 nunc
1932 3987 2128 4060 regula:

533 4088 842 4138 tractantur
865 4080 1271 4139 ecclesiastica}.

608 4174 701 4231 ix.
733 4170 942 4232 placuit
979 4176 1038 4230 iit
1082 4176 1187 4231 non
1234 4171 1307 4230 sit
1345 4172 1487 4230 ultra
1533 4156 1823 4245 fatigandis
1871 4156 2130 4230 fratribus

538 4268 909 4325 anniversaria
943 4267 1260 4335 necessitas,
1302 4264 1397 4324 sed
1442 4264 1937 4339 qu0ties;exegerit
1965 4280 2131 4322 causa

538 4365 862 4430 communis,
889 4362 941 4419 id
969 4370 1079 4430 est,
1100 4362 1265 4418 totius
1289 4344 1490 4417 Africae
1518 4361 1871 4431 undecunque
1896 4342 1963 4415 ad
1988 4359 2133 4415 hanc

539 4456 725 4539 sedem
757 4464 855 4525 pro
884 4454 1114 4512 concilio
1142 4452 1283 4510 data:
1321 4453 1516 4510 littera!
1548 4449 1770 4520 iuerint,
1799 4454 2133 4523 congregan-

540 4548 666 4607 dain
692 4560 811 4605 esse
847 4549 1112 4621 synodum
1140 4548 1197 4603 in
1231 4546 1296 4604 ca
1334 4546 1612 4618 provincia
1640 4546 1732 4601 ubi
1756 4543 2134 4617 opportunitas

2222 3436 2394 3513 semel
2439 3451 2628 3527 legerit
2672 3447 2741 3502 ab
2789 3442 2895 3498 alia
2939 3441 3192 3509 ecclesia,
3242 3440 3312 3495 ad
3355 3436 3669 3495 clericatum
3709 3441 3791 3484 non

2226 3557 2496 3621 teneatur.
3032 3588 3037 3593 .

2296 3616 2434 3702 XVI.
2469 3638 2679 3697 Placuit
2721 3644 3008 3710 praeterea,
3039 3640 3098 3688 ut
3137 3616 3790 3687 exsecutoribnsinoinni-

2222 3740 2327 3799 lius
2365 3736 2531 3808 iustis
2564 3729 2850 3789 desideriis
2896 3722 3259 3798 iinpartiatur,
3307 3718 3516 3794 placuit
3564 3713 3711 3808 etiam
3747 3713 3793 3808 ut

2224 3805 2441 3906 petatur
2482 3844 2514 3884 a
2550 3822 2955 3901 gloriosissimis
3006 3815 3455 3893 imperatoribus,
3503 3820 3562 3867 ut
3600 3805 3788 3906 iubeam

2222 3897 2495 4003 iudicibus
2537 3897 2669 3981 dare
2711 3919 2909 3992 petitos
2953 3916 3056 3972 sibi
3098 3911 3424 3970 defensores
3473 3897 3789 3964 scholasticos

2224 4000 2343 4092 88
2370 4017 2464 4090 qui
2490 4016 2545 4073 in
2584 4023 2712 4071 actu
2734 4013 2864 4079 sint,
2892 4009 2979 4065 vel
3002 4008 3057 4064 in
3093 4005 3271 4063 cilicio
3301 4000 3662 4061 defensionum
3684 4003 3786 4047 cau-

2229 4126 2412 4170 sarum
2442 4106 2967 4177 Zecclesiasticarum,
3010 4111 3073 4161 ut
3124 4112 3277 4156 more
3325 4094 3663 4177 sacerdotum
3687 4095 3786 4154 επο-

2231 4176 2453 4269 vinciaz,
2490 4200 2551 4258 id
2588 4206 2694 4264 est,
2743 4195 2841 4266 ipsi
2889 4192 2984 4267 qui
3041 4189 3418 4251 defensionem
3476 4176 3781 4269 ecclesiarum

2233 4263 2593 4367 susceperint,
2637 4263 2872 4347 habeant
2909 4263 3225 4342 Iacultatem
3259 4298 3360 4355 pro
3388 4273 3616 4367 negotiis

2234 4353 2445 4459 sint-uin
2471 4353 3045 4460 (quoticspecessitas
3092 4353 3442 4448 ﬂagitaverit)
3491 4365 3572 4423 vel
3611 4353 3781 4460 ρξ’-

2236 4448 2533 4537 sistendum
2558 4448 2778 4549 ,callid‘e
2835 4466 3229 4543 decipientibus
3274 4462 3363 4521 vel
3410 4448 3777 4529 obrepeniibus.

2236 4564 2320 4627 vel
2344 4550 2411 4623 ad
2441 4548 2750 4621 necessaria
2773 4557 3110 4633 suggerenda
3148 4555 3359 4629 ingredi
3371 4551 3610 4626 judicum
3637 4548 3779 4597 secre-

541 4640 893 4713 persuaserit,
925 4650 1100 4696 causa:
1137 4642 1319 4694 autem
1342 4650 1464 4710 quae
1487 4640 1805 4694 communes
1841 4650 1947 4691 non
1984 4638 2210 4718 suiit,‘
2239 4662 2399 4718 mia.

542 4735 656 4791 Suis
692 4719 984 4807 provinciis
1012 4731 1346 4802 judiceiitur.

611 4825 681 4883 Χ.
732 4826 942 4883 Placuit
987 4826 1152 4882 etiam
1198 4824 1311 4895 pati
1358 4831 1418 4880 ut
1464 4823 1706 4880 omnium
1754 4820 2131 4892 episeoporum

543 4922 787 4994 epistolis
823 4922 1076 4978 omnibus
1110 4920 1178 4977 de
1226 4918 1456 4977 concilio
1500 4918 1693 4976 dandis
1740 4915 2004 4973 sanctitas
2043 4923 2137 4969 tua

544 5017 657 5073 sola
680 5014 1005 5074 subscribat.
1600 5078 1604 5082 θ

618 5109 712 5166 X1.
754 5109 965 5167 Placuit
990 5116 1047 5165 et
1074 5106 1203 5165 illud
1237 5104 1496 5164 adversus
1524 5101 1825 5166 haereticos,
1863 5098 1949 5155 vel
1974 5112 2141 5170 paga-

549 5218 669 5274 nos,
690 5204 779 5263 vel
805 5220 991 5262 eorum
1019 5204 1454 5277 superstitiones,
1484 5186 1544 5257 ut
1572 5199 1733 5272 legati
1762 5197 1911 5253 missi
1946 5195 2011 5251 de
2041 5196 2146 5251 hoc

552 5294 785 5372 glorioso
813 5298 1043 5355 cuncilio
1071 5299 1331 5370 quidquid
1369 5297 1498 5353 utile
1523 5292 1859 5370 providerint
1883 5308 1915 5348 a
1943 5288 2143 5363 glorio-

553 5392 781 5449 sissimis
817 5390 1151 5462 principibus
1175 5391 1483 5461 impetrent.

622 5484 738 5543 xu.
766 5482 975 5541 Placuit
1004 5483 1169 5539 etiam
1207 5493 1261 5541 ei
1290 5483 1440 5551 illud,
1485 5489 1545 5538 ut
1588 5482 1779 5554 preces
1815 5462 1900 5534 vel
1939 5474 2145 5531 oratio-

555 5588 672 5645 nes,
700 5564 792 5634 scii
826 5578 1004 5636 missa:
1035 5582 1155 5649 quae
1178 5577 1415 5650 probatae
1443 5574 1723 5651 fuerintin
1758 5568 2008 5635 concilio,
2031 5566 2148 5623 sive

554 5668 919 5744 praefationes,
948 5671 1063 5730 sive
1094 5670 1608 5737 commendationes,
1637 5683 1730 5724 seu
1758 5679 1951 5721 manus
1980 5664 2149 5734 impo-

556 5765 782 5823 sitiones
819 5766 885 5824 ab
921 5766 1174 5825 omnibus
1226 5764 1584 5831 celebrentur,
1633 5777 1734 5819 nec
1770 5759 1889 5815 aliis
1926 5757 2150 5833 omnino

559 5844 809 5915 dicantur
836 5859 889 5916 in
927 5859 1180 5924 ecclesia,
1211 5856 1313 5915 nisi
1350 5872 1469 5928 qua:
1508 5870 1537 5911 a
1573 5850 2014 5928 prudentioribus
2041 5857 2153 5907 tra-

560 5948 720 6010 ctatae
755 5950 841 6011 vel
873 5949 1234 6026 comprobatae
1283 5936 1339 6006 in
1388 5946 1594 6020 synodo
1629 5932 1848 6013 iuerint,
1901 5959 1969 6002 ne
2009 5942 2154 6001 lorte

2156 4705 2215 4765 D

2313 4775 2474 4833 XVII.
2538 4771 2752 4829 Placuit
2826 4777 2889 4825 ut
2968 4765 3266 4825 secundum
3342 4754 3685 4828 evangelicum
3732 4744 3775 4794 ά

2244 4867 2604 4942 apostolicam
2632 4861 3004 4933 disciplinam,
3044 4866 3222 4928 neque
3252 4852 3507 4910 dimissus
3543 4842 3606 4899 ali
3640 4839 3771 4942 Illi):

2241 4920 2415 5034 utraque
2456 4958 2680 5016 dimissa
2734 4920 2789 5012 al
2827 4953 3022 5011 marito
3083 4949 3236 5007 alteri
3288 4920 3771 5034 coniungantnrnse:

2242 5017 2639 5116 ita'inaneant,
2694 5055 2788 5104 aut
2833 5046 3054 5103 sibimet
3098 5037 3529 5100 reconcilientur,
3574 5017 3695 5116 quod
3733 5022 3768 5116 εξ

2242 5109 2666 5213 contempserint
2701 5139 2771 5195 ad
2806 5133 3179 5209 penitentiam
3234 5127 3555 5215 redigantur.
3597 5113 3647 5215 in
3689 5109 3768 5172 ill"

2246 5251 2410 5295 causa
2428 5210 2603 5305 legem
2628 5228 2961 5302 imperialem
2988 5224 3274 5298 petendam
3299 5210 3630 5292 promulgari-

2319 5347 2503 5405 XVIII.
2541 5345 2785 5412 Placuit,
2829 5350 2892 5399 ut
2927 5341 3238 5413 quicunque
3277 5342 3383 5391 non
3422 5311 3765 5413 communicat”

2250 5446 2304 5502 iii
2333 5441 2613 5517 provincia
2640 5406 2860 5511 propria
2888 5406 3098 5492 in'tiiit
3124 5406 3531 5505 provinciis"!
3552 5406 3762 5517 fitfit:

2249 5497 2386 5594 riuis
2406 5497 2659 5608 partibus
2673 5497 2761 5589 αεὶ.
2770 5497 3280 5587 communicandum
3305 5497 3765 5585 obrepserittiﬂw'

2254 5644 2370 5690 rem
2397 5626 2796 5687 communionis
2827 5623 2912 5680 vel
2938 5620 3242 5678 Glericatus
3268 5608 3509 5682 excipiat.

2255 5842 2551 5916 gnitionem
2575 5836 2901 5915 iudiciorum
2948 5824 3289 5904 publicorum
3331 5822 3396 5877 ab
3439 5795 3758 5927 θρίδθίζξζῖξηξθιέ

2256 5889 2408 5996 ῖὶετὶι
2424 5975 2440 6006 ,
2466 5889 2673 5993 honera
2706 5910 2926 6006 proprio
2950 5889 3226 6000 privetur,
3251 5916 3490 5979 siautem
3521 5889 3720 5973 episcopi
