3910 6434
156 410 255 473 873

1380 416 1870 478 DECRETALIUM
1904 412 2303 482 COLLECTIO.

3205 416 3410 478 »574

150 534 405 606 Iudicium
428 533 504 593 ab
532 534 862 610 imperatore
903 537 1289 610 postulaverit,
1320 539 1458 596 nihil
1481 539 1532 596 ei
1561 538 1724 595 obsit.
1752 538 1808 601 Α
1833 537 1954 596 ticis
1983 538 2202 612 impune
2226 547 2288 596 ut
2311 537 2387 597 ibi
2413 538 2525 596 sint
2562 544 2620 596 et
2661 551 2819 595 suam
2861 533 3199 608 diligentiam
3242 529 3412 590 i'uisse

218 627 331 686 XX.
372 629 615 701 Placuit,
661 641 725 690 ut
769 634 1078 707 quicunque
1121 635 1351 693 clericus
1384 644 1607 708 propter
1633 650 1727 692 ne-

155 724 455 781 cessitatem
484 727 868 810 suanljlliéubi
902 728 977 810 all
1003 726 1323 787 comitatum
1352 723 1432 786 iie
1455 720 1725 809 volnerit',

155 816 429 874 formatam
479 818 548 875 ab
573 800 840 894 ίέβὶεὸοβδ
884 806 982 879 s‘iiii
1028 826 1289 896 accipiat,
1323 810 1469 896 quod
1510 804 1557 881 si
1607 826 1727 881 sine

155 911 368 965 formata
394 912 628 968 voluerit
663 930 920 987 pergere,
960 934 993 973 a
1037 919 1419 974 communione
1448 932 1726 975 removea-

155 1011 247 1067 tur,
278 1002 421 1073 quod
454 1005 502 1059 si
532 1005 734 1062 alicubi
760 1009 810 1063 ei
835 1009 1119 1080 repentina
1146 1011 1444 1067 necessitas
1465 1020 1585 1066 orta
1612 1009 1724 1064 fue-

152 1097 217 1152 rit
238 1096 301 1151 ad
328 1097 652 1155 comitatum
685 1090 984 1171 pergendi,
1015 1086 1381 1174 alleget'aphil
1410 1083 1723 1173 episcopum

151 1185 388 1256 lociejus
410 1189 584 1257 ipsam
610 1192 988 1249 necessitatem
1008 1235 1023 1262 ,
1051 1204 1107 1251 et
1131 1196 1199 1251 de
1227 1196 1329 1251 hoc
1356 1196 1557 1265 scripta
1587 1194 1725 1265 ejusn

151 1267 258 1332 dem
286 1278 530 1351 episc0pi
564 1279 805 1348 deferat,
831 1283 1083 1342 formatae
1109 1295 1289 1343 autem
1318 1302 1440 1359 quae
1463 1303 1493 1343 a
1522 1288 1723 1358 prima-

151 1368 307 1437 tibus,
331 1370 414 1427 vel
444 1386 477 1426 a
507 1372 923 1445 quibu’scunque
947 1372 1218 1449 episcopis
1240 1370 1466 1436 clericis
1489 1368 1725 1449 propriis

151 1462 351 1530 dantur,
378 1461 624 1520 habeant
650 1466 792 1522 diem
833 1465 1073 1524 Pasclue.
1103 1468 1258 1537 Quod
1291 1472 1338 1527 si
1376 1472 1550 1527 adbiic
1578 1472 1724 1542 ejus-

149 1551 255 1607 dem
283 1552 409 1609 anni
456 1552 682 1612 Pascha:
722 1557 837 1613 dies
874 1558 1081 1616 incerta
1124 1570 1230 1625 est,
1279 1560 1368 1617 ille
1410 1554 1721 1633 praecedens

151 1642 451 1717 adiungatur
479 1652 757 1719 quomodo
784 1650 922 1706 solet
947 1662 1071 1724 post
1091 1654 1430 1711 consulatum
1459 1654 1516 1711 in
1542 1653 1716 1727 publi-

150 1734 215 1788 cis
246 1736 407 1805 gestis
430 1739 658 1795 ascribi.

206 1822 337 1881 XXI.
378 1826 518 1884 item
551 1829 784 1900 placuit,
829 1844 889 1889 ut
916 1835 1225 1907 quicunque
1266 1837 1527 1908 episcopi,
1557 1842 1718 1907 qtias-

1827 638 2187 700 praeventam,
2215 640 2278 685 ut
2317 644 2384 686 eo
2421 629 2581 686 modo
2611 629 2729 700 ejus
2770 641 2901 683 cura
2932 623 3186 681 solertior
3208 621 3413 678 vitare-

1816 718 1936 795 ‘tdl‘.
1966 717 2089 797 culit
2116 714 2218 777 56c
2242 714 2451 795 iudices
2479 714 2719 795 suscepi
2762 716 3117 790 cegnoverint
3135 756 3151 783 ,
3179 715 3296 770 sive
3320 728 3414 770 ca-

1829 800 2031 867 tiiedne
2058 812 2173 867 loca
2204 808 2514 868 reStittiant.
2561 804 2705 867 sane
2732 811 2775 866 si
2796 806 3059 880 'episcopi
3102 806 3246 863 inter
3275 817 3412 876 quos

1825 922 1990 963 causa
2014 914 2282 973 versatur,
2314 907 2650 962 diversarum
2672 912 2797 962 sunt
2826 902 3228 975 provinciarum
3247 941 3263 967 ,
3310 899 3403 956 ille

1824 998 2030 1069 primas
2059 998 2149 1054 det
2193 998 2407 1070 iudices
2450 998 2504 1053 in
2546 998 2700 1069 cujus
2743 996 3028 1068 provincia
3057 1003 3139 1053 est
3170 993 3321 1048 locus
3344 992 3413 1048 de

1808 1075 1933 1160 ‘lp‘ib
1967 1074 2334 1158 ebritchtiittii‘,
2363 1088 2410 1146 sl
2442 1090 2624 1146 autem
2646 1105 2715 1146 ex
2737 1086 3013 1144 communi
3056 1084 3258 1156 placito
3284 1082 3413 1139 vici-

1823 1182 2153 1255 nos‘judices
2190 1183 2482 1255 elegerint,
2530 1191 2626 1245 aut
2672 1182 2779 1237 duo
2826 1180 3096 1252 eligantur
3125 1185 3219 1233 aut
3265 1185 3410 1243 tres,

1822 1276 1966 1346 quod
2009 1276 2055 1332 si
2103 1285 2215 1332 tres
2247 1274 2539 1348 elegerint,
2569 1284 2662 1331 aut
2695 1273 2941 1330 omnium
2963 1271 3295 1328 sententiam
3325 1283 3413 1323 sc-

1822 1376 2080 1439 quantur,
2126 1377 2220 1425 aut
2262 1370 2515 1437 duorum,
2539 1368 2813 1439 iudicibus
2859 1358 3042 1423 autem
3080 1378 3219 1435 quos
3266 1379 3414 1419 com-

1823 1463 2003 1518 munis
2042 1468 2340 1519 cense'nsus
2380 1462 2637 1534 elegerit,
2668 1474 2775 1519 non
2806 1460 2972 1516 liceat
2994 1454 3324 1530 provocare,
3361 1463 3417 1509 ct

1822 1542 2068 1625 q'u'lsqiiis
2098 1556 2369 1626 probatus
2398 1553 2563 1611 fuerit
2602 1570 2703 1627 pro
2733 1551 3077 1611 contumacia
3120 1548 3266 1606 nolle
3310 1549 3412 1603 ob-

1824 1655 2124 1716 temperare
2151 1646 2427 1715 iudicibus
2443 1689 2459 1716 ,
2482 1663 2606 1704 cum
2632 1648 2738 1705 hoc
2765 1646 2957 1718 primae
2984 1643 3131 1701 sedis
3157 1642 3414 1713 episcopo

1819 1736 1987 1795 fuerit
2011 1740 2294 1809 prdbatuiii
2314 1782 2327 1805 ,
2363 1738 2454 1796 det
2479 1738 2693 1795 litteras
2721 1744 2781 1794 ut
2813 1738 2993 1793 nullus
3027 1736 3080 1791 ei
3106 1732 3413 1791 communi-

1798 1834 1907 1886 cet
1932 1830 2312 1903 episcoporum
2344 1830 2515 1888 dtl'nec
2548 1831 2908 1902 obtemperet.

150 1931 336 1988 cunque
378 1921 643 1980 ecclesias
676 1924 760 1980 vel
780 1926 966 1996 plebes
982 1944 1119 2000 quas
1140 1928 1207 1984 ad
1231 1938 1386 1985 suam
1405 1930 1720 1986 cathedram
1748 1916 1796 1977 Β
1893 1922 2062 1981 XXV.
2107 1924 2165 1980 Si
2214 1925 2269 1981 in
2315 1924 2638 1981 matricibus
2666 1922 2945 1981 cathedris
2985 1922 3275 1993 cpiscopus
3319 1936 3415 1977 neb

150 2009 395 2068 aestimant
421 2015 707 2085 pertinere
725 2058 740 2083 ,
764 2024 873 2076 non
899 2021 973 2076 ita
1002 2020 1254 2091 repetunt
1283 2031 1341 2077 ut
1367 2024 1563 2080 causas
1594 2022 1721 2082 s'uas

151 2102 394 2175 episcopis
416 2104 795 2176 iudicantibus
823 2122 1023 2184 agant,
1046 2114 1138 2171 sed
1167 2115 1215 2171 si
1242 2114 1295 2171 in
1327 2116 1433 2171 alio
1455 2117 1721 2172 retinente

151 2191 415 2263 irruerint,
453 2198 573 2255 sive
606 2200 910 2263 volentibus
950 2205 1064 2261 sive
1109 2206 1420 2263 edentibus
1468 2206 1715 2279 plebibus

152 2301 304 2344 causa
326 2304 436 2347 suae
466 2292 855 2351 detrimentum
878 2297 1174 2368 patiantur,
1196 2308 1253 2356 et
1276 2296 1716 2371 quicunquejam

154 2376 238 2434 hoc
275 2377 538 2449 fecerint,
570 2385 617 2440 si
658 2386 897 2443 nondum
944 2397 1029 2446 est
1070 2390 1212 2446 inter
1241 2390 1526 2463 episcopos
1571 2393 1719 2447 linita

152 2475 433 2541 contentio,
463 2475 564 2530 sed
599 2477 779 2535 adhuc
808 2479 934 2536 inde
961 2482 1328 2549 contendunt,
1361 2484 1448 2539 ille
1485 2483 1611 2540 inde
1639 2485 1720 2539 di-

154 2566 344 2633 scedat,
374 2584 540 2639 quem
594 2573 901 2629 constiterit
942 2577 1324 2646 praetermissis
1369 2578 1588 2648 judiciis
1630 2586 1721 2635 ec-

155 2657 442 2720 clesiasticis
467 2664 737 2733 irruisse,
764 2683 868 2723 nec
908 2667 1013 2725 sibi
1056 2672 1288 2741 quiequc
1313 2670 1639 2738 blandiatur,
1673 2671 1719 2727 si

154 2769 178 2808 a
203 2758 418 2825 primate
444 2768 508 2814 ut
544 2762 778 2818 retineat
816 2763 1059 2831 litteras,
1091 2766 1434 2838 impetrarit,
1472 2766 1569 2823 sed
1602 2767 1721 2824 sive

156 2845 323 2904 habeat
347 2848 592 2918 litteras,
620 2852 736 2909 sive
763 2869 870 2910 non
892 2856 1123 2924 habeat,
1154 2858 1446 2915 conveniat
1473 2868 1597 2916 eum
1624 2860 1719 2931 Qui

158 2943 316 3023 tenet,
344 2951 398 2997 et
422 2944 547 3015 ejus
571 2944 784 3005 litteras
810 2948 1080 3019 accipiat,
1108 2958 1170 3006 ut
1189 2955 1314 3007 cuin
1348 2948 1720 3023 appareatpa-

155 3012 284 3087 ciiice
314 3012 553 3091 tenuisse
574 3036 857 3094 ecclesiam
877 3012 952 3096 ad
970 3056 1033 3097 se
1044 3012 1436 3111 pertinentem;
1461 3045 1507 3100 sl
1536 3012 1720 3101 autem

155 3118 227 3176 ille
261 3123 489 3195 aliquam
526 3129 880 3197 quaestionem
919 3132 1168 3191 retulerit
1196 3150 1295 3206 per
1320 3136 1606 3208 episcopos
1628 3137 1718 3209 ju-

1822 2016 2031 2088 gngens
2058 2014 2224 2072 hient
2250 2016 2512 2073 navemus
2537 2014 2844 2080 huireti'cos,
2889 2012 3247 2070 conveniatur
3271 2029 3301 2067 a
3335 2013 3415 2067 vi-

1822 2110 1960 2164 cinis
1993 2109 2264 2179 episcopis
2308 2107 2694 2180 diligentibus,
2732 2116 2790 2163 et
2833 2106 2885 2161 ei
2920 2120 3036 2162 .sua
3080 2103 3412 2176 negligentia

1812 2192 2248 2266 ‘det'nunstretur,
2279 2207 2341 2254 ut
2365 2208 2425 2255 se
2453 2202 2716 2255 excusare
2737 2212 2844 2254 non
2870 2197 3075 2268 possit;
3100 2196 3248 2267 quod
3274 2193 3319 2249 si
3343 2210 3412 2250 ex

1778 2323 1784 2330 -
1822 2291 1908 2346 die
1954 2307 2063 2362 quo
2102 2292 2423 2349 convenitur
2467 2292 2615 2348 intra
2664 2305 2761 2348 sex
2824 2300 3079 2357 menses,
3119 2288 3167 2344 si
3206 2288 3263 2344 in
3296 2285 3414 2357 ejus

1820 2384 2100 2455 provinclu
2148 2380 2432 2441 exsecutio
2461 2379 2664 2452 fuerit,
2688 2392 2747 2440 et
2784 2395 2894 2440 non
2922 2395 3019 2439 eos
3047 2383 3113 2437 ad
3143 2379 3413 2437 unitatem

1818 2472 2144 2532 catholicam
2169 2475 2569 2532 convertendos
2604 2474 2895 2539 ornaverit,
2944 2488 3054 2529 non
3083 2473 3135 2529 ei
3165 2486 3412 2529 commu-

1820 2566 2031 2622 nicetur
2058 2567 2228 2623 donec
2255 2565 2508 2637 impleat;
2558 2567 2605 2622 si
2647 2574 2830 2621 autem
2859 2572 3151 2621 exsecutor
3194 2563 3263 2620 ad
3291 2562 3413 2618 loca

1819 2674 1929 2715 non
1959 2660 2200 2723 venerit,
2230 2672 2337 2715 non
2369 2659 2675 2717 ascribatur
2703 2659 2978 2731 episcopo,
3000 2658 3061 2715 ἐἰ
3082 2664 3267 2713 autem
3292 2662 3417 2727 pro-

1820 2754 2004 2809 batum
2039 2751 2205 2808 fuerit
2251 2768 2375 2808 eum
2424 2752 2490 2808 de
2529 2752 2919 2808 communione
2974 2749 3191 2806 illorum
3226 2747 3415 2813 fuisse

1820 2848 2106 2904 mentitum
2127 2848 2357 2905 dicendo
2375 2855 2473 2904 eos
2496 2846 2939 2903 communicasse
2956 2854 3096 2917 quos
3117 2856 3182 2899 eo
3205 2838 3417 2898 sciente

1820 2956 1928 2996 non
1974 2939 2408 2998 communicasse
2452 2938 2790 3007 constiterit,
2837 2938 3002 2995 etiam
3040 2934 3414 3008 episcopatum

1819 3034 2053 3091 amittat.

1893 3127 2083 3184 XXVI.
2122 3127 2258 3186 Item
2302 3128 2540 3201 placuit,
2574 3136 2638 3184 ut
2664 3126 2977 3198 quicunque
3024 3123 3406 3196 episcOporum

156 3211 277 3271 dices
302 3232 458 3274 causa
492 3218 743 3288 ﬁniatur,
775 3223 889 3280 sive
909 3224 988 3280 eis
1008 3226 1270 3296 primates
1297 3228 1578 3299 dederint,
1602 3231 1717 3290 sive
1744 3280 1788 3299 η
1821 3219 2150 3275 necessitate
2198 3218 2559 3290 periclitantis
2604 3216 2885 3299 pudicitiae
2927 3212 3230 3287 virginalis,
3258 3226 3411 3277 ,cum

155 3319 266 3374 quos
292 3308 430 3378 ipsos
457 3310 670 3369 vicinos
697 3324 764 3369 ex
795 3318 1063 3373 consensu
1092 3314 1412 3392 delegerint.

210 3395 355 3455 XXII.
392 3403 532 3459 item
581 3403 808 3476 placuit,
858 3416 918 3463 ut
960 3409 1298 3482 presbyteri,
1344 3413 1592 3482 diaconi,
1628 3415 1715 3472 vel

157 3491 307 3545 creteri
331 3492 620 3552 inferiores
643 3496 831 3553 clerici
861 3498 915 3554 in
943 3496 1140 3557 causas
1162 3508 1298 3573 quas
1314 3492 1609 3562 tribuerint
1626 3549 1642 3574 ,
1667 3508 1714 3564 sl

156 3577 208 3632 de
242 3579 447 3650 judiciis
490 3586 868 3659 episcoporum
899 3608 1119 3649 suorum
1167 3599 1346 3666 questi
1387 3598 1607 3668 fuerint,
1636 3602 1713 3657 vi-

155 3671 243 3765 cini
269 3678 500 3752 episcopi
528 3696 622 3738 eos
649 3685 904 3753 audiant,
937 3697 991 3741 et
1018 3688 1165 3745 inter
1189 3706 1285 3747 eos
1314 3694 1575 3765 quidquid
1603 3705 1711 3764 est,

158 3762 318 3825 ﬁniant
344 3773 577 3832 adhibiti
601 3775 669 3831 ab
692 3777 772 3834 eis
794 3793 863 3835 ex
885 3793 1153 3838 consensu
1177 3762 1553 3857 episcoporum
1581 3762 1713 3847 suos

158 3871 277 3918 rum.
319 3865 469 3934 Quod
523 3869 568 3924 si
616 3877 671 3926 et
715 3872 784 3928 ab
813 3872 894 3928 eis
923 3878 1328 3945 provocandam
1362 3884 1710 3950 putaverint,

159 3965 246 4008 non
279 3969 605 4029 provocent,
653 3962 755 4017 nisi
806 3963 874 4018 ad
916 3962 1175 4021 Africana
1221 3969 1481 4036 concilia,
1514 3972 1600 4033 vel
1645 3974 1713 4030 ad

158 4047 383 4115 primates
440 4055 854 4127 provinciarum
914 4073 1173 4125 suarum,
1225 4062 1292 4116 ad
1349 4067 1713 4123 transmarina

159 4148 309 4198 autem
342 4145 430 4216 qui
468 4148 746 4219 putaverit
773 4149 1152 4221 appellandum
1179 4169 1210 4209 a
1235 4154 1381 4211 nttllo
1402 4156 1545 4212 intra
1567 4158 1715 4214 Afri.

161 4242 256 4313 cam
284 4235 332 4290 in
366 4239 749 4295 communione
779 4241 1130 4313 suscipiatur.

1742 3280 1790 3346 ο
1820 3306 1907 3366 vel
1934 3308 2135 3383 petitor
2176 3280 2404 3382 petens,
2459 3304 2545 3366 vel
2589 3280 2778 3379 raptor
2813 3280 3044 3377 ἁἩίιιιὶε⁷
3059 3304 3414 3372 formidatur,

1818 3405 1905 3460 vel
1940 3405 1986 3461 si
2012 3404 2196 3475 aliquo
2222 3404 2387 3461 etiam
2434 3404 2626 3460 mortis
2655 3400 2910 3473 scrupulo
2935 3398 3238 3471 periculoso
3264 3413 3415 3454 com-

1817 3506 2015 3570 puncta
2045 3497 2237 3564 fuerit,
2264 3500 2372 3554 nec
2388 3480 2503 3552 fidit
2529 3495 2709 3554 velata
2734 3493 2937 3560 fuerit,
2962 3502 3054 3549 aut
3066 3490 3412 3563 exigentibus

1817 3590 2160 3665 parentibus,
2189 3598 2285 3645 aut
2316 3590 2405 3645 his
2431 3589 2500 3644 ad
2533 3603 2765 3660 quorum
2799 3601 2988 3643 curam
3023 3585 3288 3657 pertinet,
3319 3599 3415 3640 ve-

1816 3681 2009 3738 laverit
2053 3680 2357 3752 virginem,
2388 3695 2483 3737 seu
2525 3679 2728 3736 velavit
2771 3678 2915 3734 intra
2939 3675 3130 3747 viginti
3168 3675 3410 3747 quinque

1819 3790 1994 3833 annuos
2035 3774 2232 3841 atatis,
2281 3762 2392 3833 non
2422 3772 2473 3832 ei
2496 3773 2642 3830 obsit
2667 3760 2987 3836 concilium,
3023 3768 3167 3841 quod
3199 3768 3267 3824 de
3302 3768 3412 3824 ieto

1820 3882 2091 3928 annorum
2122 3876 2352 3928 numero
2386 3868 2741 3926 constitutum
2768 3866 2874 3923 est.

1886 3963 2099 4022 XXVII.
2139 3965 2275 4021 Item
2314 3962 2520 4035 placuit
2546 3976 2615 4018 ne
2639 3961 2846 4018 diutius
2892 3957 3131 4015 universi
3162 3954 3409 4035 episcopi

1816 4060 1908 4131 qui
1958 4059 2026 4115 ad
2080 4057 2373 4125 concilium
2415 4054 2732 4128 congregati
2780 4061 2936 4120 sunt,
2983 4057 3298 4108 tenerentur
3343 4046 3413 4105 ab

1816 4153 2070 4209 universo
2101 4151 2332 4207 concilio
2368 4160 2553 4205 ternos
2578 4147 2794 4218 iudices
2816 4146 2883 4203 de
2923 4144 3153 4216 singulis
3180 4142 3411 4215 provin-

1827 4245 1930 4302 ciis
1961 4244 2089 4316 eligi
2108 4276 2125 4310 ,
2155 4252 2212 4301 et
2238 4241 2398 4298 electi
2425 4246 2557 4297 sunt
2584 4239 2653 4296 de
2678 4237 2959 4309 provincia
2988 4231 3411 4306 Carthagincnsi

172 4325 190 4413 '_
215 4312 382 4382 XXIII.
422 4318 669 4397 Placuit,
703 4340 763 4385 ut
787 4331 1097 4406 quicunque
1124 4349 1419 4394 conversus
1449 4339 1518 4395 ab
1542 4340 1716 4397 haere-
1824 4312 2177 4401 Vincentius,
2216 4332 2643 4390 Fortunatianus
2676 4337 2736 4387 et
2780 4327 2973 4385 Clarus
3014 4325 3085 4384 de
3127 4323 3412 4397 provincia

163 4409 259 4470 licis
281 4409 467 4477 dixerit
489 4437 546 4478 se
569 4423 710 4494 apud
728 4439 820 4479 eos
845 4425 1222 4495 pmnitentiam
1242 4429 1516 4501 accipere,
1550 4447 1716 4489 unus-
1816 4428 2099 4490 Numidiae,
2129 4425 2375 4497 Alippius
2404 4422 2761 4494 Augustinus,
2791 4429 2850 4477 et
2869 4418 3176 4476 Restitutus
3197 4416 3265 4472 de
3285 4430 3413 4486 pro-

161 4504 354 4581 quisque
403 4516 702 4575 catholicus
751 4517 1040 4589 episcopus
1078 4521 1355 4592 requirat,
1406 4523 1497 4579 ubi
1540 4533 1598 4580 et
1643 4525 1714 4581 ob
1819 4520 1995 4577 vincia
2020 4517 2360 4583 Bizancena,
2406 4530 2531 4572 cum
2560 4521 2754 4572 sancto
2780 4525 2914 4569 sene
2962 4510 3270 4567 Domitiano
3298 4506 3411 4577 pri—

162 4613 295 4667 quam
320 4621 534 4663 causam
564 4609 704 4680 apud
749 4611 972 4667 eosdem
1019 4613 1305 4672 haereticos
1330 4617 1709 4687 paenitentiam
1737 4653 1790 4714 Β
1817 4621 1961 4669 male
1989 4610 2336 4676 Cresconius,
2370 4605 2650 4665 Jocundus
2677 4612 2733 4663 et
2781 4605 3067 4671 Ilelianus,
3096 4601 3166 4658 de
3200 4599 3407 4656 Mauri-

162 4698 418 4765 susccperit
437 4741 453 4767 ,
483 4709 543 4756 ut
568 4716 692 4757 cum
716 4701 1058 4761 documentis
1085 4707 1251 4764 certis
1278 4708 1381 4764 hoc
1408 4709 1584 4779 ipsum
1616 4726 1710 4779 ap-
1737 4695 1788 4714 ”
1817 4705 1961 4760 lania
1990 4701 2268 4769 Sitifensi,
2308 4700 2671 4767 Severianus,
2701 4698 3008 4764 Asiaticus,
3046 4704 3104 4751 ct
3130 4695 3372 4750 Donatus
3391 4731 3406 4757 ,

163 4780 430 4884 prf’b‘wcm
476 4786 602 4884 sibi
627 4807 726 4863 ιπο
758 4793 1017 4863 qualitate
1055 4798 1303 4868 peccati,
1352 4800 1495 4856 sicut
1532 4800 1711 4858 eidem
1814 4801 1880 4857 de
1912 4798 2192 4870 provincia
2228 4795 2595 4867 Tripolitana,
2632 4792 2882 4850 Plautius
2909 4790 3002 4861 qui
3032 4804 3101 4844 ex
3136 4801 3286 4842 more
3332 4785 3408 4839 le-

162 4876 379 4965 episcopo
407 4876 673 4937 catholico
708 4883 881 4939 visum
915 4884 1108 4954 fuerit,
1140 4895 1350 4959 tempus
1376 4892 1710 4961 ptenitentite
1812 4901 1969 4965 gatus
2026 4897 2167 4948 unus
2224 4899 2310 4947 est
2347 4890 2567 4945 missus.
2628 4888 2731 4955 Qui
2783 4899 2977 4941 omnes
3026 4897 3148 4938 cum
3218 4887 3409 4935 sancto

163 4962 688 5054 ‘CLI‘rconciliationis
713 4974 990 5053 decernat.
1816 4962 1946 5041 sene
1974 4985 2198 5041 Aurelio
2220 4984 2476 5040 universa
2504 4987 2869 5054 cognoscant,
2893 4993 2924 5032 a
2951 4990 3063 5047 quo
3087 4975 3243 5045 petiit
3280 4973 3407 5027 nni-

220 5046 388 5114 XXIV.
429 5046 561 5147 item
582 5049 826 5147 placuit,
857 5077 916 5122 ut
948 5068 1254 5141 quicunque
1285 5072 1560 5146 ncgligunt
1593 5072 1710 5131 loca
1818 5092 2032 5132 versum
2058 5075 2349 5132 concilium
2363 5115 2384 5144 ,Α
2428 5083 2488 5129 ut
2530 5046 2744 5129 cunctis
2774 5070 2890 5125 sive
2919 5046 3091 5139 gestis
3117 5081 3240 5138 qua:
3270 5080 3405 5121 con-

166 5128 372 5239 adsaam
398 5142 713 5213 cathedram
737 5160 1066 5230 pertinentia
1097 5162 1152 5218 in
1181 5128 1508 5223 catholich
1537 5168 1714 5224 unita-

167 5242 252 5294 leni
276 5240 457 5303 lucrari
484 5250 878 5307 conveniantur
905 5270 937 5310 a
975 5254 1327 5326 diligentibus
1371 5258 1567 5316 vicinis
1592 5261 1710 5330 epi-

167 5335 341 5403 smpis,
367 5349 424 5396 ut
446 5341 497 5397 id
523 5359 683 5415 agere
714 5361 820 5401 non
851 5356 1151 5416 morentur,
1185 5350 1329 5420 quod
1370 5351 1416 5407 si
1446 5352 1589 5408 intra
1615 5367 1711 5410 sex

168 5434 353 5521 Ilienses.
386 5447 414 5487 2
450 5434 539 5521 die
583 5438 959 5495 conventionis
1007 5456 1112 5497 non
1167 5442 1272 5499 hoc
1311 5441 1569 5511 fecerint,
1618 5446 1710 5516 Qui

167 5510 365 5595 doluerit
393 5539 482 5583 eas
531 5518 729 5585 lucrari
780 5532 847 5587 ad
882 5532 1055 5603 ipsum
1102 5536 1439 5607 pertineant,
1477 5510 1711 5597 italae—tie

169 5614 216 5659 ut
239 5607 276 5664 si
303 5608 381 5672 ille
423 5619 485 5674 ad
517 5638 675 5693 quem
710 5622 1039 5695 pertinuisse
1084 5628 1429 5699 videbantur,
1477 5633 1713 5705 probare

170 5705 367 5769 potuerit
396 5712 556 5788 magis
588 5714 731 5774 illius
764 5715 993 5776 electam
1028 5719 1414 5795 negligentiam
1444 5724 1513 5782 ab
1535 5725 1711 5784 imre-

1818 5168 1959 5224 fecta
1996 5167 2109 5238 jam
2152 5175 2311 5234 sunt,
2358 5167 2472 5223 sive
2519 5162 2790 5237 episcopis
2820 5163 2940 5233 ipse
2984 5159 3323 5225 subscribat,
3354 5165 3411 5214 et

1816 5262 2274 5333 subscripserunt.
2300 5258 2553 5315 Aurelius
2580 5257 2871 5328 episcopus
2895 5253 3151 5311 Ecclesiae
3172 5246 3404 5308 Cartha-

1814 5355 2074 5427 giniensis,
2100 5354 2226 5411 huic
2247 5356 2465 5410 decreto
2484 5351 2738 5408 consensi
2758 5359 2815 5405 et
2833 5348 3072 5428 perlecta
3083 5342 3401 5414 subscripsi:

1815 5447 2153 5505 Deitatianus
2180 5445 2526 5517 TelepsenSis
2551 5444 2743 5517 prima:
2762 5443 2912 5500 sedis
2930 5435 3258 5510 subscrlpsi;
3286 5435 3401 5491 Au-

1815 5540 2065 5613 gustinus
2097 5538 2356 5610 Hippone:
2386 5535 2672 5609 Begiensis
2707 5530 3025 5605 subscripsi.
3057 5526 3320 5586 Similiter
3341 5533 3401 5585 et

1820 5649 2011 5693 omnes
2034 5632 2274 5708 episcopi
2303 5629 2767 5702 subscripserunt.

2203 5722 2495 5799 liacusque
2520 5721 2754 5785 concilia
2781 5716 3002 5780 Milete.

1520 5909 1995 5941 -ι--η-ιη
