3910 6480
492 464 597 522 575
1305 456 1596 515 APPEND.
1635 456 1729 512 AD
1761 454 1936 513 saec.
1964 453 2051 510 Ix.
2091 484 2161 496 —
2196 451 2448 510 ISIDORI
2487 448 2929 509 MEBCATOBIS
3656 412 3675 419 ’
3704 449 3799 509 576

496 577 3787 622 Μ

987 732 1849 874 SEQUUNTUR
1931 725 2612 847 GONCILIA
2695 636 3319 851 GALLUE.

1413 1089 1761 1151 INCIPIUNT
1796 1088 2142 1149 CAPITULA
2173 1089 2470 1150 CONCILII
2495 1089 3001 1151 ARELATENSIS.

560 1386 614 1441 1.
651 1383 724 1440 Ut
747 1397 857 1440 uno
890 1380 977 1438 die
1001 1386 1058 1437 et
1093 1387 1338 1450 tempore
1372 1376 1586 1433 Pascha
1612 1374 1941 1432 celebretur.
2107 1359 2166 1421 Δ
2263 1371 2348 1427 15.
2391 1368 2465 1427 Ut
2482 1372 2792 1444 proditores
2814 1374 3048 1430 fratrum
3070 1413 3086 1442 ,
3108 1373 3197 1431 vel
3215 1388 3519 1444 vasorum,
3543 1388 3643 1433 seu
3662 1375 3795 1435 Scri-

560 1475 618 1531 2.
658 1473 731 1531 Ut
758 1472 850 1529 ubi
878 1472 1108 1542 quisque
1132 1469 1435 1532 ordinatur,
1468 1467 1544 1522 ibi
1572 1470 1907 1536 permaneat.
2185 1473 2477 1536 pturarum
2504 1478 2629 1520 cum
2656 1465 2978 1521 verberibus
3007 1465 3373 1537 deponantur.

561 1570 615 1624 ὅ.
657 1567 732 1625 Ut
757 1566 852 1638 qui
896 1565 954 1620 in
1001 1577 1137 1633 pace
1166 1573 1323 1616 arma
1348 1556 1682 1630 projiciunt,
1711 1553 2089 1617 excommuni-
2262 1555 2348 1609 14.
2392 1552 2464 1611 Ut
2484 1553 2605 1611 falsi
2633 1562 2982 1612 accusatores
3002 1554 3238 1612 fratrum
3278 1571 3469 1629 usque
3495 1556 3571 1615 ad
3600 1558 3793 1619 exitum

490 1671 707 1721 centur.
1150 1698 1151 1701 η
2186 1646 2750 1704 excommunicentur.

560 1755 615 1809 4.
657 1751 730 1810 Ut
749 1749 954 1822 aurigae
978 1748 1106 1805 dum
1133 1745 1342 1817 agitant
1375 1741 1940 1800 excommunicentur.
2108 1734 2128 1756 ’τ
2257 1740 2348 1797 15.
2390 1740 2462 1798 Ut
2491 1740 2670 1798 levitas
2706 1757 2816 1799 non
2850 1740 3107 1800 offerant.

561 1846 614 1901 5.
656 1842 730 1901 Ut
771 1842 866 1915 qui
909 1841 985 1909 in
1017 1839 1249 1896 theatris
1295 1835 1665 1902 conveniunt,
1714 1830 2088 1890 excommuni-
2257 1832 2347 1890 16.
2390 1831 2463 1890 Ut
2516 1835 2845 1905 pcenitentes
2892 1835 2987 1892 ubi
3053 1835 3367 1908 acceperint
3416 1836 3787 1894 onerationem

489 1949 708 2000 centur.
2184 1926 2260 1984 ibi
2287 1927 2713 1984 communicent.

560 2033 615 2091 6.
658 2032 732 2089 Ut
756 2030 814 2087 in
837 2026 1159 2086 infirmitate
1179 2022 1433 2083 conversi
1453 2036 1650 2078 manus
1670 2017 2084 2091 impositionem
2170 2080 2173 2083 ,
2258 2022 2346 2078 17.
2391 2020 2464 2078 Ut
2496 2020 2679 2080 nullus
2721 2022 3013 2095 episcopus
3049 2022 3219 2079 alium
3260 2022 3565 2080 conculcet
3597 2022 3785 2094 episco-

488 2128 780 2199 accipiant.
950 2175 972 2198 ,
1834 2131 1845 2135 ’
2185 2133 2338 2190 pum.

561 2218 617 2275 7.
660 2219 736 2273 De
780 2214 1133 2287 praesidibus,
1181 2220 1242 2268 ut
1289 2224 1414 2267 cum
1462 2206 1798 2265 conscientia
1846 2203 2087 2277 episcopi

2260 2211 2348 2267 18.
2390 2209 2463 2268 Ut
2493 2210 2761 2268 diaconus
2805 2211 2944 2267 nihil
2971 2211 3092 2267 sine
3120 2212 3454 2283 presbytero
3485 2224 3591 2266 suo
3621 2217 3752 2282 agat.

489 2314 574 2374 sui
601 2309 1027 2369 communicent.
2259 2302 2351 2358 I9.
2394 2300 2467 2358 Ut
2496 2303 2810 2374 presbyteri
2858 2304 2978 2360 sine
3027 2302 3358 2359 conscientia
3415 2302 3782 2376 episcoporum

560 2412 614 2468 8.
658 2408 729 2466 Ut
747 2421 818 2463 ex
837 2405 1033 2462 haeresi
1053 2401 1304 2460 conversi
1335 2401 1392 2457 in
1420 2399 1691 2456 Trinitate
1714 2396 2087 2467 baptizeutur.
2188 2410 2410 2452 suorum
2439 2395 2573 2450 nihil
2602 2394 2829 2451 faciant.

484 2540 487 2543 ν
559 2502 616 2559 9.
660 2499 732 2557 Ut
757 2498 852 2571 qui
881 2495 1263 2555 confessorum
1294 2492 1507 2549 litteras
1534 2496 1788 2562 portant,
1825 2485 1963 2543 alias
1991 2500 2087 2543 ac-
2259 2484 2349 2541 20.
2394 2485 2468 2544 Ut
2527 2488 2822 2560 peregrino
2902 2490 3158 2562 episcopo
3219 2489 3377 2548 locus
3449 2487 3780 2547 sacrificandi

487 2593 713 2653 ciniant.
2192 2579 2370 2636 detur.

539 2610 766 2745 Ἧηίιι
815 2684 971 2757 cujus
1013 2697 1154 2740 uxor
1207 2677 1568 2746 adulteravit,
1600 2677 1718 2748 ipse
1766 2674 1929 2730 aliam
1975 2686 2086 2730 non
2114 2739 2161 2757 ﬁ
2258 2657 2351 2729 21.
2395 2673 2469 2731 Ut
2496 2674 2616 2733 sine
2653 2675 2826 2735 tribus
2870 2678 3141 2752 cpisc0pis
3171 2678 3354 2739 nullus
3382 2679 3677 2752 episcopus
3696 2691 3774 2733 or-

489 2739 762 2849 accipiat‘.
1103 2739 1110 2740 ί
1553 2739 1564 2746 ⁷
1620 2739 1639 2748 ’
2112 2739 2431 2826 Bdinetur.

484 2900 491 2909 ι
560 2869 650 2925 11.
691 2866 765 2926 Ut
791 2868 1011 2926 femina:
1035 2868 1227 2926 ﬁdeles
1252 2882 1375 2940 quae
1398 2863 1651 2940 gentibus
1677 2874 1737 2918 se
1760 2857 2079 2931 junxerunt,
2259 2860 2351 2918 22.
2394 2860 2469 2918 Ut
2491 2862 2724 2921 clericus
2750 2864 2877 2920 alibi
2908 2868 3180 2924 transiens
3209 2867 3730 2924 excommunicetar.

488 2961 1055 3019 excommunicentur,
2184 3002 2187 3005 .
2258 2954 2351 3009 25.
2394 2952 2467 3010 Ut
2496 2964 2763 3026 apostatae
2794 2957 2888 3028 qui
2919 2959 3130 3015 tardius
3154 2968 3538 3029 revertuntur,
3564 2957 3665 3015 nisi
3691 2968 3776 3029 per

565 3051 656 3110 12.
697 3050 771 3114 Ut
790 3052 977 3113 clerici
1000 3053 1343 3113 feneratores
1365 3051 1933 3114 excommunicentur.
2194 3047 2416 3120 dignam
2445 3050 2827 3120 paenitentiam
2861 3067 2971 3111 non
3004 3053 3365 3126 recipiantur.

1002 3320 1406 3404 INCIPIT
1478 3320 2064 3404 CONCILIUM
2138 3318 2807 3402 ARELATENSE
2882 3273 3301 3401 PRIMUM

1398 3501 1705 3567 Habitum
1735 3509 2011 3583 tempore
2038 3498 2444 3564 Constantini
2477 3500 2905 3583 imperatoris.

568 3802 801 3860 Domino
826 3808 883 3858 et
917 3799 1264 3858 sanctissimo
1296 3798 1580 3871 Sylvestro
1607 3799 1866 3871 episcopo
1908 3806 2088 3855 coetus
2115 3804 2161 3869 ρ
2192 3800 2573 3868 excludantur,
2608 3800 2867 3859 similiter
2883 3809 2940 3858 et
2962 3802 3029 3859 de
3049 3800 3137 3859 bis
3162 3802 3260 3860 fiat
3284 3804 3379 3875 qui
3408 3800 3768 3873 rempublicam

496 3895 878 3968 episcoporum
910 3893 1005 3964 qui
1041 3892 1264 3949 adunati
1310 3891 1532 3948 fuerunt
1576 3892 1631 3947 in
1662 3892 1862 3963 oppido
1904 3891 2094 3947 Arela-
2203 3906 2367 3966 agere
2390 3890 2601 3947 volunt.

499 3992 664 4048 tensi.
693 3989 826 4057 Quae
853 3988 1195 4045 decrevimus
1243 3987 1522 4042 communi
1570 3987 1804 4043 concilio
1840 3986 2093 4042 'charita-
2202 4032 2207 4039 .
2272 3983 2404 4040 VIII.
2446 3986 2523 4040 Dc
2554 3984 2771 4041 Arianis
2796 3985 2890 4055 qui
2940 3986 3158 4057 propria
3194 3985 3313 4056 lege
3339 4001 3440 4043 sua
3465 3994 3694 4049 utuntur,
3718 3993 3765 4037 ut

501 4082 612 4138 tive
642 4077 1040 4151 significamus,
1070 4087 1129 4133 ut
1172 4092 1363 4134 omnes
1395 4077 1572 4134 sciant
1613 4077 1743 4149 quid
1768 4077 1824 4134 in
1853 4077 2097 4134 futurum
2198 4078 2609 4148 rebaptizcntur
2635 4077 2858 4148 placuit.
2893 4078 2950 4134 Si
2982 4079 3052 4134 ad
3081 4079 3368 4136 ecclesiam
3401 4079 3568 4151 aliqui
3597 4078 3658 4133 de
3677 4077 3761 4131 hac

500 4176 795 4236 observare
824 4173 1078 4230 debeant.
2199 4170 2397 4227 haeresi
2435 4170 2700 4233 venerint,
2734 4170 3075 4242 interrogent
3094 4186 3190 4228 eos
3219 4181 3423 4229 nostra:-
3457 4172 3578 4228 fidei
3608 4181 3755 4224 sacer-

510 4270 515 4275 ’
573 4270 707 4327 CAP.
738 4267 778 4324 I.
822 4268 899 4323 De
933 4265 1318 4323 observatione
1362 4265 1587 4323 Pascha“:
1617 4266 1867 4334 Domini,
1903 4276 1962 4323 ut
1988 4283 2099 4324 uno
2200 4265 2356 4321 dotes
2393 4263 2721 4335 symbolum,
2756 4274 2812 4320 et
2846 4263 2891 4321 si
2922 4266 3270 4336 praeviderint
3301 4267 3356 4322 in
3388 4267 3552 4323 Patre
3578 4273 3627 4320 el
3650 4258 3765 4317 Filio

504 4363 594 4419 die
621 4369 676 4417 et
721 4370 965 4430 tempore
1013 4372 1111 4429 per
1157 4372 1377 4414 omnem
1420 4359 1610 4414 orbem
1654 4357 1998 4426 observetur,
2045 4365 2103 4415 et
2200 4367 2257 4414 et
2285 4357 2491 4430 Spiritu
2529 4364 2721 4413 sancto
2756 4372 2852 4413 eos
2878 4356 3203 4428 baptizatos,
3246 4374 3446 4416 manus
3475 4358 3553 4415 eis
3586 4360 3761 4409 tantum

499 4454 653 4526 juxta
683 4451 1068 4507 consuedinem
1101 4450 1315 4506 litteras
1354 4449 1423 4506 ad
1455 4465 1647 4507 omnes
1675 4461 1731 4507 tu
1763 4452 1989 4523 dirigas.
2202 4451 2533 4521 imponatur,
2566 4461 2627 4505 ut
2656 4450 2931 4521 accipiant
2961 4450 3226 4523 Spiritum
3254 4461 3530 4511 sanctum.
3557 4444 3700 4517 Quod
3722 4439 3760 4496 si

512 4572 521 4577 υ
577 4547 642 4602 ll.
684 4546 760 4601 De
787 4544 871 4600 his
900 4544 992 4615 qui
1023 4544 1076 4598 in
1105 4543 1526 4615 quibuscumque
1557 4545 1690 4601 locis
1715 4546 1955 4601 ordinati
1985 4544 2101 4602 fue-
2203 4544 2552 4615 interrogati,
2588 4559 2697 4601 non
2725 4543 3111 4615 responderint
3134 4532 3283 4602 hanc
3300 4545 3642 4606 Trinitatem,
3672 4550 3759 4593 non

505 4641 619 4696 rint
649 4635 918 4702 ministri,
953 4635 1005 4690 in
1033 4634 1165 4706 ipsis
1194 4634 1327 4691 locis
1351 4647 1726 4705 perseverent.
2200 4639 2567 4710 baptizentur.

516 4772 521 4777 .
571 4729 659 4786 lll.
702 4730 778 4785 De
805 4728 890 4784 his
917 4726 1010 4797 qui
1049 4742 1201 4782 arma
1250 4725 1545 4797 projiciunt
1574 4728 1629 4783 in
1664 4741 1831 4800 pace,
1859 4726 2095 4799 placuit,
2272 4731 2361 4786 IX.
2396 4732 2472 4787 De
2501 4731 2587 4789 his
2616 4732 2708 4802 qui
2743 4733 3117 4789 confessorum
3149 4731 3365 4790 litteras
3390 4732 3632 4791 afferunt,
3660 4724 3757 4795 pla-

503 4823 780 4880 abstinere
805 4836 901 4878 eos
931 4836 962 4875 ιι
984 4819 1394 4876 communione.
2201 4823 2315 4878 cuit
2341 4829 2399 4876 ut
2429 4820 2656 4878 sublatis
2685 4822 2765 4879 eis
2789 4821 3010 4893 litteris,
3056 4822 3194 4881 alias
3232 4824 3509 4896 accipiant
3548 4827 3755 4877 commu-

514 4948 519 4957 ε
573 4917 663 4973 IV.
706 4915 784 4973 De
811 4913 1173 4986 agitatoribus
1203 4912 1298 4983 qui
1346 4911 1534 4969 fideles
1581 4921 1736 4979 sunt,
1772 4913 1978 4986 placuit
2004 4927 2100 4971 eos
2204 4915 2521 4971 nicatorias.

505 5007 744 5079 quandiu
777 5006 985 5076 agitant
1012 5021 1042 5060 a
1075 5005 1459 5061 communione
1491 5005 1756 5075 separari.
2274 5006 2342 5061 Χ.
2384 5008 2461 5062 De
2485 5005 2571 5062 bis
2608 5005 2699 5085 qui
2736 5006 2997 5079 conjuges
3039 5021 3167 5064 suas
3201 5006 3256 5062 in
3292 5005 3555 5063 adulterio
3586 5002 3750 5070 depre-

524 5132 527 5137 -
575 5098 644 5153 ν.
682 5099 759 5153 De
792 5098 1108 5166 tbeatricis,
1134 5106 1191 5154 et
1216 5099 1364 5170 ipsos
1388 5096 1592 5169 placuit
1614 5097 1878 5171 (quandiu
1908 5099 2097 5173 agunt)
2203 5099 2450 5155 bcndunt
2471 5140 2486 5166 ,
2534 5106 2588 5154 et
2626 5084 2790 5154 iidem
2820 5108 2947 5154 sunt
2970 5099 3345 5157 adolescentes
3374 5098 3557 5157 fideles
3583 5105 3633 5150 et
3652 5102 3751 5162 pro-

505 5207 541 5251 a
574 5191 958 5249 communione
992 5191 1263 5263 separari.
1620 5232 1625 5237 .
2126 5178 2180 5238 Ι)
2205 5191 2462 5247 bibentur
2488 5189 2720 5257 nubere,
2751 5189 2957 5261 placuit
2992 5199 3054 5245 ut
3084 5191 3138 5245 in
3170 5199 3433 5262 quantum
3463 5193 3628 5262 potest
3650 5192 3748 5236 000'

524 5316 531 5321 ο
580 5281 667 5339 Vl.
707 5282 785 5336 De
809 5281 897 5336 bis
925 5282 1017 5351 qui
1049 5282 1369 5339 infirmitate
1393 5281 1619 5342 credere
1643 5283 1867 5353 volunt,
1898 5285 2104 5357 placuit
2206 5283 2387 5338 silium
2419 5281 2502 5338 eis
2522 5283 2708 5347 detur,
2742 5298 2810 5337 ne
2840 5282 3148 5339 viventibus
3183 5283 3445 5341 uxoribus
3482 5279 3606 5343 suis,
3647 5271 3747 5326 Ιίοθι

506 5374 710 5432 debere
741 5372 827 5428 bis
852 5374 1334 5444 manumimponi.
2205 5375 2486 5441 adulteris,
2518 5366 2654 5431 alias
2679 5375 2965 5447 accipiant.

530 5504 537 5511 ς
578 5466 693 5540 89
716 5464 827 5522 VII.
870 5466 949 5521 De
974 5465 1295 5535 praesidibus
1322 5468 1416 5539 qui
1443 5468 1630 5526 fideles
1657 5471 1724 5527 ad
1749 5470 2098 5542 priesidatum
2277 5466 2368 5521 Xl.
2410 5467 2488 5522 De
2525 5465 2717 5538 puellis
2762 5466 3013 5523 fidelibus
3047 5483 3171 5539 qua:
3195 5469 3448 5541 gentibus
3464 5462 3741 5536 junguntur,

506 5559 799 5633 prosiliunt
824 5557 897 5613 ita
918 5555 1147 5627 placuit,
1180 5567 1240 5613 ut
1268 5573 1392 5614 cum
1414 5561 1649 5631 promoti
1673 5560 2103 5618 fuerintlitteras
2206 5560 2411 5632 placuit
2452 5568 2513 5617 ut
2553 5560 2832 5632 aliquanto
2875 5569 3119 5634 tempore
3158 5578 3191 5618 a
3220 5558 3586 5620 communione
3614 5556 3735 5615 εθΡίί·

510 5652 785 5724 accipiant
813 5649 1214 5706 ecclesiasticas
1234 5653 1773 5720 communicatorias,
1813 5654 1888 5709 ita
1917 5663 2101 5709 tamen
2209 5662 2449 5710 rentur-

510 5752 570 5798 ut
593 5742 1010 5814 quibuscunque
1037 5740 1171 5798 locis
1196 5744 1464 5812 gesserint
1492 5745 1561 5801 ab
1585 5745 1839 5817 episcopo
1858 5745 2099 5817 ejusdem
2232 5768 2237 5773 ο
2282 5745 2394 5801 XII.
2431 5747 2507 5801 De
2533 5745 2802 5802 ministris
2822 5745 2915 5816 qui
2939 5744 3276 5812 fenerantur,
3305 5745 3500 5819 placuit
3517 5731 3731 5801 θθείυλίθ

512 5835 615 5891 1υεί
640 5849 769 5890 cura
793 5834 859 5889 de
896 5834 1000 5890 illis
1025 5846 1236 5906 agatur,
1263 5846 1323 5892 ut
1346 5852 1468 5893 cum
1500 5840 1765 5910 coeperint
1790 5855 1913 5897 cum
1941 5838 2103 5895 disci-
2211 5841 2440 5899 formam
2466 5839 2723 5896 divinitus
2752 5842 2934 5896 datam
2961 5855 2991 5895 a
3018 5840 3398 5897 communione
3426 5832 3678 5893 abstinere.

514 5927 661 5999 plina
699 5928 919 6001 publica
954 5944 1135 6002 agere,
1193 5940 1323 5991 tunc
1373 5933 1592 5993 demum
1641 5951 1673 5993 a
1722 5936 2104 6003 communione
2278 5932 2416 5992 XIII.
2444 5933 2625 5992 Debis
2647 5932 2739 6006 qui
2753 5930 3065 6005 Scripturas
3080 5942 3301 5996 sanctas
3316 5915 3729 5993 tradidissediwn‘
