3910 6492
126 517 229 573 577

1294 516 1789 576 DECRETALIUM
1823 514 2227 575 COLLECTIO.

3309 519 3416 578 378

130 639 238 696 tur,
270 628 361 686 vel
390 634 539 686 vaSa
560 628 861 694 Dominica,
884 630 970 685 vel
988 631 1211 687 nomina
1240 630 1467 689 fratrum
1492 648 1734 698 suorum,
1767 636 1821 697 Α
1876 710 1883 711 γ
1910 630 2094 687 XVIII.
2138 631 2215 687 De
2248 629 2568 687 diaconibus
2604 630 2831 699 urbicis,
2861 640 2923 689 ut
2958 646 3066 687 non
3098 632 3302 703 aliquid
3325 648 3425 705 per

126 721 332 793 placuit
372 722 570 787 nobis,
604 730 661 776 ut
689 723 1003 792 quicunque
1036 738 1225 779 eorum
1257 723 1311 779 in
1337 726 1474 780 actis
1502 724 1737 795 publicis

127 814 289 870 fuerit
349 814 636 879 detectus,
691 814 776 870 vel
818 815 1025 871 verbis
1053 816 1214 872 nudis
1262 818 1331 872 ab
1366 817 1559 873 ordine
1604 815 1736 871 cleri

129 915 481 963 amoveatur.
515 906 652 962 Nam
679 908 722 963 si
750 907 910 964 iidem
947 888 1165 980 aliquos
1209 909 1492 966 ordinasse
1535 908 1739 966 fuerint

128 998 487 1070 deprehensi,
521 1008 577 1056 et
605 1000 650 1055 si
683 1000 736 1056 in
767 1000 853 1056 bis
881 1002 974 1072 qui
1004 1002 1415 1072 ordinaverunt,
1444 1003 1586 1060 ratio
1611 1005 1739 1059 sub-

129 1090 288 1158 sistit,
327 1106 449 1147 non
495 1099 684 1148 tamen
712 1092 819 1149 illis
847 1094 1111 1151 subsistat
1141 1096 1442 1164 ordinatio,
1481 1097 1738 1168 quoniam

129 1183 278 1241 multi
308 1196 449 1241 sunt
504 1187 600 1257 qui
639 1196 831 1245 contra
877 1188 1312 1268 ecclesiasticam
1363 1191 1602 1264 regulam
1640 1182 1763 1265 pu-'

131 1292 294 1349 gnere
342 1277 641 1346 videntur,
682 1290 739 1336 et
786 1296 885 1354 per
931 1290 1100 1338 testes
1127 1284 1438 1356 redemptos
1462 1292 1657 1356 putant
1682 1299 1740 1341 se

133 1367 195 1422 ad
247 1368 677 1425 accusationem
732 1370 945 1427 admitti
990 1373 1209 1440 debere,
1258 1375 1351 1444 qui
1378 1376 1602 1431 omnino
1631 1390 1740 1431 non

136 1458 532 1527 admittantur,
581 1461 689 1518 nisi
733 1465 816 1535 (ut
855 1478 1019 1535 supra
1048 1465 1314 1537 diximus)
1344 1466 1482 1523 actis
1509 1466 1743 1538 publicis

138 1550 424 1607 docuerint
449 1554 608 1608 omni
630 1569 692 1610 se
713 1555 1026 1625 suspicione
1047 1572 1258 1614 carere.
1286 1574 1289 1579 '

200 1640 343 1697 XIV.
387 1642 475 1698 De
520 1643 610 1700 bis
644 1646 735 1715 qui
771 1642 910 1702 falso
932 1657 1195 1703 accusant
1223 1648 1424 1706 fratres
1450 1664 1599 1718 suos,
1622 1649 1740 1722 pla-

140 1732 246 1788 cuit
282 1747 383 1789 eos
431 1749 616 1805 usque
661 1736 730 1791 ad
770 1738 977 1793 exitum
1032 1754 1138 1795 non
1183 1740 1608 1808 communicare,
1650 1743 1744 1799 sed

141 1821 328 1966 falsum
376 1833 589 1881 testem
636 1825 813 1899 (juxta
862 1826 1223 1903 Scripturam)
1267 1832 1591 1902 impunitum
1635 1848 1745 1899 non

163 1928 298 1966 ιρριτρ
321 1929 475 1966 esse.

163 1928 298 1969 περιτο
321 1929 475 1971 esse.

1837 740 1897 783 se
1920 734 2272 799 praesumant,
2296 728 2390 783 sed
2416 727 2591 784 honor
2616 728 2946 800 presbyteris
2971 738 3304 784 reservetur.

1882 815 2051 872 'XIX.
2099 817 2167 874 Ut
2189 818 2493 892 presbyteri
2522 819 2642 877 sine
2679 820 3012 877 conscientia
3041 820 3426 892 episcoporum

1838 906 1974 965 nihil
1998 907 2222 965 faciant.

1840 1093 1874 1150 ὁ
1910 999 2031 1055 XX.
2081 999 2156 1057 Ut
2201 1003 2491 1073 peregrino
2539 1003 2798 1076 episcopo
2849 1004 3004 1062 locus
3051 1005 3424 1064 satisfaciendi

1877 1101 2020 1149 etur.

1877 1101 2020 1149 etur.

1910 1184 2053 1242 XXI.
2095 1185 2171 1241 De
2216 1185 2303 1243 his
2346 1186 2439 1258 qui
2478 1196 2743 1259 usurpant
2771 1188 2872 1245 sibi
2897 1188 3040 1261 quod
3068 1188 3167 1246 soli
3196 1188 3433 1247 debeant

1841 1278 2155 1349 episcopum
2185 1277 2461 1342 ordinare,
2488 1278 2711 1350 placuit,
2743 1288 2804 1334 ut
2827 1278 3006 1335 nullus
3031 1281 3133 1336 hoc
3167 1280 3269 1337 sibi
3292 1296 3429 1351 prm-

1841 1377 2043 1436 sumat,
2073 1367 2180 1424 nisi
2208 1369 2503 1440 assumptis
2529 1368 2634 1425 sibi
2659 1368 2781 1425 aliis
2813 1378 3019 1441 septem
3060 1372 3349 1443 episcopis,
3383 1372 3429 1428 si

1843 1467 2026 1517 tamen
2053 1476 2159 1516 non
2193 1463 2469 1533 potuerint
2497 1471 2729 1535 septem,
2782 1464 2901 1520 sine
2949 1464 3123 1521 tribus
3166 1465 3431 1522 fratribus

1841 1546 1952 1608 non
1976 1552 2213 1608 audeant
2237 1552 2514 1608 ordinare.

1910 1642 2079 1700 XXII.
2122 1644 2197 1700 De
2242 1644 2580 1717 presbyteris
2628 1654 2723 1702 aut
2772 1645 3093 1704 diaconibus
3124 1648 3216 1720 qui
3257 1647 3433 1705 solent

1845 1734 2117 1792 dimittere
2161 1735 2280 1792 loca
2330 1750 2429 1792 sua
2477 1736 2533 1791 in
2581 1737 2779 1807 quibus
2827 1737 3063 1794 ordinati
3094 1748 3222 1794 sunt
3266 1748 3323 1795 et
3367 1738 3435 1795 ad

1847 1827 1953 1883 alia
1981 1827 2102 1884 loca
2135 1842 2196 1883 se
2231 1827 2649 1896 transtulerunt,
2692 1828 2900 1899 placuit
2946 1839 3005 1884 ut
3044 1829 3129 1885 bis
3163 1829 3297 1886 locis
3332 1829 3436 1884 mi-

1845 1921 2294 1992 nistrentquibus
2321 1919 2531 1991 praefixi
2568 1928 2726 1988 sunt;
2753 1922 2866 1992 qui,
2900 1921 3102 1977 relictis
3135 1920 3270 1977 locis
3296 1920 3433 1989 suis,

206 2001 319 2061 XV.
358 2007 445 2063 De
476 2007 824 2078 diaconibus,
852 2025 989 2082 quos
1016 2015 1373 2087 cognovimus
1401 2015 1588 2073 multis
1609 2015 1745 2074 locis
1771 2007 1821 2068 B
1848 2015 1917 2069 ad
1947 2014 2113 2068 alium
2153 2013 2331 2068 locum
2382 2027 2441 2069 se
2489 2012 2703 2068 deferre
2736 2013 3027 2080 voluerint,
3069 2014 3425 2085 deponantur.

147 2094 350 2163 oiierre,
387 2098 612 2170 placuit
640 2102 866 2159 minime
894 2106 1011 2161 fieri
1041 2107 1258 2164 debere.

209 2185 347 2244 XVI.
392 2189 479 2247 De
532 2191 622 2285 his
663 2194 757 2285 qui
805 2209 905 2265 pro
948 2197 1148 2254 delicto
1184 2184 1771 2285 suoacommunione:

150 2290 513 2350 separantur,
579 2284 655 2340 ita
708 2284 955 2357 placuit,
1024 2301 1085 2345 ut
1140 2292 1557 2364 quibuscunque
1610 2292 1746 2349 locis

148 2370 357 2429 fuerant
411 2375 658 2445 exclusi,
708 2379 899 2436 eodem
931 2380 1054 2439 loco
1087 2384 1525 2441 communionem
1555 2398 1748 2441 conse-

153 2473 404 2536 quantur.

214 2557 373 2706 XVIII.
432 2560 515 2618 Ut
557 2562 742 2621 nullus
790 2565 1175 2639 episcoporum
1217 2568 1386 2626 alium
1432 2569 1751 2642 episcopum

214 2667 315 2706 neu
341 2663 451 2706 cet.

157 2663 451 2710 conculcet.

1919 2101 2110 2160 XXIII.
2149 2103 2227 2160 De
2269 2103 2357 2160 bis
2395 2102 2487 2174 qui
2517 2112 2849 2175 apostatant,
2879 2112 2933 2158 ct
2959 2112 3252 2175 antequam
3281 2117 3341 2159 se
3368 2102 3436 2159 ad

1849 2198 2142 2256 ecclesiam
2190 2206 2601 2268 repraesentem,
2649 2213 2750 2253 nec
2797 2197 3015 2268 quidem
3061 2196 3439 2269 paenitentiam

1852 2303 2014 2361 agere
2043 2298 2313 2359 quaerunt,
2353 2295 2410 2343 et
2444 2296 2632 2357 postea
2665 2286 2720 2342 in
2749 2286 3067 2342 infirmitate
3096 2287 3319 2357 arrepti,
3346 2300 3440 2357 pe-

1853 2388 1978 2436 tunt
2015 2379 2473 2446 communionem,
2525 2378 2729 2449 placui!
2755 2378 2845 2439 ei:
2877 2393 2986 2435 non
3022 2375 3259 2433 dandam
3286 2389 3439 2433 com-

1854 2470 2195 2540 munionem,
2231 2473 2337 2529 nisi
2383 2470 2749 2531 revelaveﬁﬁi.
2778 2474 2835 2531 ες
2867 2470 3071 2541 Ἇεῐίῐη
3095 2469 3289 2542 dignos
3315 2466 3440 2524 fru-

1854 2575 1977 2623 ctus
2000 2566 2355 2639 poenitentiae.

2052 2658 2286 2729 Explicit
2321 2655 2611 2714 concilium
2638 2650 2959 2712 Areiatcnse
2985 2654 3243 2727 primum.
3304 2712 3307 2715 ,

152 2789 3420 2819 W

830 2908 1178 2968 INCIPIUNT
1215 2908 1563 2969 CAPITULA
1599 2908 1895 2969 CONCILII
1923 2907 2221 2969 SECUNDI
2269 2906 2770 2967 ABELATENSIS.

180 3114 187 3115 ί
222 3091 273 3146 1.
313 3095 393 3152 De
421 3092 708 3164 neopbitis
735 3092 951 3149 clericis
975 3107 1086 3149 non
1115 3091 1460 3149 ordinandis.

220 3186 272 3242 2.
307 3187 568 3257 Qualiter
609 3184 882 3256 coniugati
924 3184 992 3240 ad
1030 3184 1400 3241 sacerdotium
1435 3183 1747 3256 provehan-

163 3282 260 3331 Ill.

224 3369 274 3423 3.
314 3368 385 3426 Ut
436 3368 629 3426 nullus
653 3368 885 3425 clericus
920 3378 1016 3424 aut
1044 3367 1307 3424 diaconus
1336 3364 1394 3421 in
1424 3363 1623 3423 solatio
1652 3380 1754 3422 suo

168 3469 481 3518 extraneam
511 3463 709 3518 habeat
740 3461 1027 3518 mulierem
1120 3512 1121 3515 η

226 3553 277 3609 4.
318 3553 389 3610 Ut
438 3554 627 3610 nullus
678 3552 913 3610 clericus
965 3554 1023 3610 in
1064 3553 1286 3612 cellario
1323 3553 1412 3612 vel
1453 3569 1509 3610 m
1540 3558 1755 3610 secreto

168 3644 494 3705 intromittat
520 3646 779 3719 puellam.

229 3739 281 3795 5.
317 3740 390 3797 Ut
418 3740 718 3812 episcopus
743 3754 866 3795 cum
894 3739 1177 3796 ordinatur
1201 3754 1326 3797 cum
1343 3729 1619 3796 consensu
1643 3750 1760 3793 me-

170 3831 504 3903 tropolitani,
539 3841 652 3889 tres
681 3846 807 3889 eum
832 3833 1087 3888 ordinent
1109 3834 1372 3906 episcOpi.

233 3921 282 3976 6.
321 3924 396 3980 De
442 3924 702 3995 episcopo
745 3924 840 3995 qui
880 3923 999 3979 sine
1040 3924 1444 3995 metropolitani
1485 3935 1757 3980 consensu

174 4010 323 4070 fuerit
347 4017 659 4073 ordinatus.

236 4104 283 4160 7.
322 4106 398 4163 De
432 4108 521 4164 his
548 4109 642 4179 qui
669 4110 879 4181 seipsos
905 4110 1248 4168 abscindunt.

237 4195 285 4251 8.
338 4198 418 4255 De
478 4199 562 4256 bis
612 4202 708 4273 qui
762 4204 1259 4259 excommunicatos
1310 4200 1538 4258 alterius
1582 4198 1757 4258 susci-

178 4285 333 4357 piunt.

239 4383 289 4438 9.
326 4384 399 4443 Ut
432 4385 724 4446 Novatiani
754 4389 808 4446 in
839 4390 1278 4448 communionem
1308 4404 1419 4447 non
1444 4388 1752 4462 suscipian-

181 4477 275 4529 tur.
1400 4482 1418 4499 ’

241 4568 324 4626 10.
360 4572 446 4630 De
485 4573 575 4631 bis
615 4575 710 4647 qui
736 4576 793 4632 in
822 4577 1202 4649 persecutione
1225 4575 1574 4648 praevaricati
1602 4582 1754 4632 sunt.

1928 3091 2015 3147 15.
2056 3089 2129 3147 Ut
2152 3104 2223 3146 ne
2256 3089 2377 3160 quis
2416 3087 2663 3160 qualibet
2706 3084 3040 3160 necessitate.
3076 3096 3232 3143 suam
3279 3081 3448 3142 relin-

1853 3192 1986 3256 quat
2015 3182 2326 3239 ecclesiam.

1774 3287 1821 3352 ο
1925 3275 2010 3331 14.
2057 3274 2136 3331 Ne
2173 3275 2404 3332 clericus
2427 3274 2935 3347 usuram.accipiat.

1928 3367 2017 3423 I5.
2060 3365 2139 3422 Ne
2164 3365 2425 3422 diaconus
2452 3380 2639 3422 coram
2665 3366 2986 3437 presbytero
3020 3364 3207 3422 sedeat
3231 3363 3319 3421 vel
3346 3347 3451 3421 Eu:

1857 3459 2182 3516 cbaristiam
2211 3458 2412 3514 tradat.

1928 3550 2016 3607 16.
2058 3549 2131 3607 Ut
2154 3549 2431 3607 Fotiniani
2451 3556 2508 3608 et
2528 3549 2880 3608 Paulianistae
2906 3549 3273 3621 baptizentur.

1925 3646 2013 3701 17.
2057 3643 2131 3701 Ut
2153 3644 2400 3701 haeretici
2440 3645 2533 3716 qui
2573 3645 2632 3700 in
2679 3644 2953 3701 Trinitate
2993 3644 3257 3716 baptizati
3300 3650 3449 3711 sunt,

1856 3754 1982 3797 cum
2012 3738 2311 3795 chrismate
2337 3745 2396 3793 et
2424 3752 2622 3794 manus
2645 3738 2992 3809 impositione
3023 3736 3376 3807 recipiantur.

1926 3831 2015 3888 18.
2060 3829 2133 3888 Ut
2165 3828 2574 3900 metropolitani
2609 3827 2844 3907 arbitrio
2886 3826 3129 3900 synodus
3154 3839 3452 3898 congrege-

1860 3934 2021 4079 ιιι1109.
2063 4018 2135 4075 Ut
2160 4012 2298 4075 nulli
2338 4017 2596 4090 episcopo
2634 4016 2797 4073 liceat
2819 4029 2850 4070 a
2878 4013 3085 4087 synodo
3111 4012 3325 4081 deesse,
3363 4008 3453 4067 vel

1767 4143 1771 4148 ν
1864 4121 1994 4171 ante
2023 4122 2305 4184 peractam
2332 4111 2596 4183 synodum
2625 4109 2921 4165 discedere.

1929 4206 2021 4262 20.
2061 4206 2140 4263 De
2168 4205 2374 4278 aurigis
2403 4212 2462 4259 et
2492 4202 2778 4259 theatricis
2813 4200 3082 4257 fidelibus.

1933 4299 2031 4356 21.
2069 4298 2127 4355 Si
2154 4307 2281 4369 post
2308 4303 2586 4367 acceptam
2626 4294 3004 4366 paenitentiam
3036 4291 3160 4363 quis
3183 4287 3452 4361 nupserit.

1933 4394 2030 4449 22.
2072 4392 2144 4449 Ut
2186 4389 2509 4463 paenitentia
2552 4388 2857 4460 conjugatis
2880 4402 2948 4443 ex
2979 4400 3247 4443 consensu
3275 4384 3455 4439 detur.

1886 4506 1895 4509 -
1939 4485 2035 4542 25.
2073 4483 2154 4542 De
2181 4482 2558 4541 sacerdotibus
2583 4481 2677 4552 qui
2713 4479 3077 4537 idololatriam
3106 4494 3217 4537 non
3240 4483 3455 4535 everte-

1862 4588 2011 4637 runt.

245 4661 327 4721 11.
363 4667 444 4723 De
485 4668 691 4740 bisqui
729 4670 908 4741 poenis
952 4670 1104 4726 victi.
1148 4669 1465 4726 sacriﬁcare
1493 4665 1758 4739 compulsi
1784 4681 1838 4742 ι)
1890 4690 1897 4693 -
1936 4672 2030 4728 24.
2071 4671 2590 4730 Deaccusatoribus
2620 4668 2873 4727 fratrum.

187 4762 313 4812 sunt.

249 4852 331 4912 12.
366 4857 446 4916 De
473 4857 561 4916 bis
589 4859 684 4931 qui
711 4859 767 4916 in
794 4859 1117 4932 poenitentia
1160 4858 1325 4931 positi
1361 4857 1533 4914 vitam
1566 4869 1758 4913 exces-
1833 4867 1841 4875 '

190 4954 375 5007 ωωι.

1936 4765 2035 4824 25.
2075 4765 2153 4823 De
2185 4767 2448 4838 apostatis
2476 4767 2519 4822 si
2553 4779 2659 4825 non
2687 4767 3057 4819 revertuntur.

2407 4854 2465 4914 It"
2543 4864 2630 4913 int
2652 4852 2913 4927 capitula.

393 5151 856 5247 INCIPIT
927 5149 1598 5245 CONCILIUM
1670 5143 2049 5246 AREL}.
2085 5144 2441 5244 PENSE
2514 5127 3202 5235 SECIF'NDUM.

1182 5343 1453 5407 Nomina
1475 5350 1810 5407 auctorum
1841 5340 2110 5423 ejusdem
2138 5352 2224 5401 co’
2277 5336 2417 5400 :ilii.

261 5512 335 5573 Ex
378 5515 561 5577 Sicilia
599 5513 1067 5590 Syracusanorum
1121 5510 1308 5566 Sixtus
1352 5508 1655 5581 episcopus,
1710 5516 1767 5566 et

204 5600 371 5666 Florus
409 5602 675 5667 diaconus
701 5624 771 5665 ex
805 5604 1087 5679 provincia
1132 5602 1446 5674 Campaniae
1497 5600 1777 5668 civitatis,’

206 5692 412 5758 Prothus
433 5704 717 5775 episcopus
737 5709 796 5757 et
820 5699 1079 5771 Agrippa,
1118 5705 1174 5751 ct
1203 5696 1376 5752 Tutus
1401 5694 1664 5751 diaconus
1692 5710 1763 5752 ex

210 5793 456 5853 provincia
506 5794 733 5867 Apauli,
782 5791 994 5847 Pardus
1038 5789 1349 5860 episcopus,
1398 5796 1455 5843 et
1499 5787 1765 5844 Crescens

211 5880 436 5945 diaconus
478 5905 543 5946 ex
585 5887 862 5961 provincia
906 5883 1165 5951 Damulti,
1206 5881 1527 5940 Theodorus
1554 5883 1765 5954 episco-

213 5981 314 6040 Ims,
353 5980 667 6051 ctAgatbon
698 5982 957 6036 diaconus
994 5994 1058 6034 cx
1102 5976 1257 6057 urbe
1285 5975 1619 6053 Romaquos
1661 5974 1766 6053 Sil:

1873 5513 2057 5565 vester
2079 5518 2367 5576 episcopus
2391 5502 2563 5569 misit,
2582 5486 2915 5559 Claudianus
2937 5507 2992 5557 et
3016 5498 3209 5555 Abitus
3233 5494 3459 5568 presby‘

1872 5606 2002 5674 teri,
2044 5603 2319 5677 Eugenius
2373 5608 2429 5657 et
2472 5600 2762 5668 Quiriacus
2807 5596 3033 5671 diaconi,
3065 5610 3133 5650 ex
3175 5590 3457 5663 provincia

1869 5698 2057 5764 Italiae,
2086 5695 2312 5752 Orosius
2341 5692 2647 5765 episcopus,
2676 5690 2953 5756 Nazareus
2993 5686 3180 5749 lector,
3223 5696 3294 5738 ex
3335 5694 3462 5751 pro-

1870 5789 2047 5845 vincia
2081 5786 2471 5844 Viennensium
2520 5782 2760 5841 civitatis
2786 5778 2998 5843 Arelas,
3033 5774 3299 5831 Martinus
3344 5766 3473 5842 epi-‘

1871 5895 2087 5952 scopus,
2138 5876 2388 5934 Salanias
2429 5876 2737 5948 presbyter,
2784 5869 3005 5927 Nicetus
3033 5867 3185 5933 Afer,
3226 5862 3458 5923 Ursinis.

1872 5979 1929 6026 ct
1961 5970 2159 6027 Petrus
2202 5969 2458 6025 diaconos
2502 5983 2572 6025 ex
2620 5963 2898 6037 provincia
2946 5976 3052 6030 qua
3098 5973 3261 6029 supra
3300 5953 3465 6009 Vicu-
