3910 6438
1324 492 1609 550 ΑΡΡΕΝΙ).
1649 490 1742 548 AD
1771 489 1948 548 εΑΞε.
1988 489 2080 546 IX.
2108 517 2183 533 —
2218 486 2469 546 ISIDORI
2509 485 2953 547 MERCATORlS

3715 491 3816 550 38L

596 596 3800 635 MM

1360 733 1372 802 Ι
1424 727 1767 791 INCIPIUNT
1799 725 2147 787 CAPITULA
2185 724 2476 784 CONCILII
2507 724 2895 783 VALENTIM.

620 894 671 948 l.
701 892 777 947 De
803 889 1031 963 digamis
1054 902 1163 947 non
1185 885 1591 945 consecrandis.

614 986 670 1040 2.
698 982 768 1040 Ut
800 983 1013 1050 devota,
1054 983 1101 1038 si
1130 997 1189 1038 se
1218 979 1559 1037 maritaverit
1598 976 1684 1035 vel
1711 978 1981 1036 mmchata
2025 975 2141 1033 fue-

545 1079 639 1141 rit.
659 1076 996 1149 poenitentiae
1022 1075 1334 1146 deputetur.

614 1171 666 1227 3.
692 1166 853 1228 Circa
878 1184 1067 1227 eorum
1095 1183 1227 1226 vero
1253 1182 1515 1240 personas
1538 1166 1633 1239 qui
1660 1181 1719 1224 se
1742 1174 1867 1239 post
1900 1180 2066 1221 tinum
2089 1172 2145 1219 et

2163 885 2217 946 Α
2243 889 2490 938 sanctum
2520 880 2793 937 lavacrum
2823 879 2906 936 vel
2929 879 3169 952 profanis
3203 880 3483 938 sacrificiis
3508 879 3817 954 dmmonum,

2247 973 2331 1029 vel
2360 975 2564 1030 incesta
2594 973 2862 1029 lavatione
2884 973 3211 1046 polluerunt.

2318 1068 2373 1124 4.
2405 1068 2475 1125 Ut
2506 1069 2818 1125 sacerdotes
2848 1067 2933 1124 vel
2975 1069 3155 1136 levita,
3206 1070 3251 1126 si
3283 1070 3348 1127 de
3382 1085 3441 1128 se
3487 1071 3686 1130 crimen
3729 1072 3822 1133 ali-

2250 1160 2394 1234 quod
2419 1161 2730 1229 confttetur,
2768 1162 3084 1234 deponatur.

1975 1286 2373 1303 ,ὕ

1164 1341 1632 1434 INCIPIT
1700 1328 2373 1439 CONCILIU'M
2446 1339 3248 1439 VALENTINUM

547 1507 844 1592 Triginta
896 1510 1365 1589 episcoporum,
1398 1529 1525 1573 aera
1562 1527 1864 1593 accentu,
1905 1510 2358 1593 subGratiano
2393 1517 2449 1570 et
2480 1506 2918 1593 Valentiniano
2944 1511 3447 1593 imperatoribus
3472 1557 3491 1589 ,
3531 1513 3820 1577 Gratiano

1742 1590 1875 1653 ΙΙΙ.
1911 1599 1966 1652 et
1989 1591 2297 1668 Quintino
2331 1588 2716 1653 consulibus.

614 1735 989 1793 Dilectissimis
1035 1734 1295 1792 fratribus
1314 1749 1412 1808 per
1438 1734 1640 1794 Gallias
1663 1744 1721 1792 et
1747 1736 1986 1807 quinque
2018 1751 2143 1807 pro-
2173 1721 2220 1782 Β
2249 1710 2553 1808 largitatem
2601 1720 2657 1767 εί
2689 1711 2837 1768 ⁵ο¹¹¹⁵
2886 1713 3115 1783 omni“:
3168 1724 3224 1771 θῑ
3272 1723 3382 1772 tam
3430 1717 3582 1775 dives
3629 1719 3819 1777 miseri-

544 1828 750 1884 vincias
799 1827 1111 1884 constitutis
1166 1827 1476 1899 episcopis,
1536 1827 1840 1899 Fegadius,
1890 1826 2139 1881 Emerius

544 1918 866 1985 Florentius,
896 1919 1161 1986 Artimus,
1193 1918 1511 1986 Emilianus,
1541 1918 1738 1985 Britto,
1782 1917 1992 1985 Justus,
2035 1918 2140 1974 Eu-

541 2009 716 2067 fo‘dius
740 2050 756 2077 ,
797 2009 1133 2078 Rodamius,
1185 2010 1439 2065 Evortius
1464 2050 1480 2076 ,
1530 2009 1742 2077 Cretus,
1780 2010 2135 2077 Concordius,

541 2102 966 2169 Constantinus,
1015 2102 1210 2158 Paulus
1236 2143 1252 2169 ,
1289 2102 1566 2167 Anterius,
1606 2101 1778 2170 Felix,
1826 2101 2135 2170 Neuterius,

543 2192 816 2261 Urbanus,
849 2193 1161 2264 Simplicius
1185 2203 1242 2250 et
1264 2194 1583 2251 Vincentius
1607 2193 1847 2266 episcopi
1869 2194 1925 2250 in
1950 2195 2136 2251 Domi-

542 2300 611 2340 no
639 2284 890 2340 salutem.

613 2375 925 2435 Transactis
960 2379 1302 2436 Valentinum
1334 2380 1589 2438 omnibus
1618 2389 1673 2437 et
1711 2381 1769 2436 in
1795 2379 1890 2437 Dei
1918 2380 2139 2437 nomine

542 2468 597 2524 in
617 2477 762 2526 statu
791 2470 1014 2528 meliore
1034 2472 1348 2544 compositis
1376 2489 1496 2544 quae
1524 2473 1745 2528 fuerunt
1768 2482 1946 2543 coepta
1973 2488 2138 2528 causa

540 2560 769 2628 dissidii,
804 2563 1165 2632 quorumdam
1194 2563 1296 2619 fuit
1325 2575 1540 2635 patrum
1590 2564 1738 2620 utilis
1784 2574 1838 2620 et
1884 2564 2139 2636 religiosa

540 2653 815 2724 suggestio
845 2664 1138 2711 retractata
1185 2656 1252 2711 de
1281 2657 1367 2712 his
1396 2673 1516 2727 quae
1547 2673 1647 2713 nec
1677 2658 1917 2729 recipere
1944 2672 2137 2729 possu-

540 2761 663 2801 mus
700 2747 769 2802 ob
798 2746 1055 2804 Ecclesiae
1085 2750 1448 2817 sanctitatem,
1480 2766 1582 2807 nec
1610 2758 1793 2805 tamen
1839 2766 2141 2823 usquequa-

539 2850 647 2908 que
671 2841 1075 2896 consuetudinis
1100 2856 1265 2898 causa
1295 2842 1575 2908 damnare,
1608 2843 1684 2897 ita
1716 2842 1862 2897 enim
1897 2857 1995 2914 per
2021 2858 2140 2899 om-

541 2944 637 2984 nes
674 2930 931 2986 ecclesias
959 2932 1223 3003 ejusmodi
1259 2933 1375 2988 vitii
1400 2949 1623 3005 germen
1671 2934 1911 3002 inolevit,
1963 2944 2024 2990 ut
2070 2936 2139 2991 ad

2241 1804 2421 1860 cordia
2465 1814 2572 1873 est,
2623 1813 2683 1860 ut
2726 1822 2886 1863 nemo
2934 1808 3219 1880 desperet;
3266 1808 3409 1867 Deus
3435 1811 3581 1868 enim
3610 1820 3819 1868 mortem

2240 1912 2346 1952 non
2380 1896 2528 1965 fecit,
2563 1912 2661 1955 nec
2694 1897 2909 1955 laetatur
2943 1900 2997 1955 in
3038 1902 3345 1972 perditione
3372 1902 3641 1959 vivorum.

2310 1988 2397 2044 lV.
2440 1988 2549 2047 Nec
2572 1990 2721 2059 illud,
2747 1991 2965 2060 fratres,
2987 1994 3229 2051 scribere
3249 1993 3484 2051 alienum
3511 1996 3580 2052 ab
3601 1995 3822 2052 ecclesia:

2243 2082 2477 2140 utilitate
2505 2087 2819 2144 censuimus
2843 2128 2859 2156 ,
2886 2097 2948 2144 ut
2976 2091 3194 2147 sciretis
3237 2093 3550 2164 quicunque
3574 2092 3674 2150 sub
3697 2094 3821 2149 ordi-

2247 2178 2468 2234 natione
2492 2180 2576 2234 vel
2604 2180 2944 2250 diaconatus,
2970 2183 3057 2239 vel
3082 2184 3426 2257 presbyterii,
3456 2185 3543 2242 vel
3568 2186 3822 2257 episcopa-

2247 2281 2358 2337 tus,
2389 2272 2605 2329 mortali
2628 2274 2859 2332 crimine
2887 2275 3127 2334 dixerint
3149 2293 3209 2335 se
3235 2292 3356 2335 esse
3397 2278 3632 2349 pollutos
3652 2318 3668 2345 ,
3696 2294 3729 2334 a
3747 2292 3823 2334 su-

2237 2364 2502 2434 pradictis
2557 2366 2990 2426 ordinationibus
3030 2370 3428 2428 submovendos
3471 2384 3596 2426 reos
3639 2369 3824 2426 scilicet

2242 2458 2326 2514 vel
2353 2460 2470 2515 veri
2502 2459 2846 2518 confessione
2883 2462 2970 2518 vel
3017 2463 3301 2520 mendacio
3346 2463 3623 2520 falsitatis.
3660 2461 3820 2533 Neque

2241 2551 2389 2606 enim
2417 2552 2625 2610 absolvi
2651 2563 2832 2625 potest
2854 2554 2903 2611 is
2930 2555 3103 2627 quiin
3145 2570 3205 2612 se
3233 2557 3408 2627 ipsum
3440 2555 3637 2612 dixerit
3656 2553 3824 2611 mortis

2242 2661 2496 2716 causam,
2538 2650 2666 2720 quia
2710 2648 2883 2720 major
2908 2650 3178 2709 homicida
3210 2650 3290 2706 fit.
3330 2650 3524 2707 Divina
3549 2650 3721 2722 pietas
3741 2662 3820 2704 vos

2243 2738 2300 2796 in
2328 2748 2591 2798 aeternum
2618 2743 2907 2809 custodiat,
2942 2743 3283 2800 dilectissimi
3309 2744 3531 2800 fratres.

2584 2834 2721 2891 Item
2761 2836 2982 2908 epistola
3009 2838 3244 2909 ejusdem
3268 2836 3500 2893 concilii.

2314 2924 2690 2983 Dilectissimis
2710 2927 2989 2996 fratribus,
3008 2929 3153 2987 clero
3171 2938 3225 2985 et
3244 2929 3387 3000 plebi
3412 2928 3662 2986 ecclesia
3679 2927 3820 2985 Foro-

541 3021 697 3092 plcna
727 3026 964 3082 remedia
990 3042 1099 3082 non
1125 3027 1301 3083 facilis
1318 3029 1390 3083 sit
1417 3044 1689 3096 recursus,
1717 3038 1864 3086 certe
1888 3046 1995 3086 non
2020 3030 2137 3085 sine

2266 3016 2510 3085 uliensis,
2540 3019 2809 3091 Fegr.dius
2831 3061 2848 3088 ,
2879 3022 3149 3089 Emerius,
3190 3021 3522 3089 Florentius,
3545 3022 3815 3085 Artemius,

541 3115 870 3171 verecundia
897 3131 1090 3172 eorum
1124 3119 1317 3188 quibus
1364 3135 1526 3176 causa
1558 3122 1782 3193 contigit
1808 3122 2140 3179 subcisivum
2168 3102 2205 3166 C

2258 3107 2578 3175 Emilianus,
2629 3110 2835 3179 Britto,
2892 3111 3105 3179 Justus,
3156 3112 3449 3181 Eufodius,
3500 3112 3816 3177 Rodamius,

544 3210 689 3279 quod
716 3211 862 3268 circa
892 3211 1090 3269 ῑηιι-εε
1126 3223 1351 3284 general
1384 3215 1591 3282 odium,
1613 3216 1720 3288 91
1754 3218 2143 3291 moderatoque
2249 3202 2520 3272 Evortius,
2551 3204 2902 3262 Constantius
2925 3247 2940 3272 ,
2972 3205 3192 3273 Paulus,
3235 3208 3447 3273 Cretus,
3485 3206 3813 3271 Concordius,

540 3303 768 3359 consilio
794 3319 861 3360 ea
886 3305 1109 3361 cautela}
1136 3308 1276 3363 mlio
1296 3319 1512 3364 servata
1534 3317 1641 3377 est,
1661 3326 1781 3381 qua,
1809 3321 1864 3367 ει
1888 3312 2145 3369 scandala
2245 3294 2519 3355 Anterins.
2550 3294 2860 3363 Neutcrius,
2892 3297 3164 3363 Nicecius,
3194 3298 3469 3365 Urbanus,
3501 3298 3675 3362 Felix,
3702 3297 3817 3352 Sint-

542 3394 892 3452 submoveret
914 3405 968 3451 et
996 3397 1336 3454 sanctitatem
1364 3398 1619 3456 Ecclesiae
1657 3404 1978 3459 custodiret.

2258 3386 2441 3459 plicius
2467 3396 2524 3443 et
2570 3388 2906 3456 Vincentius,
2952 3391 3191 3462 episcopi
3241 3391 3297 3446 in
3334 3389 3565 3447 Domino
3590 3391 3813 3446 salutem.

610 3484 741 3542 cui,
779 3486 821 3541 ι,
850 3487 1017 3544 Decet
1064 3504 1195 3560 ergo
1221 3491 1493 3547 neminem
1535 3494 1823 3563 ροειιιεηο
1851 3497 2143 3569 synodum,
2249 3478 2507 3548 Quamvis
2539 3490 2650 3536 tam
2698 3497 2761 3539 ea
2814 3483 3138 3540 Benedictus
3186 3484 3356 3540 frater
3404 3486 3471 3540 de
3518 3480 3815 3540 sanctissimi

540 3589 648 3647 qua
683 3575 949 3646 ejusmodi
992 3578 1198 3636 illicitis
1240 3581 1324 3637 vel
1357 3598 1482 3638 sero
1509 3585 1866 3653 succurritur,
1904 3588 1971 3643 de
1999 3589 2147 3661 diga-

2258 3575 2455 3645 accepti
2484 3590 2718 3646 persona
2749 3578 2990 3648 suggerit
3017 3594 3135 3648 qua:
3158 3578 3412 3649 prudenti
3456 3585 3512 3634 et
3536 3577 3817 3635 Christiano

542 3668 670 3735 mis,
715 3678 811 3725 aut
847 3671 990 3725 inter
1037 3682 1327 3742 nuptarum
1363 3676 1590 3732 maritos
1633 3677 1874 3734 ordinari
1915 3679 2146 3737 clericos

2258 3667 2367 3721 viro
2413 3678 2541 3723 sunt
2587 3668 2876 3741 condigna,
2908 3684 3069 3739 quam
3097 3671 3239 3741 quod
3275 3670 3452 3725 studio
3480 3671 3720 3726 omnium
3742 3683 3817 3723 ve-

546 3775 728 3832 ροεεθ,
777 3778 879 3820 nec
924 3766 1309 3836 requirendum
1370 3777 1626 3824 unumne
1694 3771 1892 3827 ίηίιίαιί
1957 3788 2145 3829 sacra.
2250 3763 2421 3811 strum
2460 3758 2528 3813 ad
2560 3758 2824 3814 honorem
2859 3760 3145 3815 sacerdotii
3187 3770 3442 3830 poscatur
3462 3761 3818 3824 edixerit,ta-

2250 3862 2372 3901 men
2404 3848 2530 3918 quia
2573 3849 2627 3903 in
2670 3851 2875 3920 synodo
2913 3851 3026 3922 jam
3056 3851 3271 3907 sederat
3303 3850 3675 3907 ordinationes
3698 3849 3817 3920 ejus-

2250 3941 2395 3995 modi
2443 3942 2839 3999 submovendas
2908 3959 3027 4014 qua‘.
3076 3946 3193 4000 sine
3249 3945 3504 4002 seandalo
3553 3959 3676 4001 esse
3733 3956 3817 3997 non

2248 4043 2495 4103 possunt,
2536 4051 2641 4092 non
2674 4039 2947 4107 potuimus
2996 4039 3085 4093 uni
3136 4050 3393 4108 praestare
3449 4040 3591 4110 quod
3637 4034 3816 4094 czeteris

546 4135 812 4196 terrenas,
834 4132 1051 4201 nuptias
1078 4142 1271 4203 sponte
1294 4136 2146 4204 transierunt,idcustodiendum
2252 4126 2569 4196 llcgi‘balllr-
2612 4127 2682 4181 Εῑ
2730 4128 2856 4184 licet
2902 4145 3006 4184 “0"
3078 4131 3386 4201 ignoremus
3449 4130 3649 4188 ηιυηοθ
3695 4141 3816 4184 πῖθ’

545 4235 669 4277 esse
710 4222 1066 4289 decrevimus,
1098 4234 1158 4280 ut
1182 4227 1507 4297 paenitean
1536 4246 1642 4285 ιιοη
1670 4233 1853 4288 suum
1884 4234 1948 4289 ad
1974 4235 2151 4304 ρωηί-
2251 4220 2466 4287 cundia,
2494 4231 2545 4276 et
2568 4223 2853 4279 nonnullos
2879 4224 3083 4279 honore
3112 4225 3438 4296 suscipiendi
3457 4224 3813 4286 sacerdotium,

547 4316 768 4371 tentiam
799 4318 1155 4389 recipiantur,
1188 4330 1244 4375 et
1271 4338 1395 4378 cum
1424 4324 1551 4380 data
1584 4335 1763 4382 tamen
1811 4329 1994 4397 fuerit,
2045 4332 2148 4388 nisi

2258 4320 2395 4366 etut
2448 4314 2705 4383 trepidos,
2748 4331 2870 4385 quae
2922 4316 3109 4387 utique
3155 4319 3307 4390 signa
3356 4328 3484 4373 sunt
3542 4314 3815 4375 sanctitatis

545 4403 706 4474 plene
747 4405 1114 4465 satisfecerim
1143 4411 1255 4466 Deo
1288 4411 1343 4466 in
1379 4423 1641 4483 quantum
1689 4418 1829 4475 ηιίο
1885 4435 2149 4492 poma}.
2174 4472 2225 4492 ﬁ
2251 4404 2387 4461 falsa
2416 4406 2471 4462 in
2505 4423 2565 4463 se
2603 4407 2879 4477 rejiciendi
2906 4409 3127 4467 honoris
3171 4426 3336 4468 causa
3378 4413 3619 4481 dixisse,
3669 4421 3812 4466 tamen

546 4497 644 4564 rit,
673 4497 878 4555 eisdem
909 4504 1217 4559 communio
1246 4504 1547 4563 differatur.
1885 4472 1914 4492 τ
1957 4472 1986 4492 τ
2173 4472 2205 4535 Ῑ

2258 4499 2379 4568 quia
2407 4472 2798 4556 omniumvferc
2839 4502 2905 4557 ad
2939 4517 3001 4556 ea
3053 4520 3172 4573 qua:
3216 4513 3341 4559 sunt
3380 4504 3566 4576 pejora
3606 4472 3813 4577 proclive

618 4591 706 4647 111.
748 4592 904 4649 Circa
934 4610 1122 4650 eorum
1155 4612 1285 4654 vero
1311 4613 1572 4669 personas
1610 4603 1702 4673 qui
1743 4619 1804 4660 se
1826 4615 2141 4676 ροειυηυηι
2245 4591 2509 4662 judicium
2557 4602 2680 4661 est,
2727 4604 2782 4649 et
2831 4595 2956 4651 hinc
3002 4596 3260 4653 materies
3307 4598 3723 4669 disputationum
3769 4593 3810 4647 in

547 4692 605 4738 et
645 4695 896 4741 sanctum
924 4685 1198 4743 lavacrum
1224 4689 1310 4745 vel
1352 4692 1597 4762 profanis
1632 4697 1917 4755 sacrificiis
1942 4700 2146 4757 daemo-

2258 4691 2649 4745 obtrectatores
2686 4688 3026 4747 sacerdotum
3057 4692 3148 4747 Dei
3180 4693 3463 4763 qumritur,
3494 4694 3635 4748 sedit
3668 4693 3714 4745 in
3744 4701 3811 4756 sy-

548 4791 679 4830 num
702 4778 785 4832 vel
834 4778 1042 4834 incesta
1069 4778 1339 4837 lavatione
1380 4783 1712 4854 polluerunt,
1756 4803 1879 4844 eam
1905 4805 2150 4847 censurae

567 4885 778 4928 ormam
809 4873 1047 4929 diximus
1073 4890 1193 4930 esse
1223 4877 1577 4944 servandam,
1614 4887 1671 4934 ut
1706 4880 1790 4935 his
1807 4880 1965 4950 juxta
1996 4899 2150 4955 syno-

549 4960 677 5016 dum
740 4961 1015 5020 Nicaenam
1074 4965 1462 5023 satisfactionis
1512 4969 1734 5039 quidam
1808 4972 1988 5028 aditus
2043 4990 2151 5030 non

550 5062 822 5121 negetur,
870 5069 940 5109 ne
992 5055 1298 5113 infelicibus
1346 5056 1602 5130 lacrymis
1650 5060 1733 5115 vel
1768 5061 1943 5117 solatii
1982 5062 2151 5132 janua

552 5146 931 5215 desperatione
974 5151 1259 5208 claudatur
1286 5194 1301 5219 ,
1354 5156 1529 5209 acturi
1582 5171 1713 5211 vero
1775 5159 2151 5227 paenitentiam

556 5252 731 5306 usque
760 5240 812 5295 in
839 5242 981 5298 diem
1010 5246 1225 5313 mortis,
1256 5261 1365 5303 non
1395 5247 1513 5303 sine
1542 5263 1638 5318 spe
1666 5258 1847 5304 tamen
1871 5252 2151 5307 remissio-

552 5328 664 5396 nis,
691 5346 853 5402 quam
897 5334 966 5391 ab
990 5349 1056 5392 eo
1097 5336 1257 5407 plene
1307 5353 1530 5409 sperare
1558 5340 1862 5408 debebunt,
1910 5344 2005 5412 qui
2035 5342 2153 5413 ejus

542 3853 740 3910 mentis
791 3854 1011 3922 divinis,
1064 3870 1158 3912 aut
1215 3858 1446 3930 gentiles
1498 3861 1603 3916 hac
1656 3876 1715 3917 se
1760 3862 1961 3919 infelici
2001 3873 2147 3922 sorte

541 3945 870 4001 necessitate
898 3947 1326 4005 maculaverunt.

613 4036 678 4091 ll.
720 4036 797 4093 De
844 4040 1038 4109 puellis
1082 4056 1215 4098 vero
1269 4057 1390 4113 quae
1419 4058 1478 4099 se
1525 4044 1637 4102 Deo
1659 4057 1941 4115 voverunt,
1987 4049 2032 4104 si
2079 4049 2147 4105 ad

2258 4784 2422 4850 nodo,
2483 4795 2541 4839 ut
2594 4786 2824 4857 quisque
2852 4788 2918 4841 de
2962 4800 3020 4840 se
3068 4786 3148 4842 vel
3180 4801 3332 4851 vera,
3381 4784 3466 4842 vel
3509 4785 3645 4840 falsa
3670 4779 3806 4837 dixis.-

2258 4884 2388 4938 set,
2441 4874 2573 4931 fides
2621 4892 2783 4947 quam
2837 4877 3035 4931 suimet
3090 4877 3400 4932 testimonio
3459 4875 3805 4932 confirmaret.

2257 4968 2582 5033 haberetur,
2645 4977 2976 5040 quaprOpter
3019 4969 3297 5025 decretum
3327 4977 3413 5025 est
3450 4962 3805 5024 submovendus

2256 5062 2501 5132 protinus
2531 5077 2656 5117 esse
2695 5063 2762 5117 ab
2806 5077 2872 5117 eo
2912 5062 3079 5133 gradu
3108 5078 3269 5133 quem
3316 5062 3384 5117 ab
3413 5061 3561 5116 omni
3593 5050 3802 5115 seandalo

2257 5153 2488 5210 liberum
2520 5170 2642 5212 esse
2691 5155 2867 5222 decet,
2919 5156 3100 5211 divina
3131 5158 3306 5227 pietas
3342 5169 3439 5211 vos
3483 5154 3541 5210 in
3583 5156 3801 5209 uernum

2256 5255 2506 5319 protegat

2578 5338 2811 5412 Explicit
2836 5338 3125 5396 concilium
3156 5337 3522 5394 Valentinum.

559 5468 3789 5508 MM

1451 5592 1794 5651 INCIPIUNT
1830 5592 2175 5653 CAPITULA
2210 5595 2505 5655 CONCILII
2552 5594 2992 5655 LAURINATIS.

634 5741 682 5797 l.
724 5740 797 5799 Ut
838 5743 932 5815 qui
969 5747 1348 5819 appronaverit
1375 5763 1527 5805 suam
1557 5748 1838 5807 civitatem
1877 5748 2150 5824 metrOpo-

558 5832 653 5889 lim
693 5834 877 5906 fuisse,
917 5847 1098 5897 teneat
1126 5841 1440 5912 primatum.

2325 5753 2380 5807 2.
2404 5751 2471 5808 Ut
2499 5754 2664 5823 episc.
2685 5755 2775 5825 qui
2795 5765 2986 5813 contra
3006 5766 3206 5815 statuta
3234 5758 3461 5825 faciunt,
3485 5758 3675 5815 honore
3686 5746 3781 5824 priV

2323 5850 2376 5904 3.
2423 5850 2497 5904 De
2529 5850 2681 5906 laicis
2706 5852 2795 5922 qui
2823 5853 3036 5911 clericis
3066 5856 3273 5911 crimen
3303 5855 3600 5911 intendunt.
