  <div class='ocr_page' id='page_1' title='image "/cluster/home/n/w/nwhite01/storage/ocr_20150623/130/hvd.32044015471717/222.png"; bbox 0 0 3834 5428; ppageno 0'>
   <div class='ocr_carea' id='block_1_1' title="bbox 49 365 132 424">
    <p class='ocr_par' dir='ltr' id='par_1_1' title="bbox 49 365 132 424">
     <span class='ocr_line' id='line_1_1' title="bbox 49 365 132 424; baseline 0.012 -9"><span class='ocrx_word' id='word_1_1' title='bbox 49 365 132 424; x_wconf 71' lang='grc'><strong>385</strong></span> 
     </span>
    </p>
   </div>
   <div class='ocr_carea' id='block_1_2' title="bbox 1222 352 2135 414">
    <p class='ocr_par' dir='ltr' id='par_1_2' title="bbox 1222 352 2135 414">
     <span class='ocr_line' id='line_1_2' title="bbox 1222 352 2135 414; baseline -0.005 -1"><span class='ocrx_word' id='word_1_2' title='bbox 1222 356 1712 414; x_wconf 77' lang='lat' dir='ltr'><strong>DECRETALIUM</strong></span> <span class='ocrx_word' id='word_1_3' title='bbox 1738 352 2135 413; x_wconf 85' lang='lat' dir='ltr'><strong>COLLECTIO.</strong></span> 
     </span>
    </p>
   </div>
   <div class='ocr_carea' id='block_1_3' title="bbox 3127 356 3230 411">
    <p class='ocr_par' dir='ltr' id='par_1_3' title="bbox 3127 356 3230 411">
     <span class='ocr_line' id='line_1_3' title="bbox 3127 356 3230 411; baseline 0.019 -1"><span class='ocrx_word' id='word_1_4' title='bbox 3127 356 3230 411; x_wconf 70' lang='lat'><strong>586</strong></span> 
     </span>
    </p>
   </div>
   <div class='ocr_carea' id='block_1_4' title="bbox 100 467 3234 543">
    <p class='ocr_par' dir='ltr' id='par_1_4' title="bbox 100 467 3234 543">
     <span class='ocr_line' id='line_1_4' title="bbox 100 467 3234 543; baseline 0 -16"><span class='ocrx_word' id='word_1_5' title='bbox 100 476 143 528; x_wconf 73' lang='grc' dir='ltr'><strong>ι.</strong></span> <span class='ocrx_word' id='word_1_6' title='bbox 177 473 244 527; x_wconf 88' lang='lat' dir='ltr'><strong>De</strong></span> <span class='ocrx_word' id='word_1_7' title='bbox 287 469 488 527; x_wconf 77' lang='lat' dir='ltr'><strong>clericis</strong></span> <span class='ocrx_word' id='word_1_8' title='bbox 531 468 622 539; x_wconf 89' lang='lat' dir='ltr'><strong>qui</strong></span> <span class='ocrx_word' id='word_1_9' title='bbox 668 483 762 538; x_wconf 89' lang='lat' dir='ltr'><strong>per</strong></span> <span class='ocrx_word' id='word_1_10' title='bbox 812 467 1024 534; x_wconf 82' lang='lat' dir='ltr'><strong>culpam</strong></span> <span class='ocrx_word' id='word_1_11' title='bbox 1074 473 1144 526; x_wconf 89' lang='lat' dir='ltr'><strong>ab</strong></span> <span class='ocrx_word' id='word_1_12' title='bbox 1186 470 1435 543; x_wconf 88' lang='lat' dir='ltr'><strong>episcopo</strong></span> <span class='ocrx_word' id='word_1_13' title='bbox 1472 486 1570 527; x_wconf 91' lang='lat' dir='ltr'><strong>suo</strong></span> <span class='ocrx_word' id='word_1_14' title='bbox 1599 475 1646 534; x_wconf 75' lang='grc' dir='ltr'><strong>Α</strong></span> <span class='ocrx_word' id='word_1_15' title='bbox 1745 467 1797 522; x_wconf 87' lang='grc'><strong>6.</strong></span> <span class='ocrx_word' id='word_1_16' title='bbox 1840 468 1909 525; x_wconf 91' lang='lat' dir='ltr'><strong>Ut</strong></span> <span class='ocrx_word' id='word_1_17' title='bbox 1943 467 2161 525; x_wconf 74' lang='lat' dir='ltr'><strong>alterius</strong></span> <span class='ocrx_word' id='word_1_18' title='bbox 2193 468 2447 524; x_wconf 80' lang='lat' dir='ltr'><strong>clericum</strong></span> <span class='ocrx_word' id='word_1_19' title='bbox 2473 483 2580 525; x_wconf 87' lang='lat' dir='ltr'><strong>non</strong></span> <span class='ocrx_word' id='word_1_20' title='bbox 2606 477 2920 540; x_wconf 91' lang='lat' dir='ltr'><strong>promoveat</strong></span> <span class='ocrx_word' id='word_1_21' title='bbox 2955 468 3111 536; x_wconf 90' lang='lat' dir='ltr'><strong>alter,</strong></span> <span class='ocrx_word' id='word_1_22' title='bbox 3134 487 3234 527; x_wconf 88' lang='lat' dir='ltr'><strong>nec</strong></span> 
     </span>
    </p>
   </div>
   <div class='ocr_carea' id='block_1_5' title="bbox 45 562 541 622">
    <p class='ocr_par' dir='ltr' id='par_1_5' title="bbox 45 562 541 622">
     <span class='ocr_line' id='line_1_5' title="bbox 45 562 541 622; baseline -0.014 0"><span class='ocrx_word' id='word_1_23' title='bbox 45 562 541 622; x_wconf 80' lang='lat' dir='ltr'><strong>excommunicantur.</strong></span> 
     </span>
    </p>
   </div>
   <div class='ocr_carea' id='block_1_6' title="bbox 98 649 1563 721">
    <p class='ocr_par' dir='ltr' id='par_1_6' title="bbox 98 649 1563 721">
     <span class='ocr_line' id='line_1_6' title="bbox 98 649 1563 721; baseline -0.001 -13"><span class='ocrx_word' id='word_1_24' title='bbox 98 655 140 708; x_wconf 85' lang='lat'><strong>5.</strong></span> <span class='ocrx_word' id='word_1_25' title='bbox 175 652 239 706; x_wconf 87' lang='lat' dir='ltr'><strong>De</strong></span> <span class='ocrx_word' id='word_1_26' title='bbox 256 651 335 706; x_wconf 87' lang='lat' dir='ltr'><strong>his</strong></span> <span class='ocrx_word' id='word_1_27' title='bbox 355 651 443 721; x_wconf 87' lang='lat' dir='ltr'><strong>qui</strong></span> <span class='ocrx_word' id='word_1_28' title='bbox 467 662 524 705; x_wconf 90' lang='lat' dir='ltr'><strong>se</strong></span> <span class='ocrx_word' id='word_1_29' title='bbox 552 650 620 704; x_wconf 89' lang='lat' dir='ltr'><strong>ab</strong></span> <span class='ocrx_word' id='word_1_30' title='bbox 645 649 912 705; x_wconf 58' lang='lat' dir='ltr'><strong>haereticis</strong></span> <span class='ocrx_word' id='word_1_31' title='bbox 936 663 1188 721; x_wconf 88' lang='lat' dir='ltr'><strong>separare</strong></span> <span class='ocrx_word' id='word_1_32' title='bbox 1209 651 1480 708; x_wconf 86' lang='lat' dir='ltr'><strong>voluerint</strong></span> <span class='ocrx_word' id='word_1_33' title='bbox 1504 666 1563 707; x_wconf 78' lang='lat' dir='ltr'><strong>ut</strong></span> 
     </span>
    </p>
   </div>
   <div class='ocr_carea' id='block_1_7' title="bbox 53 741 1018 812">
    <p class='ocr_par' dir='ltr' id='par_1_7' title="bbox 53 741 1018 812">
     <span class='ocr_line' id='line_1_7' title="bbox 53 741 1018 812; baseline -0.004 -12"><span class='ocrx_word' id='word_1_34' title='bbox 53 749 94 802; x_wconf 83' lang='lat' dir='ltr'><strong>tb</strong></span> <span class='ocrx_word' id='word_1_35' title='bbox 119 743 318 801; x_wconf 84' lang='lat' dir='ltr'><strong>ecclesia</strong></span> <span class='ocrx_word' id='word_1_36' title='bbox 347 741 608 798; x_wconf 88' lang='lat' dir='ltr'><strong>catholica</strong></span> <span class='ocrx_word' id='word_1_37' title='bbox 638 741 1018 812; x_wconf 73' lang='lat' dir='ltr'><strong>suscipiantur.</strong></span> 
     </span>
    </p>
   </div>
   <div class='ocr_carea' id='block_1_8' title="bbox 1670 555 2204 630">
    <p class='ocr_par' dir='ltr' id='par_1_8' title="bbox 1670 555 2204 630">
     <span class='ocr_line' id='line_1_8' title="bbox 1670 555 2204 630; baseline -0.002 -19"><span class='ocrx_word' id='word_1_38' title='bbox 1670 555 1938 626; x_wconf 86' lang='lat' dir='ltr'><strong>abjectum</strong></span> <span class='ocrx_word' id='word_1_39' title='bbox 1964 557 2204 630; x_wconf 87' lang='lat' dir='ltr'><strong>recipiat.</strong></span> 
     </span>
    </p>
   </div>
   <div class='ocr_carea' id='block_1_9' title="bbox 1741 645 3239 719">
    <p class='ocr_par' dir='ltr' id='par_1_9' title="bbox 1741 645 3239 719">
     <span class='ocr_line' id='line_1_9' title="bbox 1741 645 3239 719; baseline 0.005 -19"><span class='ocrx_word' id='word_1_40' title='bbox 1741 645 1792 700; x_wconf 88' lang='lat'><strong>7.</strong></span> <span class='ocrx_word' id='word_1_41' title='bbox 1832 647 1908 701; x_wconf 89' lang='lat' dir='ltr'><strong>De</strong></span> <span class='ocrx_word' id='word_1_42' title='bbox 1938 646 2022 701; x_wconf 87' lang='lat' dir='ltr'><strong>his</strong></span> <span class='ocrx_word' id='word_1_43' title='bbox 2061 647 2152 716; x_wconf 87' lang='lat' dir='ltr'><strong>qui</strong></span> <span class='ocrx_word' id='word_1_44' title='bbox 2201 655 2386 703; x_wconf 88' lang='lat' dir='ltr'><strong>contra</strong></span> <span class='ocrx_word' id='word_1_45' title='bbox 2432 649 2773 706; x_wconf 89' lang='lat' dir='ltr'><strong>interdictum</strong></span> <span class='ocrx_word' id='word_1_46' title='bbox 2822 659 2946 706; x_wconf 89' lang='lat' dir='ltr'><strong>sunt</strong></span> <span class='ocrx_word' id='word_1_47' title='bbox 2983 651 3239 719; x_wconf 86' lang='lat' dir='ltr'><strong>ordinati,</strong></span> 
     </span>
    </p>
   </div>
   <div class='ocr_carea' id='block_1_10' title="bbox 1667 733 2898 805">
    <p class='ocr_par' dir='ltr' id='par_1_10' title="bbox 1667 733 2898 805">
     <span class='ocr_line' id='line_1_10' title="bbox 1667 733 2898 805; baseline 0.002 -18"><span class='ocrx_word' id='word_1_48' title='bbox 1667 733 1748 788; x_wconf 93' lang='lat' dir='ltr'><strong>vel</strong></span> <span class='ocrx_word' id='word_1_49' title='bbox 1778 734 1830 788; x_wconf 91' lang='lat' dir='ltr'><strong>in</strong></span> <span class='ocrx_word' id='word_1_50' title='bbox 1866 735 2070 789; x_wconf 85' lang='lat' dir='ltr'><strong>honore</strong></span> <span class='ocrx_word' id='word_1_51' title='bbox 2098 733 2235 790; x_wconf 82' lang='lat' dir='ltr'><strong>filios</strong></span> <span class='ocrx_word' id='word_1_52' title='bbox 2258 746 2576 805; x_wconf 74' lang='lat' dir='ltr'><strong>genuerunt.</strong></span> <span class='ocrx_word' id='word_1_53' title='bbox 2890 749 2898 757; x_wconf 87' lang='lat'><strong>&#39;</strong></span> 
     </span>
    </p>
   </div>
   <div class='ocr_carea' id='block_1_11' title="bbox 603 935 2606 1108">
    <p class='ocr_par' dir='ltr' id='par_1_11' title="bbox 603 935 2606 1108">
     <span class='ocr_line' id='line_1_11' title="bbox 603 935 2606 1108; baseline 0.005 -12"><span class='ocrx_word' id='word_1_54' title='bbox 603 935 1067 1100; x_wconf 65' lang='lat' dir='ltr'><strong>INCII’IT</strong></span> <span class='ocrx_word' id='word_1_55' title='bbox 1135 1007 1806 1104; x_wconf 86' lang='lat' dir='ltr'><strong>CONCILIUM</strong></span> <span class='ocrx_word' id='word_1_56' title='bbox 1879 1015 2606 1108; x_wconf 82' lang='lat' dir='ltr'><strong>TAUBINATE.</strong></span> 
     </span>
    </p>
   </div>
   <div class='ocr_carea' id='block_1_12' title="bbox 95 1169 1564 1269">
    <p class='ocr_par' dir='ltr' id='par_1_12' title="bbox 95 1169 1564 1269">
     <span class='ocr_line' id='line_1_12' title="bbox 95 1169 1564 1269; baseline 0.004 -22"><span class='ocrx_word' id='word_1_57' title='bbox 95 1185 336 1249; x_wconf 83' lang='lat' dir='ltr'><strong>Fratribus</strong></span> <span class='ocrx_word' id='word_1_58' title='bbox 386 1169 750 1251; x_wconf 65' lang='lat' dir='ltr'><strong>dﬂedissimis</strong></span> <span class='ocrx_word' id='word_1_59' title='bbox 811 1211 910 1267; x_wconf 89' lang='lat' dir='ltr'><strong>per</strong></span> <span class='ocrx_word' id='word_1_60' title='bbox 959 1195 1159 1252; x_wconf 81' lang='lat' dir='ltr'><strong>Gallias</strong></span> <span class='ocrx_word' id='word_1_61' title='bbox 1205 1206 1257 1252; x_wconf 92' lang='lat' dir='ltr'><strong>et</strong></span> <span class='ocrx_word' id='word_1_62' title='bbox 1327 1199 1564 1269; x_wconf 90' lang='lat' dir='ltr'><strong>quinque</strong></span> 
     </span>
    </p>
   </div>
   <div class='ocr_carea' id='block_1_13' title="bbox 43 1283 1567 1358">
    <p class='ocr_par' dir='ltr' id='par_1_13' title="bbox 43 1283 1567 1358">
     <span class='ocr_line' id='line_1_13' title="bbox 43 1283 1567 1358; baseline 0.005 -21"><span class='ocrx_word' id='word_1_63' title='bbox 43 1283 293 1352; x_wconf 78' lang='lat' dir='ltr'><strong>provincias</strong></span> <span class='ocrx_word' id='word_1_64' title='bbox 313 1284 621 1340; x_wconf 89' lang='lat' dir='ltr'><strong>constitutis</strong></span> <span class='ocrx_word' id='word_1_65' title='bbox 657 1294 841 1341; x_wconf 89' lang='lat' dir='ltr'><strong>sancta</strong></span> <span class='ocrx_word' id='word_1_66' title='bbox 889 1287 1127 1357; x_wconf 84' lang='lat' dir='ltr'><strong>synodus</strong></span> <span class='ocrx_word' id='word_1_67' title='bbox 1151 1301 1270 1358; x_wconf 70' lang='lat' dir='ltr'><strong>quae</strong></span> <span class='ocrx_word' id='word_1_68' title='bbox 1314 1290 1567 1344; x_wconf 83' lang='lat' dir='ltr'><strong>convenit</strong></span> 
     </span>
    </p>
   </div>
   <div class='ocr_carea' id='block_1_14' title="bbox 56 1371 616 1428">
    <p class='ocr_par' dir='ltr' id='par_1_14' title="bbox 56 1371 616 1428">
     <span class='ocr_line' id='line_1_14' title="bbox 56 1371 616 1428; baseline 0.007 -4"><span class='ocrx_word' id='word_1_69' title='bbox 56 1372 94 1424; x_wconf 90' lang='lat' dir='ltr'><strong>in</strong></span> <span class='ocrx_word' id='word_1_70' title='bbox 115 1373 225 1427; x_wconf 85' lang='lat' dir='ltr'><strong>urbe</strong></span> <span class='ocrx_word' id='word_1_71' title='bbox 250 1371 616 1428; x_wconf 55' lang='lat' dir='ltr'><strong>Taurinatum.‘</strong></span> 
     </span>
    </p>
   </div>
   <div class='ocr_carea' id='block_1_15' title="bbox 105 1463 1565 1537">
    <p class='ocr_par' dir='ltr' id='par_1_15' title="bbox 105 1463 1565 1537">
     <span class='ocr_line' id='line_1_15' title="bbox 105 1463 1565 1537; baseline 0.005 -19"><span class='ocrx_word' id='word_1_72' title='bbox 105 1463 212 1518; x_wconf 87' lang='lat' dir='ltr'><strong>Cum</strong></span> <span class='ocrx_word' id='word_1_73' title='bbox 237 1464 296 1519; x_wconf 93' lang='lat' dir='ltr'><strong>ad</strong></span> <span class='ocrx_word' id='word_1_74' title='bbox 322 1465 734 1535; x_wconf 87' lang='lat' dir='ltr'><strong>postulationem</strong></span> <span class='ocrx_word' id='word_1_75' title='bbox 753 1468 1150 1537; x_wconf 82' lang='lat' dir='ltr'><strong>provinciarum</strong></span> <span class='ocrx_word' id='word_1_76' title='bbox 1178 1469 1363 1526; x_wconf 72' lang='lat' dir='ltr'><strong>Galliae</strong></span> <span class='ocrx_word' id='word_1_77' title='bbox 1387 1487 1565 1528; x_wconf 86' lang='lat' dir='ltr'><strong>sacer-</strong></span> 
     </span>
    </p>
   </div>
   <div class='ocr_carea' id='block_1_16' title="bbox 51 1559 1565 1630">
    <p class='ocr_par' dir='ltr' id='par_1_16' title="bbox 51 1559 1565 1630">
     <span class='ocr_line' id='line_1_16' title="bbox 51 1559 1565 1630; baseline 0.005 -18"><span class='ocrx_word' id='word_1_78' title='bbox 51 1560 164 1613; x_wconf 86' lang='lat' dir='ltr'><strong>dotes</strong></span> <span class='ocrx_word' id='word_1_79' title='bbox 184 1559 605 1615; x_wconf 85' lang='lat' dir='ltr'><strong>convenissemus</strong></span> <span class='ocrx_word' id='word_1_80' title='bbox 648 1561 716 1614; x_wconf 91' lang='lat' dir='ltr'><strong>ad</strong></span> <span class='ocrx_word' id='word_1_81' title='bbox 758 1561 1107 1630; x_wconf 86' lang='lat' dir='ltr'><strong>Taurinatum</strong></span> <span class='ocrx_word' id='word_1_82' title='bbox 1138 1564 1438 1629; x_wconf 88' lang='lat' dir='ltr'><strong>civitatem,</strong></span> <span class='ocrx_word' id='word_1_83' title='bbox 1483 1573 1565 1618; x_wconf 83' lang='lat' dir='ltr'><strong>at-</strong></span> 
     </span>
    </p>
   </div>
   <div class='ocr_carea' id='block_1_17' title="bbox 48 1632 1564 1717">
    <p class='ocr_par' dir='ltr' id='par_1_17' title="bbox 48 1632 1564 1717">
     <span class='ocr_line' id='line_1_17' title="bbox 48 1632 1564 1717; baseline 0.005 -17"><span class='ocrx_word' id='word_1_84' title='bbox 48 1664 123 1717; x_wconf 85' lang='lat' dir='ltr'><strong>que</strong></span> <span class='ocrx_word' id='word_1_85' title='bbox 146 1649 189 1702; x_wconf 94' lang='lat' dir='ltr'><strong>in</strong></span> <span class='ocrx_word' id='word_1_86' title='bbox 226 1632 452 1716; x_wconf 78' lang='lat' dir='ltr'><strong>ejusdem</strong></span> <span class='ocrx_word' id='word_1_87' title='bbox 480 1650 654 1706; x_wconf 91' lang='lat' dir='ltr'><strong>&#39;urbis</strong></span> <span class='ocrx_word' id='word_1_88' title='bbox 682 1641 912 1706; x_wconf 86' lang='lat' dir='ltr'><strong>ecclesia</strong></span> <span class='ocrx_word' id='word_1_89' title='bbox 951 1653 1198 1708; x_wconf 84' lang='lat' dir='ltr'><strong>auditore</strong></span> <span class='ocrx_word' id='word_1_90' title='bbox 1226 1653 1454 1709; x_wconf 86' lang='lat' dir='ltr'><strong>Domino</strong></span> <span class='ocrx_word' id='word_1_91' title='bbox 1480 1655 1564 1709; x_wconf 90' lang='lat' dir='ltr'><strong>vel</strong></span> 
     </span>
    </p>
   </div>
   <div class='ocr_carea' id='block_1_18' title="bbox 50 1737 1565 1812">
    <p class='ocr_par' dir='ltr' id='par_1_18' title="bbox 50 1737 1565 1812">
     <span class='ocr_line' id='line_1_18' title="bbox 50 1737 1565 1812; baseline 0.008 -24"><span class='ocrx_word' id='word_1_92' title='bbox 50 1737 286 1792; x_wconf 82' lang='lat' dir='ltr'><strong>mediatore</strong></span> <span class='ocrx_word' id='word_1_93' title='bbox 313 1738 643 1805; x_wconf 86' lang='lat' dir='ltr'><strong>sederemus,</strong></span> <span class='ocrx_word' id='word_1_94' title='bbox 694 1740 894 1796; x_wconf 84' lang='lat' dir='ltr'><strong>auditis</strong></span> <span class='ocrx_word' id='word_1_95' title='bbox 923 1739 1332 1812; x_wconf 76' lang='lat' dir='ltr'><strong>allegationibus</strong></span> <span class='ocrx_word' id='word_1_96' title='bbox 1358 1743 1565 1812; x_wconf 84' lang='lat' dir='ltr'><strong>episco-</strong></span> 
     </span>
    </p>
   </div>
   <div class='ocr_carea' id='block_1_19' title="bbox 50 1829 1564 1903">
    <p class='ocr_par' dir='ltr' id='par_1_19' title="bbox 50 1829 1564 1903">
     <span class='ocr_line' id='line_1_19' title="bbox 50 1829 1564 1903; baseline 0.007 -23"><span class='ocrx_word' id='word_1_97' title='bbox 50 1842 211 1895; x_wconf 85' lang='lat' dir='ltr'><strong>porum,</strong></span> <span class='ocrx_word' id='word_1_98' title='bbox 232 1841 406 1883; x_wconf 91' lang='lat' dir='ltr'><strong>eorum</strong></span> <span class='ocrx_word' id='word_1_99' title='bbox 436 1829 690 1885; x_wconf 78' lang='lat' dir='ltr'><strong>videlicet</strong></span> <span class='ocrx_word' id='word_1_100' title='bbox 731 1831 824 1901; x_wconf 91' lang='lat' dir='ltr'><strong>qui</strong></span> <span class='ocrx_word' id='word_1_101' title='bbox 855 1831 920 1886; x_wconf 92' lang='lat' dir='ltr'><strong>ad</strong></span> <span class='ocrx_word' id='word_1_102' title='bbox 939 1829 1200 1901; x_wconf 89' lang='lat' dir='ltr'><strong>judicium</strong></span> <span class='ocrx_word' id='word_1_103' title='bbox 1227 1833 1460 1903; x_wconf 91' lang='lat' dir='ltr'><strong>fuerant,</strong></span> <span class='ocrx_word' id='word_1_104' title='bbox 1499 1836 1564 1891; x_wconf 88' lang='lat' dir='ltr'><strong>de</strong></span> 
     </span>
    </p>
   </div>
   <div class='ocr_carea' id='block_1_20' title="bbox 51 1917 1561 1993">
    <p class='ocr_par' dir='ltr' id='par_1_20' title="bbox 51 1917 1561 1993">
     <span class='ocr_line' id='line_1_20' title="bbox 51 1917 1561 1993; baseline 0.006 -24"><span class='ocrx_word' id='word_1_105' title='bbox 51 1917 221 1988; x_wconf 73' lang='lat' dir='ltr'><strong>singulis</strong></span> <span class='ocrx_word' id='word_1_106' title='bbox 259 1919 478 1989; x_wconf 85' lang='lat' dir='ltr'><strong>negotiis</strong></span> <span class='ocrx_word' id='word_1_107' title='bbox 529 1919 647 1976; x_wconf 63' lang='lat' dir='ltr'><strong>hac</strong></span> <span class='ocrx_word' id='word_1_108' title='bbox 697 1920 980 1977; x_wconf 71' lang='lat' dir='ltr'><strong>sententia:</strong></span> <span class='ocrx_word' id='word_1_109' title='bbox 1021 1920 1195 1977; x_wconf 90' lang='lat' dir='ltr'><strong>forma</strong></span> <span class='ocrx_word' id='word_1_110' title='bbox 1251 1925 1561 1993; x_wconf 86' lang='lat' dir='ltr'><strong>processit,</strong></span> 
     </span>
    </p>
   </div>
   <div class='ocr_carea' id='block_1_21' title="bbox 52 2010 1564 2086">
    <p class='ocr_par' dir='ltr' id='par_1_21' title="bbox 52 2010 1564 2086">
     <span class='ocr_line' id='line_1_21' title="bbox 52 2010 1564 2086; baseline 0.007 -26"><span class='ocrx_word' id='word_1_111' title='bbox 52 2010 152 2076; x_wconf 86' lang='lat' dir='ltr'><strong>quod</strong></span> <span class='ocrx_word' id='word_1_112' title='bbox 186 2024 212 2062; x_wconf 88' lang='lat' dir='ltr'><strong>a</strong></span> <span class='ocrx_word' id='word_1_113' title='bbox 242 2011 416 2080; x_wconf 85' lang='lat' dir='ltr'><strong>paucis</strong></span> <span class='ocrx_word' id='word_1_114' title='bbox 445 2020 645 2067; x_wconf 90' lang='lat' dir='ltr'><strong>statuta</strong></span> <span class='ocrx_word' id='word_1_115' title='bbox 675 2027 936 2068; x_wconf 88' lang='lat' dir='ltr'><strong>canonum</strong></span> <span class='ocrx_word' id='word_1_116' title='bbox 967 2023 1331 2080; x_wconf 84' lang='lat' dir='ltr'><strong>servarentur,</strong></span> <span class='ocrx_word' id='word_1_117' title='bbox 1360 2025 1416 2072; x_wconf 90' lang='lat' dir='ltr'><strong>et</strong></span> <span class='ocrx_word' id='word_1_118' title='bbox 1440 2016 1564 2086; x_wconf 91' lang='lat' dir='ltr'><strong>plu-</strong></span> 
     </span>
    </p>
   </div>
   <div class='ocr_carea' id='block_1_22' title="bbox 53 2100 1561 2163">
    <p class='ocr_par' dir='ltr' id='par_1_22' title="bbox 53 2100 1561 2163">
     <span class='ocr_line' id='line_1_22' title="bbox 53 2100 1561 2163; baseline 0.008 -13"><span class='ocrx_word' id='word_1_119' title='bbox 53 2100 252 2154; x_wconf 84' lang='lat' dir='ltr'><strong>rimorum</strong></span> <span class='ocrx_word' id='word_1_120' title='bbox 312 2103 742 2160; x_wconf 88' lang='lat' dir='ltr'><strong>contentionibus</strong></span> <span class='ocrx_word' id='word_1_121' title='bbox 791 2104 1138 2160; x_wconf 83' lang='lat' dir='ltr'><strong>adhiberetur</strong></span> <span class='ocrx_word' id='word_1_122' title='bbox 1191 2105 1338 2161; x_wconf 91' lang='lat' dir='ltr'><strong>utilis</strong></span> <span class='ocrx_word' id='word_1_123' title='bbox 1390 2107 1561 2163; x_wconf 90' lang='lat' dir='ltr'><strong>medi-</strong></span> 
     </span>
    </p>
   </div>
   <div class='ocr_carea' id='block_1_23' title="bbox 51 2188 152 2242">
    <p class='ocr_par' dir='ltr' id='par_1_23' title="bbox 51 2188 152 2242">
     <span class='ocr_line' id='line_1_23' title="bbox 51 2188 152 2242; baseline -0.02 0"><span class='ocrx_word' id='word_1_124' title='bbox 51 2188 152 2242; x_wconf 87' lang='lat' dir='ltr'><strong>cina.</strong></span> 
     </span>
    </p>
   </div>
   <div class='ocr_carea' id='block_1_24' title="bbox 102 2280 1565 2354">
    <p class='ocr_par' dir='ltr' id='par_1_24' title="bbox 102 2280 1565 2354">
     <span class='ocr_line' id='line_1_24' title="bbox 102 2280 1565 2354; baseline 0.007 -20"><span class='ocrx_word' id='word_1_125' title='bbox 102 2280 203 2334; x_wconf 74' lang='lat' dir='ltr'><strong>thr.</strong></span> <span class='ocrx_word' id='word_1_126' title='bbox 246 2280 281 2335; x_wconf 91' lang='lat' dir='ltr'><strong>l.</strong></span> <span class='ocrx_word' id='word_1_127' title='bbox 335 2280 450 2337; x_wconf 83' lang='lat' dir='ltr'><strong>Jam</strong></span> <span class='ocrx_word' id='word_1_128' title='bbox 500 2298 626 2338; x_wconf 91' lang='lat' dir='ltr'><strong>cum</strong></span> <span class='ocrx_word' id='word_1_129' title='bbox 672 2285 880 2354; x_wconf 89' lang='lat' dir='ltr'><strong>primus</strong></span> <span class='ocrx_word' id='word_1_130' title='bbox 927 2285 1166 2340; x_wconf 91' lang='lat' dir='ltr'><strong>omnium</strong></span> <span class='ocrx_word' id='word_1_131' title='bbox 1220 2286 1304 2341; x_wconf 80' lang='lat' dir='ltr'><strong>vir</strong></span> <span class='ocrx_word' id='word_1_132' title='bbox 1345 2295 1565 2344; x_wconf 91' lang='lat' dir='ltr'><strong>sanctus</strong></span> 
     </span>
    </p>
   </div>
   <div class='ocr_carea' id='block_1_25' title="bbox 49 2366 1562 2450">
    <p class='ocr_par' dir='ltr' id='par_1_25' title="bbox 49 2366 1562 2450">
     <span class='ocr_line' id='line_1_25' title="bbox 49 2366 1562 2450; baseline 0.009 -29"><span class='ocrx_word' id='word_1_133' title='bbox 49 2366 250 2426; x_wconf 85' lang='lat' dir='ltr'><strong>Proculus</strong></span> <span class='ocrx_word' id='word_1_134' title='bbox 277 2372 622 2430; x_wconf 85' lang='lat' dir='ltr'><strong>Massiliensis</strong></span> <span class='ocrx_word' id='word_1_135' title='bbox 647 2377 931 2446; x_wconf 90' lang='lat' dir='ltr'><strong>episcopus</strong></span> <span class='ocrx_word' id='word_1_136' title='bbox 954 2377 1194 2433; x_wconf 85' lang='lat' dir='ltr'><strong>civitatis</strong></span> <span class='ocrx_word' id='word_1_137' title='bbox 1215 2392 1273 2433; x_wconf 92' lang='lat' dir='ltr'><strong>se</strong></span> <span class='ocrx_word' id='word_1_138' title='bbox 1308 2387 1562 2450; x_wconf 88' lang='lat' dir='ltr'><strong>tanquam</strong></span> 
     </span>
    </p>
   </div>
   <div class='ocr_carea' id='block_1_26' title="bbox 50 2464 1636 2541">
    <p class='ocr_par' dir='ltr' id='par_1_26' title="bbox 50 2464 1636 2541">
     <span class='ocr_line' id='line_1_26' title="bbox 50 2464 1636 2541; baseline 0.013 -29"><span class='ocrx_word' id='word_1_139' title='bbox 50 2464 442 2532; x_wconf 87' lang='lat' dir='ltr'><strong>metropolitanum</strong></span> <span class='ocrx_word' id='word_1_140' title='bbox 483 2467 734 2523; x_wconf 88' lang='lat' dir='ltr'><strong>ecclesiis</strong></span> <span class='ocrx_word' id='word_1_141' title='bbox 762 2483 882 2538; x_wconf 71' lang='lat' dir='ltr'><strong>quae</strong></span> <span class='ocrx_word' id='word_1_142' title='bbox 923 2469 976 2522; x_wconf 93' lang='lat' dir='ltr'><strong>in</strong></span> <span class='ocrx_word' id='word_1_143' title='bbox 1008 2471 1242 2525; x_wconf 89' lang='lat' dir='ltr'><strong>secunda</strong></span> <span class='ocrx_word' id='word_1_144' title='bbox 1279 2472 1557 2541; x_wconf 88' lang='lat' dir='ltr'><strong>provincia</strong></span> <span class='ocrx_word' id='word_1_145' title='bbox 1587 2469 1636 2532; x_wconf 83' lang='grc' dir='ltr'><strong>Β</strong></span> 
     </span>
    </p>
   </div>
   <div class='ocr_carea' id='block_1_27' title="bbox 51 2549 1558 2633">
    <p class='ocr_par' dir='ltr' id='par_1_27' title="bbox 51 2549 1558 2633">
     <span class='ocr_line' id='line_1_27' title="bbox 51 2549 1558 2633; baseline 0.011 -30"><span class='ocrx_word' id='word_1_146' title='bbox 51 2549 316 2610; x_wconf 83' lang='lat' dir='ltr'><strong>Narbonensi</strong></span> <span class='ocrx_word' id='word_1_147' title='bbox 363 2560 554 2627; x_wconf 77' lang='lat' dir='ltr'><strong>positze</strong></span> <span class='ocrx_word' id='word_1_148' title='bbox 595 2560 914 2615; x_wconf 88' lang='lat' dir='ltr'><strong>videbantur</strong></span> <span class='ocrx_word' id='word_1_149' title='bbox 955 2561 1160 2616; x_wconf 87' lang='lat' dir='ltr'><strong>diceret</strong></span> <span class='ocrx_word' id='word_1_150' title='bbox 1191 2577 1424 2633; x_wconf 84' lang='lat' dir='ltr'><strong>praeesse</strong></span> <span class='ocrx_word' id='word_1_151' title='bbox 1469 2564 1558 2618; x_wconf 86' lang='lat' dir='ltr'><strong>de-</strong></span> 
     </span>
    </p>
   </div>
   <div class='ocr_carea' id='block_1_28' title="bbox 46 2640 1559 2721">
    <p class='ocr_par' dir='ltr' id='par_1_28' title="bbox 46 2640 1559 2721">
     <span class='ocr_line' id='line_1_28' title="bbox 46 2640 1559 2721; baseline 0.009 -27"><span class='ocrx_word' id='word_1_152' title='bbox 46 2640 156 2708; x_wconf 88' lang='lat' dir='ltr'><strong>bere,</strong></span> <span class='ocrx_word' id='word_1_153' title='bbox 179 2654 314 2716; x_wconf 87' lang='lat' dir='ltr'><strong>atque</strong></span> <span class='ocrx_word' id='word_1_154' title='bbox 337 2663 432 2718; x_wconf 89' lang='lat' dir='ltr'><strong>per</strong></span> <span class='ocrx_word' id='word_1_155' title='bbox 453 2665 518 2704; x_wconf 87' lang='lat' dir='ltr'><strong>se</strong></span> <span class='ocrx_word' id='word_1_156' title='bbox 542 2650 908 2706; x_wconf 88' lang='lat' dir='ltr'><strong>ordinationes</strong></span> <span class='ocrx_word' id='word_1_157' title='bbox 934 2650 988 2705; x_wconf 91' lang='lat' dir='ltr'><strong>in</strong></span> <span class='ocrx_word' id='word_1_158' title='bbox 1019 2661 1313 2706; x_wconf 91' lang='lat' dir='ltr'><strong>memorata</strong></span> <span class='ocrx_word' id='word_1_159' title='bbox 1346 2653 1559 2721; x_wconf 80' lang='lat' dir='ltr'><strong>provin-</strong></span> 
     </span>
    </p>
   </div>
   <div class='ocr_carea' id='block_1_29' title="bbox 47 2730 1562 2808">
    <p class='ocr_par' dir='ltr' id='par_1_29' title="bbox 47 2730 1562 2808">
     <span class='ocr_line' id='line_1_29' title="bbox 47 2730 1562 2808; baseline 0.011 -28"><span class='ocrx_word' id='word_1_160' title='bbox 47 2730 104 2781; x_wconf 76' lang='lat' dir='ltr'><strong>ria</strong></span> <span class='ocrx_word' id='word_1_161' title='bbox 126 2745 411 2790; x_wconf 87' lang='lat' dir='ltr'><strong>summorum</strong></span> <span class='ocrx_word' id='word_1_162' title='bbox 439 2737 564 2792; x_wconf 84' lang='lat' dir='ltr'><strong>fieri</strong></span> <span class='ocrx_word' id='word_1_163' title='bbox 595 2739 962 2806; x_wconf 87' lang='lat' dir='ltr'><strong>sacerdotum,</strong></span> <span class='ocrx_word' id='word_1_164' title='bbox 992 2739 1256 2808; x_wconf 87' lang='lat' dir='ltr'><strong>siquidem</strong></span> <span class='ocrx_word' id='word_1_165' title='bbox 1290 2752 1562 2798; x_wconf 86' lang='lat' dir='ltr'><strong>assereret</strong></span> 
     </span>
    </p>
   </div>
   <div class='ocr_carea' id='block_1_30' title="bbox 47 2821 1561 2902">
    <p class='ocr_par' dir='ltr' id='par_1_30' title="bbox 47 2821 1561 2902">
     <span class='ocr_line' id='line_1_30' title="bbox 47 2821 1561 2902; baseline 0.013 -31"><span class='ocrx_word' id='word_1_166' title='bbox 47 2821 206 2876; x_wconf 82' lang='lat' dir='ltr'><strong>easdem</strong></span> <span class='ocrx_word' id='word_1_167' title='bbox 230 2825 466 2883; x_wconf 89' lang='lat' dir='ltr'><strong>ecclesias</strong></span> <span class='ocrx_word' id='word_1_168' title='bbox 496 2828 589 2884; x_wconf 81' lang='lat' dir='ltr'><strong>vel</strong></span> <span class='ocrx_word' id='word_1_169' title='bbox 631 2844 755 2884; x_wconf 88' lang='lat' dir='ltr'><strong>suas</strong></span> <span class='ocrx_word' id='word_1_170' title='bbox 781 2828 966 2896; x_wconf 89' lang='lat' dir='ltr'><strong>fuisse,</strong></span> <span class='ocrx_word' id='word_1_171' title='bbox 1010 2829 1090 2885; x_wconf 90' lang='lat' dir='ltr'><strong>vel</strong></span> <span class='ocrx_word' id='word_1_172' title='bbox 1121 2831 1401 2902; x_wconf 88' lang='lat' dir='ltr'><strong>episcopos</strong></span> <span class='ocrx_word' id='word_1_173' title='bbox 1438 2849 1470 2888; x_wconf 92' lang='lat' dir='ltr'><strong>a</strong></span> <span class='ocrx_word' id='word_1_174' title='bbox 1503 2849 1561 2890; x_wconf 92' lang='lat' dir='ltr'><strong>se</strong></span> 
     </span>
    </p>
   </div>
   <div class='ocr_carea' id='block_1_31' title="bbox 54 2908 1560 2991">
    <p class='ocr_par' dir='ltr' id='par_1_31' title="bbox 54 2908 1560 2991">
     <span class='ocr_line' id='line_1_31' title="bbox 54 2908 1560 2991; baseline 0.013 -33"><span class='ocrx_word' id='word_1_175' title='bbox 54 2908 90 2959; x_wconf 89' lang='lat' dir='ltr'><strong>in</strong></span> <span class='ocrx_word' id='word_1_176' title='bbox 112 2910 276 2968; x_wconf 88' lang='lat' dir='ltr'><strong>eisdem</strong></span> <span class='ocrx_word' id='word_1_177' title='bbox 303 2916 546 2972; x_wconf 86' lang='lat' dir='ltr'><strong>ecclesiis</strong></span> <span class='ocrx_word' id='word_1_178' title='bbox 570 2917 869 2978; x_wconf 73' lang='lat' dir='ltr'><strong>Iordinatos</strong></span> <span class='ocrx_word' id='word_1_179' title='bbox 894 2958 910 2985; x_wconf 88' lang='lat'><strong>,</strong></span> <span class='ocrx_word' id='word_1_180' title='bbox 947 2925 1001 2973; x_wconf 90' lang='lat' dir='ltr'><strong>et</strong></span> <span class='ocrx_word' id='word_1_181' title='bbox 1027 2931 1058 2974; x_wconf 89' lang='lat' dir='ltr'><strong>e</strong></span> <span class='ocrx_word' id='word_1_182' title='bbox 1085 2918 1295 2976; x_wconf 91' lang='lat' dir='ltr'><strong>diverso</strong></span> <span class='ocrx_word' id='word_1_183' title='bbox 1321 2921 1560 2991; x_wconf 88' lang='lat' dir='ltr'><strong>ejusdem</strong></span> 
     </span>
    </p>
   </div>
   <div class='ocr_carea' id='block_1_32' title="bbox 50 3001 1563 3079">
    <p class='ocr_par' dir='ltr' id='par_1_32' title="bbox 50 3001 1563 3079">
     <span class='ocr_line' id='line_1_32' title="bbox 50 3001 1563 3079; baseline 0.011 -26"><span class='ocrx_word' id='word_1_184' title='bbox 50 3001 224 3070; x_wconf 79' lang='lat' dir='ltr'><strong>regionis</strong></span> <span class='ocrx_word' id='word_1_185' title='bbox 258 3008 480 3079; x_wconf 89' lang='lat' dir='ltr'><strong>episcopi</strong></span> <span class='ocrx_word' id='word_1_186' title='bbox 532 3009 674 3065; x_wconf 90' lang='lat' dir='ltr'><strong>aliud</strong></span> <span class='ocrx_word' id='word_1_187' title='bbox 710 3008 1074 3076; x_wconf 88' lang='lat' dir='ltr'><strong>defensarent,</strong></span> <span class='ocrx_word' id='word_1_188' title='bbox 1123 3026 1188 3067; x_wconf 86' lang='lat' dir='ltr'><strong>ac</strong></span> <span class='ocrx_word' id='word_1_189' title='bbox 1214 3011 1317 3068; x_wconf 91' lang='lat' dir='ltr'><strong>sibi</strong></span> <span class='ocrx_word' id='word_1_190' title='bbox 1343 3013 1563 3070; x_wconf 87' lang='lat' dir='ltr'><strong>alterius</strong></span> 
     </span>
    </p>
   </div>
   <div class='ocr_carea' id='block_1_33' title="bbox 50 3092 1564 3172">
    <p class='ocr_par' dir='ltr' id='par_1_33' title="bbox 50 3092 1564 3172">
     <span class='ocr_line' id='line_1_33' title="bbox 50 3092 1564 3172; baseline 0.013 -30"><span class='ocrx_word' id='word_1_191' title='bbox 50 3092 272 3155; x_wconf 74' lang='lat' dir='ltr'><strong>provincia:</strong></span> <span class='ocrx_word' id='word_1_192' title='bbox 298 3102 633 3156; x_wconf 81' lang='lat' dir='ltr'><strong>sacerdotem</strong></span> <span class='ocrx_word' id='word_1_193' title='bbox 662 3113 896 3172; x_wconf 74' lang='lat' dir='ltr'><strong>prmesse</strong></span> <span class='ocrx_word' id='word_1_194' title='bbox 921 3114 1026 3156; x_wconf 91' lang='lat' dir='ltr'><strong>non</strong></span> <span class='ocrx_word' id='word_1_195' title='bbox 1053 3101 1250 3159; x_wconf 85' lang='lat' dir='ltr'><strong>debere</strong></span> <span class='ocrx_word' id='word_1_196' title='bbox 1274 3106 1564 3161; x_wconf 84' lang='lat' dir='ltr'><strong>contende-</strong></span> 
     </span>
    </p>
   </div>
   <div class='ocr_carea' id='block_1_34' title="bbox 51 3183 1564 3264">
    <p class='ocr_par' dir='ltr' id='par_1_34' title="bbox 51 3183 1564 3264">
     <span class='ocr_line' id='line_1_34' title="bbox 51 3183 1564 3264; baseline 0.013 -33"><span class='ocrx_word' id='word_1_197' title='bbox 51 3188 161 3246; x_wconf 84' lang='lat' dir='ltr'><strong>rent,</strong></span> <span class='ocrx_word' id='word_1_198' title='bbox 188 3183 230 3239; x_wconf 92' lang='lat' dir='ltr'><strong>id</strong></span> <span class='ocrx_word' id='word_1_199' title='bbox 265 3187 557 3258; x_wconf 89' lang='lat' dir='ltr'><strong>judicatum</strong></span> <span class='ocrx_word' id='word_1_200' title='bbox 591 3205 622 3245; x_wconf 89' lang='lat' dir='ltr'><strong>a</strong></span> <span class='ocrx_word' id='word_1_201' title='bbox 651 3199 840 3246; x_wconf 85' lang='lat' dir='ltr'><strong>saneta</strong></span> <span class='ocrx_word' id='word_1_202' title='bbox 879 3191 1086 3262; x_wconf 86' lang='lat' dir='ltr'><strong>synodo</strong></span> <span class='ocrx_word' id='word_1_203' title='bbox 1112 3195 1564 3264; x_wconf 81' lang='lat' dir='ltr'><strong>contemplatione</strong></span> 
     </span>
    </p>
   </div>
   <div class='ocr_carea' id='block_1_35' title="bbox 51 3273 1563 3356">
    <p class='ocr_par' dir='ltr' id='par_1_35' title="bbox 51 3273 1563 3356">
     <span class='ocr_line' id='line_1_35' title="bbox 51 3273 1563 3356; baseline 0.011 -32"><span class='ocrx_word' id='word_1_204' title='bbox 51 3273 157 3338; x_wconf 83' lang='lat' dir='ltr'><strong>pacis</strong></span> <span class='ocrx_word' id='word_1_205' title='bbox 177 3283 316 3347; x_wconf 88' lang='lat' dir='ltr'><strong>atque</strong></span> <span class='ocrx_word' id='word_1_206' title='bbox 348 3280 670 3346; x_wconf 72' lang='lat' dir='ltr'><strong>concordiae,</strong></span> <span class='ocrx_word' id='word_1_207' title='bbox 703 3289 764 3336; x_wconf 92' lang='lat' dir='ltr'><strong>ut</strong></span> <span class='ocrx_word' id='word_1_208' title='bbox 783 3296 890 3336; x_wconf 91' lang='lat' dir='ltr'><strong>non</strong></span> <span class='ocrx_word' id='word_1_209' title='bbox 921 3289 1025 3336; x_wconf 90' lang='lat' dir='ltr'><strong>tam</strong></span> <span class='ocrx_word' id='word_1_210' title='bbox 1054 3282 1260 3338; x_wconf 89' lang='lat' dir='ltr'><strong>civitati</strong></span> <span class='ocrx_word' id='word_1_211' title='bbox 1291 3285 1407 3355; x_wconf 91' lang='lat' dir='ltr'><strong>ejus</strong></span> <span class='ocrx_word' id='word_1_212' title='bbox 1445 3302 1563 3356; x_wconf 75' lang='lat' dir='ltr'><strong>quze</strong></span> 
     </span>
    </p>
   </div>
   <div class='ocr_carea' id='block_1_36' title="bbox 51 3361 1561 3446">
    <p class='ocr_par' dir='ltr' id='par_1_36' title="bbox 51 3361 1561 3446">
     <span class='ocr_line' id='line_1_36' title="bbox 51 3361 1561 3446; baseline 0.013 -33"><span class='ocrx_word' id='word_1_213' title='bbox 51 3361 86 3415; x_wconf 91' lang='lat' dir='ltr'><strong>in</strong></span> <span class='ocrx_word' id='word_1_214' title='bbox 122 3365 257 3422; x_wconf 87' lang='lat' dir='ltr'><strong>altera</strong></span> <span class='ocrx_word' id='word_1_215' title='bbox 292 3373 565 3440; x_wconf 86' lang='lat' dir='ltr'><strong>provincia</strong></span> <span class='ocrx_word' id='word_1_216' title='bbox 616 3373 716 3427; x_wconf 90' lang='lat' dir='ltr'><strong>sila</strong></span> <span class='ocrx_word' id='word_1_217' title='bbox 763 3382 869 3438; x_wconf 89' lang='lat' dir='ltr'><strong>est,</strong></span> <span class='ocrx_word' id='word_1_218' title='bbox 937 3372 1090 3442; x_wconf 87' lang='lat' dir='ltr'><strong>cujus</strong></span> <span class='ocrx_word' id='word_1_219' title='bbox 1143 3377 1561 3446; x_wconf 88' lang='lat' dir='ltr'><strong>magnitudinem</strong></span> 
     </span>
    </p>
   </div>
   <div class='ocr_carea' id='block_1_37' title="bbox 51 3453 1566 3535">
    <p class='ocr_par' dir='ltr' id='par_1_37' title="bbox 51 3453 1566 3535">
     <span class='ocr_line' id='line_1_37' title="bbox 51 3453 1566 3535; baseline 0.015 -32"><span class='ocrx_word' id='word_1_220' title='bbox 51 3453 207 3516; x_wconf 84' lang='lat' dir='ltr'><strong>penitus</strong></span> <span class='ocrx_word' id='word_1_221' title='bbox 231 3461 575 3527; x_wconf 88' lang='lat' dir='ltr'><strong>nesciremus,</strong></span> <span class='ocrx_word' id='word_1_222' title='bbox 620 3477 806 3532; x_wconf 90' lang='lat' dir='ltr'><strong>quam,</strong></span> <span class='ocrx_word' id='word_1_223' title='bbox 837 3463 940 3518; x_wconf 91' lang='lat' dir='ltr'><strong>nisi</strong></span> <span class='ocrx_word' id='word_1_224' title='bbox 963 3465 1304 3535; x_wconf 89' lang='lat' dir='ltr'><strong>potissimum</strong></span> <span class='ocrx_word' id='word_1_225' title='bbox 1331 3467 1566 3524; x_wconf 89' lang='lat' dir='ltr'><strong>deferre-</strong></span> 
     </span>
    </p>
   </div>
   <div class='ocr_carea' id='block_1_38' title="bbox 50 3547 1560 3628">
    <p class='ocr_par' dir='ltr' id='par_1_38' title="bbox 50 3547 1560 3628">
     <span class='ocr_line' id='line_1_38' title="bbox 50 3547 1560 3628; baseline 0.015 -39"><span class='ocrx_word' id='word_1_226' title='bbox 50 3547 140 3605; x_wconf 86' lang='lat' dir='ltr'><strong>tur,</strong></span> <span class='ocrx_word' id='word_1_227' title='bbox 183 3554 232 3599; x_wconf 96' lang='lat' dir='ltr'><strong>ut</strong></span> <span class='ocrx_word' id='word_1_228' title='bbox 277 3548 391 3604; x_wconf 82' lang='lat' dir='ltr'><strong>filiis</strong></span> <span class='ocrx_word' id='word_1_229' title='bbox 436 3551 646 3606; x_wconf 87' lang='lat' dir='ltr'><strong>honore</strong></span> <span class='ocrx_word' id='word_1_230' title='bbox 695 3551 958 3622; x_wconf 89' lang='lat' dir='ltr'><strong>primatus</strong></span> <span class='ocrx_word' id='word_1_231' title='bbox 998 3553 1273 3610; x_wconf 73' lang='lat' dir='ltr'><strong>existeret.</strong></span> <span class='ocrx_word' id='word_1_232' title='bbox 1335 3555 1560 3628; x_wconf 86' lang='lat' dir='ltr'><strong>Dignum</strong></span> 
     </span>
    </p>
   </div>
   <div class='ocr_carea' id='block_1_39' title="bbox 51 3632 1566 3718">
    <p class='ocr_par' dir='ltr' id='par_1_39' title="bbox 51 3632 1566 3718">
     <span class='ocr_line' id='line_1_39' title="bbox 51 3632 1566 3718; baseline 0.017 -36"><span class='ocrx_word' id='word_1_233' title='bbox 51 3632 152 3686; x_wconf 87' lang='lat' dir='ltr'><strong>enim</strong></span> <span class='ocrx_word' id='word_1_234' title='bbox 195 3639 348 3694; x_wconf 91' lang='lat' dir='ltr'><strong>visum</strong></span> <span class='ocrx_word' id='word_1_235' title='bbox 404 3650 540 3708; x_wconf 89' lang='lat' dir='ltr'><strong>est,</strong></span> <span class='ocrx_word' id='word_1_236' title='bbox 590 3651 650 3696; x_wconf 90' lang='lat' dir='ltr'><strong>ut</strong></span> <span class='ocrx_word' id='word_1_237' title='bbox 709 3646 954 3713; x_wconf 86' lang='lat' dir='ltr'><strong>quamvis</strong></span> <span class='ocrx_word' id='word_1_238' title='bbox 1004 3646 1210 3703; x_wconf 90' lang='lat' dir='ltr'><strong>unitate</strong></span> <span class='ocrx_word' id='word_1_239' title='bbox 1274 3650 1566 3718; x_wconf 74' lang='lat' dir='ltr'><strong>provinciae</strong></span> 
     </span>
    </p>
   </div>
   <div class='ocr_carea' id='block_1_40' title="bbox 50 3721 1566 3809">
    <p class='ocr_par' dir='ltr' id='par_1_40' title="bbox 50 3721 1566 3809">
     <span class='ocr_line' id='line_1_40' title="bbox 50 3721 1566 3809; baseline 0.015 -37"><span class='ocrx_word' id='word_1_240' title='bbox 50 3721 217 3781; x_wconf 88' lang='lat' dir='ltr'><strong>minime</strong></span> <span class='ocrx_word' id='word_1_241' title='bbox 263 3736 532 3787; x_wconf 89' lang='lat' dir='ltr'><strong>teneretur</strong></span> <span class='ocrx_word' id='word_1_242' title='bbox 561 3772 577 3799; x_wconf 95' lang='lat'><strong>,</strong></span> <span class='ocrx_word' id='word_1_243' title='bbox 609 3735 1108 3806; x_wconf 80' lang='lat' dir='ltr'><strong>constringerentur</strong></span> <span class='ocrx_word' id='word_1_244' title='bbox 1137 3746 1315 3792; x_wconf 89' lang='lat' dir='ltr'><strong>tamen</strong></span> <span class='ocrx_word' id='word_1_245' title='bbox 1352 3741 1566 3809; x_wconf 89' lang='lat' dir='ltr'><strong>pietatis</strong></span> 
     </span>
    </p>
   </div>
   <div class='ocr_carea' id='block_1_41' title="bbox 51 3809 1638 3898">
    <p class='ocr_par' dir='ltr' id='par_1_41' title="bbox 51 3809 1638 3898">
     <span class='ocr_line' id='line_1_41' title="bbox 51 3809 1638 3898; baseline 0.016 -38"><span class='ocrx_word' id='word_1_246' title='bbox 51 3809 212 3870; x_wconf 74' lang='lat' dir='ltr'><strong>affectu.</strong></span> <span class='ocrx_word' id='word_1_247' title='bbox 237 3817 352 3876; x_wconf 66' lang='lat' dir='ltr'><strong>llaec</strong></span> <span class='ocrx_word' id='word_1_248' title='bbox 376 3823 474 3893; x_wconf 91' lang='lat' dir='ltr'><strong>ipsi</strong></span> <span class='ocrx_word' id='word_1_249' title='bbox 509 3831 714 3878; x_wconf 88' lang='lat' dir='ltr'><strong>tantum</strong></span> <span class='ocrx_word' id='word_1_250' title='bbox 743 3824 797 3878; x_wconf 91' lang='lat' dir='ltr'><strong>in</strong></span> <span class='ocrx_word' id='word_1_251' title='bbox 825 3826 912 3880; x_wconf 91' lang='lat' dir='ltr'><strong>die</strong></span> <span class='ocrx_word' id='word_1_252' title='bbox 939 3826 1064 3882; x_wconf 68' lang='lat' dir='ltr'><strong>vitae</strong></span> <span class='ocrx_word' id='word_1_253' title='bbox 1091 3827 1206 3898; x_wconf 86' lang='lat' dir='ltr'><strong>ejus</strong></span> <span class='ocrx_word' id='word_1_254' title='bbox 1241 3827 1416 3884; x_wconf 90' lang='lat' dir='ltr'><strong>forma</strong></span> <span class='ocrx_word' id='word_1_255' title='bbox 1447 3844 1563 3887; x_wconf 87' lang='lat' dir='ltr'><strong>ser-</strong></span> <span class='ocrx_word' id='word_1_256' title='bbox 1593 3825 1638 3885; x_wconf 92' lang='lat' dir='ltr'>C</span> 
     </span>
    </p>
   </div>
   <div class='ocr_carea' id='block_1_42' title="bbox 51 3899 1566 3982">
    <p class='ocr_par' dir='ltr' id='par_1_42' title="bbox 51 3899 1566 3982">
     <span class='ocr_line' id='line_1_42' title="bbox 51 3899 1566 3982; baseline 0.017 -34"><span class='ocrx_word' id='word_1_257' title='bbox 51 3899 230 3972; x_wconf 74' lang='lat' dir='ltr'><strong>rabitur,</strong></span> <span class='ocrx_word' id='word_1_258' title='bbox 252 3918 308 3962; x_wconf 92' lang='lat' dir='ltr'><strong>ut</strong></span> <span class='ocrx_word' id='word_1_259' title='bbox 341 3914 392 3965; x_wconf 87' lang='lat' dir='ltr'><strong>in</strong></span> <span class='ocrx_word' id='word_1_260' title='bbox 421 3911 668 3967; x_wconf 88' lang='lat' dir='ltr'><strong>ecclesiis</strong></span> <span class='ocrx_word' id='word_1_261' title='bbox 688 3914 978 3982; x_wconf 60' lang='lat' dir='ltr'><strong>provincias</strong></span> <span class='ocrx_word' id='word_1_262' title='bbox 1023 3917 1272 3972; x_wconf 72' lang='lat' dir='ltr'><strong>secundae</strong></span> <span class='ocrx_word' id='word_1_263' title='bbox 1302 3917 1566 3975; x_wconf 74' lang='lat' dir='ltr'><strong>Narbonte</strong></span> 
     </span>
    </p>
   </div>
   <div class='ocr_carea' id='block_1_43' title="bbox 51 3989 1567 4076">
    <p class='ocr_par' dir='ltr' id='par_1_43' title="bbox 51 3989 1567 4076">
     <span class='ocr_line' id='line_1_43' title="bbox 51 3989 1567 4076; baseline 0.015 -34"><span class='ocrx_word' id='word_1_264' title='bbox 51 3989 139 4054; x_wconf 89' lang='lat' dir='ltr'><strong>quis</strong></span> <span class='ocrx_word' id='word_1_265' title='bbox 173 4007 280 4051; x_wconf 89' lang='lat' dir='ltr'><strong>suas</strong></span> <span class='ocrx_word' id='word_1_266' title='bbox 323 4002 606 4070; x_wconf 84' lang='lat' dir='ltr'><strong>parochias</strong></span> <span class='ocrx_word' id='word_1_267' title='bbox 635 4002 719 4059; x_wconf 92' lang='lat' dir='ltr'><strong>vel</strong></span> <span class='ocrx_word' id='word_1_268' title='bbox 766 4019 892 4060; x_wconf 92' lang='lat' dir='ltr'><strong>suos</strong></span> <span class='ocrx_word' id='word_1_269' title='bbox 919 4005 1213 4076; x_wconf 88' lang='lat' dir='ltr'><strong>discipulos</strong></span> <span class='ocrx_word' id='word_1_270' title='bbox 1242 4007 1406 4064; x_wconf 92' lang='lat' dir='ltr'><strong>fuisse</strong></span> <span class='ocrx_word' id='word_1_271' title='bbox 1433 4024 1567 4065; x_wconf 87' lang='lat' dir='ltr'><strong>con-</strong></span> 
     </span>
    </p>
   </div>
   <div class='ocr_carea' id='block_1_44' title="bbox 51 4078 1567 4168">
    <p class='ocr_par' dir='ltr' id='par_1_44' title="bbox 51 4078 1567 4168">
     <span class='ocr_line' id='line_1_44' title="bbox 51 4078 1567 4168; baseline 0.018 -40"><span class='ocrx_word' id='word_1_272' title='bbox 51 4078 203 4138; x_wconf 72' lang='lat' dir='ltr'><strong>stiterit</strong></span> <span class='ocrx_word' id='word_1_273' title='bbox 219 4090 482 4148; x_wconf 90' lang='lat' dir='ltr'><strong>ordinatos</strong></span> <span class='ocrx_word' id='word_1_274' title='bbox 515 4093 776 4163; x_wconf 88' lang='lat' dir='ltr'><strong>primatus</strong></span> <span class='ocrx_word' id='word_1_275' title='bbox 795 4095 1341 4168; x_wconf 88' lang='lat' dir='ltr'><strong>habeatdignitatem.</strong></span> <span class='ocrx_word' id='word_1_276' title='bbox 1373 4099 1504 4155; x_wconf 92' lang='lat' dir='ltr'><strong>lllud</strong></span> <span class='ocrx_word' id='word_1_277' title='bbox 1535 4115 1567 4155; x_wconf 89' lang='lat' dir='ltr'><strong>a</strong></span> 
     </span>
    </p>
   </div>
   <div class='ocr_carea' id='block_1_45' title="bbox 50 4173 1570 4259">
    <p class='ocr_par' dir='ltr' id='par_1_45' title="bbox 50 4173 1570 4259">
     <span class='ocr_line' id='line_1_45' title="bbox 50 4173 1570 4259; baseline 0.014 -36"><span class='ocrx_word' id='word_1_278' title='bbox 50 4173 238 4234; x_wconf 84' lang='lat' dir='ltr'><strong>partibus</strong></span> <span class='ocrx_word' id='word_1_279' title='bbox 265 4181 369 4237; x_wconf 85' lang='lat' dir='ltr'><strong>suis</strong></span> <span class='ocrx_word' id='word_1_280' title='bbox 396 4184 793 4239; x_wconf 89' lang='lat' dir='ltr'><strong>observandum</strong></span> <span class='ocrx_word' id='word_1_281' title='bbox 839 4186 981 4255; x_wconf 89' lang='lat' dir='ltr'><strong>quod</strong></span> <span class='ocrx_word' id='word_1_282' title='bbox 1023 4187 1149 4242; x_wconf 91' lang='lat' dir='ltr'><strong>licet</strong></span> <span class='ocrx_word' id='word_1_283' title='bbox 1194 4202 1259 4242; x_wconf 80' lang='lat' dir='ltr'><strong>ex</strong></span> <span class='ocrx_word' id='word_1_284' title='bbox 1302 4187 1570 4259; x_wconf 84' lang='lat' dir='ltr'><strong>superﬂuo</strong></span> 
     </span>
    </p>
   </div>
   <div class='ocr_carea' id='block_1_46' title="bbox 51 4270 1574 4348">
    <p class='ocr_par' dir='ltr' id='par_1_46' title="bbox 51 4270 1574 4348">
     <span class='ocr_line' id='line_1_46' title="bbox 51 4270 1574 4348; baseline 0.016 -38"><span class='ocrx_word' id='word_1_285' title='bbox 51 4271 308 4348; x_wconf 80' lang='lat' dir='ltr'><strong>nontamen</strong></span> <span class='ocrx_word' id='word_1_286' title='bbox 353 4270 621 4328; x_wconf 84' lang='lat' dir='ltr'><strong>inutiliter</strong></span> <span class='ocrx_word' id='word_1_287' title='bbox 648 4285 1048 4343; x_wconf 90' lang='lat' dir='ltr'><strong>commonetur,</strong></span> <span class='ocrx_word' id='word_1_288' title='bbox 1100 4285 1160 4331; x_wconf 93' lang='lat' dir='ltr'><strong>ut</strong></span> <span class='ocrx_word' id='word_1_289' title='bbox 1206 4277 1320 4348; x_wconf 86' lang='lat' dir='ltr'><strong>ipse</strong></span> <span class='ocrx_word' id='word_1_290' title='bbox 1368 4277 1574 4334; x_wconf 76' lang='lat' dir='ltr'><strong>Procu-</strong></span> 
     </span>
    </p>
   </div>
   <div class='ocr_carea' id='block_1_47' title="bbox 52 4342 1573 4431">
    <p class='ocr_par' dir='ltr' id='par_1_47' title="bbox 52 4342 1573 4431">
     <span class='ocr_line' id='line_1_47' title="bbox 52 4342 1573 4431; baseline 0.016 -31"><span class='ocrx_word' id='word_1_291' title='bbox 52 4342 110 4400; x_wconf 88' lang='lat' dir='ltr'><strong>lus</strong></span> <span class='ocrx_word' id='word_1_292' title='bbox 132 4359 348 4426; x_wconf 83' lang='lat' dir='ltr'><strong>tanquam</strong></span> <span class='ocrx_word' id='word_1_293' title='bbox 382 4361 506 4431; x_wconf 91' lang='lat' dir='ltr'><strong>pius</strong></span> <span class='ocrx_word' id='word_1_294' title='bbox 547 4370 706 4431; x_wconf 89' lang='lat' dir='ltr'><strong>pater</strong></span> <span class='ocrx_word' id='word_1_295' title='bbox 750 4342 1160 4422; x_wconf 88' lang='lat' dir='ltr'><strong>consacerdotes</strong></span> <span class='ocrx_word' id='word_1_296' title='bbox 1191 4381 1320 4424; x_wconf 92' lang='lat' dir='ltr'><strong>suos</strong></span> <span class='ocrx_word' id='word_1_297' title='bbox 1344 4369 1573 4425; x_wconf 86' lang='lat' dir='ltr'><strong>honoret</strong></span> 
     </span>
    </p>
   </div>
   <div class='ocr_carea' id='block_1_48' title="bbox 51 4439 1572 4529">
    <p class='ocr_par' dir='ltr' id='par_1_48' title="bbox 51 4439 1572 4529">
     <span class='ocr_line' id='line_1_48' title="bbox 51 4439 1572 4529; baseline 0.015 -38"><span class='ocrx_word' id='word_1_298' title='bbox 51 4444 95 4488; x_wconf 84' lang='lat' dir='ltr'><strong>ut</strong></span> <span class='ocrx_word' id='word_1_299' title='bbox 112 4439 242 4511; x_wconf 80' lang='lat' dir='ltr'><strong>filios,</strong></span> <span class='ocrx_word' id='word_1_300' title='bbox 267 4458 318 4502; x_wconf 90' lang='lat' dir='ltr'><strong>et</strong></span> <span class='ocrx_word' id='word_1_301' title='bbox 337 4460 648 4508; x_wconf 65' lang='lat' dir='ltr'><strong>memoratae</strong></span> <span class='ocrx_word' id='word_1_302' title='bbox 675 4455 965 4523; x_wconf 77' lang='lat' dir='ltr'><strong>provinciae</strong></span> <span class='ocrx_word' id='word_1_303' title='bbox 987 4457 1295 4512; x_wconf 88' lang='lat' dir='ltr'><strong>sacerdotes</strong></span> <span class='ocrx_word' id='word_1_304' title='bbox 1317 4464 1572 4529; x_wconf 81' lang='lat' dir='ltr'><strong>tanquam</strong></span> 
     </span>
    </p>
   </div>
   <div class='ocr_carea' id='block_1_49' title="bbox 52 4529 1573 4618">
    <p class='ocr_par' dir='ltr' id='par_1_49' title="bbox 52 4529 1573 4618">
     <span class='ocr_line' id='line_1_49' title="bbox 52 4529 1573 4618; baseline 0.016 -36"><span class='ocrx_word' id='word_1_305' title='bbox 52 4529 142 4585; x_wconf 84' lang='lat' dir='ltr'><strong>boni</strong></span> <span class='ocrx_word' id='word_1_306' title='bbox 171 4536 250 4593; x_wconf 86' lang='lat' dir='ltr'><strong>ﬁlii</strong></span> <span class='ocrx_word' id='word_1_307' title='bbox 276 4545 514 4600; x_wconf 87' lang='lat' dir='ltr'><strong>eumdem</strong></span> <span class='ocrx_word' id='word_1_308' title='bbox 547 4545 784 4601; x_wconf 86' lang='lat' dir='ltr'><strong>habeant</strong></span> <span class='ocrx_word' id='word_1_309' title='bbox 810 4556 869 4602; x_wconf 90' lang='lat' dir='ltr'><strong>ut</strong></span> <span class='ocrx_word' id='word_1_310' title='bbox 907 4556 1206 4618; x_wconf 87' lang='lat' dir='ltr'><strong>parentem,</strong></span> <span class='ocrx_word' id='word_1_311' title='bbox 1240 4561 1294 4605; x_wconf 93' lang='lat' dir='ltr'><strong>et</strong></span> <span class='ocrx_word' id='word_1_312' title='bbox 1343 4550 1573 4607; x_wconf 84' lang='lat' dir='ltr'><strong>invicem</strong></span> 
     </span>
    </p>
   </div>
   <div class='ocr_carea' id='block_1_50' title="bbox 53 4619 1572 4711">
    <p class='ocr_par' dir='ltr' id='par_1_50' title="bbox 53 4619 1572 4711">
     <span class='ocr_line' id='line_1_50' title="bbox 53 4619 1572 4711; baseline 0.017 -42"><span class='ocrx_word' id='word_1_313' title='bbox 53 4619 126 4711; x_wconf 80' lang='lat' dir='ltr'><strong>sibi</strong></span> <span class='ocrx_word' id='word_1_314' title='bbox 148 4626 408 4688; x_wconf 80' lang='lat' dir='ltr'><strong>exhibeant</strong></span> <span class='ocrx_word' id='word_1_315' title='bbox 429 4634 716 4691; x_wconf 88' lang='lat' dir='ltr'><strong>charitatis</strong></span> <span class='ocrx_word' id='word_1_316' title='bbox 740 4634 1019 4702; x_wconf 72' lang='lat' dir='ltr'><strong>affectum,</strong></span> <span class='ocrx_word' id='word_1_317' title='bbox 1050 4637 1271 4708; x_wconf 88' lang='lat' dir='ltr'><strong>impleto</strong></span> <span class='ocrx_word' id='word_1_318' title='bbox 1295 4639 1399 4694; x_wconf 89' lang='lat' dir='ltr'><strong>hoc</strong></span> <span class='ocrx_word' id='word_1_319' title='bbox 1426 4641 1572 4711; x_wconf 91' lang='lat' dir='ltr'><strong>quod</strong></span> 
     </span>
    </p>
   </div>
   <div class='ocr_carea' id='block_1_51' title="bbox 57 4708 1573 4800">
    <p class='ocr_par' dir='ltr' id='par_1_51' title="bbox 57 4708 1573 4800">
     <span class='ocr_line' id='line_1_51' title="bbox 57 4708 1573 4800; baseline 0.02 -43"><span class='ocrx_word' id='word_1_320' title='bbox 57 4708 112 4761; x_wconf 84' lang='lat' dir='ltr'><strong>ait</strong></span> <span class='ocrx_word' id='word_1_321' title='bbox 150 4714 316 4775; x_wconf 88' lang='lat' dir='ltr'><strong>beatus</strong></span> <span class='ocrx_word' id='word_1_322' title='bbox 341 4723 626 4794; x_wconf 80' lang='lat' dir='ltr'><strong>Apostolus</strong></span> <span class='ocrx_word' id='word_1_323' title='bbox 650 4742 664 4780; x_wconf 87' lang='lat'><strong>:</strong></span> <span class='ocrx_word' id='word_1_324' title='bbox 704 4725 920 4783; x_wconf 84' lang='lat' dir='ltr'><strong>Honore</strong></span> <span class='ocrx_word' id='word_1_325' title='bbox 947 4737 1134 4786; x_wconf 92' lang='lat' dir='ltr'><strong>mutuo</strong></span> <span class='ocrx_word' id='word_1_326' title='bbox 1155 4708 1573 4800; x_wconf 62' lang='lat' dir='ltr'><strong>praevenientes,</strong></span> 
     </span>
    </p>
   </div>
   <div class='ocr_carea' id='block_1_52' title="bbox 55 4807 1570 4884">
    <p class='ocr_par' dir='ltr' id='par_1_52' title="bbox 55 4807 1570 4884">
     <span class='ocr_line' id='line_1_52' title="bbox 55 4807 1570 4884; baseline 0.018 -34"><span class='ocrx_word' id='word_1_327' title='bbox 55 4812 130 4855; x_wconf 86' lang='lat' dir='ltr'><strong>non</strong></span> <span class='ocrx_word' id='word_1_328' title='bbox 175 4807 264 4863; x_wconf 83' lang='lat' dir='ltr'><strong>alta</strong></span> <span class='ocrx_word' id='word_1_329' title='bbox 311 4817 574 4884; x_wconf 86' lang='lat' dir='ltr'><strong>sapientes</strong></span> <span class='ocrx_word' id='word_1_330' title='bbox 608 4858 625 4884; x_wconf 95' lang='lat'><strong>,</strong></span> <span class='ocrx_word' id='word_1_331' title='bbox 679 4818 772 4874; x_wconf 90' lang='lat' dir='ltr'><strong>sed</strong></span> <span class='ocrx_word' id='word_1_332' title='bbox 817 4818 1111 4876; x_wconf 85' lang='lat' dir='ltr'><strong>humilibus</strong></span> <span class='ocrx_word' id='word_1_333' title='bbox 1148 4822 1570 4880; x_wconf 88' lang='lat' dir='ltr'><strong>consentientes.</strong></span> 
     </span>
    </p>
   </div>
   <div class='ocr_carea' id='block_1_53' title="bbox 55 4889 1578 4981">
    <p class='ocr_par' dir='ltr' id='par_1_53' title="bbox 55 4889 1578 4981">
     <span class='ocr_line' id='line_1_53' title="bbox 55 4889 1578 4981; baseline 0.016 -36"><span class='ocrx_word' id='word_1_334' title='bbox 55 4889 151 4981; x_wconf 69' lang='lat' dir='ltr'><strong>illud</strong></span> <span class='ocrx_word' id='word_1_335' title='bbox 175 4899 345 4960; x_wconf 87' lang='lat' dir='ltr'><strong>deinde</strong></span> <span class='ocrx_word' id='word_1_336' title='bbox 387 4907 526 4966; x_wconf 88' lang='lat' dir='ltr'><strong>inter</strong></span> <span class='ocrx_word' id='word_1_337' title='bbox 565 4911 858 4981; x_wconf 83' lang='lat' dir='ltr'><strong>episcopos</strong></span> <span class='ocrx_word' id='word_1_338' title='bbox 885 4910 1099 4968; x_wconf 88' lang='lat' dir='ltr'><strong>urbium</strong></span> <span class='ocrx_word' id='word_1_339' title='bbox 1141 4911 1475 4970; x_wconf 87' lang='lat' dir='ltr'><strong>Arelatensis</strong></span> <span class='ocrx_word' id='word_1_340' title='bbox 1518 4922 1578 4970; x_wconf 88' lang='lat' dir='ltr'><strong>et</strong></span> 
     </span>
    </p>
   </div>
   <div class='ocr_carea' id='block_1_54' title="bbox 60 4977 1580 5072">
    <p class='ocr_par' dir='ltr' id='par_1_54' title="bbox 60 4977 1580 5072">
     <span class='ocr_line' id='line_1_54' title="bbox 60 4977 1580 5072; baseline 0.019 -38"><span class='ocrx_word' id='word_1_341' title='bbox 60 4977 319 5072; x_wconf 55' lang='lat' dir='ltr'><strong>Viennensis</strong></span> <span class='ocrx_word' id='word_1_342' title='bbox 343 4999 428 5066; x_wconf 91' lang='lat' dir='ltr'><strong>qui</strong></span> <span class='ocrx_word' id='word_1_343' title='bbox 472 5001 537 5056; x_wconf 90' lang='lat' dir='ltr'><strong>de</strong></span> <span class='ocrx_word' id='word_1_344' title='bbox 576 4977 844 5071; x_wconf 74' lang='lat' dir='ltr'><strong>primatus</strong></span> <span class='ocrx_word' id='word_1_345' title='bbox 874 5002 1013 5072; x_wconf 90' lang='lat' dir='ltr'><strong>apud</strong></span> <span class='ocrx_word' id='word_1_346' title='bbox 1040 5017 1138 5058; x_wconf 91' lang='lat' dir='ltr'><strong>nos</strong></span> <span class='ocrx_word' id='word_1_347' title='bbox 1174 5003 1382 5061; x_wconf 86' lang='lat' dir='ltr'><strong>honore</strong></span> <span class='ocrx_word' id='word_1_348' title='bbox 1401 5015 1580 5062; x_wconf 88' lang='lat' dir='ltr'><strong>certa-</strong></span> 
     </span>
    </p>
   </div>
   <div class='ocr_carea' id='block_1_55' title="bbox 58 5070 1577 5169">
    <p class='ocr_par' dir='ltr' id='par_1_55' title="bbox 58 5070 1577 5169">
     <span class='ocr_line' id='line_1_55' title="bbox 58 5070 1577 5169; baseline 0.013 -31"><span class='ocrx_word' id='word_1_349' title='bbox 58 5070 153 5130; x_wconf 65' lang='grc' dir='ltr'><strong>ίιλη(</strong></span> <span class='ocrx_word' id='word_1_350' title='bbox 197 5098 222 5135; x_wconf 81' lang='lat' dir='ltr'><strong>a</strong></span> <span class='ocrx_word' id='word_1_351' title='bbox 265 5101 436 5146; x_wconf 89' lang='lat' dir='ltr'><strong>sancta</strong></span> <span class='ocrx_word' id='word_1_352' title='bbox 473 5095 683 5168; x_wconf 86' lang='lat' dir='ltr'><strong>synodo</strong></span> <span class='ocrx_word' id='word_1_353' title='bbox 711 5070 992 5151; x_wconf 82' lang='lat' dir='ltr'><strong>definitum</strong></span> <span class='ocrx_word' id='word_1_354' title='bbox 1025 5106 1130 5164; x_wconf 89' lang='lat' dir='ltr'><strong>est,</strong></span> <span class='ocrx_word' id='word_1_355' title='bbox 1169 5101 1339 5169; x_wconf 90' lang='lat' dir='ltr'><strong>utqui</strong></span> <span class='ocrx_word' id='word_1_356' title='bbox 1384 5116 1449 5158; x_wconf 83' lang='lat' dir='ltr'><strong>ex</strong></span> <span class='ocrx_word' id='word_1_357' title='bbox 1490 5103 1577 5157; x_wconf 88' lang='lat' dir='ltr'><strong>eis</strong></span> 
     </span>
    </p>
   </div>
   <div class='ocr_carea' id='block_1_56' title="bbox 1671 1199 3238 1280">
    <p class='ocr_par' dir='ltr' id='par_1_56' title="bbox 1671 1199 3238 1280">
     <span class='ocr_line' id='line_1_56' title="bbox 1671 1199 3238 1280; baseline 0.008 -27"><span class='ocrx_word' id='word_1_358' title='bbox 1671 1199 1855 1255; x_wconf 88' lang='lat' dir='ltr'><strong>visitet</strong></span> <span class='ocrx_word' id='word_1_359' title='bbox 1877 1216 2019 1271; x_wconf 86' lang='lat' dir='ltr'><strong>quas</strong></span> <span class='ocrx_word' id='word_1_360' title='bbox 2049 1202 2260 1273; x_wconf 90' lang='lat' dir='ltr'><strong>oppidis</strong></span> <span class='ocrx_word' id='word_1_361' title='bbox 2289 1204 2402 1260; x_wconf 90' lang='lat' dir='ltr'><strong>suis</strong></span> <span class='ocrx_word' id='word_1_362' title='bbox 2431 1206 2695 1261; x_wconf 81' lang='lat' dir='ltr'><strong>maximas</strong></span> <span class='ocrx_word' id='word_1_363' title='bbox 2737 1209 2905 1280; x_wconf 91' lang='lat' dir='ltr'><strong>magis</strong></span> <span class='ocrx_word' id='word_1_364' title='bbox 2951 1225 3069 1265; x_wconf 88' lang='lat' dir='ltr'><strong>esse</strong></span> <span class='ocrx_word' id='word_1_365' title='bbox 3106 1225 3238 1266; x_wconf 87' lang='lat' dir='ltr'><strong>con-</strong></span> 
     </span>
    </p>
   </div>
   <div class='ocr_carea' id='block_1_57' title="bbox 1667 1290 3271 1368">
    <p class='ocr_par' dir='ltr' id='par_1_57' title="bbox 1667 1290 3271 1368">
     <span class='ocr_line' id='line_1_57' title="bbox 1667 1290 3271 1368; baseline 0.007 -24"><span class='ocrx_word' id='word_1_366' title='bbox 1667 1290 1844 1355; x_wconf 87' lang='lat' dir='ltr'><strong>sterit,</strong></span> <span class='ocrx_word' id='word_1_367' title='bbox 1874 1291 1948 1345; x_wconf 89' lang='lat' dir='ltr'><strong>ita</strong></span> <span class='ocrx_word' id='word_1_368' title='bbox 1975 1300 2031 1346; x_wconf 93' lang='lat' dir='ltr'><strong>ut</strong></span> <span class='ocrx_word' id='word_1_369' title='bbox 2055 1307 2321 1349; x_wconf 85' lang='lat' dir='ltr'><strong>memores</strong></span> <span class='ocrx_word' id='word_1_370' title='bbox 2355 1295 2727 1352; x_wconf 90' lang='lat' dir='ltr'><strong>unanimitatis</strong></span> <span class='ocrx_word' id='word_1_371' title='bbox 2754 1305 2915 1368; x_wconf 90' lang='lat' dir='ltr'><strong>atque</strong></span> <span class='ocrx_word' id='word_1_372' title='bbox 2942 1301 3271 1356; x_wconf 66' lang='lat' dir='ltr'><strong>concordiae-</strong></span> 
     </span>
    </p>
   </div>
   <div class='ocr_carea' id='block_1_58' title="bbox 1668 1383 3239 1460">
    <p class='ocr_par' dir='ltr' id='par_1_58' title="bbox 1668 1383 3239 1460">
     <span class='ocr_line' id='line_1_58' title="bbox 1668 1383 3239 1460; baseline 0.004 -22"><span class='ocrx_word' id='word_1_373' title='bbox 1668 1398 1772 1439; x_wconf 91' lang='lat' dir='ltr'><strong>non</strong></span> <span class='ocrx_word' id='word_1_374' title='bbox 1817 1383 2045 1440; x_wconf 89' lang='lat' dir='ltr'><strong>alterum</strong></span> <span class='ocrx_word' id='word_1_375' title='bbox 2099 1385 2198 1440; x_wconf 86' lang='lat' dir='ltr'><strong>sibi</strong></span> <span class='ocrx_word' id='word_1_376' title='bbox 2246 1385 2454 1457; x_wconf 87' lang='lat' dir='ltr'><strong>longius</strong></span> <span class='ocrx_word' id='word_1_377' title='bbox 2495 1390 2799 1458; x_wconf 88' lang='lat' dir='ltr'><strong>usurpando</strong></span> <span class='ocrx_word' id='word_1_378' title='bbox 2840 1389 2982 1460; x_wconf 91' lang='lat' dir='ltr'><strong>quod</strong></span> <span class='ocrx_word' id='word_1_379' title='bbox 3026 1401 3109 1446; x_wconf 89' lang='lat' dir='ltr'><strong>est</strong></span> <span class='ocrx_word' id='word_1_380' title='bbox 3151 1392 3239 1446; x_wconf 88' lang='lat' dir='ltr'><strong>alii</strong></span> 
     </span>
    </p>
   </div>
   <div class='ocr_carea' id='block_1_59' title="bbox 1667 1475 2203 1546">
    <p class='ocr_par' dir='ltr' id='par_1_59' title="bbox 1667 1475 2203 1546">
     <span class='ocr_line' id='line_1_59' title="bbox 1667 1475 2203 1546; baseline 0.002 -18"><span class='ocrx_word' id='word_1_381' title='bbox 1667 1475 1887 1544; x_wconf 89' lang='lat' dir='ltr'><strong>propius</strong></span> <span class='ocrx_word' id='word_1_382' title='bbox 1922 1475 2203 1546; x_wconf 91' lang='lat' dir='ltr'><strong>inquietet.</strong></span> 
     </span>
    </p>
   </div>
   <div class='ocr_carea' id='block_1_60' title="bbox 1736 1583 3241 1663">
    <p class='ocr_par' dir='ltr' id='par_1_60' title="bbox 1736 1583 3241 1663">
     <span class='ocr_line' id='line_1_60' title="bbox 1736 1583 3241 1663; baseline 0.009 -26"><span class='ocrx_word' id='word_1_383' title='bbox 1736 1583 1798 1638; x_wconf 93' lang='lat' dir='ltr'><strong>ll.</strong></span> <span class='ocrx_word' id='word_1_384' title='bbox 1841 1584 2044 1640; x_wconf 87' lang='lat' dir='ltr'><strong>Placuit</strong></span> <span class='ocrx_word' id='word_1_385' title='bbox 2073 1587 2254 1657; x_wconf 90' lang='lat' dir='ltr'><strong>itaque</strong></span> <span class='ocrx_word' id='word_1_386' title='bbox 2297 1591 2502 1659; x_wconf 86' lang='lat' dir='ltr'><strong>perpeti</strong></span> <span class='ocrx_word' id='word_1_387' title='bbox 2546 1591 2881 1662; x_wconf 88' lang='lat' dir='ltr'><strong>disciplinam</strong></span> <span class='ocrx_word' id='word_1_388' title='bbox 2910 1609 3072 1663; x_wconf 91' lang='lat' dir='ltr'><strong>quam</strong></span> <span class='ocrx_word' id='word_1_389' title='bbox 3097 1596 3241 1650; x_wconf 90' lang='lat' dir='ltr'><strong>circa</strong></span> 
     </span>
    </p>
   </div>
   <div class='ocr_carea' id='block_1_61' title="bbox 1666 1671 3244 1755">
    <p class='ocr_par' dir='ltr' id='par_1_61' title="bbox 1666 1671 3244 1755">
     <span class='ocr_line' id='line_1_61' title="bbox 1666 1671 3244 1755; baseline 0.007 -25"><span class='ocrx_word' id='word_1_390' title='bbox 1666 1671 1949 1742; x_wconf 87' lang='lat' dir='ltr'><strong>Octavum,</strong></span> <span class='ocrx_word' id='word_1_391' title='bbox 1979 1675 2282 1744; x_wconf 90' lang='lat' dir='ltr'><strong>Ursionem,</strong></span> <span class='ocrx_word' id='word_1_392' title='bbox 2313 1678 2610 1752; x_wconf 77' lang='lat' dir='ltr'><strong>Remigium</strong></span> <span class='ocrx_word' id='word_1_393' title='bbox 2637 1691 2689 1736; x_wconf 94' lang='lat' dir='ltr'><strong>et</strong></span> <span class='ocrx_word' id='word_1_394' title='bbox 2719 1682 3008 1739; x_wconf 88' lang='lat' dir='ltr'><strong>Triferium</strong></span> <span class='ocrx_word' id='word_1_395' title='bbox 3037 1687 3244 1755; x_wconf 89' lang='lat' dir='ltr'><strong>episco-</strong></span> 
     </span>
    </p>
   </div>
   <div class='ocr_carea' id='block_1_62' title="bbox 1666 1769 3240 1847">
    <p class='ocr_par' dir='ltr' id='par_1_62' title="bbox 1666 1769 3240 1847">
     <span class='ocr_line' id='line_1_62' title="bbox 1666 1769 3240 1847; baseline 0.01 -29"><span class='ocrx_word' id='word_1_396' title='bbox 1666 1779 1763 1835; x_wconf 88' lang='lat' dir='ltr'><strong>pos</strong></span> <span class='ocrx_word' id='word_1_397' title='bbox 1805 1775 1989 1821; x_wconf 89' lang='lat' dir='ltr'><strong>sancta</strong></span> <span class='ocrx_word' id='word_1_398' title='bbox 2036 1769 2272 1839; x_wconf 87' lang='lat' dir='ltr'><strong>synodus</strong></span> <span class='ocrx_word' id='word_1_399' title='bbox 2315 1769 2574 1839; x_wconf 88' lang='lat' dir='ltr'><strong>decrevit,</strong></span> <span class='ocrx_word' id='word_1_400' title='bbox 2596 1773 2688 1844; x_wconf 91' lang='lat' dir='ltr'><strong>qui</strong></span> <span class='ocrx_word' id='word_1_401' title='bbox 2731 1776 3079 1847; x_wconf 89' lang='lat' dir='ltr'><strong>usurpatione</strong></span> <span class='ocrx_word' id='word_1_402' title='bbox 3103 1792 3240 1847; x_wconf 88' lang='lat' dir='ltr'><strong>qua-</strong></span> 
     </span>
    </p>
   </div>
   <div class='ocr_carea' id='block_1_63' title="bbox 1667 1853 3240 1922">
    <p class='ocr_par' dir='ltr' id='par_1_63' title="bbox 1667 1853 3240 1922">
     <span class='ocr_line' id='line_1_63' title="bbox 1667 1853 3240 1922; baseline 0.011 -16"><span class='ocrx_word' id='word_1_403' title='bbox 1667 1853 1789 1907; x_wconf 89' lang='lat' dir='ltr'><strong>dam</strong></span> <span class='ocrx_word' id='word_1_404' title='bbox 1837 1854 1901 1908; x_wconf 91' lang='lat' dir='ltr'><strong>de</strong></span> <span class='ocrx_word' id='word_1_405' title='bbox 1929 1855 2269 1914; x_wconf 90' lang='lat' dir='ltr'><strong>ordinatione</strong></span> <span class='ocrx_word' id='word_1_406' title='bbox 2298 1860 2639 1917; x_wconf 89' lang='lat' dir='ltr'><strong>sacerdotum</strong></span> <span class='ocrx_word' id='word_1_407' title='bbox 2686 1863 2753 1917; x_wconf 92' lang='lat' dir='ltr'><strong>ad</strong></span> <span class='ocrx_word' id='word_1_408' title='bbox 2792 1863 3049 1921; x_wconf 89' lang='lat' dir='ltr'><strong>invidiam</strong></span> <span class='ocrx_word' id='word_1_409' title='bbox 3076 1881 3240 1922; x_wconf 86' lang='lat' dir='ltr'><strong>voca-</strong></span> 
     </span>
    </p>
   </div>
   <div class='ocr_carea' id='block_1_64' title="bbox 1666 1943 3242 2026">
    <p class='ocr_par' dir='ltr' id='par_1_64' title="bbox 1666 1943 3242 2026">
     <span class='ocr_line' id='line_1_64' title="bbox 1666 1943 3242 2026; baseline 0.01 -27"><span class='ocrx_word' id='word_1_410' title='bbox 1666 1943 1885 2010; x_wconf 88' lang='lat' dir='ltr'><strong>bantur,</strong></span> <span class='ocrx_word' id='word_1_411' title='bbox 1928 1947 2071 2017; x_wconf 91' lang='lat' dir='ltr'><strong>quod</strong></span> <span class='ocrx_word' id='word_1_412' title='bbox 2101 1949 2182 2004; x_wconf 91' lang='lat' dir='ltr'><strong>eis</strong></span> <span class='ocrx_word' id='word_1_413' title='bbox 2209 1949 2468 2007; x_wconf 90' lang='lat' dir='ltr'><strong>hactenus</strong></span> <span class='ocrx_word' id='word_1_414' title='bbox 2498 1952 2699 2010; x_wconf 91' lang='lat' dir='ltr'><strong>idcirco</strong></span> <span class='ocrx_word' id='word_1_415' title='bbox 2726 1955 2936 2011; x_wconf 90' lang='lat' dir='ltr'><strong>videtur</strong></span> <span class='ocrx_word' id='word_1_416' title='bbox 2957 1957 3242 2026; x_wconf 87' lang='lat' dir='ltr'><strong>indultum,</strong></span> 
     </span>
    </p>
   </div>
   <div class='ocr_carea' id='block_1_65' title="bbox 1667 2035 3246 2103">
    <p class='ocr_par' dir='ltr' id='par_1_65' title="bbox 1667 2035 3246 2103">
     <span class='ocr_line' id='line_1_65' title="bbox 1667 2035 3246 2103; baseline 0.011 -18"><span class='ocrx_word' id='word_1_417' title='bbox 1667 2042 1723 2085; x_wconf 92' lang='lat' dir='ltr'><strong>ut</strong></span> <span class='ocrx_word' id='word_1_418' title='bbox 1751 2035 1816 2088; x_wconf 91' lang='lat' dir='ltr'><strong>de</strong></span> <span class='ocrx_word' id='word_1_419' title='bbox 1859 2043 2058 2092; x_wconf 68' lang='lat' dir='ltr'><strong>caztero</strong></span> <span class='ocrx_word' id='word_1_420' title='bbox 2102 2036 2205 2093; x_wconf 92' lang='lat' dir='ltr'><strong>hac</strong></span> <span class='ocrx_word' id='word_1_421' title='bbox 2247 2042 2566 2098; x_wconf 89' lang='lat' dir='ltr'><strong>auctoritate</strong></span> <span class='ocrx_word' id='word_1_422' title='bbox 2592 2045 2901 2101; x_wconf 91' lang='lat' dir='ltr'><strong>commoniti</strong></span> <span class='ocrx_word' id='word_1_423' title='bbox 2929 2047 3062 2102; x_wconf 92' lang='lat' dir='ltr'><strong>nihil</strong></span> <span class='ocrx_word' id='word_1_424' title='bbox 3088 2063 3246 2103; x_wconf 85' lang='lat' dir='ltr'><strong>usur-</strong></span> 
     </span>
    </p>
   </div>
   <div class='ocr_carea' id='block_1_66' title="bbox 1666 2129 3246 2200">
    <p class='ocr_par' dir='ltr' id='par_1_66' title="bbox 1666 2129 3246 2200">
     <span class='ocr_line' id='line_1_66' title="bbox 1666 2129 3246 2200; baseline 0.011 -23"><span class='ocrx_word' id='word_1_425' title='bbox 1666 2140 1796 2195; x_wconf 88' lang='lat' dir='ltr'><strong>pare</strong></span> <span class='ocrx_word' id='word_1_426' title='bbox 1824 2138 2108 2195; x_wconf 90' lang='lat' dir='ltr'><strong>conentur,</strong></span> <span class='ocrx_word' id='word_1_427' title='bbox 2132 2129 2393 2200; x_wconf 90' lang='lat' dir='ltr'><strong>siquidem</strong></span> <span class='ocrx_word' id='word_1_428' title='bbox 2415 2145 2475 2186; x_wconf 88' lang='lat' dir='ltr'><strong>ea</strong></span> <span class='ocrx_word' id='word_1_429' title='bbox 2500 2133 2568 2188; x_wconf 90' lang='lat' dir='ltr'><strong>ah</strong></span> <span class='ocrx_word' id='word_1_430' title='bbox 2589 2133 2690 2190; x_wconf 91' lang='lat' dir='ltr'><strong>hac</strong></span> <span class='ocrx_word' id='word_1_431' title='bbox 2716 2150 2875 2192; x_wconf 88' lang='lat' dir='ltr'><strong>causa</strong></span> <span class='ocrx_word' id='word_1_432' title='bbox 2899 2139 3246 2194; x_wconf 84' lang='lat' dir='ltr'><strong>excusatione</strong></span> 
     </span>
    </p>
   </div>
   <div class='ocr_carea' id='block_1_67' title="bbox 1665 2213 3243 2291">
    <p class='ocr_par' dir='ltr' id='par_1_67' title="bbox 1665 2213 3243 2291">
     <span class='ocr_line' id='line_1_67' title="bbox 1665 2213 3243 2291; baseline 0.011 -25"><span class='ocrx_word' id='word_1_433' title='bbox 1665 2213 2024 2283; x_wconf 84' lang='lat' dir='ltr'><strong>defenderint,</strong></span> <span class='ocrx_word' id='word_1_434' title='bbox 2056 2233 2159 2289; x_wconf 88' lang='lat' dir='ltr'><strong>qua</strong></span> <span class='ocrx_word' id='word_1_435' title='bbox 2189 2219 2445 2275; x_wconf 62' lang='lat' dir='ltr'><strong>dicerent&#39;</strong></span> <span class='ocrx_word' id='word_1_436' title='bbox 2456 2223 2605 2291; x_wconf 89' lang='lat' dir='ltr'><strong>prius</strong></span> <span class='ocrx_word' id='word_1_437' title='bbox 2629 2237 2687 2278; x_wconf 91' lang='lat' dir='ltr'><strong>se</strong></span> <span class='ocrx_word' id='word_1_438' title='bbox 2727 2239 2831 2280; x_wconf 92' lang='lat' dir='ltr'><strong>non</strong></span> <span class='ocrx_word' id='word_1_439' title='bbox 2861 2239 2980 2282; x_wconf 92' lang='lat' dir='ltr'><strong>esse</strong></span> <span class='ocrx_word' id='word_1_440' title='bbox 3007 2242 3243 2283; x_wconf 88' lang='lat' dir='ltr'><strong>conven-</strong></span> 
     </span>
    </p>
   </div>
   <div class='ocr_carea' id='block_1_68' title="bbox 1667 2304 3247 2386">
    <p class='ocr_par' dir='ltr' id='par_1_68' title="bbox 1667 2304 3247 2386">
     <span class='ocr_line' id='line_1_68' title="bbox 1667 2304 3247 2386; baseline 0.011 -27"><span class='ocrx_word' id='word_1_441' title='bbox 1667 2310 1768 2359; x_wconf 89' lang='lat' dir='ltr'><strong>tos.</strong></span> <span class='ocrx_word' id='word_1_442' title='bbox 1814 2304 2047 2364; x_wconf 87' lang='lat' dir='ltr'><strong>Proinde</strong></span> <span class='ocrx_word' id='word_1_443' title='bbox 2086 2307 2352 2377; x_wconf 83' lang='lat' dir='ltr'><strong>judicavit</strong></span> <span class='ocrx_word' id='word_1_444' title='bbox 2387 2313 2644 2384; x_wconf 86' lang='lat' dir='ltr'><strong>synodus,</strong></span> <span class='ocrx_word' id='word_1_445' title='bbox 2688 2325 2748 2369; x_wconf 92' lang='lat' dir='ltr'><strong>ut</strong></span> <span class='ocrx_word' id='word_1_446' title='bbox 2789 2316 2834 2372; x_wconf 90' lang='lat' dir='ltr'><strong>si</strong></span> <span class='ocrx_word' id='word_1_447' title='bbox 2879 2318 3001 2386; x_wconf 87' lang='lat' dir='ltr'><strong>quis</strong></span> <span class='ocrx_word' id='word_1_448' title='bbox 3042 2332 3109 2372; x_wconf 81' lang='lat' dir='ltr'><strong>ex</strong></span> <span class='ocrx_word' id='word_1_449' title='bbox 3144 2320 3247 2376; x_wconf 89' lang='lat' dir='ltr'><strong>hoc</strong></span> 
     </span>
    </p>
   </div>
   <div class='ocr_carea' id='block_1_69' title="bbox 1669 2393 3247 2480">
    <p class='ocr_par' dir='ltr' id='par_1_69' title="bbox 1669 2393 3247 2480">
     <span class='ocr_line' id='line_1_69' title="bbox 1669 2393 3247 2480; baseline 0.011 -31"><span class='ocrx_word' id='word_1_450' title='bbox 1669 2393 1858 2452; x_wconf 80' lang='lat' dir='ltr'><strong>fecerit</strong></span> <span class='ocrx_word' id='word_1_451' title='bbox 1902 2408 2090 2453; x_wconf 87' lang='lat' dir='ltr'><strong>contra</strong></span> <span class='ocrx_word' id='word_1_452' title='bbox 2140 2409 2340 2456; x_wconf 90' lang='lat' dir='ltr'><strong>statuta</strong></span> <span class='ocrx_word' id='word_1_453' title='bbox 2393 2401 2675 2472; x_wconf 88' lang='lat' dir='ltr'><strong>majorum,</strong></span> <span class='ocrx_word' id='word_1_454' title='bbox 2707 2407 2845 2462; x_wconf 88' lang='lat' dir='ltr'><strong>sciat</strong></span> <span class='ocrx_word' id='word_1_455' title='bbox 2873 2408 2919 2464; x_wconf 89' lang='lat' dir='ltr'><strong>is</strong></span> <span class='ocrx_word' id='word_1_456' title='bbox 2972 2411 3064 2480; x_wconf 89' lang='lat' dir='ltr'><strong>qui</strong></span> <span class='ocrx_word' id='word_1_457' title='bbox 3107 2414 3247 2466; x_wconf 86' lang='lat' dir='ltr'><strong>ordi-</strong></span> 
     </span>
    </p>
   </div>
   <div class='ocr_carea' id='block_1_70' title="bbox 1663 2487 3248 2569">
    <p class='ocr_par' dir='ltr' id='par_1_70' title="bbox 1663 2487 3248 2569">
     <span class='ocr_line' id='line_1_70' title="bbox 1663 2487 3248 2569; baseline 0.013 -30"><span class='ocrx_word' id='word_1_458' title='bbox 1663 2495 1823 2542; x_wconf 91' lang='lat' dir='ltr'><strong>natus</strong></span> <span class='ocrx_word' id='word_1_459' title='bbox 1868 2487 2028 2544; x_wconf 82' lang='lat' dir='ltr'><strong>fuerit</strong></span> <span class='ocrx_word' id='word_1_460' title='bbox 2079 2493 2366 2548; x_wconf 87' lang='lat' dir='ltr'><strong>sacerdotii</strong></span> <span class='ocrx_word' id='word_1_461' title='bbox 2420 2509 2477 2549; x_wconf 90' lang='lat' dir='ltr'><strong>se</strong></span> <span class='ocrx_word' id='word_1_462' title='bbox 2517 2497 2720 2553; x_wconf 88' lang='lat' dir='ltr'><strong>honore</strong></span> <span class='ocrx_word' id='word_1_463' title='bbox 2768 2500 3107 2569; x_wconf 87' lang='lat' dir='ltr'><strong>privandum,</strong></span> <span class='ocrx_word' id='word_1_464' title='bbox 3159 2504 3248 2559; x_wconf 90' lang='lat' dir='ltr'><strong>ille</strong></span> 
     </span>
    </p>
   </div>
   <div class='ocr_carea' id='block_1_71' title="bbox 1661 2580 3246 2648">
    <p class='ocr_par' dir='ltr' id='par_1_71' title="bbox 1661 2580 3246 2648">
     <span class='ocr_line' id='line_1_71' title="bbox 1661 2580 3246 2648; baseline 0.011 -17"><span class='ocrx_word' id='word_1_465' title='bbox 1661 2592 1791 2633; x_wconf 91' lang='lat' dir='ltr'><strong>vero</strong></span> <span class='ocrx_word' id='word_1_466' title='bbox 1820 2580 1912 2648; x_wconf 89' lang='lat' dir='ltr'><strong>qui</strong></span> <span class='ocrx_word' id='word_1_467' title='bbox 1958 2581 2292 2638; x_wconf 89' lang='lat' dir='ltr'><strong>ordinaverit</strong></span> <span class='ocrx_word' id='word_1_468' title='bbox 2316 2586 2692 2642; x_wconf 89' lang='lat' dir='ltr'><strong>auctoritatem</strong></span> <span class='ocrx_word' id='word_1_469' title='bbox 2720 2604 2779 2644; x_wconf 91' lang='lat' dir='ltr'><strong>se</strong></span> <span class='ocrx_word' id='word_1_470' title='bbox 2808 2591 2860 2644; x_wconf 92' lang='lat' dir='ltr'><strong>in</strong></span> <span class='ocrx_word' id='word_1_471' title='bbox 2891 2592 3246 2648; x_wconf 83' lang='lat' dir='ltr'><strong>ordinationi-</strong></span> 
     </span>
    </p>
   </div>
   <div class='ocr_carea' id='block_1_72' title="bbox 1661 2659 3247 2734">
    <p class='ocr_par' dir='ltr' id='par_1_72' title="bbox 1661 2659 3247 2734">
     <span class='ocr_line' id='line_1_72' title="bbox 1661 2659 3247 2734; baseline 0.012 -19"><span class='ocrx_word' id='word_1_472' title='bbox 1661 2659 1762 2716; x_wconf 90' lang='lat' dir='ltr'><strong>bus</strong></span> <span class='ocrx_word' id='word_1_473' title='bbox 1789 2662 1874 2718; x_wconf 91' lang='lat' dir='ltr'><strong>vel</strong></span> <span class='ocrx_word' id='word_1_474' title='bbox 1916 2664 1969 2718; x_wconf 93' lang='lat' dir='ltr'><strong>in</strong></span> <span class='ocrx_word' id='word_1_475' title='bbox 2004 2667 2248 2723; x_wconf 90' lang='lat' dir='ltr'><strong>conciliis</strong></span> <span class='ocrx_word' id='word_1_476' title='bbox 2284 2670 2504 2726; x_wconf 90' lang='lat' dir='ltr'><strong>minime</strong></span> <span class='ocrx_word' id='word_1_477' title='bbox 2533 2673 2888 2730; x_wconf 90' lang='lat' dir='ltr'><strong>retinendam.</strong></span> <span class='ocrx_word' id='word_1_478' title='bbox 2922 2675 3036 2732; x_wconf 84' lang='lat' dir='ltr'><strong>Non</strong></span> <span class='ocrx_word' id='word_1_479' title='bbox 3073 2679 3247 2734; x_wconf 91' lang='lat' dir='ltr'><strong>solum</strong></span> 
     </span>
    </p>
   </div>
   <div class='ocr_carea' id='block_1_73' title="bbox 1663 2752 3248 2831">
    <p class='ocr_par' dir='ltr' id='par_1_73' title="bbox 1663 2752 3248 2831">
     <span class='ocr_line' id='line_1_73' title="bbox 1663 2752 3248 2831; baseline 0.012 -27"><span class='ocrx_word' id='word_1_480' title='bbox 1663 2759 1844 2806; x_wconf 85' lang='lat' dir='ltr'><strong>autem</strong></span> <span class='ocrx_word' id='word_1_481' title='bbox 1893 2752 2037 2809; x_wconf 90' lang='lat' dir='ltr'><strong>circa</strong></span> <span class='ocrx_word' id='word_1_482' title='bbox 2097 2766 2426 2813; x_wconf 79' lang='lat' dir='ltr'><strong>memoratos</strong></span> <span class='ocrx_word' id='word_1_483' title='bbox 2479 2760 2760 2831; x_wconf 89' lang='lat' dir='ltr'><strong>episcopos</strong></span> <span class='ocrx_word' id='word_1_484' title='bbox 2812 2763 2927 2820; x_wconf 71' lang='lat' dir='ltr'><strong>haec</strong></span> <span class='ocrx_word' id='word_1_485' title='bbox 2978 2768 3248 2823; x_wconf 89' lang='lat' dir='ltr'><strong>sententia</strong></span> 
     </span>
    </p>
   </div>
   <div class='ocr_carea' id='block_1_74' title="bbox 1661 2843 3249 2929">
    <p class='ocr_par' dir='ltr' id='par_1_74' title="bbox 1661 2843 3249 2929">
     <span class='ocr_line' id='line_1_74' title="bbox 1661 2843 3249 2929; baseline 0.011 -33"><span class='ocrx_word' id='word_1_486' title='bbox 1661 2843 1998 2911; x_wconf 68' lang='lat' dir='ltr'><strong>praevalebit,</strong></span> <span class='ocrx_word' id='word_1_487' title='bbox 2028 2847 2120 2902; x_wconf 90' lang='lat' dir='ltr'><strong>sed</strong></span> <span class='ocrx_word' id='word_1_488' title='bbox 2152 2847 2295 2903; x_wconf 90' lang='lat' dir='ltr'><strong>circa</strong></span> <span class='ocrx_word' id='word_1_489' title='bbox 2318 2865 2505 2906; x_wconf 91' lang='lat' dir='ltr'><strong>omnes</strong></span> <span class='ocrx_word' id='word_1_490' title='bbox 2528 2851 2618 2922; x_wconf 91' lang='lat' dir='ltr'><strong>qui</strong></span> <span class='ocrx_word' id='word_1_491' title='bbox 2646 2853 2805 2908; x_wconf 91' lang='lat' dir='ltr'><strong>simili</strong></span> <span class='ocrx_word' id='word_1_492' title='bbox 2825 2870 3013 2912; x_wconf 89' lang='lat' dir='ltr'><strong>errore</strong></span> <span class='ocrx_word' id='word_1_493' title='bbox 3037 2858 3249 2929; x_wconf 89' lang='lat' dir='ltr'><strong>decepti</strong></span> 
     </span>
    </p>
   </div>
   <div class='ocr_carea' id='block_1_75' title="bbox 1661 2933 2804 3011">
    <p class='ocr_par' dir='ltr' id='par_1_75' title="bbox 1661 2933 2804 3011">
     <span class='ocr_line' id='line_1_75' title="bbox 1661 2933 2804 3011; baseline 0.009 -23"><span class='ocrx_word' id='word_1_494' title='bbox 1661 2933 2028 2992; x_wconf 88' lang='lat' dir='ltr'><strong>ordinationes</strong></span> <span class='ocrx_word' id='word_1_495' title='bbox 2059 2935 2360 3007; x_wconf 78' lang='lat' dir='ltr'><strong>huiusmodi</strong></span> <span class='ocrx_word' id='word_1_496' title='bbox 2410 2950 2804 3011; x_wconf 85' lang='lat' dir='ltr'><strong>perpetrarunt.</strong></span> 
     </span>
    </p>
   </div>
   <div class='ocr_carea' id='block_1_76' title="bbox 1735 3045 3251 3135">
    <p class='ocr_par' dir='ltr' id='par_1_76' title="bbox 1735 3045 3251 3135">
     <span class='ocr_line' id='line_1_76' title="bbox 1735 3045 3251 3135; baseline 0.013 -35"><span class='ocrx_word' id='word_1_497' title='bbox 1735 3045 1819 3100; x_wconf 88' lang='lat' dir='ltr'><strong>Ill.</strong></span> <span class='ocrx_word' id='word_1_498' title='bbox 1852 3045 1927 3102; x_wconf 90' lang='lat' dir='ltr'><strong>De</strong></span> <span class='ocrx_word' id='word_1_499' title='bbox 1970 3046 2207 3105; x_wconf 86' lang='lat' dir='ltr'><strong>Palladio</strong></span> <span class='ocrx_word' id='word_1_500' title='bbox 2251 3060 2429 3107; x_wconf 89' lang='lat' dir='ltr'><strong>autem</strong></span> <span class='ocrx_word' id='word_1_501' title='bbox 2478 3051 2631 3117; x_wconf 89' lang='lat' dir='ltr'><strong>laico,</strong></span> <span class='ocrx_word' id='word_1_502' title='bbox 2661 3057 2753 3126; x_wconf 92' lang='lat' dir='ltr'><strong>qui</strong></span> <span class='ocrx_word' id='word_1_503' title='bbox 2802 3056 2983 3128; x_wconf 90' lang='lat' dir='ltr'><strong>Spano</strong></span> <span class='ocrx_word' id='word_1_504' title='bbox 3025 3064 3251 3135; x_wconf 80' lang='lat' dir='ltr'><strong>presby-</strong></span> 
     </span>
    </p>
   </div>
   <div class='ocr_carea' id='block_1_77' title="bbox 1665 3137 3251 3225">
    <p class='ocr_par' dir='ltr' id='par_1_77' title="bbox 1665 3137 3251 3225">
     <span class='ocr_line' id='line_1_77' title="bbox 1665 3137 3251 3225; baseline 0.013 -36"><span class='ocrx_word' id='word_1_505' title='bbox 1665 3144 1782 3191; x_wconf 90' lang='lat' dir='ltr'><strong>tero</strong></span> <span class='ocrx_word' id='word_1_506' title='bbox 1803 3152 1907 3193; x_wconf 93' lang='lat' dir='ltr'><strong>non</strong></span> <span class='ocrx_word' id='word_1_507' title='bbox 1934 3137 2049 3194; x_wconf 90' lang='lat' dir='ltr'><strong>leve</strong></span> <span class='ocrx_word' id='word_1_508' title='bbox 2068 3139 2270 3196; x_wconf 90' lang='lat' dir='ltr'><strong>crimen</strong></span> <span class='ocrx_word' id='word_1_509' title='bbox 2287 3141 2611 3210; x_wconf 88' lang='lat' dir='ltr'><strong>intenderat,</strong></span> <span class='ocrx_word' id='word_1_510' title='bbox 2637 3146 2780 3201; x_wconf 90' lang='lat' dir='ltr'><strong>inter</strong></span> <span class='ocrx_word' id='word_1_511' title='bbox 2805 3164 2942 3219; x_wconf 91' lang='lat' dir='ltr'><strong>quos</strong></span> <span class='ocrx_word' id='word_1_512' title='bbox 2965 3152 3251 3225; x_wconf 79' lang='lat' dir='ltr'><strong>episcOpus</strong></span> 
     </span>
    </p>
   </div>
   <div class='ocr_carea' id='block_1_78' title="bbox 1665 3225 3251 3313">
    <p class='ocr_par' dir='ltr' id='par_1_78' title="bbox 1665 3225 3251 3313">
     <span class='ocr_line' id='line_1_78' title="bbox 1665 3225 3251 3313; baseline 0.014 -33"><span class='ocrx_word' id='word_1_513' title='bbox 1665 3225 1928 3282; x_wconf 82' lang='lat' dir='ltr'><strong>Triferius</strong></span> <span class='ocrx_word' id='word_1_514' title='bbox 1979 3225 2222 3296; x_wconf 85' lang='lat' dir='ltr'><strong>ejusdem</strong></span> <span class='ocrx_word' id='word_1_515' title='bbox 2271 3232 2517 3290; x_wconf 91' lang='lat' dir='ltr'><strong>criminis</strong></span> <span class='ocrx_word' id='word_1_516' title='bbox 2579 3241 2780 3293; x_wconf 81' lang='lat' dir='ltr'><strong>&quot;causas</strong></span> <span class='ocrx_word' id='word_1_517' title='bbox 2829 3253 2888 3295; x_wconf 90' lang='lat' dir='ltr'><strong>se</strong></span> <span class='ocrx_word' id='word_1_518' title='bbox 2931 3245 3251 3313; x_wconf 85' lang='lat' dir='ltr'><strong>cognovisse</strong></span> 
     </span>
    </p>
   </div>
   <div class='ocr_carea' id='block_1_79' title="bbox 1666 3318 3242 3396">
    <p class='ocr_par' dir='ltr' id='par_1_79' title="bbox 1666 3318 3242 3396">
     <span class='ocr_line' id='line_1_79' title="bbox 1666 3318 3242 3396; baseline 0.014 -27"><span class='ocrx_word' id='word_1_519' title='bbox 1666 3324 1893 3371; x_wconf 87' lang='lat' dir='ltr'><strong>testatus</strong></span> <span class='ocrx_word' id='word_1_520' title='bbox 1908 3326 2014 3385; x_wconf 89' lang='lat' dir='ltr'><strong>est,</strong></span> <span class='ocrx_word' id='word_1_521' title='bbox 2049 3318 2102 3373; x_wconf 92' lang='lat' dir='ltr'><strong>id</strong></span> <span class='ocrx_word' id='word_1_522' title='bbox 2149 3319 2363 3376; x_wconf 89' lang='lat' dir='ltr'><strong>concilii</strong></span> <span class='ocrx_word' id='word_1_523' title='bbox 2390 3322 2629 3379; x_wconf 86' lang='lat' dir='ltr'><strong>decrevit</strong></span> <span class='ocrx_word' id='word_1_524' title='bbox 2665 3330 2991 3396; x_wconf 82' lang='lat' dir='ltr'><strong>auctoritas,</strong></span> <span class='ocrx_word' id='word_1_525' title='bbox 3014 3343 3072 3388; x_wconf 92' lang='lat' dir='ltr'><strong>ut</strong></span> <span class='ocrx_word' id='word_1_526' title='bbox 3100 3335 3242 3391; x_wconf 88' lang='lat' dir='ltr'><strong>ident</strong></span> 
     </span>
    </p>
   </div>
   <div class='ocr_carea' id='block_1_80' title="bbox 1667 3404 3249 3498">
    <p class='ocr_par' dir='ltr' id='par_1_80' title="bbox 1667 3404 3249 3498">
     <span class='ocr_line' id='line_1_80' title="bbox 1667 3404 3249 3498; baseline 0.015 -40"><span class='ocrx_word' id='word_1_527' title='bbox 1667 3404 1934 3462; x_wconf 87' lang='lat' dir='ltr'><strong>Palladius</strong></span> <span class='ocrx_word' id='word_1_528' title='bbox 1959 3406 2013 3462; x_wconf 91' lang='lat' dir='ltr'><strong>in</strong></span> <span class='ocrx_word' id='word_1_529' title='bbox 2058 3410 2246 3465; x_wconf 91' lang='lat' dir='ltr'><strong>eadem</strong></span> <span class='ocrx_word' id='word_1_530' title='bbox 2275 3413 2544 3468; x_wconf 87' lang='lat' dir='ltr'><strong>sententia</strong></span> <span class='ocrx_word' id='word_1_531' title='bbox 2597 3429 2860 3487; x_wconf 85' lang='lat' dir='ltr'><strong>maneret,</strong></span> <span class='ocrx_word' id='word_1_532' title='bbox 2909 3437 3014 3492; x_wconf 89' lang='lat' dir='ltr'><strong>qua</strong></span> <span class='ocrx_word' id='word_1_533' title='bbox 3060 3429 3249 3498; x_wconf 88' lang='lat' dir='ltr'><strong>cogni-</strong></span> 
     </span>
    </p>
   </div>
   <div class='ocr_carea' id='block_1_81' title="bbox 1666 3500 3246 3586">
    <p class='ocr_par' dir='ltr' id='par_1_81' title="bbox 1666 3500 3246 3586">
     <span class='ocr_line' id='line_1_81' title="bbox 1666 3500 3246 3586; baseline 0.013 -32"><span class='ocrx_word' id='word_1_534' title='bbox 1666 3500 1828 3557; x_wconf 89' lang='lat' dir='ltr'><strong>tionis</strong></span> <span class='ocrx_word' id='word_1_535' title='bbox 1857 3511 2099 3572; x_wconf 88' lang='lat' dir='ltr'><strong>tempore</strong></span> <span class='ocrx_word' id='word_1_536' title='bbox 2126 3519 2156 3558; x_wconf 90' lang='lat' dir='ltr'><strong>a</strong></span> <span class='ocrx_word' id='word_1_537' title='bbox 2180 3502 2412 3560; x_wconf 90' lang='lat' dir='ltr'><strong>Triferio</strong></span> <span class='ocrx_word' id='word_1_538' title='bbox 2437 3505 2614 3563; x_wconf 80' lang='lat' dir='ltr'><strong>fuerat</strong></span> <span class='ocrx_word' id='word_1_539' title='bbox 2649 3515 2930 3571; x_wconf 89' lang='lat' dir='ltr'><strong>sacerdote</strong></span> <span class='ocrx_word' id='word_1_540' title='bbox 2967 3518 3246 3586; x_wconf 88' lang='lat' dir='ltr'><strong>multatus,</strong></span> 
     </span>
    </p>
   </div>
   <div class='ocr_carea' id='block_1_82' title="bbox 1667 3592 3254 3676">
    <p class='ocr_par' dir='ltr' id='par_1_82' title="bbox 1667 3592 3254 3676">
     <span class='ocr_line' id='line_1_82' title="bbox 1667 3592 3254 3676; baseline 0.013 -31"><span class='ocrx_word' id='word_1_541' title='bbox 1667 3592 1770 3646; x_wconf 92' lang='lat' dir='ltr'><strong>hoc</strong></span> <span class='ocrx_word' id='word_1_542' title='bbox 1821 3593 1872 3648; x_wconf 89' lang='lat' dir='ltr'><strong>ei</strong></span> <span class='ocrx_word' id='word_1_543' title='bbox 1920 3593 2254 3650; x_wconf 89' lang='lat' dir='ltr'><strong>humanitate</strong></span> <span class='ocrx_word' id='word_1_544' title='bbox 2303 3607 2580 3654; x_wconf 89' lang='lat' dir='ltr'><strong>reservato</strong></span> <span class='ocrx_word' id='word_1_545' title='bbox 2631 3603 2841 3658; x_wconf 91' lang='lat' dir='ltr'><strong>concilii</strong></span> <span class='ocrx_word' id='word_1_546' title='bbox 2879 3613 2937 3660; x_wconf 94' lang='lat' dir='ltr'><strong>ut</strong></span> <span class='ocrx_word' id='word_1_547' title='bbox 2977 3606 3093 3676; x_wconf 90' lang='lat' dir='ltr'><strong>ipse</strong></span> <span class='ocrx_word' id='word_1_548' title='bbox 3130 3609 3254 3665; x_wconf 91' lang='lat' dir='ltr'><strong>Tri-</strong></span> 
     </span>
    </p>
   </div>
   <div class='ocr_carea' id='block_1_83' title="bbox 1667 3681 3250 3761">
    <p class='ocr_par' dir='ltr' id='par_1_83' title="bbox 1667 3681 3250 3761">
     <span class='ocr_line' id='line_1_83' title="bbox 1667 3681 3250 3761; baseline 0.014 -26"><span class='ocrx_word' id='word_1_549' title='bbox 1667 3681 1833 3738; x_wconf 86' lang='lat' dir='ltr'><strong>ferius</strong></span> <span class='ocrx_word' id='word_1_550' title='bbox 1880 3683 1933 3739; x_wconf 93' lang='lat' dir='ltr'><strong>in</strong></span> <span class='ocrx_word' id='word_1_551' title='bbox 1982 3693 2246 3755; x_wconf 88' lang='lat' dir='ltr'><strong>potestate</strong></span> <span class='ocrx_word' id='word_1_552' title='bbox 2282 3687 2528 3754; x_wconf 86' lang='lat' dir='ltr'><strong>habeat,</strong></span> <span class='ocrx_word' id='word_1_553' title='bbox 2571 3695 2786 3761; x_wconf 86' lang='lat' dir='ltr'><strong>quando</strong></span> <span class='ocrx_word' id='word_1_554' title='bbox 2828 3696 2880 3752; x_wconf 91' lang='lat' dir='ltr'><strong>ei</strong></span> <span class='ocrx_word' id='word_1_555' title='bbox 2912 3697 3140 3756; x_wconf 89' lang='lat' dir='ltr'><strong>voluerit</strong></span> <span class='ocrx_word' id='word_1_556' title='bbox 3170 3718 3250 3757; x_wconf 85' lang='lat' dir='ltr'><strong>re-</strong></span> 
     </span>
    </p>
   </div>
   <div class='ocr_carea' id='block_1_84' title="bbox 1667 3772 1871 3829">
    <p class='ocr_par' dir='ltr' id='par_1_84' title="bbox 1667 3772 1871 3829">
     <span class='ocr_line' id='line_1_84' title="bbox 1667 3772 1871 3829; baseline 0.02 -4"><span class='ocrx_word' id='word_1_557' title='bbox 1667 3772 1871 3829; x_wconf 82' lang='lat' dir='ltr'><strong>laxare.</strong></span> 
     </span>
    </p>
   </div>
   <div class='ocr_carea' id='block_1_85' title="bbox 1738 3883 3254 3975">
    <p class='ocr_par' dir='ltr' id='par_1_85' title="bbox 1738 3883 3254 3975">
     <span class='ocr_line' id='line_1_85' title="bbox 1738 3883 3254 3975; baseline 0.015 -37"><span class='ocrx_word' id='word_1_558' title='bbox 1738 3883 1827 3940; x_wconf 79' lang='grc' dir='ltr'><strong>ιν.</strong></span> <span class='ocrx_word' id='word_1_559' title='bbox 1871 3884 2076 3944; x_wconf 88' lang='lat' dir='ltr'><strong>Statuit</strong></span> <span class='ocrx_word' id='word_1_560' title='bbox 2125 3905 2341 3964; x_wconf 86' lang='lat' dir='ltr'><strong>quoque</strong></span> <span class='ocrx_word' id='word_1_561' title='bbox 2407 3894 2474 3952; x_wconf 90' lang='lat' dir='ltr'><strong>de</strong></span> <span class='ocrx_word' id='word_1_562' title='bbox 2523 3894 2886 3967; x_wconf 82' lang='lat' dir='ltr'><strong>Exuperantio</strong></span> <span class='ocrx_word' id='word_1_563' title='bbox 2938 3903 3254 3975; x_wconf 88' lang='lat' dir='ltr'><strong>presbytero</strong></span> 
     </span>
    </p>
   </div>
   <div class='ocr_carea' id='block_1_86' title="bbox 1668 3977 3249 4061">
    <p class='ocr_par' dir='ltr' id='par_1_86' title="bbox 1668 3977 3249 4061">
     <span class='ocr_line' id='line_1_86' title="bbox 1668 3977 3249 4061; baseline 0.014 -35"><span class='ocrx_word' id='word_1_564' title='bbox 1668 3981 1853 4028; x_wconf 89' lang='lat' dir='ltr'><strong>sancta</strong></span> <span class='ocrx_word' id='word_1_565' title='bbox 1897 3977 2152 4046; x_wconf 85' lang='lat' dir='ltr'><strong>synodus,</strong></span> <span class='ocrx_word' id='word_1_566' title='bbox 2180 3980 2271 4051; x_wconf 88' lang='lat' dir='ltr'><strong>qui</strong></span> <span class='ocrx_word' id='word_1_567' title='bbox 2315 3981 2366 4035; x_wconf 91' lang='lat' dir='ltr'><strong>in</strong></span> <span class='ocrx_word' id='word_1_568' title='bbox 2399 3982 2648 4053; x_wconf 88' lang='lat' dir='ltr'><strong>injuriam</strong></span> <span class='ocrx_word' id='word_1_569' title='bbox 2695 3987 2866 4042; x_wconf 89' lang='lat' dir='ltr'><strong>sancti</strong></span> <span class='ocrx_word' id='word_1_570' title='bbox 2895 3989 3130 4061; x_wconf 91' lang='lat' dir='ltr'><strong>episcopi</strong></span> <span class='ocrx_word' id='word_1_571' title='bbox 3167 3994 3249 4048; x_wconf 91' lang='lat' dir='ltr'><strong>sui</strong></span> 
     </span>
    </p>
   </div>
   <div class='ocr_carea' id='block_1_87' title="bbox 1670 4061 3254 4150">
    <p class='ocr_par' dir='ltr' id='par_1_87' title="bbox 1670 4061 3254 4150">
     <span class='ocr_line' id='line_1_87' title="bbox 1670 4061 3254 4150; baseline 0.014 -34"><span class='ocrx_word' id='word_1_572' title='bbox 1670 4061 1882 4119; x_wconf 90' lang='lat' dir='ltr'><strong>Triferii</strong></span> <span class='ocrx_word' id='word_1_573' title='bbox 1913 4068 2093 4136; x_wconf 89' lang='lat' dir='ltr'><strong>gravia</strong></span> <span class='ocrx_word' id='word_1_574' title='bbox 2117 4079 2171 4122; x_wconf 91' lang='lat' dir='ltr'><strong>et</strong></span> <span class='ocrx_word' id='word_1_575' title='bbox 2201 4071 2365 4125; x_wconf 86' lang='lat' dir='ltr'><strong>multa</strong></span> <span class='ocrx_word' id='word_1_576' title='bbox 2397 4084 2763 4142; x_wconf 86' lang='lat' dir='ltr'><strong>consenserat,</strong></span> <span class='ocrx_word' id='word_1_577' title='bbox 2793 4086 2849 4133; x_wconf 90' lang='lat' dir='ltr'><strong>et</strong></span> <span class='ocrx_word' id='word_1_578' title='bbox 2881 4077 3254 4150; x_wconf 86' lang='lat' dir='ltr'><strong>frequentibus</strong></span> 
     </span>
    </p>
   </div>
   <div class='ocr_carea' id='block_1_88' title="bbox 1670 4160 3247 4231">
    <p class='ocr_par' dir='ltr' id='par_1_88' title="bbox 1670 4160 3247 4231">
     <span class='ocr_line' id='line_1_88' title="bbox 1670 4160 3247 4231; baseline 0.011 -20"><span class='ocrx_word' id='word_1_579' title='bbox 1670 4169 1790 4212; x_wconf 91' lang='lat' dir='ltr'><strong>eum</strong></span> <span class='ocrx_word' id='word_1_580' title='bbox 1814 4160 2152 4216; x_wconf 90' lang='lat' dir='ltr'><strong>contumeliis</strong></span> <span class='ocrx_word' id='word_1_581' title='bbox 2175 4175 2586 4231; x_wconf 90' lang='lat' dir='ltr'><strong>provocaverat,</strong></span> <span class='ocrx_word' id='word_1_582' title='bbox 2603 4165 2676 4220; x_wconf 90' lang='lat' dir='ltr'><strong>ita</strong></span> <span class='ocrx_word' id='word_1_583' title='bbox 2693 4175 2750 4222; x_wconf 92' lang='lat' dir='ltr'><strong>ut</strong></span> <span class='ocrx_word' id='word_1_584' title='bbox 2779 4170 3032 4226; x_wconf 89' lang='lat' dir='ltr'><strong>nonnulla</strong></span> <span class='ocrx_word' id='word_1_585' title='bbox 3063 4171 3247 4229; x_wconf 86' lang='lat' dir='ltr'><strong>fecerit</strong></span> 
     </span>
    </p>
   </div>
   <div class='ocr_carea' id='block_1_89' title="bbox 1671 4249 3251 4332">
    <p class='ocr_par' dir='ltr' id='par_1_89' title="bbox 1671 4249 3251 4332">
     <span class='ocr_line' id='line_1_89' title="bbox 1671 4249 3251 4332; baseline 0.011 -31"><span class='ocrx_word' id='word_1_586' title='bbox 1671 4255 1861 4303; x_wconf 87' lang='lat' dir='ltr'><strong>contra</strong></span> <span class='ocrx_word' id='word_1_587' title='bbox 1904 4249 2325 4308; x_wconf 87' lang='lat' dir='ltr'><strong>ecclesiasticam</strong></span> <span class='ocrx_word' id='word_1_588' title='bbox 2384 4253 2724 4324; x_wconf 90' lang='lat' dir='ltr'><strong>disciplinam</strong></span> <span class='ocrx_word' id='word_1_589' title='bbox 2753 4297 2768 4322; x_wconf 95' lang='lat'><strong>,</strong></span> <span class='ocrx_word' id='word_1_590' title='bbox 2824 4269 3045 4330; x_wconf 88' lang='lat' dir='ltr'><strong>pr0pter</strong></span> <span class='ocrx_word' id='word_1_591' title='bbox 3090 4277 3251 4332; x_wconf 88' lang='lat' dir='ltr'><strong>quam</strong></span> 
     </span>
    </p>
   </div>
   <div class='ocr_carea' id='block_1_90' title="bbox 1673 4343 3254 4424">
    <p class='ocr_par' dir='ltr' id='par_1_90' title="bbox 1673 4343 3254 4424">
     <span class='ocr_line' id='line_1_90' title="bbox 1673 4343 3254 4424; baseline 0.009 -27"><span class='ocrx_word' id='word_1_592' title='bbox 1673 4357 1890 4398; x_wconf 88' lang='lat' dir='ltr'><strong>causam</strong></span> <span class='ocrx_word' id='word_1_593' title='bbox 1915 4343 1982 4399; x_wconf 86' lang='lat' dir='ltr'><strong>ab</strong></span> <span class='ocrx_word' id='word_1_594' title='bbox 2001 4360 2065 4400; x_wconf 91' lang='lat' dir='ltr'><strong>eo</strong></span> <span class='ocrx_word' id='word_1_595' title='bbox 2090 4343 2266 4400; x_wconf 87' lang='lat' dir='ltr'><strong>fuerat</strong></span> <span class='ocrx_word' id='word_1_596' title='bbox 2289 4347 2566 4404; x_wconf 90' lang='lat' dir='ltr'><strong>Dominica</strong></span> <span class='ocrx_word' id='word_1_597' title='bbox 2589 4353 2968 4406; x_wconf 88' lang='lat' dir='ltr'><strong>communione</strong></span> <span class='ocrx_word' id='word_1_598' title='bbox 2988 4355 3254 4424; x_wconf 87' lang='lat' dir='ltr'><strong>privatus,</strong></span> 
     </span>
    </p>
   </div>
   <div class='ocr_carea' id='block_1_91' title="bbox 1673 4433 3258 4516">
    <p class='ocr_par' dir='ltr' id='par_1_91' title="bbox 1673 4433 3258 4516">
     <span class='ocr_line' id='line_1_91' title="bbox 1673 4433 3258 4516; baseline 0.011 -31"><span class='ocrx_word' id='word_1_599' title='bbox 1673 4441 1734 4486; x_wconf 91' lang='lat' dir='ltr'><strong>ut</strong></span> <span class='ocrx_word' id='word_1_600' title='bbox 1762 4433 1816 4488; x_wconf 89' lang='lat' dir='ltr'><strong>in</strong></span> <span class='ocrx_word' id='word_1_601' title='bbox 1844 4434 1959 4505; x_wconf 90' lang='lat' dir='ltr'><strong>ejus</strong></span> <span class='ocrx_word' id='word_1_602' title='bbox 1989 4435 2059 4490; x_wconf 91' lang='lat' dir='ltr'><strong>sit</strong></span> <span class='ocrx_word' id='word_1_603' title='bbox 2085 4437 2313 4494; x_wconf 85' lang='lat' dir='ltr'><strong>arbitrio</strong></span> <span class='ocrx_word' id='word_1_604' title='bbox 2358 4439 2629 4493; x_wconf 89' lang='lat' dir='ltr'><strong>restitutio</strong></span> <span class='ocrx_word' id='word_1_605' title='bbox 2659 4439 2826 4510; x_wconf 90' lang='lat' dir='ltr'><strong>ipsius</strong></span> <span class='ocrx_word' id='word_1_606' title='bbox 2873 4444 2924 4497; x_wconf 91' lang='lat' dir='ltr'><strong>in</strong></span> <span class='ocrx_word' id='word_1_607' title='bbox 2970 4445 3124 4516; x_wconf 90' lang='lat' dir='ltr'><strong>cujus</strong></span> <span class='ocrx_word' id='word_1_608' title='bbox 3162 4461 3258 4516; x_wconf 86' lang='lat' dir='ltr'><strong>po-</strong></span> 
     </span>
    </p>
   </div>
   <div class='ocr_carea' id='block_1_92' title="bbox 1675 4522 3254 4602">
    <p class='ocr_par' dir='ltr' id='par_1_92' title="bbox 1675 4522 3254 4602">
     <span class='ocr_line' id='line_1_92' title="bbox 1675 4522 3254 4602; baseline 0.008 -26"><span class='ocrx_word' id='word_1_609' title='bbox 1675 4530 1868 4579; x_wconf 88' lang='lat' dir='ltr'><strong>testate</strong></span> <span class='ocrx_word' id='word_1_610' title='bbox 1909 4522 2027 4593; x_wconf 91' lang='lat' dir='ltr'><strong>ejus</strong></span> <span class='ocrx_word' id='word_1_611' title='bbox 2076 4523 2180 4580; x_wconf 89' lang='lat' dir='ltr'><strong>fuit</strong></span> <span class='ocrx_word' id='word_1_612' title='bbox 2226 4526 2482 4597; x_wconf 89' lang='lat' dir='ltr'><strong>abjectio,</strong></span> <span class='ocrx_word' id='word_1_613' title='bbox 2530 4529 2633 4583; x_wconf 90' lang='lat' dir='ltr'><strong>hoc</strong></span> <span class='ocrx_word' id='word_1_614' title='bbox 2661 4537 2765 4596; x_wconf 83' lang='lat' dir='ltr'><strong>est,</strong></span> <span class='ocrx_word' id='word_1_615' title='bbox 2818 4541 2876 4585; x_wconf 92' lang='lat' dir='ltr'><strong>ut</strong></span> <span class='ocrx_word' id='word_1_616' title='bbox 2908 4535 3123 4602; x_wconf 84' lang='lat' dir='ltr'><strong>quando</strong></span> <span class='ocrx_word' id='word_1_617' title='bbox 3171 4536 3254 4590; x_wconf 83' lang='lat' dir='ltr'><strong>vel</strong></span> 
     </span>
    </p>
   </div>
   <div class='ocr_carea' id='block_1_93' title="bbox 1677 4613 3260 4694">
    <p class='ocr_par' dir='ltr' id='par_1_93' title="bbox 1677 4613 3260 4694">
     <span class='ocr_line' id='line_1_93' title="bbox 1677 4613 3260 4694; baseline 0.008 -27"><span class='ocrx_word' id='word_1_618' title='bbox 1677 4613 1817 4669; x_wconf 91' lang='lat' dir='ltr'><strong>idem</strong></span> <span class='ocrx_word' id='word_1_619' title='bbox 1844 4613 2241 4685; x_wconf 86' lang='lat' dir='ltr'><strong>Exuperantius</strong></span> <span class='ocrx_word' id='word_1_620' title='bbox 2275 4617 2621 4684; x_wconf 86' lang='lat' dir='ltr'><strong>satisfecerit,</strong></span> <span class='ocrx_word' id='word_1_621' title='bbox 2645 4621 2728 4676; x_wconf 91' lang='lat' dir='ltr'><strong>vel</strong></span> <span class='ocrx_word' id='word_1_622' title='bbox 2755 4623 3004 4694; x_wconf 87' lang='lat' dir='ltr'><strong>episcopo</strong></span> <span class='ocrx_word' id='word_1_623' title='bbox 3030 4623 3260 4680; x_wconf 75' lang='lat' dir='ltr'><strong>Triferin</strong></span> 
     </span>
    </p>
   </div>
   <div class='ocr_carea' id='block_1_94' title="bbox 1676 4704 3256 4785">
    <p class='ocr_par' dir='ltr' id='par_1_94' title="bbox 1676 4704 3256 4785">
     <span class='ocr_line' id='line_1_94' title="bbox 1676 4704 3256 4785; baseline 0.006 -26"><span class='ocrx_word' id='word_1_624' title='bbox 1676 4704 1850 4760; x_wconf 89' lang='lat' dir='ltr'><strong>visum</strong></span> <span class='ocrx_word' id='word_1_625' title='bbox 1892 4704 2089 4771; x_wconf 83' lang='lat' dir='ltr'><strong>fuerit,</strong></span> <span class='ocrx_word' id='word_1_626' title='bbox 2124 4715 2251 4763; x_wconf 92' lang='lat' dir='ltr'><strong>tunc</strong></span> <span class='ocrx_word' id='word_1_627' title='bbox 2296 4711 2528 4779; x_wconf 85' lang='lat' dir='ltr'><strong>gratiam</strong></span> <span class='ocrx_word' id='word_1_628' title='bbox 2576 4715 2972 4770; x_wconf 89' lang='lat' dir='ltr'><strong>communionis</strong></span> <span class='ocrx_word' id='word_1_629' title='bbox 3006 4717 3256 4785; x_wconf 89' lang='lat' dir='ltr'><strong>accipiat.</strong></span> 
     </span>
    </p>
   </div>
   <div class='ocr_carea' id='block_1_95' title="bbox 1754 4816 3263 4895">
    <p class='ocr_par' dir='ltr' id='par_1_95' title="bbox 1754 4816 3263 4895">
     <span class='ocr_line' id='line_1_95' title="bbox 1754 4816 3263 4895; baseline 0.007 -23"><span class='ocrx_word' id='word_1_630' title='bbox 1754 4817 1817 4872; x_wconf 82' lang='lat' dir='ltr'><strong>V.</strong></span> <span class='ocrx_word' id='word_1_631' title='bbox 1843 4816 1978 4873; x_wconf 93' lang='lat' dir='ltr'><strong>lllud</strong></span> <span class='ocrx_word' id='word_1_632' title='bbox 2006 4819 2248 4874; x_wconf 88' lang='lat' dir='ltr'><strong>decrevit</strong></span> <span class='ocrx_word' id='word_1_633' title='bbox 2270 4829 2534 4889; x_wconf 86' lang='lat' dir='ltr'><strong>praeterea</strong></span> <span class='ocrx_word' id='word_1_634' title='bbox 2559 4826 2988 4894; x_wconf 86' lang='lat' dir='ltr'><strong>sanctasynodus</strong></span> <span class='ocrx_word' id='word_1_635' title='bbox 3007 4868 3020 4889; x_wconf 90' lang='lat'><strong>,</strong></span> <span class='ocrx_word' id='word_1_636' title='bbox 3052 4833 3108 4879; x_wconf 88' lang='lat' dir='ltr'><strong>ut</strong></span> <span class='ocrx_word' id='word_1_637' title='bbox 3129 4840 3263 4895; x_wconf 84' lang='lat' dir='ltr'><strong>quo-</strong></span> 
     </span>
    </p>
   </div>
   <div class='ocr_carea' id='block_1_96' title="bbox 1681 4909 3260 4984">
    <p class='ocr_par' dir='ltr' id='par_1_96' title="bbox 1681 4909 3260 4984">
     <span class='ocr_line' id='line_1_96' title="bbox 1681 4909 3260 4984; baseline 0.003 -18"><span class='ocrx_word' id='word_1_638' title='bbox 1681 4911 1826 4966; x_wconf 89' lang='lat' dir='ltr'><strong>niam</strong></span> <span class='ocrx_word' id='word_1_639' title='bbox 1871 4909 2074 4984; x_wconf 84' lang='lat' dir='ltr'><strong>legatos</strong></span> <span class='ocrx_word' id='word_1_640' title='bbox 2103 4912 2338 4983; x_wconf 88' lang='lat' dir='ltr'><strong>episcopi</strong></span> <span class='ocrx_word' id='word_1_641' title='bbox 2373 4913 2670 4968; x_wconf 85' lang='lat' dir='ltr'><strong>Galliarum</strong></span> <span class='ocrx_word' id='word_1_642' title='bbox 2699 4915 2790 4983; x_wconf 93' lang='lat' dir='ltr'><strong>qui</strong></span> <span class='ocrx_word' id='word_1_643' title='bbox 2819 4915 2985 4973; x_wconf 85' lang='lat' dir='ltr'><strong>Felici</strong></span> <span class='ocrx_word' id='word_1_644' title='bbox 3014 4932 3260 4972; x_wconf 88' lang='lat' dir='ltr'><strong>commu-</strong></span> 
     </span>
    </p>
   </div>
   <div class='ocr_carea' id='block_1_97' title="bbox 1684 4999 3266 5071">
    <p class='ocr_par' dir='ltr' id='par_1_97' title="bbox 1684 4999 3266 5071">
     <span class='ocr_line' id='line_1_97' title="bbox 1684 4999 3266 5071; baseline 0.001 -15"><span class='ocrx_word' id='word_1_645' title='bbox 1684 5003 1866 5057; x_wconf 88' lang='lat' dir='ltr'><strong>nicant</strong></span> <span class='ocrx_word' id='word_1_646' title='bbox 1901 5002 2258 5066; x_wconf 87' lang='lat' dir='ltr'><strong>destinarunt,</strong></span> <span class='ocrx_word' id='word_1_647' title='bbox 2282 5009 2340 5054; x_wconf 90' lang='lat' dir='ltr'><strong>ut</strong></span> <span class='ocrx_word' id='word_1_648' title='bbox 2374 5004 2419 5057; x_wconf 90' lang='lat' dir='ltr'><strong>si</strong></span> <span class='ocrx_word' id='word_1_649' title='bbox 2454 5004 2577 5071; x_wconf 88' lang='lat' dir='ltr'><strong>quis</strong></span> <span class='ocrx_word' id='word_1_650' title='bbox 2620 5001 2690 5055; x_wconf 88' lang='lat' dir='ltr'><strong>ab</strong></span> <span class='ocrx_word' id='word_1_651' title='bbox 2724 4999 2841 5069; x_wconf 90' lang='lat' dir='ltr'><strong>ejus</strong></span> <span class='ocrx_word' id='word_1_652' title='bbox 2887 5004 3266 5062; x_wconf 88' lang='lat' dir='ltr'><strong>communione</strong></span> 
     </span>
    </p>
   </div>
   <div class='ocr_carea' id='block_1_98' title="bbox 1688 5093 3265 5166">
    <p class='ocr_par' dir='ltr' id='par_1_98' title="bbox 1688 5093 3265 5166">
     <span class='ocr_line' id='line_1_98' title="bbox 1688 5093 3265 5166; baseline -0.001 -16"><span class='ocrx_word' id='word_1_653' title='bbox 1688 5110 1748 5150; x_wconf 89' lang='lat' dir='ltr'><strong>se</strong></span> <span class='ocrx_word' id='word_1_654' title='bbox 1801 5093 2032 5148; x_wconf 89' lang='lat' dir='ltr'><strong>voluerit</strong></span> <span class='ocrx_word' id='word_1_655' title='bbox 2084 5101 2445 5164; x_wconf 84' lang='lat' dir='ltr'><strong>sequestrare,</strong></span> <span class='ocrx_word' id='word_1_656' title='bbox 2485 5096 2536 5147; x_wconf 90' lang='lat' dir='ltr'><strong>in</strong></span> <span class='ocrx_word' id='word_1_657' title='bbox 2593 5103 2796 5148; x_wconf 57' lang='lat' dir='ltr'><strong>saneta</strong></span> <span class='ocrx_word' id='word_1_658' title='bbox 2850 5099 3001 5166; x_wconf 91' lang='lat' dir='ltr'><strong>pacis</strong></span> <span class='ocrx_word' id='word_1_659' title='bbox 3047 5111 3265 5150; x_wconf 86' lang='lat' dir='ltr'><strong>consor-</strong></span> 
     </span>
    </p>
   </div>
   <div class='ocr_carea' id='block_1_99' title="bbox 58 5178 3274 5284">
    <p class='ocr_par' dir='ltr' id='par_1_99' title="bbox 58 5178 3274 5284">
     <span class='ocr_line' id='line_1_99' title="bbox 58 5178 3274 5262; baseline 0.007 -46"><span class='ocrx_word' id='word_1_660' title='bbox 58 5178 420 5240; x_wconf 81' lang='lat' dir='ltr'><strong>comprobaverit</strong></span> <span class='ocrx_word' id='word_1_661' title='bbox 461 5205 614 5244; x_wconf 80' lang='lat' dir='ltr'><strong>suam</strong></span> <span class='ocrx_word' id='word_1_662' title='bbox 649 5189 926 5244; x_wconf 79' lang='lat' dir='ltr'><strong>civitatem</strong></span> <span class='ocrx_word' id='word_1_663' title='bbox 964 5205 1083 5246; x_wconf 83' lang='lat' dir='ltr'><strong>esse</strong></span> <span class='ocrx_word' id='word_1_664' title='bbox 1117 5194 1494 5262; x_wconf 63' lang='lat' dir='ltr'><strong>metropoli&quot;);</strong></span> <span class='ocrx_word' id='word_1_665' title='bbox 1531 5197 1577 5250; x_wconf 84' lang='lat' dir='ltr'><strong>is</strong></span> <span class='ocrx_word' id='word_1_666' title='bbox 1607 5185 1656 5244; x_wconf 89' lang='lat' dir='ltr'><strong>D</strong></span> <span class='ocrx_word' id='word_1_667' title='bbox 1689 5188 1816 5240; x_wconf 88' lang='lat' dir='ltr'><strong>tium</strong></span> <span class='ocrx_word' id='word_1_668' title='bbox 1861 5184 2359 5254; x_wconf 81' lang='lat' dir='ltr'><strong>suscipiaturjuxta</strong></span> <span class='ocrx_word' id='word_1_669' title='bbox 2398 5184 2608 5239; x_wconf 85' lang='lat' dir='ltr'><strong>litteras</strong></span> <span class='ocrx_word' id='word_1_670' title='bbox 2640 5186 2965 5246; x_wconf 78' lang='lat' dir='ltr'><strong>venerabilis</strong></span> <span class='ocrx_word' id='word_1_671' title='bbox 3002 5186 3274 5242; x_wconf 76' lang='lat' dir='ltr'><strong>memoriae</strong></span> 
     </span>
     <span class='ocr_line' id='line_1_100' title="bbox 60 5258 3246 5284; baseline 0 0"><span class='ocrx_word' id='word_1_672' title='bbox 60 5258 177 5284; x_wconf 74' lang='grc' dir='ltr'><strong>Ιηιζ..-</strong></span> <span class='ocrx_word' id='word_1_673' title='bbox 201 5280 251 5284; x_wconf 34' lang='grc' dir='ltr'><strong>..-ν</strong></span> <span class='ocrx_word' id='word_1_674' title='bbox 321 5272 331 5282; x_wconf 73' lang='grc' dir='ltr'><strong><em>ο</em></strong></span> <span class='ocrx_word' id='word_1_675' title='bbox 403 5275 414 5284; x_wconf 93' lang='grc'>.</span> <span class='ocrx_word' id='word_1_676' title='bbox 491 5280 502 5284; x_wconf 85' lang='grc'><strong>-</strong></span> <span class='ocrx_word' id='word_1_677' title='bbox 856 5280 867 5284; x_wconf 86' lang='grc'><strong>-</strong></span> <span class='ocrx_word' id='word_1_678' title='bbox 1115 5283 1125 5284; x_wconf 31' lang='grc' dir='ltr'><em>κ</em></span> <span class='ocrx_word' id='word_1_679' title='bbox 1175 5281 1187 5284; x_wconf 85' lang='grc'><strong>-</strong></span> <span class='ocrx_word' id='word_1_680' title='bbox 1689 5277 1700 5284; x_wconf 77' lang='grc'>.</span> <span class='ocrx_word' id='word_1_681' title='bbox 1779 5276 1790 5284; x_wconf 92' lang='grc'><em>.</em></span> <span class='ocrx_word' id='word_1_682' title='bbox 1908 5273 1940 5284; x_wconf 74' lang='grc' dir='ltr'>η</span> <span class='ocrx_word' id='word_1_683' title='bbox 2042 5273 2051 5284; x_wconf 86' lang='grc'><strong><em>.</em></strong></span> <span class='ocrx_word' id='word_1_684' title='bbox 2191 5273 2201 5283; x_wconf 80' lang='lat'><strong>.</strong></span> <span class='ocrx_word' id='word_1_685' title='bbox 2317 5271 2329 5284; x_wconf 81' lang='grc' dir='ltr'>ι</span> <span class='ocrx_word' id='word_1_686' title='bbox 2373 5273 2410 5284; x_wconf 62' lang='grc' dir='ltr'><strong>-νι</strong></span> <span class='ocrx_word' id='word_1_687' title='bbox 2687 5272 2724 5284; x_wconf 69' lang='lat' dir='ltr'><strong>n</strong></span> <span class='ocrx_word' id='word_1_688' title='bbox 2794 5273 2806 5284; x_wconf 83' lang='grc'><strong>-</strong></span> <span class='ocrx_word' id='word_1_689' title='bbox 2880 5279 2890 5284; x_wconf 85' lang='grc'><strong>-</strong></span> <span class='ocrx_word' id='word_1_690' title='bbox 3157 5274 3167 5284; x_wconf 89' lang='grc'>.</span> <span class='ocrx_word' id='word_1_691' title='bbox 3233 5273 3246 5284; x_wconf 77' lang='lat'><em>.</em></span> 
     </span>
    </p>
   </div>
   <div class='ocr_carea' id='block_1_100' title="bbox 60 5258 1164 5300">
    <p class='ocr_par' dir='ltr' id='par_1_100' title="bbox 60 5258 1164 5300">
     <span class='ocr_line' id='line_1_101' title="bbox 60 5258 1164 5300; baseline 0 0"><span class='ocrx_word' id='word_1_692' title='bbox 60 5258 180 5300; x_wconf 66' lang='lat' dir='ltr'><strong>Ulli&quot;:</strong></span> <span class='ocrx_word' id='word_1_693' title='bbox 201 5272 458 5300; x_wconf 64' lang='grc' dir='ltr'><strong>ηνηυέηηξ..</strong></span> <span class='ocrx_word' id='word_1_694' title='bbox 491 5280 514 5300; x_wconf 38' lang='grc' dir='ltr'><strong>ιν</strong></span> <span class='ocrx_word' id='word_1_695' title='bbox 537 5295 749 5300; x_wconf 48' lang='lat' dir='ltr'><strong>,-_-_-M</strong></span> <span class='ocrx_word' id='word_1_696' title='bbox 787 5280 1042 5300; x_wconf 27' lang='lat' dir='ltr'><strong>-..e_..-.n--</strong></span> <span class='ocrx_word' id='word_1_697' title='bbox 1090 5283 1128 5300; x_wconf 77' lang='grc' dir='ltr'><strong>,ι</strong></span> <span class='ocrx_word' id='word_1_698' title='bbox 1153 5290 1164 5300; x_wconf 92' lang='grc'><em>.</em></span> 
     </span>
    </p>
   </div>
   <div class='ocr_carea' id='block_1_101' title="bbox 2250 5271 2757 5300">
    <p class='ocr_par' dir='ltr' id='par_1_101' title="bbox 2250 5271 2757 5300">
     <span class='ocr_line' id='line_1_102' title="bbox 2250 5271 2757 5300; baseline 0 0"><span class='ocrx_word' id='word_1_699' title='bbox 2250 5271 2329 5300; x_wconf 65' lang='grc'><strong>11111</strong></span> <span class='ocrx_word' id='word_1_700' title='bbox 2373 5273 2630 5300; x_wconf 46' lang='lat' dir='ltr'><strong>&quot;Acuca-II“</strong></span> <span class='ocrx_word' id='word_1_701' title='bbox 2687 5272 2757 5300; x_wconf 63' lang='lat' dir='ltr'><strong>[A‘n</strong></span> 
     </span>
    </p>
   </div>
   <div class='ocr_carea' id='block_1_102' title="bbox 3024 5274 3276 5300">
    <p class='ocr_par' dir='ltr' id='par_1_102' title="bbox 3024 5274 3276 5300">
     <span class='ocr_line' id='line_1_103' title="bbox 3024 5274 3276 5300; baseline 0 0"><span class='ocrx_word' id='word_1_702' title='bbox 3024 5293 3035 5300; x_wconf 41' lang='grc' dir='ltr'><strong>λ</strong></span> <span class='ocrx_word' id='word_1_703' title='bbox 3065 5274 3276 5300; x_wconf 59' lang='lat' dir='ltr'><strong>.A—Jnl:n</strong></span> 
     </span>
    </p>
   </div>
   <div class='ocr_carea' id='block_1_103' title="bbox 1723 5273 2936 5300">
    <p class='ocr_par' dir='ltr' id='par_1_103' title="bbox 1723 5273 2936 5300">
     <span class='ocr_line' id='line_1_104' title="bbox 1723 5273 2936 5300; baseline 0 0"><span class='ocrx_word' id='word_1_704' title='bbox 1723 5273 1940 5300; x_wconf 56' lang='grc' dir='ltr'><strong>-..ιιι-ΛΑῘῖ</strong></span> <span class='ocrx_word' id='word_1_705' title='bbox 1972 5273 2202 5300; x_wconf 64' lang='lat' dir='ltr'><strong>nn:nnnn:</strong></span> <span class='ocrx_word' id='word_1_706' title='bbox 2250 5273 2329 5300; x_wconf 67' lang='lat' dir='ltr'><strong>t&#39;nl</strong></span> <span class='ocrx_word' id='word_1_707' title='bbox 2373 5273 2630 5300; x_wconf 50' lang='lat' dir='ltr'><strong>Dn.~.n-nnn</strong></span> <span class='ocrx_word' id='word_1_708' title='bbox 2687 5273 2936 5300; x_wconf 60' lang='lat' dir='ltr'><strong>L‘nn‘no.!_..</strong></span> 
     </span>
    </p>
   </div>
  </div>
