3910 6440
587 368 690 427 38¹1

1403 368 1690 423 APPEND.
1720 368 1810 424 AD
1851 368 2024 425 SEC.
2058 370 2149 424 IX.
2189 401 2259 413 —
2287 371 2535 430 lSlDORl
2572 373 3010 430 MEllCATORlS
3717 387 3798 445 333

588 484 831 542 ecclesia:
876 484 928 539 in
968 484 1072 541 alio
1099 482 1268 553 gradu
1300 481 1492 537 audeat
1519 481 1773 539 ordinare
1811 495 1984 551 neque
2014 481 2160 552 abje-
2188 490 2235 546 Α
2264 486 2498 556 majores
2516 486 2715 557 gradus
2741 486 2988 542 ordinum
3027 490 3405 557 permittantur
3433 489 3527 565 [f.]
3554 505 3794 565 accedant,

588 586 733 631 ctum
762 576 982 644 recipiat
1017 576 1071 629 in
1101 574 1551 629 communionem.

660 666 768 723 Vll.
811 666 876 723 Hi
936 677 1115 722 autem
1156 666 1247 734 qui
1277 672 1465 721 contra
1498 664 1846 719 interdictum
1875 671 2001 719 sunt
2021 664 2164 720 ordi-

530 804 536 811 .
589 759 721 824 nati,
772 759 856 814 vel
904 759 955 813 in
1010 756 1308 812 ministerio
1380 761 1683 825 genuerunt
1737 752 1876 808 ﬁlios
1908 793 1922 817 ,
1993 768 2061 809 ne
2094 755 2162 809 ad

2269 576 2457 647 synodi
2505 576 2745 633 decrevit
2780 579 3096 635 auctoritas.
3133 578 3436 638 Incolumes
3461 596 3557 639 vos
3578 584 3799 645 Dominus

2268 673 2452 720 noster
2484 681 2599 722 aevo
2646 665 2957 737 longissimo
2977 683 3294 729 conservare
3320 671 3594 744 dignetur,
3629 676 3795 734 domini

2266 752 2464 810 fratres
2494 756 2850 812 dilectissimi.

607 948 3767 977 Mm

1469 1072 1810 1132 INCIPIUNT
1846 1071 2187 1130 CAPITULA
2220 1070 2510 1130 CONCILII
2561 1068 2945 1128 REGIENSIS.

654 1254 706 1307 l.
748 1252 820 1308 Ut
845 1251 1082 1322 perversi
1112 1250 1450 1307 ordinatores
1476 1248 1636 1306 nullis
1659 1249 1836 1306 denuo
1861 1249 2157 1305 ordinatio-

585 1344 744 1398 nibus
767 1344 1037 1400 intersint.

651 1432 706 1487 2.
765 1432 837 1488 Ut
880 1447 910 1487 a
954 1430 1161 1488 duobus
1206 1431 1473 1503 episcopis
1542 1430 1823 1487 ordinatus
1873 1429 2157 1500 aliquando

582 1520 862 1591 episcopus
885 1521 1054 1591 possit
1087 1536 1191 1576 non
1222 1535 1362 1576 esse.

652 1612 705 1667 5.
746 1613 823 1667 De
856 1612 1126 1667 haereticis
1171 1621 1227 1667 et
1270 1611 1633 1667 schismatieis
1679 1612 1969 1682 episcopis,
1993 1625 2037 1665 si
2083 1621 2150 1664 an

582 1702 901 1758 catholicam
972 1702 1129 1757 ﬁdem
1197 1700 1463 1767 venerint,
1529 1700 1661 1772 quid
1716 1700 1993 1756 observari
2061 1699 2153 1755 de-

583 1790 727 1847 beat.

2335 1245 2385 1300 ι.
2430 1244 2499 1300 Ut
2525 1244 2806 1313 episcopus
2826 1250 2880 1298 et
2909 1178 3571 1300 benedicirt'et‘ﬁon‘ﬁrmet
3595 1203 3788 1319 {imply-

2261 1347 2397 1391 tum.

2334 1423 2388 1479 5.
2434 1422 2818 1493 Utepiscopus,
2847 1436 2972 1477 cum
2986 1421 3259 1494 sepelierit
3281 1420 3615 1493 episcopum,
3642 1438 3789 1480 curam

2261 1512 2458 1567 habeat
2483 1510 2723 1567 ecclesiae
2762 1510 2950 1579 ipsius.
3360 1512 3363 1513 ⁷

2330 1602 2384 1658 6.
2423 1601 2495 1658 Ut
2539 1603 2741 1691 absque
2797 1602 3191 1688 metropontani
3235 1601 3559 1691 litterismet
3609 1617 3789 1658 consen~

2252 1708 2313 1749 su
2348 1733 2362 1758 ,
2423 1692 2601 1748 nullus
2649 1687 2870 1749 accedat
2917 1675 3352 1750 adtdestitutam'
3383 1675 3658 1751 ecclesiam
3700 1699 3781 1766 epi-

2259 1802 2414 1857 copo.

1274 2036 1732 2126 INCIPIT
1800 2035 2459 2141 CONCILIUM
2538 2040 3159 2133 REGIENSE.

652 2340 763 2397 Sub
805 2336 1221 2409 imperatoribus
1250 2334 1552 2390 Theodosio
1587 2331 1805 2402 iuniore
1830 2341 1885 2388 et
1909 2331 2152 2388 Valenti-
2180 2315 2224 2375 Β
2255 2330 2396 2398 quod
2423 2331 2653 2390 clericus
2692 2335 2950 2393 innocens
2975 2336 3269 2411 disciplima
3300 2340 3385 2413 (ut
3409 2344 3674 2415 probatum
3704 2352 3780 2412 est;

580 2433 760 2497 niano,
790 2429 1090 2487 Theodosio
1123 2427 1353 2497 septimo
1376 2435 1432 2482 et
1459 2425 1620 2482 Festo
1650 2424 1990 2489 consulibus,
2029 2439 2153 2479 cum

578 2525 632 2579 in
686 2523 962 2578 voluntate
1012 2519 1221 2576 Domini
1296 2518 1434 2588 apud
1497 2516 1819 2587 Regiensem
1867 2514 2151 2570 ecclesiam

577 2612 1012 2668 eonvenissemus
1032 2650 1047 2675 ,
1089 2618 1145 2663 et
1170 2605 1613 2679 transgressionis
1640 2605 1779 2676 apud
1803 2603 2153 2659 Ebreduncn-

580 2718 692 2759 sem
721 2702 1004 2758 ecclesiam
1044 2699 1240 2755 habitae
1285 2698 1583 2753 remedium
1632 2704 1966 2767 quaereretur
1990 2736 2003 2760 ,
2045 2711 2149 2765 qua

578 2792 781 2846 sanctis
822 2790 1077 2846 Ecclesia:
1104 2788 1422 2854 canonibus,
1475 2803 1537 2843 ac
1572 2788 1884 2843 reverendis
1929 2788 2148 2841 Patrum

578 2883 1050 2941 constitutionibus
1085 2881 1230 2936 omni
1253 2888 1408 2951 parte
1435 2879 1693 2950 neglectis
1712 2920 1726 2943 ,
1757 2880 1959 2948 absque
1989 2878 2148 2932 trium

579 2975 899 3046 praesentia,
948 2974 1151 3044 absque
1210 2970 1616 3042 provincialium
1680 2968 1895 3033 litteris,
1948 2969 2149 3037 absque

582 3064 979 3136 metrOpolitani
1010 3063 1331 3119 auctoritate
1376 3061 1583 3116 irritam
1628 3059 1985 3116 ordinationis
2029 3073 2149 3129 spe-

580 3157 718 3212 ciem
764 3170 795 3209 a
840 3154 1049 3209 duobus
1097 3161 1299 3207 temere
1350 3149 1795 3207 convenientibus
1846 3147 1955 3218 92
2011 3162 2151 3218 prae-

580 3261 847 3322 sumptam
875 3263 994 3307 esse
1021 3248 1255 3304 clarebat
1282 3287 1295 3312 ,
1325 3260 1428 3300 non
1456 3246 1633 3301 minus
1658 3242 1858 3299 doloris
1900 3241 1967 3297 de
2010 3256 2148 3312 prae-

578 3354 791 3413 sumpto
828 3341 976 3412 lapsu
1025 3355 1188 3411 quam
1234 3338 1299 3394 de
1339 3336 1583 3392 ecclesia:
1610 3335 1776 3405 ipsius
1798 3332 2148 3391 convulsione

575 3436 626 3490 in
676 3434 984 3506 pectoribus
1028 3431 1267 3486 omnium
1308 3428 1511 3483 diutina
1549 3426 1833 3482 collatione
1877 3433 2148 3480 versatum

572 3536 676 3581 est.
725 3527 963 3581 Primum
995 3526 1174 3595 itaque
1219 3523 1341 3592 quia
1371 3536 1477 3576 non
1499 3517 1812 3586 ulciscendi,
1841 3517 1933 3573 sed
1966 3530 2140 3571 reme-

577 3617 757 3671 diamli
790 3616 1028 3671 studium
1059 3622 1192 3669 nutu
1236 3610 1445 3666 Domini
1494 3609 1864 3664 universorum
1913 3603 2147 3677 pectori-

577 3707 677 3762 bus
702 3721 924 3777 prorsus
947 3703 1268 3761 sacet‘dotali
1295 3700 1522 3758 consilio
1543 3698 1898 3757 insederatJn
1913 3668 2148 3752 -sermo-
2172 3668 2218 3730 Ο

576 3797 735 3850 nibus
756 3796 984 3864 singulis
1034 3808 1133 3865 pro
1171 3793 1371 3862 pietate
1408 3797 1689 3860 perspecta
1738 3786 1950 3858 patuit,
2004 3784 2149 3857 quod

572 3889 713 3942 sicut
737 3886 967 3956 reproba
1004 3899 1123 3956 quae
1143 3890 1469 3955 praesumpta
1493 3886 1687 3934 essent
1728 3878 1782 3932 in
1812 3876 2025 3932 irritum
2056 3875 2153 3931 de-

574 3979 836 4043 vocanda,
858 3978 929 4032 ita
945 3990 1037 4032 eos
1052 3975 1141 4045 qui
1159 3973 1388 4044 reproba
1402 3968 1886 4043 praesumpsissent,
1903 3965 2148 4037 quamvis

572 4066 902 4123 confundere
941 4078 1169 4121 censura
1198 4069 1415 4133 cogeret
1454 4057 1710 4114 charitati
1745 4056 1932 4112 liceret
1972 4053 2148 4110 abso!-

572 4172 731 4223 vere,
760 4156 1061 4227 praesertim
1105 4168 1227 4208 cum
1268 4152 1321 4207 lii
1361 4150 1452 4222 qui
1491 4150 1543 4205 in
1578 4157 1689 4203 tam
1721 4161 1977 4217 perversa
2019 4145 2148 4201 inci-

573 4249 781 4305 dissent
824 4262 855 4302 a
895 4247 1068 4320 primo
1114 4243 1264 4315 lapsu
1294 4241 1459 4313 ipsius
1505 4238 1609 4296 diei
1652 4237 1905 4294 adhibitis
1948 4237 2146 4307 passim

572 4339 823 4410 precibus
867 4337 1078 4408 culpam
1123 4334 1223 4391 sibi
1274 4331 1600 4404 ptenitentes
1630 4370 1643 4396 ,
1695 4337 1787 4383 aut
1833 4327 2148 4399 ignorantia:

572 4428 953 4501 proscriptioni
994 4428 1369 4498 imputassent,
1397 4423 1521 4494 quia
1564 4421 1685 4476 etsi
1723 4418 1987 4474 inveniale
2024 4432 2144 4473 cre-

573 4521 791 4575 deretur
846 4517 1182 4575 sacerdotem
1232 4512 1586 4571 sacerdotalia
1620 4518 1822 4565 statuta
1886 4509 2145 4574 nescisse,

571 4607 745 4665 levius
772 4619 950 4664 tamen
1001 4616 1118 4662 erat
1156 4620 1316 4676 quam
1358 4603 1403 4659 si
1433 4618 1525 4658 ore
1567 4600 1860 4671 impudenti
1890 4598 2150 4655 laterem"

573 4716 633 4758 se
656 4711 778 4757 nota
808 4700 1066 4757 calcasse.

642 4793 776 4850 Car.
819 4793 858 4847 Ι.
898 4792 1030 4846 Item
1051 4804 1144 4844 eos
1165 4787 1254 4858 qui
1281 4794 1387 4841 tam
1414 4784 1685 4840 incondita
1704 4791 1889 4838 actam
1915 4780 2146 4835 instabi-

576 4887 643 4941 lia
685 4892 1106 4955 usurpaverant,
1136 4878 1337 4950 placuit
1361 4876 1743 4932 misericordia:
1784 4882 1839 4929 et
1865 4870 2147 4928 charitatis

571 4991 800 5032 occursu
830 4977 901 5029 ita
936 4975 986 5027 in
1012 4969 1442 5028 communionem
1479 4966 1925 5033 dilectionemque
1956 4961 2144 5031 recipi,
2180 5010 2225 5068 υ

578 5078 634 5121 ιιι
659 5069 855 5121 scirent
880 5064 1170 5121 secundum
1197 5068 1469 5116 recentem
1497 5068 1551 5111 et
1578 5054 1984 5109 saluberrimam
2010 5050 2150 5105 Tau-

579 5156 767 5209 rinatis
794 5153 977 5225 synodi
1004 5150 1366 5206 deﬁnitionem
1399 5146 1465 5201 ad
1498 5151 1806 5214 perpetuam
1851 5140 1973 5194 vita!
1998 5139 2150 5193 istius

577 5246 923 5303 sull‘usionem
950 5242 1107 5298 nullis
1129 5258 1186 5298 se
1207 5242 1274 5297 de
1295 5248 1493 5296 caetero
1514 5232 1960 5294 ordinationibus,
1991 5228 2152 5284 nullis

577 5334 867 5391 ordinariis
902 5332 1107 5388 futuros
1142 5333 1403 5387 interesse
1445 5324 1702 5388 consiliis,
1733 5322 1858 5392 quia
1901 5320 2029 5375 nihil
2060 5335 2148 5373 sa-

579 5429 730 5483 lubre
773 5427 840 5481 ab
882 5424 986 5478 illis
1023 5422 1360 5478 statuendum
1396 5422 1820 5487 exspectaretur,
1860 5413 1948 5481 qui
1993 5419 2152 5464 tantae

579 5514 945 5587 occupationis
999 5523 1110 5568 tam
1167 5508 1479 5567 detestanda
1540 5504 1779 5573 exempla
1816 5502 2151 5573 prtebuerant

582 5608 950 5665 Eliredunensi
997 5605 1258 5662 ecclesia.
1304 5603 1441 5656 Ante
1475 5599 1654 5654 omnia
1692 5605 1902 5650 mature
1937 5593 2108 5646 visum
2134 5630 2149 5655 ,

580 5698 985 5763 consulendum,
1014 5698 1136 5767 quia
1177 5701 1406 5764 quatuor
1443 5691 1507 5745 de
1535 5687 1736 5744 biennii
1775 5683 2044 5739 mensibus
2070 5695 2154 5735 sa-

581 5794 798 5847 cerdote
832 5792 1065 5859 legitimo
1096 5788 1345 5843 destituta
1385 5783 1486 5835 hoc
1521 5780 1736 5849 gravius
1769 5782 2150 5843 a‘grotaverat.

2253 2436 2463 2478 memor
2485 2426 2837 2495 quorumdam
2860 2428 3162 2496 insolentia,
3180 2445 3245 2487 ac
3265 2433 3414 2488 varia
3428 2434 3777 2503 perturbatione

2252 2524 2495 2582 vexatus,
2525 2517 2686 2572 etiam
2720 2518 2772 2573 in
2812 2521 3181 2579 sacerdotibus
3222 2537 3286 2579 ae
3324 2525 3579 2581 ministris
3609 2526 3775 2586 minas,

2250 2620 2315 2660 ae
2331 2605 2506 2677 iurgia
2535 2616 2589 2663 et
2611 2609 2715 2663 vim
2741 2612 3145 2668 acerbissimam
3164 2617 3469 2686 perniciosa
3493 2633 3647 2686 nuper
3664 2614 3774 2671 caule

2247 2699 2577 2769 pertulerat,
2611 2716 2709 2756 nec
2749 2713 2961 2774 poterat
3002 2704 3226 2762 diﬁ‘erri.
3274 2708 3540 2766 Bonorum
3570 2723 3627 2762 ac
3655 2708 3774 2762 disci-

2249 2794 2408 2864 plina:
2423 2809 2628 2849 memor
2655 2810 2722 2850 ne
2751 2795 2832 2851 vel
2863 2799 3263 2867 exspectatione
3280 2801 3523 2856 videatur
3539 2807 3770 2855 contuma-

2249 2883 2391 2939 cium
2416 2891 2473 2939 et
2494 2883 2852 2953 inquietorum
2877 2881 2997 2941 vcta
3027 2887 3265 2957 palpare,
3298 2903 3522 2959 quorum
3546 2885 3769 2955 conspira-

2249 2977 2422 3032 tiones
2451 2992 2570 3047 quie
2600 2975 2651 3030 in
2683 2980 3010 3046 prateritum
3047 2977 3330 3050 (quantum
3359 2977 3663 3050 deprehendi
3695 2989 3767 3044 po-

2251 3068 2375 3139 test)
2415 3069 2875 3123 animadversione
2913 3068 3276 3125 eeclesiastica
3319 3070 3625 3142 puniendis,
3660 3076 3706 3121 et
3730 3066 3767 3118 in

2248 3158 2485 3213 futurum
2548 3158 2917 3231 mancipandie
2968 3170 3140 3216 erant.
3191 3161 3381 3234 Itaque
3433 3160 3765 3219 ordinationem

2250 3261 2409 3318 quam
2454 3261 2689 3304 canones
2734 3248 2942 3303 irritam
2990 3248 3289 3317 deﬁniunt,
3338 3263 3438 3306 nos
3471 3262 3664 3319 quoque
3701 3259 3765 3295 va-

2248 3338 2510 3394 cuandam
2544 3353 2662 3395 esse
2694 3340 3018 3407 censuimus,
3050 3341 3103 3394 in
3137 3354 3243 3411 qua
3271 3341 3619 3411 praetermissa
3644 3336 3765 3391 trium

2246 3434 2550 3503 praisentia,
2597 3449 2696 3489 nec
2738 3436 2987 3506 expetitis
3015 3436 3538 3507 comprovincialium
3580 3431 3764 3491 litteris.

2250 3527 2641 3596 metropolitani
2665 3542 2876 3598 quoque
2898 3527 3172 3584 voluntate
3200 3529 3465 3599 neglecta,
3494 3538 3687 3598 prorsus
3704 3521 3764 3574 nio

2248 3617 2324 3673 hil
2353 3618 2496 3688 quod
2524 3618 2833 3688 episcopum
2865 3617 3083 3684 faceret,
3114 3626 3392 3676 ostensum
3423 3626 3520 3673 est.

2318 3746 2380 3803 ll.
2420 3747 2608 3818 Itaque
2656 3749 2709 3803 in
2750 3749 3023 3807 voluntate
3068 3748 3272 3822 placuit
3322 3747 3558 3812 Domini,
3604 3749 3766 3799 remoto

2252 3837 2356 3893 hoc
2412 3839 2503 3908 qui
2530 3853 2810 3908 perperam
2843 3848 3153 3911 assumptus
3175 3850 3298 3896 erat
3344 3840 3632 3911 episcopus,
3672 3829 3760 3884 ﬁeri

2248 3928 2467 3983 omnino
2505 3928 2735 3985 fratrum
2777 3930 3213 3987 constitutionem
3248 3926 3600 3988 ecclesiastica
3634 3917 3762 3976 tradi-

2250 4019 2394 4076 tione
2420 4031 2656 4088 servata;
2687 4035 2875 4077 verum
2899 4022 3026 4093 quia
3052 4023 3166 4077 haec
3194 4032 3384 4078 sancta
3435 4016 3646 4090 synodus
3664 4021 3760 4074 .Mﬂ

2248 4114 2585 4185 disciplinam
2625 4123 2832 4171 tantum
2857 4155 2875 4182 ,
2916 4116 3012 4173 sed
3054 4124 3109 4172 et
3150 4115 3562 4171 misericordiam
3604 4102 3761 4176 gessit.

2247 4221 2477 4276 eumque
2525 4216 2865 4275 occurreret,
2919 4208 3062 4278 quod
3112 4221 3172 4263 se
3226 4205 3572 4264 armentarius
3614 4195 3763 4252 diebus

2247 4301 2508 4372 proximis
2536 4301 2711 4358 eidem
2750 4301 2993 4357 ecclesiae
3038 4299 3205 4355 multa
3236 4300 3613 4356 assentatorum
3648 4286 3759 4340 inso-

2247 4371 2408 4452 lentia
2450 4395 2753 4463 retulisset,
2797 4395 3156 4451 occurrebant
3186 4403 3362 4450 tamen
3406 4387 3539 4460 quod
3567 4371 3759 4471 antesti-

2248 4487 2599 4544 monitionem
2630 4486 2969 4543 discessisset
3009 4486 3150 4554 quod
3178 4498 3208 4537 a
3238 4479 3501 4538 nonnullis
3526 4465 3759 4529 sacerdoti.

2247 4580 2365 4636 bus'
2394 4579 2449 4634 in
2499 4579 2602 4635 hoc
2646 4578 2821 4649 ipsum
2874 4575 3241 4637 conﬁrmatus,
3273 4588 3333 4629 se
3379 4570 3532 4626 etiam
3580 4558 3754 4632 ρτίηιῖε

2248 4671 2429 4728 domui
2468 4668 2807 4733 reddidisset,
2837 4666 2978 4737 quod
3020 4663 3277 4734 epistolas
3312 4662 3379 4718 ad
3405 4659 3588 4715 clerum
3622 4649 3753 4716 ipsum

2247 4763 2544 4826 emiserat,
2594 4761 2789 4831 quibus
2831 4758 3195 4828 episcopatum
3241 4767 3398 4825 quem
3443 4764 3497 4805 se
3536 4741 3752 4807 indeptum

2250 4851 2572 4925 agnoscebat
2607 4859 2857 4921 appetere
2895 4849 3331 4913 renuntiaverat,
3379 4849 3493 4900 erat
3525 4839 3571 4892 in
3604 4836 3752 4887 nomt‘n

2250 4959 2407 5000 suum
2432 4952 2642 5015 potens,
2667 4952 2722 4997 et
2751 4944 2852 4998 hoc
2881 4944 3052 5013 ipsum
3074 4940 3216 5011 quod
3239 4937 3499 4994 stabiliter
3519 4939 3567 4984 et
3586 4927 3749 5015 imprjP'

2251 5006 2521 5107 sumptum
2557 5006 2691 5098 erat,
2715 5034 2828 5103 jam
2858 5006 2984 5088 tunc
3017 5006 3376 5087 inordinatum
3401 5035 3454 5082 et
3476 5019 3657 5078 irritum
3678 5006 3747 5107 [θ’

2253 5105 2430 5182 turum
2454 5165 2469 5191 ,
2503 5133 2852 5196 protestatum
2873 5136 2995 5178 esse
3019 5123 3341 5177 conﬁrmans
3380 5117 3433 5171 in
3459 5112 3586 5167 illam
3617 5105 3750 5196 points

2255 5227 2459 5288 partem
2501 5194 2763 5270 declinata
2807 5213 3066 5269 sententia
3096 5221 3208 5277 est,
3238 5219 3296 5265 tit
3329 5202 3500 5279 juveni
3536 5194 3746 5288 040°?!"

2255 5283 2447 5363 timore
2468 5306 2674 5361 Domini
2700 5305 2822 5376 plus
2845 5303 3246 5374 sull‘ragaretur,
3277 5298 3414 5371 quod
3440 5296 3490 5349 in
3513 5294 3616 5376 acte
3635 5283 3748 5376 νῖυίξ·

2255 5402 2470 5455 sissimo
2491 5398 2756 5455 interdum
2788 5413 2920 5454 sana
2961 5395 3247 5460 sensisset,
3281 5403 3434 5461 quam
3447 5376 3573 5454 quod
3590 5371 3747 5461 illm":

2260 5489 2400 5544 libus
2427 5454 2818 5543 donationibus
2857 5486 3034 5556 aliqua
3063 5483 3117 5538 in
3161 5454 3316 5553 pane
3341 5454 3747 5556 cessisseL'P‘ffff

2253 5581 2628 5651 praetermissis
2655 5580 2739 5635 liis
2765 5595 2884 5649 quae
2912 5578 2968 5632 in
3001 5577 3245 5647 ingressu
3279 5570 3438 5643 ipsius
3463 5568 3570 5615 eum
3593 5544 3743 5651 abSﬁ-l:

2254 5636 2413 5726 ullius
2440 5636 2802 5726 excusationis
2831 5668 3024 5741 eﬁ’ugio
3056 5636 3228 5737 culpa:
3260 5636 3746 5755 assocfalumjﬁf:

2258 5772 2397 5828 mm.
2423 5765 2569 5825 Velut
2592 5720 3196 5818 innocentem'eumdem
3222 5746 3482 5826 praeterire
3503 5720 3710 5791 sacerdou
