3834 5428
104 245 188 303 389

1206 214 1692 280 DECRETALIUM
1721 212 2115 274 GOLLECTIO.

3202 203 3309 261 59°

103 353 280 413 Domini
317 348 399 420 qui
434 345 553 403 huic
592 341 820 399 concilio
866 340 1093 396 aderant
1139 335 1484 393 damnatione
1530 346 1621 383 νει-
1652 333 1696 391 Λ
1729 332 1905 389 nullas
1929 327 2043 398 jam
2079 323 2387 399 provincias
2420 323 2621 381 habere
2645 322 2918 383 occurrit,
2955 321 3087 378 huic
3129 326 3307 372 autem

104 459 235 503 cuum
260 439 563 495 maluerunt.
990 474 1001 485 ,

157 533 227 589 Ill.
269 527 407 598 Quod
449 541 575 598 ergo
621 525 673 578 in
720 523 1041 594 quibusdam
1086 516 1445 575 scbismaticis
1490 513 1627 570 reci-

101 624 273 697 piendis
317 620 573 674 Nicaenum
618 614 906 671 concilium
955 612 1129 684 potuit
1179 624 1210 664 a
1262 605 1485 678 singulis
1532 618 1630 674 per

103 696 326 774 territoria
361 725 485 777 sua,
512 709 613 764 hoc
641 708 805 763 etiam
844 719 1082 775 prmsens
1109 707 1405 758 conventus
1442 696 1631 754 statuit

101 808 155 860 ab
180 801 401 858 omnibus
428 798 629 854 servari
663 796 882 857 debere,
913 794 967 849 id
997 801 1098 859 est,
1140 799 1199 845 ut
1231 789 1532 856 cuicunque
1560 784 1626 840 de

105 891 317 947 fratribus
345 888 448 943 tale
477 885 675 955 aliquid
706 883 993 939 cbaritatis
1025 880 1251 937 concilia
1279 875 1630 940 dictaverint,

103 983 228 1036 liceat
260 994 406 1033 unam
444 977 821 1047 parochiaruni
867 989 1085 1030 suarum
1122 970 1407 1027 ecclesiam
1443 968 1635 1023 cedere

104 1074 142 1126 in
166 1087 252 1143 qua
279 1079 364 1126 aut
397 1068 764 1140 cborepiscopi
798 1066 1036 1129 nomine,
1072 1070 1131 1117 ut
1178 1060 1316 1116 idem
1359 1073 1533 1115 canon
1563 1057 1639 1112 lo—

103 1164 266 1233 quitur,
303 1169 388 1215 aut
412 1160 714 1231 peregrina,
758 1166 816 1211 ut
845 1157 1015 1220 aiunt,
1058 1152 1441 1210 communione
1478 1149 1634 1206 fove-

106 1264 273 1309 rentur.
299 1253 526 1308 Primum
558 1251 742 1321 itaque
775 1248 1050 1314 statuitur,
1080 1255 1142 1302 ut
1165 1246 1271 1301 hoc
1298 1246 1352 1299 in
1395 1242 1637 1315 qualibet

104 1343 334 1414 provincia
377 1350 732 1412 praeterquam
780 1339 834 1393 in
885 1338 1078 1409 Alpina
1128 1335 1402 1391 maritima
1448 1333 1639 1399 liceat,

106 1449 232 1506 quam
273 1433 312 1488 si
359 1433 411 1488 in
460 1432 637 1501 aliqua
682 1438 836 1501 parte
882 1427 1221 1491 accesserit,
1270 1432 1329 1479 ut
1378 1422 1642 1477 malorum

107 1525 314 1579 incitator
335 1532 388 1579 et
410 1522 608 1593 quietis
637 1520 924 1592 impatiens
954 1516 1285 1574 damnationi
1313 1530 1474 1586 quam
1506 1514 1560 1570 in
1587 1529 1647 1569 se

106 1623 440 1684 provocaverat
472 1611 790 1683 subjacebit.
812 1610 918 1667 Sed
946 1610 991 1666 si
1019 1608 1329 1680 quis‘eidem
1353 1606 1647 1677 quidquam

106 1722 154 1761 ex
184 1706 254 1761 his
280 1722 390 1775 quae
430 1712 633 1760 statuta
665 1712 792 1758 sunt
825 1700 1242 1771 transgredienti
1286 1696 1649 1753 communica-

107 1796 231 1861 verit,
256 1793 669 1850 acommunione
693 1791 932 1847 omnium
956 1790 1048 1845 ﬁat
1071 1789 1308 1855 alienus,
1329 1786 1521 1844 deinde
1548 1800 1648 1840 nec

107 1888 302 1958 quolibet
333 1887 384 1941 in
424 1886 563 1949 loco,
590 1893 788 1957 praeter
823 1899 985 1954 quam
1033 1884 1087 1937 in
1119 1881 1332 1953 publico
1369 1887 1646 1952 gerentur,

108 1999 158 2039 ne
193 1982 452 2053 quisquam
497 1980 554 2035 ei
591 1977 763 2035 laicus
805 1978 1150 2043 decernatur,
1197 1990 1356 2046 quem
1387 1974 1553 2028 curiae
1596 1979 1651 2028 et

108 2072 298 2127 civitatis
333 2071 544 2141 species
570 2079 669 2125 aut
705 2069 838 2125 ordo
870 2067 1142 2123 nobilitat.
1172 2066 1404 2122 Additur
1444 2081 1514 2120 ne
1554 2079 1651 2119 un-

110 2177 237 2232 quam
258 2162 305 2215 in
330 2159 641 2217 civitatibus
664 2158 751 2213 vel
776 2160 1155 2228 episcoporum
1182 2154 1423 2210 absentia
1450 2151 1651 2209 offerre

111 2261 370 2321 praesumat,
398 2266 496 2305 nec
521 2250 781 2304 ordinare
807 2247 888 2302 vel
911 2246 1157 2301 ultimum
1184 2244 1441 2299 clericum
1472 2258 1571 2298 nec
1596 2242 1649 2296 in

112 2343 263 2397 eadem
303 2343 553 2408 ecclesia,
590 2356 712 2411 quae
766 2340 841 2394 illi
873 2337 1240 2407 cujuscunque
1274 2335 1495 2390 minima
1543 2333 1655 2389 fue-

118 2433 176 2486 rit
202 2434 422 2489 attributa
451 2475 467 2498 ,
516 2447 625 2489 nec
654 2431 747 2486 ulli
793 2430 1166 2501 episcoporum
1208 2426 1294 2482 vel
1333 2425 1654 2482 succedente

116 2533 244 2579 aetate
267 2536 536 2596 assumpto
565 2524 745 2594 aliquo
776 2523 829 2577 in
857 2521 1176 2576 rudimentis
1201 2520 1317 2575 suis
1343 2519 1469 2574 huic
1484 2512 1652 2589 quasi

114 2631 193 2685 pro
213 2619 366 2673 atatis
395 2617 705 2674 reverentia
736 2615 930 2671 cedere
952 2613 1133 2677 liceat,
1166 2627 1265 2667 nec
1293 2625 1522 2681 usquam
1551 2609 1653 2679 ipsi

113 2705 357 2776 quidquam
387 2707 453 2763 de
478 2704 883 2777 episcOpalibus
911 2702 1100 2759 ofﬁciis
1127 2717 1411 2771 usurpare,
1442 2710 1658 2772 praeter-

113 2811 242 2865 quam
262 2798 309 2853 in
330 2798 561 2855 ecclesia
583 2813 743 2868 quam
766 2796 1078 2867 cujusquam
1103 2794 1467 2851 misericordia
1493 2792 1655 2849 fuerit

114 2888 344 2958 indeptus,
370 2892 424 2947 in
450 2905 565 2963 qua
604 2890 653 2946 ei
701 2890 873 2946 solum
905 2887 1206 2959 neopbytos
1239 2886 1579 2952 conﬁrmare,
1601 2895 1656 2941 et

113 2988 213 3036 ante
229 2983 571 3053 presbyteros
592 2980 787 3037 offerre
816 2979 1147 3035 conceditur.
1174 2977 1325 3047 Quod
1347 2978 1391 3033 si
1419 2993 1654 3048 unquam

112 3071 263 3128 taliter
298 3074 488 3144 aliquis
533 3072 797 3129 cbaritate
824 3071 1051 3127 alterius
1082 3079 1407 3141 provocatus
1446 3071 1659 3125 habita-

114 3160 245 3217 tionis
268 3162 745 3219 eommutationem
771 3161 1095 3226 variaverit,
1136 3175 1241 3215 non
1272 3159 1426 3214 aliter
1461 3160 1512 3213 in
1557 3159 1660 3214 alia

1726 428 1886 483 etiam
1915 425 1970 480 in
2000 423 2348 481 ecclesiarum
2380 418 2624 489 plebibus
2651 432 2749 486 per
2783 416 2898 472 loca
2929 426 3105 471 tamen
3124 411 3311 483 magis

1710 537 1890 594 .quam
1931 534 2029 590 per
2058 518 2225 573 urbes
2250 516 2355 572 hoc
2380 514 2556 569 visum
2584 518 2668 567 est
2695 525 2816 566 esse
2848 506 3213 564 tribuendum.
3257 502 3311 557 in

1728 614 1955 674 ecclesia
2004 625 2218 682 quoque
2264 623 2370 678 qua
2419 604 2702 661 ordinatus
2746 601 2927 666 fuerit,
2958 594 3312 656 consectandi

1729 706 2015 779 virginem,
2048 702 2188 759 sicut
2214 695 2566 755 conﬁrmandi
2589 692 2938 764 neopbytum,
2955 688 3042 759 ius
3068 687 3315 750 habebit,

1732 805 1788 852 et
1831 811 1927 866 per
1951 792 2132 849 omnia
2152 799 2211 845 ut
2231 791 2303 844 sit
2334 788 2515 843 multm
2558 782 2902 855 indulgentia:
2948 780 3312 837 testimonium

1733 902 1946 957 semper
1958 900 2017 941 se
2031 883 2343 940 inferiorem
2359 894 2630 949 episcopo,
2648 876 2985 945 superiorem
2996 874 3315 944 presbytero

1738 988 1892 1051 agat,
1937 975 2203 1032 mandatis
2260 973 2503 1042 votisque
2547 970 2786 1026 omnium
2840 976 3149 1023 sanctorum
3192 981 3318 1037 pro-

1736 1068 2083 1141 sequentibus
2117 1067 2265 1122 vivat
2298 1065 2351 1120 in
2395 1064 2590 1119 timore
2619 1060 2856 1123 Domini,
2903 1067 2959 1115 et
3008 1058 3317 1130 episcopum

1738 1177 1895 1219 suum
1926 1159 2086 1225 colat,
2116 1157 2227 1215 Deo
2251 1156 2477 1219 serviat,
2517 1152 2706 1226 synodi
2742 1154 2886 1208 circa
2913 1166 2975 1206 se
3000 1149 3324 1208 benevolen-

1740 1253 1829 1308 tia:
1870 1250 2072 1322 gratias
2109 1256 2263 1319 agat,
2312 1259 2635 1316 semperque
2678 1242 2955 1313 indignum
3003 1252 3063 1296 se
3105 1238 3324 1295 indultis

1743 1344 1974 1416 negatis,
2000 1351 2056 1400 et
2081 1342 2342 1413 imparem
2370 1354 2492 1396 esse
2521 1336 2777 1392 fateatur.

1814 1436 1880 1490 γ.
1920 1435 1977 1491 In
2003 1448 2288 1490 commune
2308 1440 2489 1487 autem
2515 1444 2707 1487 omnes
2733 1427 2822 1497 qui
2850 1431 3218 1482 convenerant
3241 1437 3328 1479 sa~

1745 1529 1992 1586 eerdotes
2016 1522 2367 1595 sibimetipsis
2386 1529 2572 1578 contra
2598 1516 2901 1589 huiusmodi
2925 1515 3177 1573 scandala
3198 1528 3330 1584 prae-

1750 1620 2047 1679 cavendum
2082 1623 2427 1674 censuerunt.
2467 1614 2655 1684 Itaque
2692 1619 2913 1683 propter
2950 1607 3213 1677 ejusmodi
3250 1616 3332 1661 te-

1752 1716 2057 1772 meritatem
2105 1709 2282 1768 stabili
2327 1707 2638 1764 deﬁnitione
2671 1701 2974 1760 consultum
3014 1707 3132 1766 est,
3168 1706 3228 1754 ut
3266 1698 3334 1752 de

1746 1815 1944 1864 cetero
1972 1803 2373 1862 observaretur,
2403 1813 2473 1853 ne
2499 1797 2623 1868 quis
2647 1795 2714 1853 ad
2751 1810 2870 1851 eam
2900 1792 3184 1849 ecclesiam
3212 1805 3333 1861 quae

1745 1895 2056 1971 episcopum
2082 1894 2430 1966 perdidisset,
2469 1891 2576 1946 nisi
2614 1888 2804 1947 vicinae
2841 1886 3083 1945 ecclesia:
3112 1885 3332 1956 episco-

1746 2005 1849 2061 pus
1909 2000 2286 2057 exseqniarum
2332 1991 2575 2052 tempore
2638 1978 2954 2041 accederet,
2990 1974 3083 2046 qui
3150 1984 3328 2029 tamen

1748 2081 1931 2138 statim
1970 2076 2214 2135 ecclesia:
2257 2073 2425 2145 ipsius
2449 2087 2633 2127 curam
2679 2066 3077 2125 districtissime
3098 2073 3328 2136 gereret.

1747 2187 1816 2227 ne
1862 2170 1991 2241 quid
2044 2176 2171 2223 ante
2213 2162 2608 2220 ordinationem
2666 2159 3089 2216 discordantium
3146 2158 3199 2212 in
3240 2170 3339 2210 no-

1751 2261 2008 2317 vitatibus
2044 2257 2362 2313 clericorum
2393 2250 2727 2307 subversioni
2766 2250 2975 2306 liceret.
2999 2248 3186 2318 Itaque
3217 2262 3340 2302 cum

1750 2351 1859 2407 lale
1908 2348 2111 2418 aliquid
2185 2345 2419 2409 accidit,
2461 2342 2656 2398 vicinis
2713 2341 3012 2397 vicinarum
3071 2338 3328 2395 ecclesia-

1751 2456 1872 2498 rum
1919 2435 2203 2508 inspectio,
2247 2432 2561 2504 descriptio,
2591 2431 2945 2501 recensioque
2972 2442 3152 2483 rerum
3187 2442 3341 2482 mana

1754 2534 1929 2589 datur.

1825 2622 1913 2676 Vl.
1942 2618 2070 2675 Ilaec
2098 2628 2274 2673 autem
2301 2615 2480 2672 omnia
2504 2611 2882 2681 exsequiarum
2906 2619 3148 2679 tempore
3171 2624 3338 2676 usque

1756 2716 1822 2772 ad
1852 2715 2137 2785 septimam
2178 2710 2412 2767 defuncti
2456 2714 2579 2778 agat
2623 2706 2763 2761 diem
2789 2744 2805 2768 ,
2855 2703 3052 2760 exinde
3092 2701 3338 2757 ecclesize

1757 2806 1999 2864 referens
2016 2796 2734 2869 mandatummetropolitani
2766 2795 2925 2851 simul
2946 2810 3067 2849 cum
3097 2791 3347 2849 omnibus

1758 2899 1960 2956 sanctis
1980 2894 2245 2966 episcopis
2258 2890 2564 2962 sepeliatur,
2583 2903 2650 2944 ne
2665 2886 2948 2958 quisquam
2974 2885 3040 2940 ad
3060 2882 3340 2938 ecclesiam

1760 3005 1879 3061 quae
1920 3000 2191 3043 summum
2224 2980 2479 3037 amiserat
2521 2975 2857 3033 sacerdotem
2893 2972 2996 3029 nisi
3038 2971 3345 3041 metropoli-

1766 3084 1876 3139 tani
1903 3081 2100 3136 litteris
2122 3077 2380 3133 invitatus
2407 3074 2496 3143 (ne
2522 3089 2551 3128 a
2579 3072 2737 3144 plebe
2761 3069 3080 3140 decipiatur)
3105 3067 3346 3122 accedat.

1765 3187 1821 3231 et
1848 3176 1956 3229 vim
1987 3172 2094 3244 pati
2116 3169 2352 3225 voluisse
2382 3164 2767 3241 videatur.Ego
2797 3163 3035 3219 Hilarius
3057 3160 3342 3230 episcopus

114 3249 304 3305 θθειθεῖπ
335 3254 581 3323 requiem
614 3251 865 3322 accipiat.
896 3264 1057 3322 quam
1078 3250 1130 3304 in
1156 3249 1322 3321 priori
1354 3250 1541 3304 habuit
1574 3251 1661 3304 cui
1704 3260 1709 3263 '
1760 3267 1913 3338 juxta
1950 3264 2001 3319 id
2033 3261 2174 3333 quod
2208 3259 2476 3315 universis
2506 3257 2708 3313 sanctis
2741 3255 3008 3327 episcopis
3048 3253 3218 3319 meis,
3255 3244 3354 3318 qui

113 3346 482 3446 renuntiaverat
506 3386 524 3409 ,
570 3357 674 3446 nec
701 3341 920 3446 omnin?
961 3354 1199 3446 ιιηίιιιθξη
1227 3338 1453 3446 (ξηίπιξῐη
1501 3339 1669 3395 ⁸³0010⁸
1767 3371 1979 3413 mecum
2023 3353 2493 3422 subscripserunt,
2538 3348 2742 3420 placuit
2775 3354 2973 3404 statuta
3004 3342 3224 3400 Patrum
3265 3343 3350 3397 bis

114 3434 766 3537 ῗί²Ϊ⁰¹¹ξβ¹¹Ῑ⁹θ¹Ίξ³ξίίξηθπ¹
787 3434 1049 3537 θιξιξηθεξίν
1077 3433 1163 3537 αξί
1186 3434 1350 3489 etiam
1375 3433 1429 3488 ίη
1458 3448 1520 3488 ea
1548 3449 1667 3504 (Ιιιίθ
1768 3446 2171 3505 deﬁnitionibus
2204 3440 2496 3512 subscripsi
2537 3440 2640 3496 sub
2689 3440 2778 3495 die
2825 3455 2913 3494 xvi
2947 3436 3217 3493 Kalendas
3254 3438 3355 3491 ηρ.

114 3525 194 3592 ipsi
217 3527 413 3585 ceditur
440 3526 728 3583 ministros
749 3541 778 3581 a
805 3525 1042 3581 civitatis
1068 3525 1320 3595 episcopo
1349 3537 1567 3580 necesse
1588 3535 1672 3581 est
1770 3536 2028 3599 cembris,
2047 3531 2350 3591 Theodosio
2387 3526 2632 3600 Augusto
2666 3527 2779 3594 Ἧι,
2816 3526 2979 3584 [regio
3024 3526 3090 3593 ιγ
3122 3525 3361 3582 consuli-

114 3615 343 3681 ordinari,
376 3632 516 3673 sane
548 3615 673 3686 quia
720 3615 1089 3670 ministrorum
1137 3614 1339 3671 mentio
1371 3613 1511 3669 facta
1549 3624 1627 3670 est
1654 3657 1669 3682 ,

1772 3631 1893 3686 bus.
1931 3627 2045 3696 Ego
2091 3624 2418 3681 Severianus
2444 3620 2729 3691 episcopus
2770 3618 2896 3675 huic
2934 3617 3233 3674 deﬁnitioni
3274 3617 3287 3670 i
3329 3647 3356 3658 -

115 3715 158 3759 et
193 3709 423 3764 nonnulli
453 3708 528 3764 ab
572 3709 688 3778 ipso
726 3707 927 3762 inventi
960 3714 1085 3762 sunt
1110 3707 1560 3762 excommunicati
1591 3716 1671 3762 tc—

1774 3718 1934 3776 terfui
1962 3758 1976 3781 ,
2025 3724 2080 3771 et
2129 3712 2421 3782 subscripsi
2468 3712 2554 3767 die
2601 3710 2911 3767 consulibus
2959 3708 3362 3779 suprascriptis.

114 3811 239 3854 “me
285 3800 338 3854 i"
377 3801 531 3856 Clem
578 3799 859 3869 provecti.
909 3805 1167 3853 smmum
1204 3807 1287 3853 εει
1331 3813 1425 3853 θοε
1460 3799 1550 3870 qui
1602 3800 1675 3855 ila
1775 3810 1890 3881 Ego
1921 3805 2221 3864 Audentius
2250 3804 2533 3872 episcopus
2576 3801 2794 3856 statutis
2824 3799 3076 3863 interfui,
3104 3799 3190 3856 die
3228 3813 3358 3853 con—

117 3892 347 3960 assutnpti
376 3900 509 3948 sunt
535 3888 898 3961 deponendos.
930 3887 1138 3956 Quibus
1170 3896 1349 3945 autem
1385 3889 1529 3943 nulla
1559 3905 1674 3944 ma-

1779 3899 1986 3956 sulibus
2035 3893 2433 3966 suprascriptis.
2470 3890 2583 3961 Ego
2626 3889 2801 3947 Julius
2834 3891 3118 3960 episcopus
3145 3889 3363 3943 statutis

115 3976 213 4032 cula
236 3979 663 4035 conversationis
678 3977 1125 4050 prtejudicaverit,
1140 3985 1301 4049 prout
1314 3976 1674 4033 Ebreduncusi

1781 3988 2000 4045 interfui
2021 4029 2035 4051 ,
2070 3995 2125 4041 et
2162 3982 2457 4053 subscripsi
2484 3982 2571 4038 die
2618 3979 2929 4051 consulibus
2963 3976 3361 4051 suprascriptis.

118 4070 355 4125 sacerdoti
370 4071 753 4127 constituendo
774 4070 948 4126 visum
981 4078 1085 4137 est,
1113 4079 1206 4125 aut
1235 4069 1288 4125 in
1302 4070 1543 4126 ecclesiae
1572 4087 1674 4127 sum

1781 4080 1893 4153 Ego
1933 4077 2203 4134 Acbadius
2231 4071 2621 4145 episcopusliis
2653 4071 3056 4128 deﬁnitionibus
3097 4065 3313 4123 interfui
3342 4108 3357 4128 ,

118 4158 393 4216 ωίηίείθτίο
427 4163 721 4226 ιθηθηάοεν
752 4168 843 4215 θιιί
874 4162 940 4214 ad
974 4161 1149 4231 ipsum
1178 4176 1499 4231 quocunque
1529 4163 1685 4219 Ῑιθδί-
1783 4181 1838 4229 et
1861 4169 2154 4238 subscripsi
2196 4167 2284 4222 die
2312 4163 2627 4221 consulibus
2659 4156 3058 4232 suprascriptls.
3097 4158 3211 4228 Ego
3253 4158 3360 4211 Au-

121 4253 266 4303 tasset
306 4251 734 4317 transferendos,
768 4250 1047 4322 plebisque
1077 4252 1382 4323 acciperent
1413 4252 1674 4309 licentiam

1787 4263 1976 4335 spitius
2004 4260 2286 4332 episcopus
2309 4240 2395 4311 bis
2433 4252 2832 4310 deﬁnitionibus
2868 4247 3107 4313 interfui,
3149 4255 3206 4302 et
3244 4246 3370 4302 sub-

116 4348 174 4387 er
202 4340 600 4396 constitutionis
631 4340 791 4410 hujus
820 4342 1085 4412 permissu
1119 4341 1470 4408 benedicere,
1502 4351 1563 4396 ut
1593 4358 1674 4397 su-

1751 4354 1977 4424 .scripsi
2018 4349 2324 4407 consulibus
2357 4347 2443 4402 die
2490 4343 2888 4416 suprascriptis.
2922 4341 3035 4414 Ego
3078 4338 3371 4395 Severinus

120 4439 202 4492 pra
229 4428 508 4485 deﬁnimm
541 4441 647 4497 es"
677 4442 733 4488 εί
763 4433 814 4486 ίη
847 4447 951 4487 ulla
980 4432 1277 4503 eademque
1304 4431 1531 4490 θεοιθείιι
1561 4448 1689 4488 ηεο·
1717 4428 1762 4448 ν
1789 4444 2074 4515 episcopus
2106 4436 2508 4495 deﬁnitionibus
2544 4434 2630 4490 bis
2661 4432 2880 4489 interfui
2905 4439 3011 4498 ,'et
3055 4428 3370 4496 subscripsi.

121 4515 295 4585 PhYlOS
320 4521 669 4577 conﬁrma":-
705 4520 762 4576 1η
812 4523 1047 4579 caSlelliS
1088 4538 1153 4579 ac
1194 4523 1329 4580 νὶοῖε
1368 4532 1539 4579 ῑοῑυηι
1583 4523 1690 4579 illis
1790 4535 1906 4599 Ego
1943 4530 2193 4587 Valerius
2241 4528 2525 4599 episcopus
2560 4525 2646 4582 bis
2682 4523 3084 4581 deﬁnitionibus
3121 4516 3372 4579 interfui,

124 4614 232 4710 {mf
261 4611 611 4710 Ρνθεδῖξθτοε
640 4613 1088 4710 δίευδξῂγθηθτῖηι
1117 4613 1277 4671 liceat
1308 4615 1449 4684 (ἰυοά
1479 4615 1533 4670 in
1564 4615 1695 4671 οἱνῖ·
1794 4633 1848 4681 et
1876 4619 2189 4689 subscripsi.
2218 4617 2333 4690 Ego
2365 4615 2657 4672 Neuterius
2680 4615 2963 4685 episcopus
2983 4610 3069 4666 bis
3102 4607 3374 4665 deﬁnitio-

126 4698 304 4755 tatibns
332 4704 558 4760 omnino
584 4705 972 4774 praescribitur.

1798 4713 1955 4769 nibus
1984 4709 2236 4773 interfui,
2267 4717 2322 4762 et
2362 4705 2680 4778 subscripsi.
2712 4704 2824 4773 Ego
2852 4700 3133 4771 Asclepios
3170 4695 3381 4767 episco-

184 4788 267 4843 ιν·
308 4791 380 4847 Ut
422 4796 733 4867 presbyteri
771 4795 1025 4865 privatim
1068 4796 1312 4855 ﬁdelibus
1342 4798 1697 4855 desideranti-
1796 4820 1899 4876 pus
1933 4804 2020 4860 bis
2054 4801 2457 4859 deﬁnitionibus
2506 4796 2768 4861 interfui,
2813 4805 2871 4848 et
2909 4790 3225 4863 subscripsi.
3271 4791 3407 4863 Ego'

128 4873 218 4983 ξξη
258 4879 622 4983 δθξτθάξοξηξ,
674 4892 731 4940 el
774 4885 1146 4983 interminatas
1193 4888 1290 4942 bas
1336 4888 1699 4946 discussiones
1800 4873 2117 4951 Theodorus
2153 4892 2440 4963 episcopus
2488 4890 2573 4945 bis
2622 4883 3026 4942 deﬁnitionibus
3065 4878 3281 4938 interfui
3333 4888 3389 4937 et

130 4967 289 5022 visum
322 4972 375 5025 in
424 4973 676 5029 deﬁnitas
704 4976 924 5033 omnino
952 4977 1269 5048 presbytero
1303 4992 1399 5048 per
1431 4979 1696 5045 familias,
1805 4983 2121 5054 subscripsi.
2159 4980 2273 5052 Ego
2304 4977 2624 5033 Vincentius
2658 4972 2945 5044 presbyter
2988 4968 3226 5043 episcopi
3251 4967 3390 5023 Cun-

132 5069 221 5152 ξξθτ
258 5073 457 5152 θξτοεί,
498 5078 593 5133 per
629 5064 872 5152 privatas
902 5063 1090 5121 domos
1125 5082 1223 5139 pro
1265 5067 1534 5126 desiderio
1575 5071 1704 5127 ﬁde—
1807 5073 2121 5129 stantiniani
2153 5072 2222 5127 ab
2254 5068 2445 5124 eodem
2491 5067 2772 5123 ordinatus
2809 5063 3031 5120 interfui
3061 5063 3179 5118 vice
3227 5058 3395 5129 ipsius

136 5140 251 5199 lium
296 5148 604 5208 facultatem
655 5151 1045 5222 benedictionis
1093 5157 1336 5227 aperire,
1385 5162 1527 5226 quod
1571 5176 1704 5215 non-
1808 5174 1863 5220 et
1892 5163 2206 5235 subscripsi.

145 5297 3271 5332 ΜΝ

976 5403 1322 5428 ινιτινηιηιιιννιη
1360 5405 1433 5428 nn
1456 5409 1637 5428 numn-
1674 5414 1689 5428 ι
1756 5415 1773 5428 λ
1798 5408 1886 5428 nn
1906 5410 1923 5428 Δ
1943 5398 2200 5428 ιηὴιτσιο
2234 5397 2464 5428 ΡΛΝΡΙΙ
2487 5404 2529 5428 ιι
