3910 6446
546 373 642 430 591

1388 374 1675 432 ΔΡΡΕΝΙ).
1706 376 1796 431 AD
1836 376 2005 434 SE6.
2047 377 2094 434 ll

2215 409 2239 419 -
2285 376 2536 435 lSlDORl
2589 372 3028 435 MERCATORIS
3692 370 3781 429 592

618 484 671 539 5.
714 485 788 539 De
825 484 910 540 his
951 484 1040 554 qui
1082 483 1149 539 ad
1191 483 1473 541 ecclesiam
1513 485 1857 557 confugiunt,
1909 501 1976 542 ne
2008 497 2116 541 tra-
2146 494 2193 551 Α
2294 490 2377 542 17.
2427 488 2491 544 Ut
2517 489 2568 544 in
2595 502 2758 542 unum
2775 486 3067 559 prepositio
3088 485 3415 542 sacramenti
3436 495 3771 543 consecretur.

553 576 764 632 lantur.

612 665 666 721 6.
706 665 895 722 Nullus
938 680 1039 736 pro
1083 667 1195 722 suis
1243 666 1524 739 mancipiis
1568 666 1659 737 qui
1713 667 1779 722 ad
1830 666 2115 722 ecclesiam

541 754 858 827 :ont‘ugiunt
880 755 1198 810 clericorum
1225 756 1489 827 mancipia
1519 764 1763 826 occupet.

2293 579 2378 633 18.
2422 579 2493 635 Ut
2518 579 2804 649 Evangelia
2830 578 3201 634 cateeltumeni
3232 592 3338 633 non
3378 577 3624 632 audiant.

2290 668 2375 723 19.
2416 666 2485 724 Ut
2521 668 2893 725 catechumeni
2929 668 2995 722 ad
3029 667 3342 737 baptisteria
3376 681 3485 721 non
3523 668 3772 726 accedant.

2283 759 2373 813 20.
2413 756 2483 814 Ut
2522 759 2892 815 catechumeni
2926 772 3050 814 cum
3083 756 3329 813 ﬁdelibus
3368 756 3773 814 benedictionem

610 850 642 903 7
682 850 757 905 De
792 849 999 905 libertis
1030 849 1121 919 qui
1148 849 1203 904 in
1234 849 1460 906 ecclesia
1493 850 1851 906 commendati
1886 858 2010 904 sunt
2047 864 2114 904 ne
2215 864 2319 903 non
2351 850 2636 919 accipiant.

530 955 598 1009 up
609 942 924 1012 primantur.

605 1033 658 1089 8.
699 1033 775 1087 De
806 1032 889 1088 his
926 1032 1017 1102 qui
1050 1032 1310 1088 clericum
1345 1032 1579 1089 alienum
1616 1031 1866 1086 ordinare
1908 1046 2111 1101 praesu—

536 1130 706 1176 munt.

603 1208 655 1264 9.
696 1211 773 1265 De
802 1210 886 1265 bis
912 1211 1006 1280 qui
1032 1211 1179 1266 cives
1206 1212 1410 1268 alienos
1428 1210 1822 1267 ordinaverint.

2281 941 2372 996 21.
2417 941 2485 998 Ut
2510 942 2615 998 duo
2642 941 2877 1012 episcOpi
2908 940 3217 1013 episcopum
3244 956 3350 997 non
3390 940 3617 997 faciant.

2281 1031 2370 1086 22.
2418 1031 2486 1087 lIt
2528 1031 2712 1088 clerici
2742 1030 3046 1102 conjugati,
3079 1031 3181 1088 nisi
3209 1031 3602 1088 continentiam
3631 1031 3771 1102 proﬁ-

2213 1133 2450 1191 teantur,
2479 1124 2692 1181 diaconi
2726 1139 2832 1179 non
2869 1124 3020 1179 ﬁant.

2278 1214 2369 1271 25.
2410 1215 2486 1269 De
2520 1213 2607 1270 his
2632 1214 2721 1284 qui
2754 1221 2876 1286 post
2912 1221 3192 1285 acceptum
3236 1214 3587 1271 diaconatum
3617 1213 3766 1268 incon-

604 1300 693 1354 10.
736 1299 810 1354 De
838 1300 1104 1371 episcopis
1128 1301 1219 1370 qui
1253 1301 1307 1356 in
1345 1300 1714 1372 possessione,
1758 1309 1815 1356 et
1845 1297 1901 1354 in
1936 1298 2108 1355 aliena
2209 1303 2440 1358 tinentes
2469 1302 2832 1358 inveniuntur.

532 1392 747 1447 dioecesi
777 1392 1052 1448 basilicam
1089 1401 1522 1448 construxerunt.

2276 1394 2365 1448 24.
2407 1393 2483 1449 De
2512 1394 2597 1450 his
2638 1394 2728 1465 qui
2763 1393 3075 1466 priusquam
3119 1395 3533 1461 ordinarentur,
3572 1396 3767 1451 inconti-

603 1481 689 1535 11.
731 1481 808 1537 De
859 1481 1124 1554 episcopis
1175 1483 1265 1552 qui
1318 1481 1841 1539 excommunicatum
1887 1480 2108 1538 alterius
2208 1494 2398 1540 nentes
2425 1485 2628 1540 inventi
2659 1493 2803 1541 sunt.

532 1573 849 1642 suscipiunt.

601 1661 686 1716 12.
730 1662 804 1717 De
845 1662 928 1718 his
954 1676 1045 1732 qui
1083 1661 1258 1719 subito
1294 1665 1702 1729 obmutescunt,
1747 1664 1890 1733 quod
1917 1670 1972 1718 et
2006 1663 2102 1718 ba-

529 1754 780 1823 ptismum
806 1761 861 1809 et
884 1754 1253 1823 paenitentiam
1281 1754 1524 1823 accipere
1549 1761 1791 1824 possunt.

597 1844 684 1900 15.
727 1845 803 1900 De
832 1845 917 1901 his
944 1846 1034 1915 qui
1065 1855 1246 1901 mente
1271 1845 1563 1916 desipiunt.

595 1934 680 1990 14.
724 1935 798 1990 De
822 1937 1195 2007 energumenis
1226 1936 1534 2008 baptizatis.

596 2024 683 2079 15.
725 2023 795 2078 Ut
819 2026 1195 2096 energumenis
1222 2034 1277 2081 et
1301 2025 1709 2082 eatechumenis
1742 2024 1810 2080 de
1832 2023 2098 2096 baptismo

524 2116 851 2172 consulatur.

594 2209 680 2265 16.
720 2210 790 2267 Ut
817 2212 1162 2283 energumeni
1190 2213 1257 2268 ad
1284 2212 1485 2268 clerum
1525 2228 1630 2268 non
1661 2219 2092 2284 promoveantur.

2274 1572 2365 1627 25.
2404 1574 2480 1630 De
2498 1573 2630 1630 viris
2645 1574 2884 1644 probatis
2898 1574 2943 1631 si
2968 1575 3214 1647 conjugia
3239 1574 3650 1645 duplicaverint.

2274 1664 2363 1720 26.
2404 1666 2481 1721 De
2513 1666 2834 1722 diaconissis
2865 1682 2970 1721 non
2998 1667 3329 1722 ordinandis.

2275 1754 2367 1809 27.
2405 1754 2482 1810 De
2518 1755 2735 1812 feminis
2761 1770 2880 1826 quae
2916 1757 3231 1812 viduitatem
3260 1756 3524 1827 professa:
3554 1762 3670 1810 sunt
3698 1770 3764 1810 eo-

2126 1833 2177 1895 B
2206 1861 2321 1902 ram
2359 1848 2631 1920 episcopo.

2273 1938 2364 1995 28.
2405 1937 2480 1995 De
2511 1939 2595 1994 his
2626 1939 2717 2011 qui
2748 1940 2973 2011 professi
3003 1950 3131 1997 sunt
3155 1941 3492 2010 castitatem,
3520 1943 3565 1998 si
3590 1957 3761 2014 praeva-

2203 2025 2362 2082 ricati
2387 2025 2605 2082 fuerint.

2270 2116 2359 2173 29.
2401 2116 2471 2175 Ut
2499 2118 2675 2174 nullus
2700 2120 2983 2191 episcopus
3010 2123 3078 2179 de
3104 2124 3332 2180 concilio
3376 2124 3497 2181 sine
3528 2137 3757 2180 consensu

2202 2205 2461 2273 discedat,
2489 2217 2581 2261 aut
2607 2211 2674 2264 ad
2703 2210 2987 2267 concilium
3015 2212 3096 2270 ire
3142 2224 3379 2271 recuset.

1217 2489 1310 2579 ll‘
1350 2489 1672 2580 CIPIT
1740 2487 2439 2594 CONCILIUM,
2471 2488 3248 2585 AURAICENSE.

643 2701 937 2778 Tempore
969 2696 1299 2761 Theodosii
1319 2699 1604 2780 junioris
1634 2705 1687 2760 et
1724 2697 1875 2777 Cyri
1895 2696 2217 2759 consulum
2242 2716 2305 2761 vr
2331 2697 2488 2759 Idus
2511 2698 2789 2763 novemb.
2821 2701 2890 2762 in
2919 2702 3167 2765 ecclesia
3202 2705 3673 2767 Justinianenst.

589 2886 716 2940 CAP.
748 2884 789 2939 1.
813 2882 997 2939 Nullus
1026 2883 1397 2939 ministrorum
1438 2883 1529 2954 qui
1564 2882 1868 2953 baptizandi
1906 2882 2098 2951 recipit
2123 2869 2534 2961 Cpbsequium,
2573 2887 2661 2943 vel
2690 2888 2759 2944 ad
2806 2885 3141 2946 coleniarum
3186 2892 3549 2949 conditionem
3584 2892 3739 2961 impri'

518 2974 747 3031 cilicium
778 2976 896 3031 sine
915 2975 1210 3030 chrismate
1243 2990 1469 3045 usquam
1503 2973 1661 3029 debet
1681 2973 2094 3045 progredi,quia

475 3119 483 3127 .
521 3069 661 3123 inter
695 3080 795 3123 nos
817 3066 1021 3136 placuit
1062 3066 1229 3122 semel
1256 3067 1308 3121 in
1346 3066 1665 3135 baptismate
1692 3066 1995 3126 cbrismari,
2030 3069 2095 3121 de

519 3171 583 3210 eo
621 3164 798 3210 autem
828 3155 917 3224 qui
957 3154 1279 3225 baptismate
1308 3167 1634 3224 quacunque
1661 3154 1986 3209 necessitate
2015 3153 2097 3208 fa-

519 3247 694 3300 ciente
739 3254 842 3298 n0n
874 3244 1200 3299 chrismatus
1235 3242 1419 3310 fuerit,
1453 3244 1506 3298 in
1556 3240 1977 3298 conﬁrmatione
2004 3257 2092 3297 sa~

519 3335 709 3390 cerdos
751 3334 1200 3389 commonebitur.
1246 3333 1382 3388 Nam
1436 3334 1579 3389 inter
1627 3349 1726 3390 nos
1784 3334 2096 3389 chrismatis

519 3424 689 3495 ipsius
736 3439 840 3478 non
884 3423 987 3479 nisi
1017 3438 1125 3478 una
1155 3424 1426 3480 bendictio
1453 3433 1556 3491 est,
1588 3433 1648 3480 ut
1691 3440 1796 3480 non
1839 3423 2093 3494 praeiudi-

519 3528 654 3569 caus
680 3512 970 3583 quidquam
1004 3512 1258 3582 dico,sed
1286 3522 1345 3568 ut
1371 3514 1676 3583 necessaria
1720 3514 1982 3569 habeatur
2018 3528 2096 3568 re-

522 3603 863 3658 chrismatio.

591 3694 651 3748 ll.
691 3692 987 3750 [hereticos
1030 3694 1082 3749 in
1115 3696 1307 3751 mortis
1335 3695 1651 3752 discrimine
1681 3698 1905 3767 positos,
1936 3697 1982 3752 si
2006 3712 2096 3752 ca-

520 3782 703 3837 tholici
752 3797 879 3837 esse
929 3782 1271 3850 desiderent,
1317 3785 1364 3839 si
1417 3785 1556 3840 desit
1593 3786 1915 3856 episcopus,
1974 3801 2097 3856 pre-

519 3874 750 3945 shyteris
787 3889 910 3929 cum
938 3874 1235 3932 chrismate
1280 3885 1337 3931 et
1372 3877 1744 3933 benedictione
1768 3878 2091 3949 consignarc

518 3963 714 4032 placet.

588 4052 672 4106 ill.
701 4053 802 4122 Qui
848 4055 1108 4111 recedunt
1134 4057 1197 4112 de
1240 4072 1467 4130 corpore
1497 4060 1815 4130 pmnitentia
1847 4070 2089 4132 accepta,

519 4142 718 4211 placuit
768 4145 887 4199 sine
917 4145 1349 4201 reconciliatoria
1385 4164 1575 4204 manus
1621 4150 1961 4220 impositione
2009 4152 2089 4206 eis

2198 2991 2345 3033 mere
2384 2978 2688 3044 tentaverit,
2715 2980 3182 3040 animadversione
3219 2982 3587 3041 ecclesiastica
3614 2996 3741 3040 coer-

2199 3070 2431 3125 cebitur.

2276 3160 2410 3216 V'lll.
2455 3161 2512 3218 Si
2554 3163 2676 3233 quis
2725 3164 2853 3220 alibi
2898 3169 3283 3225 consistentem
3332 3172 3584 3228 clericum
3622 3169 3740 3226 ordi-

2195 3253 2429 3308 nandum
2462 3256 2753 3323 putaverit,
2782 3258 2932 3328 prius
2981 3259 3204 3314 deﬁniat
3230 3271 3291 3317 ut
3342 3278 3465 3318 cum
3512 3263 3619 3332 ipso
3657 3261 3735 3315 lia-

2195 3343 2364 3410 bitet,
2410 3359 2510 3400 nec
2559 3360 2683 3401 eum
2739 3349 2857 3404 sine
2915 3350 3310 3408 consultatione
3366 3352 3485 3423 ejus
3532 3350 3735 3423 episcopi

2193 3446 2316 3488 cum
2354 3450 2461 3504 quo
2498 3444 2624 3492 ante
2680 3438 2946 3495 habitavit
2995 3443 3247 3500 ordinare
3285 3454 3595 3516 praesumat,
3635 3441 3735 3513 quia

2195 3540 2301 3581 non
2332 3527 2448 3583 sine
2474 3542 2636 3584 causa
2677 3530 2766 3586 diu
2807 3532 2876 3588 ab
2906 3531 3013 3589 alio
3046 3549 3152 3590 non
3190 3536 3470 3591 ordinatus
3495 3532 3733 3591 remansit.

2268 3616 2358 3672 1X.
2409 3618 2465 3674 Si
2505 3620 2595 3689 qui
2647 3629 2827 3677 autem
2879 3623 3086 3679 alienos
3130 3624 3278 3680 cives
3326 3635 3423 3680 aut
3465 3624 3583 3679 alibi
3630 3635 3733 3677 con-

2195 3707 2445 3765 sistentes
2466 3710 2856 3778 ordinaverint,
2895 3727 2962 3768 ne
2981 3713 3271 3771 inordinati
3298 3716 3352 3772 in
3383 3715 3490 3771 ullo
3515 3726 3733 3770 accusen-

2197 3809 2303 3864 tur,
2336 3810 2430 3855 aut
2472 3802 2539 3856 ad
2570 3817 2630 3858 se
2661 3818 2755 3860 eos
2800 3812 3074 3873 revocent,
3110 3815 3204 3861 aut
3245 3806 3349 3877 ipsi
3400 3808 3478 3863 eis
3507 3805 3733 3875 imperent

2196 3906 2318 3945 cum
2356 3891 2551 3961 quibus
2579 3893 2848 3950 habitent.

2267 3978 2335 4033 Χ.
2370 3978 2426 4035 Si
2455 3981 2578 4050 quis
2604 3982 2979 4053 episcoporum
3026 3983 3081 4039 in
3111 3984 3301 4041 alienae
3339 3983 3570 4042 civitatis
3603 3978 3730 4037 terri-

2196 4069 2334 4125 torio
2362 4069 2642 4125 ecclesiam
2670 4071 2942 4127 aediﬁcare
2987 4072 3247 4145 disponit,
3276 4075 3363 4130 vel
3390 4090 3487 4144 pro
3508 4071 3642 4128 fundi
3662 4067 3729 4123 sui

2197 4160 2430 4230 negotio,
2456 4168 2548 4215 aut
2588 4160 2957 4218 ecclesiastica
2997 4163 3230 4219 utilitate
3267 4165 3353 4221 vel
3382 4156 3478 4235 pr'o
3521 4173 3726 4233 quacun-

516 4236 955 4301 commnnicare,
989 4238 1131 4307 quod
1167 4240 1444 4295 morientis
1498 4240 1694 4298 sullicit
1736 4244 2090 4299 consolationi
2119 4221 2170 4282 θ
2197 4221 2301 4322 qu;
2329 4266 2423 4304 sua
2464 4251 2864 4319 opportunitate
2902 4254 3164 4323 permissa
3205 4221 3424 4310 licentia
3470 4221 3726 4309 aediﬁcandi

519 4327 812 4382 secundum
848 4327 1184 4385 deﬁnitiones
1203 4329 1425 4386 Patrum
1450 4373 1464 4397 ,
1496 4333 1585 4403 qui
1617 4333 1918 4402 hujusmodi
1946 4351 2092 4390 com-

520 4418 828 4472 munionem
905 4429 1263 4490 congruenter
1324 4419 1578 4477 viaticum
1639 4426 2088 4493 nominaverunt;

518 4508 657 4577 quod
690 4508 734 4562 si
773 4510 1190 4579 supervixerint,
1216 4521 1358 4566 stent
1390 4513 1441 4567 in
1467 4513 1654 4568 ordine
1691 4515 2090 4584 pmnitcntium,

523 4608 581 4652 ut
617 4599 848 4654 ostensis
877 4602 1197 4657 necessariis
1232 4603 1565 4673 pwnitentire
1616 4605 1882 4660 fructibus
1920 4604 2089 4677 legiti‘

520 4706 659 4743 mam
689 4692 1119 4747 communionem
1144 4709 1264 4748 cum
1298 4695 1727 4752 reconciliatoria
1765 4713 1954 4753 manus
1989 4698 2091 4753 im-

515 4782 781 4849 positione
810 4782 1091 4852 recipiant.

584 4869 674 4923 IV.
713 4870 1092 4926 Paenitentiam
1132 4870 1565 4931 desiderantibus
1606 4875 1818 4932 clericis
1861 4893 1968 4933 non
1998 4892 2093 4932 ne-

516 4961 763 5028 gandam.

596 5051 654 5103 ν.
687 5050 795 5105 Eos
821 5052 909 5120 qui
939 5053 1005 5106 ad
1033 5055 1316 5108 ecclesiam
1342 5057 1578 5126 fugerint
1614 5062 1751 5111 tradi
1785 5074 1889 5113 non
1934 5074 2091 5129 opor-

521 5150 653 5204 tere,
694 5143 785 5197 sed
816 5142 916 5197 loci
945 5146 1114 5198 sancti
1151 5147 1451 5202 reverentia
1486 5156 1541 5203 et
1580 5146 1964 5210 intercessione
1999 5152 2090 5207 do-

520 5229 684 5283 fendi.

598 5317 680 5371 \‘I.
716 5316 770 5370 Si
796 5320 918 5389 quis
963 5331 1139 5377 autem
1173 5325 1439 5395 ntancipia
1483 5324 1801 5380 clericorum
1841 5323 2098 5396 pro'suis

521 5411 800 5480 mancipiis
821 5413 887 5465 ad
915 5413 1197 5468 ecclesiam
1226 5416 1661 5487 confugientibus
1689 5418 1979 5473 crediderit
2005 5434 2098 5475 oc-

519 5502 787 5569 cupanda,
815 5518 909 5572 per
939 5519 1127 5558 omnes
1154 5505 1415 5562 ecclesias
1448 5507 1846 5563 districtissima
1879 5509 2095 5565 damna-

520 5591 665 5644 tione
696 5591 940 5646 feriatur.

590 5679 700 5762 l'll.
746 5680 804 5735 In
834 5682 1063 5737 ecclesia
1098 5686 1461 5744 manumissos
1496 5698 1549 5743 et
1577 5705 1674 5759 per
1714 5699 2093 5748 testamentum

521 5771 775 5828 Ecclesiae
809 5776 1241 5844 commendatos,
1292 5780 1335 5835 si
1387 5782 1508 5850 quis
1548 5782 1598 5837 in
1649 5772 1981 5852 servitutem,
2012 5786 2093 5842 vel

2193 4341 2342 4414 (quia
2371 4341 2655 4411 prohibere
2686 4342 2788 4397 hoc
2818 4344 2970 4398 nefas
2998 4343 3123 4416 est),
3156 4360 3260 4399 non
3291 4349 3573 4415 praesumat
3608 4335 3726 4394 dedi-

2194 4435 2482 4499 cationem,
2526 4449 2644 4503 quae
2689 4432 2764 4488 illi
2810 4437 3119 4491 omnimode
3155 4446 3464 4492 reservatur
3507 4435 3556 4488 in
3601 4428 3725 4498 cujus

2195 4522 2467 4578 territorio
2490 4523 2720 4579 ecclesia
2750 4527 3010 4596 assurgit,
3053 4535 3330 4582 reservata
3365 4540 3488 4581 vero
3526 4518 3723 4577 aediﬁca.

2194 4612 2297 4667 lori
2323 4612 2575 4682 episcopo
2600 4611 2702 4667 hac
2722 4613 2913 4684 gratia,
2934 4623 2996 4669 ut
3017 4629 3154 4684 quos
3177 4614 3448 4671 desiderat
3466 4609 3667 4667 clericos
3681 4602 3721 4656 in

2194 4715 2253 4754 re
2297 4716 2392 4754 sua
2418 4701 2603 4756 videre
2625 4741 2639 4766 ,
2684 4703 2828 4771 ipsos
2872 4703 3116 4767 ordinet,
3151 4704 3236 4760 his
3264 4703 3497 4760 civitatis
3523 4701 3570 4754 in
3602 4690 3724 4760 cuius

2197 4791 2531 4844 territorium
2566 4790 2770 4856 est,ch
2800 4793 2845 4846 si
2887 4792 3119 4847 ordinati
3147 4807 3261 4861 jam
3290 4802 3415 4848 sunt
3435 4790 3530 4861 ipsi
3559 4784 3720 4840 habere

2195 4881 2527 4950 acquiescat.
2560 4880 2628 4935 Et
2655 4882 2831 4936 omnis
2856 4884 3098 4938 ecclesia:
3127 4884 3292 4954 ipsius
3339 4875 3634 4954 gubernatio
3669 4866 3721 4922 ad

2196 4985 2316 5024 eum
2339 4970 2413 5041 (in
2443 4969 2596 5039 cujus
2622 4972 2855 5027 civitatis
2881 4974 3159 5030 territorio
3180 4975 3408 5030 ecclesia
3449 4955 3719 5027 surrexerit)

2196 5062 2524 5133 pertinebit;
2569 5061 2712 5131 quod
2766 5063 2811 5117 si
2865 5064 3026 5117 etiam
3078 5065 3413 5120 surculariqu
3464 5059 3719 5130 quicunillle

2194 5154 2541 5209 aediﬁcaverit
2587 5154 2874 5210 ecclesiam
2915 5165 2969 5210 ct
3017 5157 3180 5210 alium
3216 5157 3384 5224 magis
3425 5164 3571 5224 quam
3619 5151 3716 5196 eum

2192 5245 2249 5300 in
2300 5244 2451 5315 cujus
2495 5247 2770 5301 territorio
2810 5247 3039 5303 aediﬁcat
3092 5248 3423 5304 invitandum
3468 5232 3712 5314 putaverit,

2200 5345 2308 5391 tam
2341 5339 2455 5407 ipse
2486 5339 2571 5392 cui
2604 5347 2796 5393 contra
2849 5340 3290 5394 constitutionem
3341 5354 3402 5395 ac
3428 5328 3713 5399 disciplinam

2197 5427 2485 5498 gratiﬁcari
2524 5429 2678 5493 vult,
2718 5444 2881 5498 quam
2936 5445 3126 5485 omnes
3157 5430 3390 5500 cpisc0pi
3427 5424 3512 5496 qui
3547 5414 3715 5507 adit":

2191 5516 2429 5587 jusmodi
2458 5516 2848 5574 dedicationem
2901 5519 3197 5573 invitantur
3238 5535 3267 5573 a
3300 5522 3546 5574 conventu
3589 5505 3714 5558 absti-

2200 5605 2442 5670 nehunt;
2490 5606 2684 5676 siquis
2712 5607 3031 5673 excesserit,
3080 5607 3133 5662 in
3170 5616 3375 5662 reatum
3405 5591 3712 5659 devocaltiu'h

2200 5694 2245 5750 si
2274 5697 2396 5765 quis
2420 5697 2751 5763 excesserit,
2782 5698 3025 5755 ordinem
3057 5705 3403 5770 recognoscat
3431 5684 3712 5770 canonicum.

2275 5764 2361 5841 XI.
2398 5788 2602 5843 Placuit
2633 5789 2683 5843 in
2724 5800 2933 5844 reatum
2965 5791 3150 5846 venire
3188 5764 3514 5860 episcopum.
3535 5773 3610 5848 qui
3641 5764 3710 5820 ad-
