3910 6442
146 438 238 495 593
644 410 659 415 ’
1282 426 1696 490 nscaE'vALtt

1803 420 2201 481 COLLECTIO.

3262 411 3367 473 594

146 550 361 606 monitus
385 547 938 604 exeommunicatione
962 548 1219 618 cujusque
1245 548 1361 603 sine
1387 543 1698 603 reconcilia-
1728 546 1774 605 Α
1803 552 1921 609 quae
1939 536 2051 608 jam
2093 542 2240 599 sunt,
2268 530 2626 589 benedictioni
2666 546 2785 604 qua:
2817 530 3014 603 populo
3042 528 3369 600 impenditur

149 641 274 695 tione
301 635 417 708 ejus
445 637 539 707 qui
565 652 683 693 eum
711 638 1192 694 excommunicavit
1220 638 1271 694 ei
1297 636 1695 693 communicare

146 730 550 802 praesumpserit,
591 738 650 784 ut
679 728 887 800 integra
920 729 1098 784 omnia
1124 729 1190 800 (si
1223 728 1588 784 reconciliatio
1614 726 1692 780 in-

147 817 466 890 tercesserit)
505 818 572 873 de
598 818 858 888 iniustitia
885 817 969 872 vel
1009 818 1291 888 iniquitate
1334 815 1697 873 excommuni-

143 910 353 965 cationis
387 908 644 978 proximae.
669 908 873 980 synodo
901 915 1261 965 reserventur.

112 1034 116 1049 .
205 998 308 1053 XII.
348 997 544 1055 Subito
571 997 948 1054 obmutescens
994 1008 1150 1068 prout
1188 1004 1445 1053 statutum
1474 1003 1560 1052 est
1600 995 1696 1050 ba-

146 1089 335 1160 ptizari,
365 1097 459 1144 aut
485 1088 859 1159 paenitentiam
898 1088 1145 1159 accipere
1189 1094 1384 1158 potest,
1417 1085 1463 1142 si
1501 1084 1693 1140 volun-

147 1177 258 1232 tatis
282 1177 569 1247 praateritas
611 1176 974 1232 testimonium
1015 1175 1240 1231 aliorum
1282 1176 1464 1232 verbis
1508 1174 1693 1241 habet,

146 1276 225 1322 aut
247 1267 527 1337 praesentis
561 1267 615 1321 in
648 1281 745 1323 suo
771 1274 925 1322 nutu.

200 1355 326 1411 XIII.
351 1356 675 1413 Amentibus
705 1372 1041 1428 quaecunque
1068 1365 1190 1413 sunt
1219 1356 1435 1428 pietatis
1513 1355 1696 1412 confe-

147 1449 309 1505 renda.

201 1539 741 1611 XlV.Energumenis
770 1539 1060 1610 baptizatis
1083 1539 1127 1594 si
1155 1540 1221 1595 de
1250 1538 1569 1610 purgatione
1597 1552 1693 1592 sua

147 1637 332 1696 curent,
356 1639 411 1685 et
431 1645 492 1685 se
520 1629 869 1685 sollicitudini
892 1630 1211 1685 clericorum
1255 1629 1492 1694 tradant,
1523 1628 1696 1683 moni-

150 1721 301 1790 tisque
339 1722 744 1789 obtemperent,
803 1719 1110 1774 omnimode
1161 1719 1559 1774 communicent
1605 1732 1694 1773 sa-

146 1812 376 1867 cramenti
404 1811 579 1883 ipsius
600 1812 799 1867 virtute
827 1811 912 1867 vel
941 1811 1217 1867 muniendi
1247 1811 1313 1865 ab
1342 1810 1558 1867 incursu
1588 1810 1693 1865 dae-

1797 630 1972 699 capita
2000 626 2338 683 submittant.

1866 716 2073 773 XXVII.
2107 716 2177 771 Ut
2205 715 2480 771 viduitatis
2513 714 2790 771 servandte
2816 712 3152 785 professione
3181 724 3364 766 coram

1795 809 2049 881 episcopo
2080 807 2132 861 in
2170 807 2463 862 secretario
2503 806 2689 861 habita
2739 805 3045 874 impositam
3083 818 3112 856 a
3147 801 3371 872 presby-

1795 908 1914 957 tero
1941 908 2144 955 vestem
2167 897 2433 953 vidualem
2464 912 2570 953 non
2596 911 2716 952 esse
2743 890 3069 951 violandam.
3095 893 3222 964 Ejus
3241 903 3371 947 vero

1798 988 2215 1060 repudiatorem,
2238 987 2322 1042 vel
2352 987 2524 1058 ipsam
2554 985 2677 1042 talis
2721 984 3077 1055 professionis
3103 980 3369 1037 desertri-

1796 1095 1913 1137 cem
1942 1079 2134 1134 merito
2158 1093 2278 1133 esse
2308 1076 2693 1132 damnandam.

1868 1169 2100 1225 XXVIII.
2148 1170 2215 1223 Hi
2266 1183 2395 1225 vero
2438 1169 2532 1238 qui
2585 1176 2710 1224 sunt
2755 1168 3065 1225 desertores
3110 1164 3369 1238 professae

1797 1259 2061 1316 castitatis
2103 1258 2552 1329 praevaricatores
2594 1257 2848 1325 habendi,
2894 1266 2950 1314 et
2992 1256 3242 1311 omnibus
3274 1268 3373 1324 per

1795 1352 2169 1424 paenitentiam
2204 1351 2495 1422 legitimam
2531 1350 2942 1406 consulendum.

1866 1442 2058 1500 XXIX.
2089 1442 2214 1500 Haec
2244 1460 2365 1514 qua:
2413 1444 2832 1515 subscripsimus
2855 1457 2976 1497 cum
3021 1455 3208 1496 eorum
3235 1453 3371 1509 quo-

1796 1551 1901 1607 que
1930 1534 2213 1591 concordia
2240 1534 2332 1605 qui
2359 1549 2655 1591 consensus
2681 1535 2943 1589 dederunt
2980 1541 3094 1587 rata
3120 1532 3371 1599 deinceps

1797 1627 1937 1682 inter
1964 1641 2063 1683 nos
2113 1641 2177 1681 ac
2211 1634 2429 1682 nostros
2475 1625 2661 1681 haberi
2709 1625 2984 1691 volumus,
3020 1631 3075 1680 et
3126 1621 3370 1679 habenda

1796 1717 2106 1783 sancimus,
2156 1731 2261 1771 non
2317 1724 2708 1787 praetereuntes
2756 1732 2849 1772 eos
2886 1716 2975 1785 qui
3027 1714 3233 1787 synodo
3279 1720 3373 1767 aut

1794 1823 1892 1878 per
1924 1822 2006 1875 se,
2060 1815 2153 1863 aut
2183 1823 2283 1878 per
2324 1822 2620 1864 consensus
2645 1823 2792 1873 suos,
2815 1806 2900 1861 vel
2944 1806 3010 1863 ad
3037 1807 3209 1860 vicem
3242 1805 3369 1859 sub-

149 1917 339 1958 monum
368 1918 478 1973 quo
505 1903 859 1967 infestantur,
891 1901 974 1956 vel
1005 1902 1294 1972 purgandi,
1317 1917 1546 1971 quorum
1577 1899 1690 1970 jam
1725 1919 1768 1977 Β
1798 1900 2011 1970 legatos
2069 1899 2390 1954 destinando
2457 1899 2649 1955 adesse
2714 1899 3053 1960 detractant,
3121 1905 3179 1951 ut
3242 1895 3371 1965 quid

146 1993 418 2048 ostenditur
453 1992 569 2049 vita
598 1993 893 2064 purgatior.

204 2085 302 2141 XV.
334 2086 388 2140 In
414 2093 683 2155 quantum
729 2084 816 2141 vel
850 2086 1146 2141 necessitas
1173 2086 1448 2156 exegerit,
1484 2085 1570 2140 vel
1598 2099 1693 2155 op-

148 2175 419 2243 portunitas
449 2175 804 2245 prtemiserit,
836 2174 903 2229 de
930 2174 1256 2246 baptismate
1284 2173 1690 2230 consulendum.

1794 1991 1897 2047 sibi
1934 1991 2001 2046 de
2025 1990 2130 2047 illis
2166 1990 2377 2061 placeat
2420 1991 2511 2060 qui
2548 1990 2769 2045 Patrum
2816 1997 3014 2045 statuta
3047 1987 3370 2057 despiciunt,

1794 2083 2137 2147 innotescat,
2191 2096 2297 2136 non
2339 2081 2481 2151 quod
2539 2080 2695 2136 nobis
2756 2088 3056 2149 temporum
3111 2074 3372 2148 qualitate

1793 2172 2013 2228 difficile
2057 2172 2129 2227 sit
2174 2172 2240 2227 ad
2297 2181 2541 2226 sanctam
2600 2170 2861 2242 synodum
2913 2167 3235 2232 convenire,
3279 2166 3373 2220 ad-

205 2263 324 2319 XVI.
350 2263 715 2336 Energumeni
742 2280 851 2320 non
893 2266 1065 2321 solum
1094 2280 1199 2320 non
1230 2266 1537 2322 assumendi
1571 2276 1696 2321 sunt
1786 2263 2038 2335 jicientes
2082 2263 2225 2335 quod
2286 2263 2333 2319 si
2381 2262 2649 2318 similibus
2692 2262 2946 2330 deinceps
3002 2257 3225 2330 paganis
3275 2270 3374 2326 pro

149 2354 201 2407 ad
226 2355 377 2408 ullum
414 2356 667 2411 ordinem
712 2355 1001 2411 clericatus
1022 2394 1038 2421 ,
1072 2356 1165 2411 sed
1220 2365 1275 2411 et
1304 2356 1378 2410 illi
1410 2356 1503 2426 qui
1549 2355 1695 2410 ordi-

151 2445 237 2499 nati
262 2454 379 2526 snnt
399 2447 466 2501 ab
498 2447 756 2516 imposito
779 2444 956 2503 officio
988 2455 1112 2501 sunt
1139 2446 1451 2518 repellendi.

208 2534 348 2589 XVII.
371 2535 772 2592 Admistionem
799 2535 1152 2593 Eucharistiae
1184 2536 1345 2593 simul
1373 2551 1696 2592 consecran-

151 2623 251 2678 dam
270 2626 594 2683 censuimus.

206 2714 370 2772 XVl'I.
399 2717 616 2773 Placuit
635 2717 1039 2776 catechumems
1080 2734 1185 2775 non
1214 2717 1316 2789 legi
1346 2717 1695 2789 Evangelium

151 2804 194 2858 in
228 2805 474 2863 Ecclesia.

206 2896 329 2951 XIX.
357 2898 750 2955 Catecbumeni
779 2915 1162 2971 nonnunquam
1203 2899 1521 2956 admittendi
1548 2907 1694 2969 sunt,

153 2988 287 3044 etiam
314 2990 450 3047 inter
481 2992 813 3049 domesticas
833 2994 1130 3049 orationes.

208 3079 311 3137 XX.
340 3081 671 3155 Segregandi
699 3082 1129 3155 informandique
1154 3092 1280 3139 sunt
1300 3082 1695 3150 catecnumeni,

154 3171 256 3225 utsi
277 3181 531 3229 revocent
570 3182 625 3229 et
651 3174 938 3244 signandos
975 3172 1059 3229 vel
1093 3173 1489 3230 benedicendos
1517 3188 1697 3230 semo-

155 3262 229 3315 tim
263 3262 481 3321 offerant
517 3280 616 3322 eos
652 3265 854 3323 ﬁdeles.

209 3352 328 3411 XXI.
358 3357 469 3414 Duo
499 3357 552 3414 si
582 3358 1285 3429 praesumpserintordinare
1308 3358 1616 3429 episcopum
1646 3355 1698 3411 in

153 3447 314 3502 vestris
336 3450 655 3519 provinciis,
682 3449 882 3521 placuit
899 3451 966 3507 de
989 3449 1492 3522 praesumptoribus,
1515 3456 1574 3503 ut
1594 3448 1700 3503 sic-

153 3537 223 3591 ubi
269 3541 559 3613 contigerit
604 3542 738 3598 duos
780 3543 1061 3613 episcopos
1108 3543 1334 3597 invitum
1387 3542 1699 3613 episcopum

153 3625 302 3684 facere
329 3632 648 3689 auctoribus
696 3633 981 3697 damnatis,
1015 3633 1175 3689 unius
1205 3631 1460 3689 Ecclesiae
1509 3647 1698 3689 eorum

150 3717 244 3788 ipse
264 3724 348 3794 qui
391 3740 594 3796 passus
618 3733 722 3791 est,
758 3726 1132 3790 substituatur,
1165 3726 1211 3782 si
1263 3733 1438 3782 tamen
1471 3725 1579 3780 vita
1608 3739 1699 3780 re-

151 3813 362 3882 spondet,
391 3823 447 3873 et
506 3816 643 3872 alter
675 3817 729 3872 in
777 3817 999 3873 alterius
1046 3816 1237 3887 dejecti
1267 3816 1384 3875 loco
1423 3816 1697 3873 nihilomi-

154 3915 236 3957 nus
265 3907 572 3975 ordinatur;
615 3909 659 3963 si
688 3908 1046 3965 voluntarium
1088 3911 1194 3967 duo
1215 3908 1464 3977 fecerint,
1493 3919 1548 3965 et
1587 3910 1699 3979 ipse

156 3992 483 4066 damnabitur,
514 4015 625 4072 quo
645 4000 860 4058 cautius
894 4016 957 4058 ea
996 4017 1117 4073 quae
1142 4010 1267 4058 sunt
1293 4000 1588 4072 antiquitus
1618 4000 1699 4056 in-

154 4083 311 4141 stituta
340 4100 645 4146 serventur.

212 4173 357 4233 XXII.
389 4179 541 4237 Sedit
586 4190 845 4252 praeterea
872 4190 932 4237 ut
962 4183 1216 4253 deinceps
1244 4197 1348 4239 non
1380 4183 1699 4240 ordinentur

155 4262 378 4325 diacones
403 4271 698 4342 coniugati,
724 4271 825 4328 nisi
868 4274 958 4343 qui
998 4273 1149 4343 prius
1173 4273 1547 4330 conversionis
1573 4287 1698 4344 pro-

155 4355 303 4418 posito
334 4359 567 4415 confessi
607 4359 803 4416 fuerint
840 4362 1166 4418 castitatem.

214 4442 382 4503 XXIII.
415 4449 472 4506 Si
500 4451 625 4522 quis
671 4460 851 4508 autem
884 4462 1008 4522 post
1052 4459 1326 4522 acceptam
1358 4451 1698 4508 benedictio-

159 4545 260 4588 nem
299 4537 564 4596 Ieviticam
595 4558 718 4597 cum
767 4557 935 4598 uxore
965 4556 1061 4598 sua
1108 4542 1449 4598 incontinens
1488 4542 1697 4598 inveni-

159 4626 245 4686 tur,
276 4626 339 4681 ab
375 4629 552 4687 oliicio
577 4630 884 4702 abjiciatur.

213 4711 384 4772 XXIV.
415 4720 489 4775 De
518 4720 604 4776 his
636 4730 815 4777 autem
859 4723 949 4792 qui
978 4724 1290 4794 priusquam
1323 4722 1556 4778 ordinati
1584 4722 1698 4778 fuc-

159 4800 246 4856 rint
348 4809 449 4865 hoc
480 4813 652 4883 ipsum
689 4812 1331 4896 inqiderin_t,'l‘aurinatis
1381 4812 1571 4885 synodi
1613 4828 1698 4869 se-

157 4894 395 4955 ‘Iliendam
421 4916 542 4958 esse
563 4886 885 4959 sententiam
918 4886 1022 4973 qua
1046 4904 1307 4972 jubentur
1335 4920 1442 4960 non
1471 4904 1699 4962 ulterius

159 4990 452 5045 Promoveri.

222 5069 370 5131 XXV.
399 5080 473 5134 De
501 5080 709 5138 idoneis
729 5082 908 5137 autem
951 5082 1296 5153 probatisque
1326 5083 1475 5149 viris,
1504 5091 1559 5138 et
1593 5082 1697 5140 cle-

162 5155 325 5252 ticatui
360 5166 589 5236 alligatis
621 5171 732 5241 ipsa
759 5170 879 5227 vitae
906 5173 1079 5245 gratia
1126 5173 1200 5227 ita
1247 5173 1427 5244 gerit,
1480 5173 1524 5229 si
1558 5172 1699 5227 forte

163 5248 420 5309 inciderint
453 5258 507 5312 in
550 5259 821 5331 duplicata
866 5262 1245 5328 matrimonia,
1282 5271 1341 5317 ut
1386 5278 1492 5318 non
1547 5263 1691 5318 ultra

162 5336 574 5404 subdiaconatum
598 5349 680 5405 vel
705 5350 1097 5409 ecclesiasticas
1140 5353 1356 5425 capiant
1384 5352 1694 5424 dignitates.

224 5427 391 5490 XXVI.
425 5437 747 5498 Diaconissre
783 5444 1089 5501 omnimode
1118 5462 1223 5501 non
1259 5445 1601 5511 ordinanda),
1651 5445 1697 5501 si

1794 2353 2109 2410 salubritate
2175 2351 2541 2408 ecclesiastica
2607 2364 2669 2405 ac
2732 2349 2985 2405 remediis
3046 2357 3374 2417 congregare

1794 2454 2094 2502 conventus
2154 2443 2523 2510 voluerimus,
2585 2442 3015 2505 constituamus,
3072 2447 3131 2492 ut
3193 2437 3371 2492 nullus

1793 2543 2092 2592 conventus
2142 2532 2262 2590 sine
2326 2532 2549 2589 alterius
2601 2540 2899 2589 conventus
2966 2529 3372 2585 denuntiatione

1795 2627 2055 2684 solvatur.
2092 2625 2278 2697 itaque
2318 2623 2567 2695 sequenti
2607 2639 2750 2679 anno
2777 2623 2823 2679 si
2853 2622 3080 2679 Domino
3128 2621 3237 2675 Deo
3277 2633 3371 2672 no-

1795 2726 1909 2775 stro
1958 2715 2086 2773 Jesu
2124 2716 2340 2774 Christo
2382 2715 2730 2785 permittente
2778 2713 3113 2778 conceditur,
3149 2711 3234 2766 die
3281 2709 3370 2763 dc-

1797 2810 2130 2882 cimoquinto
2185 2808 2454 2865 Kalendas
2496 2805 2818 2863 Novembris
2869 2805 2922 2860 in
2972 2802 3234 2858 Aurasico
3269 2808 3375 2854 ter-

1798 2902 1988 2959 ritorio
2028 2909 2350 2958 conventum
2393 2900 2705 2962 habeamus,
2744 2897 2837 2969 qui
2887 2898 3006 2952 ideo
3043 2903 3192 2951 tanto
3229 2892 3378 2963 prius

1798 3002 1925 3050 ante
1986 2994 2372 3059 denuntiatur,
2427 3000 2487 3048 ut
2549 3001 2660 3048 tam
2725 2988 3091 3047 excusationis
3158 2987 3378 3041 libertas

1798 3102 1960 3159 quam
1989 3086 2323 3142 invitationis
2376 3085 2672 3140 necessitas
2708 3099 2812 3139 non
2863 3084 2951 3137 sit.
2994 3082 3067 3136 De
3105 3080 3193 3135 die
3230 3078 3374 3133 enim

1802 3191 1868 3232 ac
1915 3176 2036 3232 loco
2101 3190 2202 3246 per
2250 3174 2396 3244 ipsos
2452 3189 2552 3229 nos
2615 3172 3125 3234 connnonebimur,
3181 3167 3376 3238 singuli

1720 3268 1767 3333 C
1794 3267 1951 3323 nobis
1995 3280 2118 3322 cum
2164 3264 2563 3336 exemplaribus
2605 3274 2660 3321 et
2693 3280 2756 3320 ea
2803 3279 2923 3335 quae
2965 3279 3060 3334 per
3105 3276 3223 3316 nos.
3252 3269 3378 3316 sunt

1801 3358 2096 3415 constituta
2148 3355 2448 3413 referentes
2484 3356 2693 3428 aliquos
2740 3356 2833 3426 qui
2885 3355 3211 3420 defuerunt,
3252 3353 3379 3407 bea—

1803 3449 1999 3506 tissimi
2054 3448 2253 3506 fratres
2305 3450 2507 3514 nostri,
2567 3448 2757 3504 Hilarii
2812 3445 3158 3503 sollicitudini
3215 3442 3376 3498 relin-

1800 3555 2064 3614 quamus,
2108 3540 2250 3597 datis
2282 3540 2352 3597 ad
2392 3540 2539 3611 ipsos
2587 3538 2983 3609 exemplaribus
3031 3524 3377 3592 commonen-

1800 3633 1919 3688 dos.
1950 3629 2011 3687 Si
2040 3638 2161 3702 post
2189 3631 2371 3687 omnia
2398 3630 2698 3687 occurrerit
2750 3627 3091 3684 imbecillitas
3120 3623 3377 3694 fragilita-

1799 3723 1871 3779 tis
1901 3722 2169 3788 humanae,
2206 3729 2268 3778 ut
2316 3721 2362 3777 si
2400 3722 2520 3791 quis
2551 3722 2836 3792 episcopus
2881 3733 2977 3790 per
3008 3714 3376 3772 infirmitatem

1799 3811 2197 3868 debilitatemve
2224 3808 2459 3880 aliquam
2493 3822 2586 3866 aut
2616 3807 2994 3864 ltebetudinem
3024 3819 3217 3861 sensus
3248 3803 3378 3858 inci-

1798 3900 1958 3968 derit,
1974 3908 2066 3956 aut
2086 3898 2323 3955 officium
2345 3900 2457 3956 oris
2486 3900 2753 3966 amiserit,
2775 3914 2837 3954 ea
2862 3913 2982 3968 quae
3011 3912 3118 3951 non
3148 3894 3249 3949 nisi
3278 3908 3375 3964 per

1798 3992 2080 4064 episcopos
2105 3999 2385 4064 geruntur,
2418 4006 2523 4046 non
2555 3991 2655 4047 sub
2691 3988 2978 4061 praesentia
3024 4002 3122 4043 sua
3150 3984 3373 4057 presby-

1800 4090 1943 4139 teros
1980 4097 2140 4154 agere
2175 4083 2481 4152 permittat,
2535 4081 2629 4137 sed
2659 4081 2970 4151 episcopum
3003 4079 3056 4134 in
3084 4078 3186 4134 hoc
3226 4075 3371 4146 quod

1799 4172 1853 4229 in
1894 4172 2125 4229 ecclesia
2176 4173 2442 4244 agendum
2473 4172 2654 4237 fuerit,
2686 4172 2946 4242 imponat.
2978 4170 3091 4240 Ego
3139 4166 3373 4222 Hilarius

1798 4264 2081 4337 episcopus
2129 4265 2440 4337 subscripsi.
2481 4264 2593 4337 Ego
2639 4263 2896 4321 Claudius
2925 4262 3208 4333 episcopus
3251 4260 3379 4314 sub-

1798 4358 2012 4429 scripsi.
2047 4358 2161 4430 Ego
2188 4357 2579 4413 Constantinus
2603 4356 2889 4427 episcopus
2914 4351 3231 4424 subscripsi.
3262 4350 3373 4421 Ego

1797 4448 2098 4505 Audentius
2134 4448 2421 4521 episcopus
2449 4448 2762 4521 subscripsi.
2807 4449 2917 4521 Ego
2963 4445 3242 4519 Egrestins
3266 4444 3378 4516 epi-

1800 4554 1996 4611 scopus
2038 4540 2333 4611 subscripsi
2392 4540 2502 4613 Ego
2548 4539 2795 4597 Julianus
2829 4541 3115 4612 episcopus
3146 4536 3377 4594 subscri-

1726 4621 1772 4681 D
1797 4631 1902 4701 psi.
1937 4629 2048 4702 Ego
2092 4629 2370 4702 Auspitius
2394 4631 2679 4701 episcopus
2709 4621 3030 4701 subscripsi.
3060 4629 3174 4700 Ego
3203 4625 3375 4681 Matri-

1798 4736 1919 4777 mus
1953 4721 2237 4793 episcopus
2279 4722 2594 4794 subscripsi.
2627 4722 2742 4796 Ego
2771 4721 3108 4778 Thenderius
3157 4718 3370 4790 episco-

1799 4827 1900 4884 pus
1939 4812 2255 4885 subscripsi.
2289 4813 2402 4885 Ego
2449 4813 2753 4871 Eucherius
2803 4812 3090 4883 episcopus
3136 4807 3377 4865 subscri-

1797 4906 1901 4974 psi.
1944 4902 2269 4959 Sanctorum
2298 4903 2637 4960 sacerdotum
2666 4899 3198 4973 comprovincialium
3229 4911 3377 4954 meo-

1800 5008 1917 5048 rum
1980 4993 2071 5063 qni
2145 4993 2394 5065 superius
2460 5002 2585 5050 sunt
2643 4991 2928 5049 memorati
2995 4995 3375 5060 exspectantes

1799 5097 2078 5138 assensum
2137 5082 2420 5139 Nectarius
2480 5081 2795 5151 subscripsi.
2850 5078 3035 5136 Justus
3093 5078 3375 5150 episcopus

1798 5170 2113 5242 subscripsi.
2161 5170 2471 5243 Augustalis
2520 5170 2804 5241 episcopus
2853 5168 3169 5240 subscripsi.
3223 5166 3377 5238 inge-

1799 5263 1923 5319 nius
1958 5264 2242 5334 episcopus
2287 5262 2601 5333 subscripsi.
2637 5261 2885 5318 Salonius
2924 5262 3208 5333 episcopus
3247 5259 3376 5313 sub-

1800 5352 2015 5422 scripsi.
2052 5351 2164 5422 Ego
2217 5359 2573 5423 superventor
2612 5366 2710 5423 pro
2746 5360 2901 5423 patre
2956 5365 3078 5406 meo
3120 5348 3373 5418 episcopo

1798 5442 2021 5500 Claudio
2071 5442 2364 5513 subscripsi
2397 5449 2453 5497 et
2501 5442 2807 5511 recognovi.

165 5517 3373 5552 MM

1031 5577 1373 5634 lNClPlUNT
1413 5577 1612 5634 CAPIT
1618 5576 1754 5633 HLA
1792 5574 2084 5632 CONCILII
2124 5574 2478 5631 VALENSIS.

172 5771 186 5816 ι
228 5681 269 5733 1.
295 5684 359 5741 Ut
380 5687 631 5749 Gallicani
675 5695 908 5765 episcopi
946 5695 996 5749 in
1029 5694 1218 5751 Galliis
1257 5711 1361 5749 non
1401 5695 1694 5750 discutian-

191 5782 242 5816 ΙΙΙ·

191 5782 242 5819 UI'

1869 5690 1924 5744 2.
1957 5691 2028 5745 De
2056 5689 2442 5759 paenitentibus
2483 5690 2663 5750 subito
2704 5690 2931 5747 mortuis
2970 5696 3030 5747 ut
3073 5685 3375 5743 oblationes

1803 5798 1987 5838 eorum
2027 5782 2371 5851 recipiantur.
