3910 6440
560 371 662 428 595

1401 348 1693 446 sereno.
1718 393 1821 458 an
1847 394 2019 450 smc.
2059 396 2149 451 ix.
2187 430 2256 440 -
2305 401 2551 461 iSlDORl
2588 406 3027 468 nancaroms
3689 426 3776 483 396

627 490 679 544 5.
705 491 775 548 Ut
806 495 1026 551 alterius
1073 497 1306 568 episcopi
1352 500 1590 556 chrisma
1636 504 1816 562 nullus
1870 502 2121 578 accipiat,
2152 519 2201 576 Α
2296 517 2348 569 7.
2382 517 2448 573 Ut
2473 530 2818 581 accusatores
2855 527 2923 583 de
2974 527 3181 587 levibus
3217 533 3395 589 causis
3434 549 3545 591 nou
3578 540 3773 597 audian-

556 581 651 636 sed
688 587 1056 642 tantummodo
1089 589 1314 657 proprii.

623 670 678 724 4.
713 670 781 727 Ut
800 674 889 743 qui
915 674 1213 732 oblationes
1233 677 1608 737 defunctorum
1633 685 1886 752 retineant,
1910 703 2122 746 excom-

557 761 920 817 municentur.

624 851 678 909 5.
714 851 781 907 Ut
818 854 911 923 qui
943 826 1226 914 sententiae
1268 860 1507 932 episcopi
1556 866 1640 921 sui
1686 881 1791 923 non
1828 871 2125 940 acquiescit

553 950 798 1002 recurrat
839 943 905 998 ad
944 947 1231 1016 synodum.

621 1027 675 1084 6.
725 1029 793 1086 Ut
834 1037 1334 1094 excommunicatus
1379 1040 1625 1100 humiliet
1668 1056 2017 1121 semetipsum
2061 1060 2121 1107 ut

550 1114 781 1177 festinus
810 1125 1209 1184 reconcilietur.

2232 614 2339 673 tur,
2362 608 2475 682 94
2498 615 2566 667 de
2594 613 2915 673 criminibus
2943 633 3071 675 vero
3096 621 3480 679 discutiantur.

2298 698 2352 753 8.
2393 699 2464 756 Ut
2488 702 2769 774 episcopus
2810 708 3042 765 alienum
3088 712 3340 770 clericum
3368 717 3657 790 redarguat
3676 738 3775 793 pec-

2227 803 2326 842 can
2335 798 2459 844 tem.

2297 876 2351 931 9.
2393 877 2465 934 Ut
2508 883 2598 952 qui
2644 886 2947 957 expositum
2990 890 3285 961 invenerit,
3327 894 3618 954 ecclesiam
3656 916 3771 957 con.

2229 974 2474 1026 testetur.

2295 1056 2381 1147 i0.
2426 1058 2494 1118 Ut
2516 1063 2609 1132 qui
2633 1075 2830 1134 praeter
2848 1071 3200 1130 constitutum
3227 1075 3497 1147 exposcit,
3522 1085 3582 1133 ut
3619 1077 3767 1133 homi~

2222 1145 2340 1201 cida
2376 1147 2657 1209 habeatur.

1987 1260 2347 1278 “.—

1257 1363 1718 1462 INCIPIT
1786 1373 2448 1473 CONCILIUM
2523 1389 3090 1485 VALENSE.

1934 1566 2093 1628 zEra
2135 1587 2420 1635 couxx.

629 1752 1051 1813 Constitutiones
1083 1758 1269 1830 synodi
1308 1768 1535 1817 tractatu
1580 1762 1777 1821 habitae
1814 1763 1868 1820 in
1903 1765 2106 1824 civitate

2297 1753 2360 1810 V.
2400 1755 2458 1812 Si
2484 1758 2604 1829 quis
2624 1761 2859 1835 episcopi
2894 1767 3172 1825 sententiae
3199 1784 3306 1828 non
3335 1773 3647 1846 acquiescit,
3689 1796 3759 1837 re.

546 1842 758 1898 Valensi
786 1846 923 1913 apud
940 1846 1246 1917 episcopum
1266 1848 1519 1905 Urbicum
1545 1850 1801 1908 Ecclesia:
1816 1853 2114 1924 catholicae,

543 1933 871 2003 temporibus
924 1934 1210 1993 Theodosii
1252 1938 1483 2009 junioris
1521 1949 1577 1996 et
1612 1942 1851 1997 Dioscori
1882 1944 2118 2000 consulis

538 2022 638 2075 sub
658 2023 744 2079 die
768 2024 953 2079 iduum
985 2025 1245 2083 Novemb.

622 2114 751 2171 Car.
777 2116 816 2170 l.
850 2117 1056 2172 Placuit
1100 2120 1383 2192 episcopos
1407 2122 1474 2177 de
1512 2123 1801 2181 Gallicanis
1821 2130 2113 2196 provinciis

538 2211 815 2265 venientes
856 2209 994 2263 intra
1017 2209 1221 2265 Gallias
1255 2227 1361 2266 non
1399 2213 1787 2284 discutiendos,
1818 2219 1912 2281 sed
1939 2221 2114 2277 solum

534 2301 777 2357 suﬁicere
830 2303 873 2358 si
921 2304 1098 2358 nullus
1134 2308 1565 2363 communionem
1621 2312 1699 2366 eis
1752 2315 2112 2385 interdixerit,

535 2391 659 2459 quia
692 2391 832 2446 inter
874 2393 1390 2459 circumhabitantes
1438 2412 1503 2453 ac
1551 2399 1651 2456 sibi
1696 2416 1834 2472 pene
1879 2406 2112 2464 invicem

535 2489 689 2534 notos
722 2494 824 2534 non
858 2492 966 2535 tam
995 2484 1305 2540 testimonio
1336 2487 1579 2558 indigent
1625 2491 1795 2558 probi,
1828 2508 1990 2563 quam
2017 2498 2111 2581 de-

533 2573 810 2628 notatione
849 2583 905 2627 et
930 2574 1426 2634 denuntiationibus
1454 2581 1754 2650 depravati.

602 2661 661 2715 li.
700 2663 899 2717 llorum
949 2666 1037 2735 qui
1088 2668 1405 2736 poenitentia
1447 2682 1667 2742 accepta
1706 2673 1756 2728 in
1803 2675 1945 2734 bono
1986 2679 2110 2736 vita:

531 2767 691 2806 cursu
720 2752 1079 2809 satisfactoria
1103 2760 1514 2828 compunctione
1543 2762 1802 2832 viventes,
1830 2767 1949 2823 sine
1969 2783 2111 2823 com-

532 2843 786 2897 munione
833 2844 1106 2913 inopinato
1150 2862 1530 2918 nonnunquam
1585 2854 1812 2909 transitu
1866 2856 1921 2911 in
1963 2859 2109 2927 agris

531 2940 623 2983 aut
652 2931 702 2984 in
736 2932 1018 2988 itineribus
1046 2937 1451 3005 prmveniuntur
1470 2940 1799 2999 oblationem
1839 2947 2103 3017 recipien-

531 3021 676 3083 dam,
705 3034 758 3078 et
778 3040 962 3080 eorum
988 3027 1175 3081 funera
1207 3043 1272 3084 ac
1298 3031 1550 3102 deinceps
1593 3038 1908 3094 memoriam
1932 3042 2107 3098 eccle-

531 3111 747 3164 siastico
777 3113 970 3168 aﬁ'cctu
1018 3120 1466 3186 prosequendam,
1492 3122 1616 3192 quia
1645 3123 1797 3180 nefas
1817 3137 1900 3182 est
1922 3143 2108 3186 eorum

531 3208 1069 3263 cuiiunemorationes
1099 3210 1309 3265 excludi
1362 3228 1393 3267 a
1437 3214 1764 3272 salutaribus
1796 3221 1984 3286 sacris,
2016 3223 2108 3292 qui

530 3292 594 3345 ad
617 3294 803 3348 eadem
853 3312 1009 3352 sacra
1055 3298 1195 3354 ﬁdeli
1238 3299 1431 3357 aﬁ‘ectu
1461 3310 1870 3375 contendentes,
1902 3312 2027 3367 dum
2049 3328 2108 3369 se

529 3385 730 3439 diutius
761 3402 880 3441 reos
926 3398 1170 3445 statuunt
1212 3391 1461 3464 indignos
1512 3396 1810 3454 salutiferis
1836 3403 2105 3472 mysteriis

525 3476 792 3545 iudicant,
833 3494 896 3533 ac
932 3482 1272 3551 purgatiores
1305 3484 1513 3540 restitui
1543 3485 1891 3543 desiderant:
1924 3491 1993 3545 ab
2024 3492 2108 3548 his

529 3580 625 3636 pro
674 3568 870 3638 quibus
918 3581 1379 3627 sacramentorum
1429 3574 1628 3630 viatico
1668 3576 2102 3648 intercipiuntur,

529 3660 723 3727 quibus
755 3660 982 3716 fortasse
1009 3678 1106 3717 nec
1132 3664 1587 3721 absolutissimum
1609 3669 2106 3728 reconciliationem

532 3749 784 3801 sacerdos
810 3750 1174 3821 denegandam
1204 3763 1467 3821 putasset.

600 3836 686 3889 III.
730 3838 833 3891 Per
860 3839 1069 3910 singula
1106 3843 1378 3897 territoria
1420 3847 1722 3917 presbyteri
1759 3850 1843 3905 vel
1872 3851 2105 3909 ministri

528 3925 597 3979 ab
625 3927 912 3996 episcopis.
939 3946 1042 3983 non
1070 3943 1229 4000 prout
1256 3932 1465 3988 libitum
1497 3935 1661 3991 fuerit
1680 3954 1708 3992 a
1734 3939 2104 4011 vicinioribus,

528 4016 620 4070 sed
647 4033 675 4069 a
705 4018 817 4072 suis
845 4022 1076 4091 propriis
1092 4038 1188 4091 per
1209 4040 1381 4079 annos
1400 4026 1640 4098 singulos
1664 4039 1850 4100 petant
1868 4035 2106 4092 chrisma

532 4110 996 4179 appropinquante
1028 4113 1367 4170 solemnitate
1396 4119 1653 4187 paschali,
1678 4138 1777 4178 nec
1801 4139 1899 4194 per
1920 4143 2106 4197 quem-

529 4212 741 4267 cunque
789 4202 1257 4268 ecclesiasticum,
1307 4208 1400 4261 sed
1441 4207 1487 4261 si
1535 4224 1641 4279 qua
1691 4215 1984 4271 necessitas
2012 4227 2107 4272 aut

533 4287 897 4344 ministrorum
957 4295 1236 4364 occupatio
1267 4304 1349 4350 est
1391 4312 1488 4368 per
1526 4300 1936 4371 subdiaconum,
1979 4308 2104 4377 quia

2217 1856 2401 1899 currat
2424 1847 2490 1901 ad
2519 1853 2802 1919 synodum.

2291 1930 2377 1988 Vl.
2418 1934 2492 1989 Ex
2528 1937 2752 2006 epistola
2791 1943 2963 1998 sancti
2994 1942 3284 2004 Clementis
3318 1950 3473 2007 utilia
3503 1968 3616 2024 qua:
3641 1971 3754 2026 pne-

2215 2023 2353 2077 senti
2391 2032 2629 2096 tempore
2676 2030 2920 2088 ecclesiis
2961 2037 3265 2093 necessaria
3311 2049 3438 2095 sunt
3493 2023 3750 2101 honorifice

2212 2112 2556 2183 proferenda,
2586 2129 2781 2174 etcum
2825 2126 3126 2180 reverentia
3157 2128 3226 2184 ab
3247 2131 3501 2187 omnibus
3530 2134 3743 2207 ﬁdelibus

2214 2219 2279 2260 ac
2309 2208 2574 2278 praecipue
2602 2210 2814 2268 clericis
2839 2216 3165 2287 recipienda,
3186 2235 3255 2276 ex
3282 2222 3480 2292 quibus
3500 2228 3632 2296 quod
3653 2242 3747 2297 spe-

2213 2297 2422 2352 cialiter
2464 2300 2661 2369 placuit
2712 2317 2932 2376 propter
2993 2311 3356 2368 venerandam
3403 2316 3745 2386 antiquitatem

2213 2391 2433 2447 statutis
2480 2396 2836 2462 praesentibus
2888 2398 3223 2463 rohoramus,
3248 2404 3396 2474 quod
3446 2408 3747 2476 supradictus

2213 2479 2401 2536 beatus
2428 2492 2633 2555 martyr
2653 2486 2717 2540 de
2739 2487 3031 2544 beatissimi
3055 2490 3198 2546 Petri
3218 2494 3598 2551 constitutione
3621 2513 3741 2552 com-

2212 2581 2476 2627 memorat
2512 2575 2733 2633 dicens:
2777 2577 3031 2645 Quaedam
3077 2572 3257 2638 autem
3303 2588 3483 2640 .etlam
3528 2601 3584 2642 ex
3625 2587 3747 2642 vobis

2211 2663 2344 2733 ipsis
2372 2667 2667 2740 intelligere
2706 2671 2930 2739 debetis,
2975 2674 3020 2729 si
3057 2689 3162 2745 qua
3211 2687 3339 2732 sunt
3368 2694 3487 2748 quas
3514 2679 3619 2749 ipse
3647 2696 3745 2749 pro.

2210 2762 2330 2824 pter
2358 2755 2576 2813 insidias
2600 2759 2870 2815 hominum
2907 2762 3168 2820 maiorum
3210 2781 3316 2821 non
3360 2778 3535 2837 potest
3560 2772 3743 2836 eviden-

2211 2845 2318 2900 tius
2362 2856 2417 2900 et
2463 2848 2799 2907 manifestius
2831 2852 3095 2925 proloqui,
3124 2857 3271 2911 verbi
3298 2859 3493 2928 gratia,
3530 2859 3742 2914 inimicus

2210 2945 2293 2990 est
2318 2936 2475 2992 alicui
2496 2955 2591 3009 pro
2619 2942 2828 2997 actibus
2861 2944 2997 3010 suis,
3023 2961 3119 3002 vos
3161 2948 3329 3005 nolite
3359 2960 3672 3021 exspectare,
3696 2959 3742 3004 ut

2213 3027 2328 3098 ipse
2351 3031 2501 3085 vobis
2524 3033 2687 3098 dicat,
2721 3050 2841 3089 cum
2872 3037 2960 3092 illo
2983 3038 3147 3096 nolite
3177 3042 3335 3098 amici
3361 3058 3497 3108 esse,
3532 3043 3615 3099 sed
3633 3059 3733 3113 pru-

2212 3119 2401 3172 denter
2420 3121 2706 3177 observare
2742 3125 2947 3182 debetis
2995 3137 3049 3182 et
3088 3129 3350 3186 voluntati
3379 3132 3494 3202 ejus
3525 3133 3736 3187 videlicet

2207 3211 2295 3279 qui
2324 3211 2566 3267 ecclesiae
2605 3228 2789 3270 curam
2824 3219 2963 3288 gerit
3006 3221 3208 3290 absque
3246 3226 3644 3280 commonitione
3664 3225 3738 3278 ob.

2206 3303 2503 3357 secundare
2526 3344 2541 3368 ,
2578 3313 2631 3360 et
2664 3309 2836 3362 averti
2887 3310 2955 3365 ab
2983 3325 3046 3365 eo
3081 3313 3166 3367 cui
3218 3314 3394 3383 ipsum
3431 3316 3628 3371 sentitis
3664 3315 3736 3369 ad-

2206 3381 2440 3455 versum,
2472 3394 2565 3448 sed
2609 3409 2709 3450 nec
2757 3395 2899 3467 loqui
2948 3399 3031 3455 his
3058 3381 3250 3471 quibus
3299 3420 3404 3459 non
3443 3404 3735 3474 loquitur.“

2207 3484 2573 3553 unusquisque
2612 3486 2787 3557 quiin
2838 3489 2990 3559 culpa
3037 3502 3120 3547 est
3172 3496 3297 3549 dum
3348 3497 3489 3565 cupit
3534 3495 3733 3550 onmium

2206 3580 2443 3626 vestrum
2494 3574 2593 3629 sibi
2624 3577 2850 3647 gratiam
2891 3596 3141 3652 reparare
3166 3585 3329 3640 citius
3352 3587 3559 3642 festinet
3582 3598 3733 3639 recon-

2204 3664 2374 3718 ciliari
2399 3666 2446 3719 ei
2475 3667 2562 3737 qui
2586 3670 2835 3725 omnibus
2863 3682 3088 3741 praeest,
3122 3683 3179 3729 ut
3218 3692 3314 3746 per
3346 3679 3443 3732 hoc
3485 3676 3648 3732 redeat
3670 3672 3723 3727 ad

2205 3754 2429 3811 salutem
2478 3771 2599 3812 cum
2648 3760 2867 3815 obedire
2905 3764 3132 3833 coeperit
3174 3766 3397 3821 monitis
3427 3761 3731 3836 praesidentis,

2205 3856 2259 3900 et
2289 3857 2482 3902 caetera
2522 3865 2641 3918 quae
2683 3851 2736 3905 in
2795 3855 3248 3925 consequentibus
3285 3857 3535 3912 denotant
3565 3853 3729 3908 amicos

2203 3946 2390 3988 eorum
2413 3936 2503 4005 qui
2533 3938 2744 3993 veritati
2768 3938 2966 3995 inimici
2989 3953 3129 3995 sunt.
3159 3942 3307 3999 Sciat
3332 3947 3507 4014 itaque
3526 3943 3731 4005 deincei)5

2204 4021 2381 4077 clerus
2412 4025 2477 4078 ad
2504 4033 2734 4092 reatum,
2764 4028 2856 4082 sed
2881 4038 2937 4082 et
2957 4031 3184 4099 pepulus
3215 4032 3444 4086 fidelium
3470 4032 3531 4085 ad
3557 4027 3726 4096 culpam

2204 4109 2305 4165 sibi
2355 4111 2773 4179 ascribendunt,
2821 4116 2866 4169 si
2916 4116 3038 4185 quis
3096 4117 3150 4171 in
3221 4119 3324 4175 hoc
3381 4120 3555 4177 vitium
3597 4112 3729 4168 malo-

2207 4223 2322 4262 rum
2371 4219 2773 4279 computantur,
2816 4221 2870 4266 et
2919 4215 3212 4285 disciplinae
3252 4219 3530 4273 subversor
3570 4223 3725 4282 cogno-

2205 4299 2397 4354 scitur.

537 4376 857 4434 inhonorum
887 4391 970 4436 est
1000 4382 1345 4440 inferioribus
1394 4402 1601 4441 summa
1632 4393 1916 4447 committi.
1949 4393 2104 4464 Opti-
2134 4423 2182 4483 ο
2284 4388 2387 4444 VII.
2429 4391 2635 4448 Placuit
2666 4404 2923 4463 prmterea
2974 4398 3259 4453 accusandi
3291 4397 3549 4454 licentiam
3581 4394 3625 4447 in
3652 4404 3722 4442 ve-

535 4484 679 4520 mum
713 4478 797 4523 est
821 4480 997 4526 autem
1028 4481 1087 4528 ut
1125 4474 1239 4545 ipse
1283 4476 1538 4545 suscipiat
1566 4479 1657 4549 qui
1688 4482 1948 4538 tradendo
1979 4501 2103 4540 usu-

532 4574 623 4613 rus
642 4567 744 4623 est,
777 4560 821 4614 si
847 4562 974 4632 quid
1000 4572 1177 4618 autem
1203 4565 1381 4620 obstat
1402 4567 1591 4622 saltem
1613 4568 1660 4624 is
1688 4570 1840 4641 cujus
1868 4571 2102 4629 oﬁicium

533 4658 617 4703 est
645 4651 947 4706 sacrarium
974 4653 1259 4722 disponere
1286 4664 1341 4708 et
1365 4668 1704 4712 sacramenta
1741 4662 2033 4730 suscipere.

601 4740 688 4794 IV.
718 4740 817 4809 Qui
847 4743 1150 4801 oblationes
1174 4745 1554 4802 defunctorum
1600 4750 1834 4804 retinent
1861 4762 1914 4806 et
1938 4753 2109 4809 eccle-

528 4832 626 4887 siis
654 4818 867 4890 tradere
887 4835 1260 4904 dcmorantur,
1284 4848 1343 4893 ut
1368 4836 1616 4895 inﬁdeles
1645 4854 1770 4896 sunt
1792 4844 1861 4897 ab
1881 4846 2106 4901 ecclesia

546 4926 835 4994 tlljiCiClllii,
857 4929 981 4997 quia
1008 4943 1180 5001 usque
1205 4929 1273 4983 ad
1300 4915 1648 4985 inanitionem
1672 4932 1793 4986 ﬁdei
1822 4936 2107 5003 pervenire

542 5026 737 5069 :ertum
790 5029 874 5071 est
907 5018 1046 5076 hanc
1091 5020 1285 5076 divina:
1347 5020 1561 5090 pietatis
1610 5024 2104 5092 exacerbatiouem,

533 5105 654 5173 quia
682 5114 738 5157 et
762 5105 944 5162 ﬁdeles
970 5108 1035 5163 de
1056 5124 1283 5180 corpore
1309 5112 1622 5166 recedentes
1656 5124 1899 5168 votorum
1929 5115 2104 5184 pleni-

534 5197 740 5259 tudine,
766 5206 820 5251 et
838 5214 1103 5269 pauperes
1130 5202 1409 5257 consolatu
1441 5202 1725 5269 alimoniae,
1762 5213 1815 5259 et
1853 5221 2103 5261 necessa-

535 5285 611 5338 ria
659 5289 1052 5343 sustentatione
1098 5288 1450 5357 fraudantur;
1501 5292 1554 5346 hi
1593 5293 1738 5348 enim
1789 5293 1919 5349 tales
1946 5295 2103 5365 quasi

532 5376 803 5446 egentium
836 5389 1136 5444 uecalores,
1160 5395 1258 5435 nec
1285 5382 1563 5437 credentes
1589 5380 1850 5450 judicium
1877 5381 1971 5438 Dei
2007 5386 2107 5439 ha»

531 5470 690 5525 bendi
718 5478 876 5537 sunt;
903 5471 1043 5527 unde
1072 5481 1125 5527 et
1145 5473 1360 5543 quidam
1389 5473 1605 5529 Patrum
1634 5477 1735 5531 hoc
1756 5478 1971 5547 scriptis
1991 5479 2105 5535 suis

534 5561 879 5617 inseruerunt
919 5575 1247 5633 congruente
1300 5566 1567 5622 sententia
1615 5583 1735 5637 quae
1782 5569 2106 5627 ait:amico

534 5651 807 5720 quidpiam
835 5666 1020 5722 rapere
1044 5652 1246 5708 furtum
1287 5664 1393 5722 est,
1431 5665 1489 5712 et
1536 5658 1822 5714 ecclesiam
1850 5658 2105 5716 fraudare

533 5741 888 5814 sacrilegium.

2208 4482 2333 4535 stris
2356 4483 2652 4550 ordinibus,
2693 4485 2737 4540 si
2769 4501 2872 4555 qua
2911 4488 3126 4555 existat,
3156 4489 3371 4544 levitate
3397 4484 3721 4555 comprimere.

2206 4571 2348 4639 quod
2395 4572 2439 4626 si
2473 4574 2757 4645 episc0pus
2786 4577 3017 4646 aliquem
3052 4579 3259 4649 judicat
3285 4577 3628 4636 abstinendum
3649 4584 3719 4637 pm

2206 4660 2575 4719 humiliatione
2626 4675 2680 4721 et
2727 4670 3062 4725 correctione
3109 4670 3317 4739 fratris,
3375 4681 3427 4727 et
3471 4665 3721 4761 assurgimr

2205 4751 2440 4815 exorari,
2468 4766 2497 4804 a
2532 4754 2740 4808 caeteris
2785 4758 3094 4825 acquiescat
3131 4760 3285 4813 fratri
3333 4760 3400 4814 de
3429 4772 3527 4827 quo
3559 4751 3712 4820 agili".

2207 4840 2544 4909 correptione
2573 4852 2628 4896 et
2650 4845 3068 4903 comminatione
3095 4849 3353 4905 adhibita.
3379 4848 3467 4904 Sin
3489 4852 3644 4898 autem
3670 4840 3717 4884 de

2208 4930 2435 4985 crimine
2465 4933 2697 5002 aliquem
2722 4945 2875 5004 putet
2917 4953 3035 4993 esse
3065 4939 3420 4995 damnandum
3441 4978 3454 5002 ,
3486 4935 3714 4989 accusalw

2208 5021 2282 5076 ris
2307 5022 2422 5077 vice
2482 5023 2902 5091 discutiendum,
2957 5030 2999 5082 si
3049 5030 3214 5095 sciat;
3273 5031 3353 5086 fas
3393 5037 3473 5084 est
3525 5022 3645 5077 enim
3672 5020 3715 5063 ιιι

2206 5127 2325 5181 qua:
2354 5113 2444 5167 uni
2470 5118 2788 5183 probantur,
2811 5117 3107 5186 probentur
3129 5121 3196 5176 ab
3218 5120 3478 5176 omnibus.
3516 5202 3529 5206 _
3589 5197 3599 5206 _
3630 5195 3640 5206 .

2278 5200 2407 5256 Vill.
2446 5203 2598 5271 Quod
2645 5206 2689 5260 si
2740 5214 2917 5262 tantus
2966 5211 3249 5279 episcopus
3296 5208 3446 5265 alieni
3488 5197 3710 5294 clerici-sf

2204 5295 2479 5348 conscium
2526 5296 2694 5361 novit,
2725 5297 2962 5367 quandiu
3004 5277 3240 5368 probare
3288 5315 3391 5356 non
3427 5298 3584 5366 potest
3606 5277 3707 5381 nihil

2203 5384 2471 5453 proferat,
2519 5386 2611 5441 sed
2653 5402 2772 5441 cum
2804 5388 3054 5458 episcopo
3083 5390 3149 5445 ad
3171 5390 3599 5461 compunctionem
3619 5380 3707 5438 81⁸³³

2205 5476 2431 5531 secretis
2466 5477 2893 5546 correptionibus
2944 5479 3202 5548 elaboret;
3243 5480 3378 5551 quod
3416 5476 3456 5531 si
3479 5468 3705 5570 cor-repit"

2206 5570 2528 5641 pertinacior
2555 5570 2734 5639 fuerit,
2759 5582 2813 5628 et
2840 5588 2900 5629 se
2945 5575 3301 5630 communioni
3338 5568 3527 5642 publice
3564 5564 3702 5622 ίιιεεεε

2207 5664 2358 5729 serit,
2389 5665 2599 5720 etiamsi
2647 5667 2929 5736 cpiscopus
2981 5667 3034 5720 in
3073 5664 3434 5739 redarguquo
3473 5656 3550 5711 illo
3577 5653 3701 5739 (tum?

2160 5754 2170 5763 ‘
2209 5724 2358 5808 reum
2373 5752 2579 5823 judicat
2598 5724 2912 5825 probatione
2935 5755 3170 5821 deﬁciat.
3194 5724 3509 5812 invdamnatus
3535 5740 3635 5792 licet
3648 5724 3699 5781 all
