3910 6476
147 396 237 459 39?
992 398 999 401 ’
1269 394 1691 451 DECllETAth

1805 394 2183 452 JOLLECTIO.
3243 400 3349 461 398

148 512 221 565 his
246 509 331 581 qui
373 505 500 560 nihil
521 505 697 560 sciunt
736 507 987 561 secedere
1009 506 1076 560 ad
1109 515 1315 577 tempus
1335 524 1433 578 pro
1455 525 1680 579 persona
1712 518 1755 572 Α
1787 508 2231 563 contestationem
2277 507 2510 579 colligat,
2546 509 2889 563 nihilominus
2940 510 3002 564 de
3040 509 3228 568 altario
3249 514 3352 571 Do-

148 600 344 668 majoris
364 596 693 651 auctoritatis
736 595 1009 665 jubeatur,
1061 597 1150 652 illo
1181 599 1416 668 quandiu
1464 599 1679 669 probari
1788 598 1984 652 minico
2010 598 2095 651 die
2145 598 2391 653 minister
2428 599 2707 652 annuntiet
2750 601 2817 652 ab
2866 600 3233 658 ecclesiastico
3262 618 3352 657 ex-

148 691 264 747 nibil
310 696 480 758 potest
515 686 567 741 in
619 688 994 742 communione
1038 690 1277 743 omnium
1322 697 1682 759 praeterquam
1785 691 2018 762 positum
2041 707 2162 747 esse
2183 691 2484 756 collectum,
2509 702 2568 747 ut
2594 692 2730 746 intra
2755 694 2868 747 dies
2901 695 3085 749 decem
3111 697 3177 752 ab
3198 711 3355 768 expo-

146 784 247 853 ejus
267 779 491 851 quicum
516 792 664 832 reum
682 775 886 845 judicat
914 786 1282 847 permanente.
1787 782 1999 837 sitionis
2049 783 2133 837 die
2161 782 2460 852 expositum
2514 782 2760 851 recipiat,
2812 784 2856 840 si
2899 784 3020 855 quis
3049 787 3357 856 probaverit

206 869 287 925 IX.
328 869 673 936 Deexpositis
705 869 834 938 quia
877 868 1070 925 collata
1093 871 1162 925 ab
1189 871 1436 926 omnibus
1464 870 1684 941 querela
1788 890 1845 929 se
1897 874 2176 942 agnovisse
2223 874 2495 929 collectori
2537 888 2634 943 pro
2661 875 2898 945 ipsorum
2927 877 3112 932 decem
3148 881 3355 934 dierum

144 960 383 1032 processit
405 973 498 1015 eos
525 974 633 1014 non
662 959 1042 1016 misericordiae
1069 959 1183 1029 iam
1222 962 1316 1018 sed
1344 963 1569 1019 canibus
1592 979 1688 1020 ex-
1790 966 2159 1021 misericordia
2210 974 2368 1036 prout
2398 965 2627 1020 valuerit
2674 959 2740 1021 ad
2789 981 3026 1037 praesens
3077 970 3356 1034 retribuat,

144 1052 275 1123 poni,
298 1064 431 1120 quos
464 1049 715 1121 colligere
739 1049 1128 1106 calumniarum
1153 1062 1298 1107 metu
1328 1056 1574 1124 quamvis
1604 1056 1685 1111 iu-
1791 1064 1883 1111 aut
1909 1058 1961 1111 in
1987 1066 2303 1127 perpetuum
2332 1071 2451 1111 cum
2490 1054 2584 1111 Dei
2629 1058 2828 1128 gratia,
2866 1059 2910 1114 si
2955 1059 3205 1127 voluerit,
3236 1076 3361 1131 pos-

142 1140 250 1197 felix
273 1156 300 1194 a
332 1139 615 1210 praeceptis
639 1139 1021 1196 misericordia:
1052 1156 1205 1197 mens
1243 1142 1473 1198 humana
1505 1145 1684 1199 detra-
1791 1148 1983 1204 sideat.

143 1239 238 1286 etet
263 1231 638 1286 reservandum
665 1238 769 1295 est,
807 1238 861 1285 et
886 1231 1177 1286 secundum
1203 1240 1404 1287 statuta
1438 1232 1685 1290 fidelissi-
1861 1237 1928 1293 Χ.
1967 1238 2025 1294 Si
2054 1254 2174 1309 quis
2215 1246 2581 1309 exposrtorum
2627 1238 2734 1293 hoc
2780 1239 2971 1296 ordine
3010 1242 3361 1298 collectorum

144 1335 330 1377 morum
359 1361 374 1389 ,
426 1320 839 1392 plissimorum,
884 1330 1340 1393 augustorumque
1386 1324 1686 1393 principum
1793 1328 2054 1397 repetitor
2104 1327 2186 1382 vel
2234 1326 2595 1383 calumniator
2640 1326 2943 1393 exstiterit,
2988 1338 3047 1383 ut
3092 1331 3360 1386 homicida

144 1411 363 1480 quisquis
417 1410 725 1481 expositum
771 1411 974 1482 colligit
1031 1412 1313 1468 ecclesiam
1366 1422 1699 1471 contestetur
1792 1417 2070 1472 habendus
2097 1425 2197 1474 est.

926 1675 1273 1733 lNClPlUNT
1309 1675 1649 1733 CAPITULA
1689 1676 2122 1733 AGATHENSlS
2149 1678 2456 1738 CONClLlI.

201 1837 245 1891 i.
284 1833 611 1905 Debigamis
636 1831 850 1888 clericis
884 1842 1075 1887 utnon
1103 1832 1430 1889 ministrent.
1719 1834 1765 1895 Β
1862 1832 1951 1887 27.
1993 1833 2063 1890 Ut
2110 1837 2494 1892 monasterium
2539 1839 2842 1895 inconsulto
2889 1841 3140 1911 episcopo
3192 1841 3371 1897 nullus

200 1925 246 1979 2.
286 1924 356 1980 De
415 1922 829 1979 contumacibus
888 1921 1135 1987 clericis,
1204 1931 1259 1977 et
1321 1922 1390 1977 ad
1452 1921 1686 1978 cilicium
1795 1924 2087 1979 constituat
2118 1926 2183 1980 de
2213 1929 2490 1984 monachis

148 2014 305 2069 tardis.
1864 2016 1955 2072 28.
1998 2017 2065 2073 Ut
2098 2022 2480 2076 monasterium
2510 2021 2811 2091 puellarum
2832 2037 3016 2092 procul
3036 2037 3064 2076 a
3091 2021 3371 2078 monachis

202 2103 250 2160 3.
285 2103 357 2158 De
395 2103 668 2173 episcopis
711 2102 802 2172 qui
842 2118 926 2158 νει
954 2102 1290 2167 innocentes,
1335 2101 1419 2156 vel
1461 2115 1561 2173 pro
1588 2100 1692 2157 mi-
1797 2106 2176 2160 constituatur.

149 2192 282 2269 nimis
308 2193 493 2248 causis
519 2193 729 2262 aliquos
757 2192 1245 2248 excommunicant.
1864 2196 1953 2250 29.
1996 2196 2071 2251 De
2122 2197 2330 2254 libertis
2384 2209 2442 2254 ut
2512 2202 2564 2256 in
2615 2204 2935 2259 necessitate
3003 2204 3073 2258 ab
3140 2205 3369 2260 ecclesia

201 2281 247 2337 4.
285 2282 355 2338 De
394 2283 487 2338 his
510 2283 601 2352 qui
634 2283 871 2339 suasch
913 2283 1340 2354 propinquorum
1386 2279 1692 2339 oblationes
1797 2295 2071 2343 tueantur.

148 2374 358 2431 ecclesia:
385 2374 487 2432 def
486 2375 733 2429 raudant.
1868 2380 1956 2435 50.
1999 2382 2067 2437 Ut
2086 2390 2205 2452 post
2242 2383 2562 2452 autiphonas
2587 2388 2863 2442 orationes
2888 2388 3155 2443 dicantur.

202 2465 249 2522 5.
287 2468 340 2523 Si
362 2467 600 2525 clericus
620 2467 821 2524 furtum
844 2469 1088 2545 ecclesiae
1112 2469 1324 2526 fecerit.
1867 2471 1956 2525 3t.
2000 2473 2073 2527 De
2116 2473 2201 2528 his
2244 2473 2333 2543 qui
2367 2486 2586 2544 propter
2616 2476 2796 2530 odium
2829 2477 2894 2531 ad
2930 2492 3118 2545 pacem
3143 2492 3249 2532 non
3283 2490 3367 2531 re-

212 2562 258 2615 6.
305 2557 362 2615 Si
409 2560 673 2631 episcopo
722 2575 753 2614 a
803 2559 1133 2630 quibuslibet
1185 2561 1479 2630 quidquam
1534 2558 1699 2615 fuerit
1800 2570 2104 2617 vertuntur.

151 2656 461 2712 derelictum.
1869 2653 1959 2708 52.
2003 2652 2069 2709 Ut
2106 2652 2334 2708 clericus
2386 2656 2691 2712 meonsulto
2738 2659 2993 2729 episcopo
3035 2658 3102 2711 ad
3137 2656 3377 2725 judicent

207 2750 251 2802 7.
288 2750 357 2804 De
397 2747 571 2804 rebus
624 2756 867 2801 ecclesiae
908 2743 1180 2813 quomodo
1207 2741 1277 2797 ab
1303 2742 1571 2813 cpisc0pis
1600 2742 1697 2797 ba-
1803 2743 2114 2798 meularem
2133 2759 2238 2798 non
2258 2752 2464 2816 pergat.

148 2840 369 2907 beantur,
392 2848 453 2895 et
489 2838 556 2895 de
581 2836 753 2894 servis
779 2835 1020 2892 ecclesiae
1051 2834 1287 2906 qualiter
1332 2835 1402 2890 ab
1451 2836 1702 2906 episcopo
1874 2834 1964 2889 35.
2006 2833 2063 2889 Si
2091 2834 2374 2904 episcopus
2406 2835 2647 2891 haereues
2680 2852 2790 2892 non
2839 2850 3046 2893 iianens
3090 2836 3375 2893 ecclesiam

152 2931 604 2986 inanumittantur.
1810 2923 1888 2980 tui
1917 2923 2130 2994 praefuit
2156 2925 2421 2979 hacredem
2450 2941 2554 2979 non
2580 2924 2790 2981 fecerit.

205 3021 251 3077 8.
287 3022 360 3077 De
387 3020 614 3078 clericis
639 3018 734 3090 qui
754 3017 823 3073 ad
849 3016 1133 3074 saculares
1160 3015 1498 3088 confugiunt.
1874 2998 1963 3072 54.
2003 3017 2080 3073 De
2104 3015 2301 3072 ludatis
2343 3018 2432 3086 qui
2458 3020 2713 3084 converti
2744 3021 2986 3090 cupiunt,
3010 3019 3239 3088 qualiter
3265 3031 3382 3073 sus-

204 3112 251 3168 9.
286 3114 357 3169 De
379 3111 721 3184 presbyteris
743 3119 798 3166 et
822 3110 1140 3167 diaconibus
1162 3109 1252 3179 qui
1274 3109 1341 3163 ad
1363 3106 1701 3179 coniugalem
1808 3109 2100 3177 cipiantur.
2405 3118 2410 3122 ·

150 3206 325 3261 coitum
351 3209 730 3260 revertuntur.
1735 3204 1781 3265 C
1880 3198 1970 3254 55.
2013 3197 2068 3252 Si
2092 3198 2376 3267 episc0pus
2406 3213 2436 3253 a
2483 3198 2894 3270 Metropolitano
2938 3198 3246 3254 admonitus
3278 3212 3376 3267 pro

206 3306 283 3361 l0.
323 3303 392 3362 Ut
427 3302 619 3361 nullus
654 3302 976 3359 clericorum
1023 3316 1145 3356 cum
1181 3298 1454 3355 extraneis
1487 3298 1704 3353 feminis
1807 3288 2050 3359 synodO.
2111 3287 2191 3342 vel
2235 3287 2576 3344 ordinatione
2631 3290 2921 3359 episcopali
2978 3289 3161 3343 venire
3210 3288 3385 3341 distu-

151 3396 328 3453 habitet
1808 3380 1949 3477 ‘92";
2006 3469 2049 3477 _-
2180 3470 2192 3477 _
2319 3468 2334 3477 _
2472 3468 2565 3477 ._
2795 3471 2809 3477 _
3099 3467 3132 3477 ..
3287 3465 3318 3477 ..

208 3491 282 3545 11.
321 3489 391 3547 Ut
422 3487 614 3544 nullus
663 3485 894 3542 clericus
932 3488 987 3542 in
1013 3484 1255 3551 cellario,
1288 3485 1370 3542 vel
1408 3486 1462 3540 in
1492 3494 1708 3541 secreto

1875 3469 1962 3524 56.
2006 3469 2076 3525 Ut
2127 3468 2390 3540 stipendia
2437 3468 2757 3524 clericorum
2789 3471 2943 3539 juxta
2980 3467 3233 3521 meritum
3269 3465 3382 3519 dis—

149 3577 376 3634 feminam
400 3577 762 3635 intromittat.
877 3595 880 3598 ’
1810 3561 2133 3617 tribuantur.

205 3672 282 3726 12.
321 3672 388 3728 Ut
423 3671 583 3727 omni
632 3670 1058 3740 quadragesimae
1122 3666 1358 3724 Sabbato
1412 3667 1704 3739 jejunetnr.

1412 3667 1704 3739 jejuna"...
1879 3650 1969 3704 57.
2011 3649 2087 3703 De
2117 3648 2405 3703 homicidis
2434 3658 2488 3703 et
2517 3648 2668 3705 falsis
2691 3650 2938 3703 testibus.

210 3761 288 3815 t3.
325 3761 398 3817 Ut
440 3759 752 3832 symbolum
783 3768 908 3815 ante
945 3765 1067 3813 octo
1089 3757 1204 3814 dies
1231 3758 1451 3813 Pascha;
1487 3772 1706 3827 compc—
1882 3750 1968 3805 58.
2012 3748 2081 3805 Ut
2107 3749 2222 3803 sine
2249 3748 2486 3817 episcOpi
2514 3751 2597 3802 sui
2628 3749 2853 3817 epistola
2903 3764 3010 3804 non
3042 3749 3203 3805 liceat
3228 3749 3386 3804 cleri-

154 3851 368 3907 tentibus
389 3851 741 3921 praedicetur.
1812 3860 1935 3899 cum
1956 3842 2041 3896 vel
2093 3841 2415 3896 monachum
2455 3840 2745 3911 proficisci,
2779 3850 2833 3896 et
2881 3842 2947 3897 de
2996 3843 3272 3898 monachis
3307 3842 3387 3896 vel

214 3942 292 3996 14.
332 3943 402 3999 Ut
423 3942 604 3997 altare
626 3951 683 3997 et
703 3940 1050 3996 benedicatur
1070 3948 1126 3994 et
1151 3947 1402 4010 ungatur.
1813 3938 2114 3994 abbatibus.

214 4033 293 4088 15.
332 4033 586 4102 Qualiter
634 4031 888 4102 majores,
916 4029 1149 4100 qualiter
1182 4030 1420 4086 minores
1444 4029 1712 4100 pmniten-
1883 4031 1973 4087 59.
2020 4030 2289 4087 Utclerici
2316 4028 2569 4099 nuptialia
2596 4027 2764 4081 vitent
2786 4023 3048 4079 convivia.

158 4124 269 4179 tiam
291 4125 587 4194 accipiant.
1882 4121 1972 4176 40.
2015 4120 2090 4176 Ne
2119 4120 2409 4176 Christiani
2442 4117 2748 4174 Judatorum
2790 4121 3015 4169 utantur
3039 4111 3320 4168 conviviis.

213 4213 293 4268 16.
334 4213 455 4281 Qua
484 4219 647 4267 :etate
675 4208 930 4266 diacones
958 4211 1294 4267 ordinentur.
1886 4214 1975 4270 41.
2015 4214 2086 4271 Ut
2111 4230 2139 4268 a
2163 4213 2376 4269 clericis
2404 4214 2597 4266 vitetur
2619 4210 2869 4265 ebrietas.

213 4314 293 4368 l'l.
330 4314 451 4382 Qua
513 4320 673 4369 aetate
728 4311 968 4382 episcOpi
1024 4312 1109 4366 vel
1157 4310 1460 4382 presbyteri
1525 4324 1715 4366 conse-
1886 4304 1976 4360 42.
2016 4307 2092 4360 De
2117 4302 2385 4374 sortilegis
2424 4303 2508 4356 vel
2536 4298 2949 4372 auguratoribus
2978 4306 3037 4352 ut
3072 4298 3140 4353 ab
3166 4296 3393 4352 ecclesia

154 4412 376 4461 crentur.
587 4450 591 4454 .
1818 4409 2154 4469 separentur.

218 4493 296 4548 l8.
338 4494 414 4550 De
465 4493 623 4549 laicis
678 4492 875 4564 quibus
932 4492 1264 4562 temporibus
1316 4489 1715 4546 communicare
1747 4549 1796 4564 ἢ
1891 4487 1982 4542 45.
2019 4485 2096 4543 Ne
2137 4488 2203 4542 de
2246 4486 2634 4558 ptenitentibus
2660 4484 2887 4539 clericus
2928 4484 3230 4548 ordinetur,
3260 4490 3396 4537 etut

156 4549 404 4639 debeanLi
695 4549 713 4564 ι
1044 4549 1059 4562 ⁸
1747 4549 1799 4607 D
1826 4582 2108 4652 presbyter
2133 4549 2300 4634 altare
2341 4593 2445 4632 non
2475 4578 2672 4647 erigat.

218 4675 298 4730 19.
342 4677 418 4731 De
460 4671 965 4730 sanetimonialibus
999 4686 1105 4742 qua
1128 4679 1289 4726 aetate
1313 4667 1578 4724 velentur.
1892 4668 1982 4723 44.
2010 4668 2086 4723 Ne
2114 4669 2394 4738 presbyter
2415 4665 2842 4721 benedictionem
2872 4680 3087 4735 populo,
3112 4664 3198 4718 vel
3222 4664 3393 4731 pleni-

212 4764 299 4820 29.
339 4765 418 4822 De
444 4765 661 4821 clericis
680 4765 771 4835 qui
798 4778 1007 4819 comam
1034 4763 1295 4817 tmtriunt.
1680 4808 1697 4829 ι
1822 4744 1956 4817 tenii
1984 4762 2037 4817 in
2060 4758 2290 4816 ecclesia
2317 4759 2446 4814 dare
2478 4765 2784 4830 praesumat.

215 4854 300 4909 2|.
344 4856 416 4913 Ut
463 4854 833 4912 solemuitates
878 4854 1110 4923 majores
1163 4853 1215 4908 in
1266 4851 1578 4907 civitatibus
1633 4866 1724 4906 ce-
1895 4852 1986 4908 45.
2030 4852 2099 4907 Ut
2121 4852 2403 4921 episcopus
2420 4850 2674 4919 exiguum
2701 4847 2902 4917 aliquid
2934 4847 3050 4900 sine
3074 4845 3397 4900 csericorun.

159 4942 443 5001 lebrentur.
1825 4942 2166 4998 eonniventia
2201 4939 2269 5011 (si
2310 4952 2530 4993 necesse
2560 4936 2738 5006 fuerit)
2764 4933 3049 4989 distrahat.

218 5037 306 5091 22.
350 5037 419 5093 Ut
449 5053 556 5092 non
586 5036 745 5091 liceat
767 5036 1163 5106 presbyterum,
1193 5042 1288 5088 aut
1317 5034 1576 5089 clericum
1609 5047 1722 5089 rem
1895 5032 1986 5088 46.
2020 5031 2089 5088 Ut
2143 5045 2329 5088 servos
2364 5028 2609 5085 ecclesiae
2652 5025 2906 5098 fugitivos
2952 5023 3119 5079 liceat
3168 5020 3409 5075 vendere

163 5126 395 5183 ecclesia:
424 5126 681 5190 vendere,
703 5136 798 5180 aut
818 5127 1045 5181 donare.
1826 5111 2114 5196 episcopo.
2978 5111 2984 5117 ’

222 5216 308 5271 25.
370 5216 443 5273 Ut
505 5214 740 5273 clericus
808 5216 988 5270 minor
1063 5213 1266 5271 seniori
1333 5231 1442 5273 non
1520 5230 1726 5287 praepo-
1899 5215 1987 5270 47.
2032 5212 2102 5270 Ut
2127 5221 2250 5267 ante
2278 5211 2495 5265 missam
2527 5206 2796 5278 expletam
2841 5218 3021 5276 egreoi
3047 5202 3274 5274 populus
3300 5214 3401 5252 nor.

168 5316 331 5363 natur.
1832 5311 2142 5376 praesumat.

227 5398 311 5453 Ἦ·
352 5399 432 5454 De
455 5398 716 5469 exPositis
735 5396 990 5453 inventis.
1904 5397 1991 5451 48.
2032 5395 2108 5447 De
2134 5390 2294 5448 rebus
2320 5389 2561 5445 ecclesiae
2583 5386 2818 5457 propriis
2837 5383 2924 5441 vel
2960 5381 3262 5454 acquisitis.

228 5488 315 5544 25.
367 5488 447 5545 De
495 5468 846 5547 saecularibus
891 5487 984 5559 qui
1041 5500 1168 5543 suas
1240 5501 1444 5543 uxores
1495 5486 1725 5543 derelin-
1903 5487 1992 5542 49.
2036 5485 2110 5540 De
2144 5499 2247 5537 non
2277 5480 2573 5537 alienandis
2619 5479 2689 5533 ah
2738 5476 2920 5548 aliquo
2956 5476 3115 5531 rebus
3138 5468 3403 5531 ecclesiae,

172 5588 347 5645 quum.
1834 5588 1887 5634 et
1908 5579 1975 5633 de
2003 5574 2231 5631 libertis.

230 5669 319 5724 26.
359 5669 432 5728 Ut
466 5673 514 5729 si
561 5671 864 5729 voluntarie
903 5672 1134 5728 clericus
1182 5672 1437 5728 damnum
1486 5672 1726 5727 ecclesiae
1905 5668 1992 5722 50.
2037 5668 2110 5721 De
2136 5664 2344 5721 clericis
2379 5659 2607 5732 capitale
2647 5660 2848 5714 crimen
2888 5655 3321 5711 incurrentibus.

175 5758 353 5818 fecerit
404 5771 463 5820 et
478 5767 775 5825 satisfaciat
814 5776 870 5825 et
892 5765 1406 5825 excommunicetur.
1907 5762 1992 5813 51.
2040 5759 2112 5813 De
2148 5762 2466 5810 testamento
2491 5752 2746 5821 episcopi.
