3910 6438
119 357 206 413 ιοι

1252 350 1741 408 DECRETALIUM
1778 351 2178 410 COLLECTIO.

3249 363 3357 418 402

119 465 246 539 quod
272 464 500 535 amplius
523 461 704 516 datum
735 461 900 516 fuerit
935 476 1056 531 pOSt
1091 464 1499 520 manumissoris
1526 479 1668 520 mor-
1698 470 1744 528 Α
1773 465 1923 519 ribus
1963 481 2123 533 quam
2169 465 2357 537 viginti
2402 468 2641 539 quinque
2685 486 2951 526 annorum
2992 473 3209 542 penitus
3247 492 3354 532 non

120 569 215 613 tem
255 554 496 610 ecclesiae
535 560 834 608 revocetur.
868 550 1042 608 Minus
1073 553 1233 609 utiles
1260 555 1560 626 peregrinis
1586 554 1673 610 vel

117 648 313 706 clericis
355 647 508 702 salvo
528 647 652 718 jure
678 645 920 703 ecclesia:
956 647 1010 702 in
1056 663 1210 704 usum
1253 654 1513 718 praestare
1543 660 1672 716 per-

117 739 383 795 mittimus.

176 828 299 884 VIll.
339 827 397 884 ld
421 827 589 884 etiam
615 825 839 897 placuit,
867 835 928 882 ut
959 827 1004 882 si
1033 827 1262 884 clericus
1287 827 1474 883 relicto
1501 826 1674 882 ollicio

115 939 200 980 suo
245 928 467 992 propter
519 917 914 975 districtionem
961 918 1032 973 ad
1080 919 1394 974 saecularem
1445 917 1674 973 fortasse

115 1013 423 1085 confugerit,
454 1020 509 1066 et
554 1011 603 1066 is
647 1010 714 1067 ad
751 1025 911 1080 quem
958 1011 1189 1066 recurrit
1221 1010 1472 1066 solatium
1505 1011 1555 1066 ei
1583 1010 1676 1066 de-

117 1105 354 1163 fensionis
397 1102 746 1172 impenderit,
773 1117 896 1158 cum
935 1103 1124 1159 eodem
1155 1102 1222 1157 de
1249 1101 1494 1158 ecclesiae
1522 1117 1672 1157 com-

117 1196 348 1250 munione
373 1193 628 1266 pellatur.

173 1287 256 1343 IX.
295 1286 508 1343 Placuit
549 1287 750 1352 etiam,
785 1294 845 1342 ut
897 1287 943 1345 si
987 1287 1290 1359 presbyteri
1332 1287 1415 1344 vel
1463 1285 1676 1341 diaconi

119 1382 367 1452 conjugati
407 1381 476 1438 ad
522 1390 699 1437 torum
743 1397 972 1438 uxorum
1022 1397 1242 1438 suarum
1283 1384 1461 1439 redire
1491 1381 1675 1437 volue-

120 1483 227 1539 rint,
258 1489 410 1545 papa:
447 1472 750 1530 Innocentii
790 1475 1081 1542 ordinatio,
1113 1475 1198 1532 vel
1229 1473 1407 1532 Siricii
1438 1473 1676 1546 episcopi

118 1563 387 1619 auctoritas
429 1572 806 1632 conservetur;
838 1563 982 1634 quod
1019 1563 1065 1620 si
1100 1564 1168 1620 ad
1199 1563 1409 1634 aliquos
1448 1561 1677 1619 formula

120 1652 192 1708 illa
229 1652 613 1710 ecclesiasticae
641 1653 784 1718 vita,
816 1653 1018 1724 pariter
1045 1663 1102 1710 et
1137 1653 1436 1723 disciplinae
1481 1666 1601 1723 quae
1645 1667 1675 1704 a

122 1743 291 1800 Siricio
314 1746 575 1815 episcopo
602 1746 672 1800 ad
698 1744 1004 1815 provincias
1031 1744 1377 1808 commeavit,
1409 1759 1513 1799 non
1548 1757 1675 1812 pro-

1775 557 2097 622 committat,
2128 573 2259 613 sane
2301 561 2346 615 si
2393 562 2664 632 conjugati
2707 561 2935 631 juvenes
2979 571 3360 626 consenserint

1775 648 2036 713 ordinari,
2063 657 2118 704 et
2149 666 2378 706 uxorum
2408 653 2660 708 voluntas
2688 654 2762 708 ita
2797 656 3125 724 requirenda
3165 669 3268 724 est,
3299 671 3361 715 ut
3405 633 3412 650 Ι

1777 749 2121 809 sequestrate
2149 741 2446 796 mansionis
2471 744 2740 808 cubiculo,
2770 745 3027 816 religione
3056 751 3356 819 praemissa,

1777 839 2127 900 posteaquam
2159 831 2365 900 pariter
2391 833 2637 888 conversi
2669 833 2889 901 fuerint,
2919 837 3256 894 ordinentur.

1847 921 2008 976 XVII.
2049 921 2430 993 Presbyterum
2471 940 2599 980 vero
2643 926 2726 982 vel
2769 927 3080 999 episcopum
3108 941 3234 986 ante
3267 933 3360 987 tri-

1777 1013 1923 1084 ginta
1967 1027 2160 1078 annos,
2187 1012 2240 1067 id
2274 1022 2358 1068 est
2401 1023 2691 1084 antequam
2735 1017 2800 1070 ad
2830 1018 2931 1072 viri
2964 1019 3190 1088 perfecti
3226 1030 3359 1076 aeta-

1779 1112 1886 1157 tem
1938 1102 2246 1173 perveuiat,
2293 1102 2470 1159 nullus
2520 1106 3057 1175 metropolitanorum
3108 1111 3362 1167 ordinare

1777 1201 2068 1262 praesumat
2095 1234 2109 1258 ,
2147 1209 2212 1248 ne
2240 1207 2337 1262 per
2370 1202 2584 1250 aetatem
2615 1197 2776 1266 (quod
2809 1196 3098 1269 aliquoties
3155 1200 3359 1271 evenit)

1779 1282 1960 1353 aliquo
1983 1297 2174 1338 errore
2198 1282 2507 1353 culpentur.

1848 1375 2030 1431 XVIII.
2073 1375 2374 1432 Satculares
2417 1377 2509 1446 qui
2553 1377 2607 1432 in
2651 1379 2819 1434 natali
2861 1379 3097 1445 Domini,
3124 1380 3359 1450 Pascha,

1778 1468 2096 1523 Pentecoste
2124 1483 2229 1523 non
2256 1469 2804 1536 communicaverint,
2834 1471 3086 1527 catholici
3114 1487 3219 1528 non
3245 1486 3366 1529 cre-

1779 1560 2000 1626 dantur,
2024 1574 2125 1614 nec
2153 1559 2294 1614 inter
2323 1560 2620 1616 catholicos
2642 1562 2968 1617 habeantur.

1849 1651 1987 1706 XIX.
2030 1651 2498 1717 Sanctimoniales,
2524 1653 2921 1721 quantumlibet
2946 1654 3060 1710 vita
3089 1669 3278 1710 eorum
3309 1671 3365 1710 et

1781 1757 1958 1798 mores
1987 1743 2198 1812 probati
2227 1743 2360 1809 sint,
2385 1752 2510 1798 ante
2541 1759 2743 1798 annum
2773 1745 2951 1800 aetatis
2989 1761 3101 1800 suae
3132 1746 3366 1814 quadra-

120 1833 308 1888 babitur
349 1834 685 1904 pervenisse,
716 1835 956 1906 eissigno
992 1835 1215 1890 rationis
1249 1833 1409 1888 venia
1453 1832 1680 1888 remitti-
1709 1847 1756 1908 Β
1782 1838 2044 1908 gesimnm
2076 1852 2182 1890 non
2219 1835 2486 1890 velentur.

124 1934 210 1987 tur,
244 1926 313 1978 ita
346 1925 510 1980 ut'de
539 1933 737 1981 caetero
770 1925 986 1995 penitus
1015 1924 1277 1994 incipiant
1305 1922 1601 1988 abstinere,
1631 1930 1686 1977 et

124 2013 181 2068 ita
210 2014 396 2085 gradus
442 2029 576 2070 suos
622 2014 676 2070 in
715 2015 912 2085 quibus
952 2012 1155 2068 inventi
1198 2011 1400 2068 fuerint
1435 2012 1515 2067 sic
1557 2011 1685 2066 reti-

124 2112 278 2169 neant,
304 2113 362 2159 ut
391 2105 461 2160 ad
495 2105 704 2174 potiora
743 2105 823 2159 eis
864 2119 970 2159 non
1013 2104 1175 2158 liceat
1211 2101 1525 2166 ascendere,
1557 2100 1680 2170 qui-

126 2193 207 2247 bus
231 2192 278 2246 in
307 2193 577 2250 beneficio
601 2208 720 2249 esse
747 2192 928 2259 debet,
955 2194 1096 2263 quod
1121 2192 1295 2248 locum
1323 2191 1495 2262 ipsum
1525 2205 1684 2260 quem

128 2282 332 2336 retinent
377 2298 492 2337 non
535 2283 810 2348 amittunt;
844 2283 886 2338 si
919 2282 1009 2351 qui
1053 2290 1229 2337 autem
1259 2282 1426 2337 scisse
1454 2278 1682 2335 formam

131 2371 310 2427 vivendi
345 2372 574 2428 missam
607 2387 636 2426 ει
669 2381 857 2427 sancto
903 2371 1098 2427 Siricio
1135 2370 1387 2440 episcopo
1425 2370 1682 2438 detegun-

133 2471 217 2527 tur,
256 2476 425 2530 neque
463 2461 648 2517 statim
680 2461 1002 2532 cupiditates
1030 2461 1267 2516 libidinis
1297 2459 1575 2528 abjecisse,
1609 2457 1684 2511 illi

124 2559 224 2604 sunt
262 2553 428 2607 modis
459 2552 718 2608 oumibus
752 2552 1128 2617 submovendi,
1158 2565 1222 2606 eo
1261 2551 1400 2621 quod
1429 2558 1549 2622 post
1588 2547 1685 2604 ad-

129 2641 443 2698 monitionem
493 2641 758 2713 cognitam
804 2643 1214 2713 praeponendam
1271 2642 1511 2697 arbitrati
1559 2649 1685 2696 sunt

127 2732 448 2803 voluptatem.

181 2823 236 2878 Χ.
273 2825 326 2880 Id
370 2827 548 2881 etiam
594 2826 660 2880 ad
711 2825 1118 2882 custodiendam
1163 2825 1328 2880 vitam
1373 2833 1428 2879 et
1476 2821 1676 2878 famam

125 2919 306 2986 speciali
343 2918 695 2974 ordinatione
736 2919 1099 2989 praecipimus,
1129 2925 1187 2972 ut
1235 2915 1411 2971 nullus
1447 2914 1677 2970 clerico-

126 3023 220 3063 rum
259 3020 536 3066 extraneae
582 3011 789 3064 mulieri
835 3009 1076 3081 qualibet
1124 3008 1430 3074 collatione,
1463 3015 1555 3063 aut
1600 3007 1681 3061 fa-

127 3100 397 3158 miliaritate
455 3103 732 3173 jungatur,
762 3110 818 3157 et
864 3117 971 3156 non
1018 3100 1191 3156 solum
1233 3101 1285 3154 in
1333 3101 1492 3155 domo
1537 3099 1678 3153 illius

1857 1925 1976 1982 XX.
2004 1926 2200 1982 Clerici
2224 1925 2314 1996 qui
2338 1941 2548 1981 comam
2577 1925 2839 1992 nutriunt,
2867 1927 2934 1981 ab
2956 1927 3362 1991 archidiacono,

1785 2018 1995 2074 etiamsi
2032 2017 2334 2083 noluerint,
2379 2017 2530 2072 inviti
2568 2017 3001 2083 detondeantur;
3043 2019 3364 2073 vestimenta

1786 2110 1868 2165 vel
1898 2109 2252 2165 calciamenta
2297 2109 2457 2164 etiam
2487 2109 2588 2175 eis,
2621 2108 2723 2164 nisi
2765 2124 2885 2179 qua:
2929 2109 3240 2181 religionem
3273 2110 3366 2166 de-

1785 2209 1962 2264 ceant,
2001 2200 2074 2255 uti
2107 2208 2200 2254 aut
2229 2200 2428 2255 habere
2457 2216 2560 2253 non
2589 2199 2770 2255 liceat.

1857 2287 1995 2341 XXI.
2039 2287 2098 2342 Si
2143 2289 2265 2358 quis
2309 2288 2470 2342 etiam
2522 2299 2676 2343 extra
2730 2291 3018 2360 parochias
3070 2291 3122 2344 in
3169 2290 3366 2360 quibus

1784 2380 2055 2451 legitimus
2077 2390 2160 2435 est
2187 2380 2604 2450 ordinariusque
2631 2392 2950 2448 conventus,
2978 2383 3277 2438 oratorium
3310 2383 3363 2438 in

1783 2486 1914 2542 agro
1959 2471 2157 2528 habere
2200 2471 2449 2538 voluerit,
2482 2473 2705 2544 reliquis
2745 2473 3152 2540 festivitatibus,
3195 2484 3256 2530 ut
3291 2475 3364 2529 ibi

1785 2563 1979 2618 missas
2035 2570 2215 2617 teneat
2253 2571 2473 2633 propter
2526 2563 2892 2634 fatigationem
2946 2564 3164 2619 familiae
3207 2565 3364 2635 juxta

1782 2651 2029 2706 ordinem
2074 2652 2455 2721 permittimus,
2487 2652 2694 2707 Pascha
2725 2669 2874 2719 vero,
2917 2654 3084 2708 natali
3127 2654 3362 2719 Domini,

1781 2740 2106 2810 Epiphania,
2139 2741 2470 2797 Ascensione
2517 2743 2750 2809 Domini,
2793 2744 3137 2809 Pentecoste,
3179 2754 3235 2799 et
3272 2760 3365 2799 na—

1785 2830 1877 2885 tali
1907 2832 2083 2887 sancti
2107 2830 2332 2886 Joannis
2355 2831 2634 2902 Baptistae,
2668 2840 2723 2888 et
2760 2833 2804 2888 si
2836 2851 2956 2904 quae
2988 2835 3225 2889 maxime
3250 2835 3366 2889 dies

1782 2923 1836 2977 in
1879 2922 2264 2978 festivitatibus
2303 2923 2590 2990 habentur,
2626 2939 2732 2978 non
2781 2924 2883 2980 nisi
2935 2924 2986 2978 in
3029 2925 3363 2991 civitatibus,

1783 3022 1876 3067 aut
1913 3014 2182 3084 parocbiis
2218 3021 2456 3080 teneant,
2487 3013 2668 3069 clerici
2706 3029 2840 3070 vero
2869 3015 2914 3070 si
2946 3016 3037 3084 qui
3076 3016 3127 3070 in
3157 3015 3367 3070 festivi-

1785 3105 1982 3160 tatibus
2011 3121 2144 3174 quas
2176 3121 2336 3175 supra
2366 3105 2600 3162 diximus
2629 3107 2682 3160 in
2713 3107 2990 3170 oratoriis,
3019 3107 3118 3160 nisi
3141 3106 3367 3174 jubente

124 3199 343 3247 extranea
374 3192 580 3246 mulier
615 3205 717 3245 ιιοη
749 3190 992 3255 accedat.
1031 3191 1126 3244 88d
1159 3204 1258 3243 nec
1287 3188 1401 3259 ipse
1429 3187 1675 3257 frequen-
1704 3202 1748 3262 C
1781 3206 1874 3251 aut
1919 3198 2263 3266 permittente
2305 3198 2580 3268 episcopo,
2611 3199 2788 3255 facere
2834 3207 2930 3252 aut
2973 3208 3154 3254 tenere
3187 3199 3368 3254 volue-

127 3283 243 3336 tandi
271 3291 595 3338 extraneam
638 3280 916 3337 mulierem
959 3281 1156 3335 habeat
1184 3285 1504 3348 potestatem
1533 3294 1549 3343 ;
1579 3277 1673 3332 sed

124 3385 219 3427 cum
254 3385 420 3430 matre
480 3382 708 3440 tantum,
748 3389 949 3436 sorore,
997 3371 1105 3427 lilia
1149 3372 1232 3428 vel
1283 3380 1461 3441 nepte,
1495 3369 1538 3424 si
1585 3368 1676 3422 ha-

123 3465 286 3534 buerit,
323 3477 413 3523 aut
456 3467 687 3524 voluerit
713 3467 925 3522 vivendi
970 3465 1196 3521 liberam
1237 3463 1400 3519 habet
1439 3470 1675 3532 potesta-

123 3564 227 3624 tem,
251 3559 312 3615 de
343 3558 553 3630 quibus
583 3557 888 3614 nominibus
919 3556 1071 3613 nefas
1098 3563 1183 3612 est
1209 3554 1352 3609 aliud
1383 3568 1542 3623 quam
1575 3565 1671 3606 na-

125 3656 223 3702 tura
243 3649 528 3704 constiluit
554 3648 838 3718 suspicari.
1438 3708 1452 3723 ,

180 3737 258 3792 XI.
292 3741 537 3796 Ancillas
563 3739 645 3795 vel
684 3738 903 3795 libertas
926 3753 955 3792 a
983 3737 1202 3794 cellario
1232 3737 1314 3792 vel
1341 3745 1553 3793 secreto
1577 3735 1674 3790 mi-

129 3826 341 3894 nisterio,
367 3840 422 3884 et
465 3831 536 3884 ab
565 3831 751 3885 eadem
781 3816 1061 3885 mansione
1089 3830 1142 3885 in
1169 3845 1274 3901 qua
1299 3829 1529 3885 clericus
1562 3843 1676 3881 ma-

129 3927 216 3984 net,
245 3920 438 3990 placuit
474 3921 761 3976 removeri.

185 4008 281 4064 XII.
319 4011 534 4067 Placuit
575 4011 762 4076 etiam,
804 4019 863 4065 ut
908 4024 1096 4066 omnes
1133 4024 1395 4074 ecmesm,
1434 4008 1675 4076 exceptis

129 4097 292 4158 diebus’
334 4102 625 4158 Dominicis
665 4102 717 4156 in
747 4101 1174 4170 quadragesima,
1203 4101 1369 4154 etiam
1412 4101 1498 4155 die
1541 4099 1674 4154 Sab-

129 4187 255 4258 bato,
282 4192 600 4248 sacerdotali
636 4192 901 4258 oratione,
939 4199 992 4246 et
1016 4191 1356 4247 discretionis
1386 4191 1677 4246 commina-

131 4277 250 4335 tione
267 4281 528 4353 jejunent.

185 4367 306 4424 XIII.
343 4370 661 4443 Symbolum
698 4371 861 4426 etiam
894 4371 1096 4441 placuit
1122 4371 1188 4424 ab
1215 4369 1469 4424 omnibus
1504 4369 1676 4424 eccle-

130 4458 209 4514 siis
234 4477 330 4516 una
361 4469 473 4528 die,
506 4462 556 4516 id
589 4471 672 4516 est
703 4472 828 4517 ante
861 4472 984 4517 octo
1023 4463 1138 4517 dies
1169 4461 1457 4516 Dominicae
1492 4476 1673 4516 resur-

1780 3285 1911 3350 rint,
1936 3301 1965 3338 a
1996 3287 2372 3341 communione
2403 3287 2687 3356 pellantur.

1851 3375 2012 3429 XXII.
2045 3375 2108 3429 Et
2133 3375 2258 3431 licet
2280 3377 2602 3446 superfluum
2629 3380 2700 3434 sit
2726 3379 2792 3435 de
2821 3395 2876 3434 re
2899 3390 3024 3436 nota
3049 3391 3102 3436 et
3131 3381 3367 3450 antiquis

1778 3470 2074 3525 canonibus
2105 3469 2392 3538 prohibita,
2429 3469 2629 3539 aliquid
2675 3470 2870 3526 iterato
2910 3473 3155 3536 delinire,
3186 3481 3362 3526 tatnen

1778 3571 1838 3616 ut
1873 3560 2082 3616 facilius
2112 3561 2400 3630 cupiditas,
2432 3572 2524 3616 aut
2566 3563 2884 3632 improbitas
2929 3564 3275 3632 reprimatur,
3312 3563 3364 3618 id

1777 3650 2066 3705 statuimus
2093 3650 2233 3719 quod
2276 3665 2465 3704 omnes
2496 3650 2708 3718 jnbent,
2737 3661 2798 3705 ut
2839 3653 3220 3718 civitanenses,
3251 3652 3364 3706 sive

1777 3741 2066 3795 dimccsaui
2097 3742 2420 3812 presbyteri,
2452 3743 2533 3797 vel
2559 3743 2760 3808 clerici,
2785 3744 2934 3799 salvo
2951 3743 3075 3812 jure
3097 3744 3362 3810 ecclesiae,

1779 3847 1889 3886 rem
1932 3832 2173 3886 ecclesiae
2210 3832 2372 3902 (sicut
2419 3835 2782 3902 permiserunt
2826 3836 3084 3906 episc0pi)
3126 3845 3362 3900 teneant,

1781 3925 2030 3988 vendere,
2075 3935 2166 3978 aut
2198 3925 2400 3980 donare
2424 3927 2638 3995 penitus
2675 3943 2781 3982 non
2823 3938 3187 3998 prmsumant;
3221 3928 3363 3997 quod

1777 4015 1820 4070 si
1869 4014 2116 4076 fecerint,
2149 4023 2204 4070 et
2250 4015 2391 4070 facta
2436 4017 2674 4073 venditio
2703 4035 2808 4072 non
2841 4019 3064 4084 valebit,
3095 4028 3148 4073 et
3177 4019 3242 4071 de
3285 4016 3366 4070 fa-

1778 4110 2090 4172 cultatibus,
2121 4111 2163 4164 si
2194 4125 2327 4180 quas
2357 4111 2558 4166 habent
2586 4113 2830 4181 proprias
2863 4113 3166 4168 indemnem
3195 4111 3365 4167 eccle-

1779 4200 1912 4254 siam
1949 4200 2193 4263 reddant,
2228 4210 2282 4253 et
2310 4202 2688 4255 communione
2718 4202 3017 4270 priventur.

1853 4289 2036 4344 XXIII.
2062 4290 2445 4359 Episcoporum
2473 4291 2636 4346 etiam
2664 4306 2892 4361 quorum
2915 4293 3022 4346 vita
3049 4307 3152 4346 non
3178 4307 3362 4360 repre-

1780 4382 2054 4447 henditur,
2074 4382 2428 4449 posteriorem
2447 4383 2610 4452 priori
2633 4383 2810 4437 nullus
2823 4384 2933 4454 96
2950 4392 3216 4453 praeponat
3229 4425 3243 4446 ,
3261 4382 3361 4436 nisi

1783 4476 1922 4531 forte
1951 4475 2123 4530 elatus
2158 4475 2432 4545 superbia,
2467 4477 2608 4543 quod
2639 4491 2736 4545 pro
2776 4476 3098 4530 necessitate
3122 4475 3363 4530 ecclesia:

129 4553 388 4620 rectionis,
429 4554 644 4626 publice
692 4554 742 4608 in
791 4552 1018 4608 ecclesia
1065 4552 1490 4622 competentibus
1539 4565 1677 4620 prac-

1793 4566 2062 4646 apiscopus
2097 4565 2319 4633 jusserit
2363 4564 2605 4633 implere,
2638 4573 2972 4627 contemnat,
3007 4580 3135 4620 sane
3169 4564 3214 4617 si
3245 4562 3362 4616 olli-

129 4640 300 4697 dicare.

189 4726 546 4792 XlVCAltaria
577 4736 776 4807 placuit
802 4751 906 4790 non
935 4735 1104 4790 solum
1136 4735 1391 4790 unctione
1418 4733 1682 4788 chrisma-

133 4821 205 4886 tis,
227 4825 312 4879 sed
340 4827 504 4882 etiam
532 4826 855 4881 sacerdotati
886 4825 1257 4880 benedictione
1282 4823 1505 4880 sacrari.

187 4910 290 4968 XV.
325 4915 656 4973 Ptnnitentes
704 4925 946 4986 tempore
993 4930 1102 4986 quo
1152 4915 1522 4987 paenitentiam
1577 4928 1675 4984 pe-

134 5010 260 5070 tant,
302 5007 696 5078 impositionem
741 5022 994 5062 manuum
1035 5014 1090 5060 et
1128 5005 1360 5060 cilicium
1390 5019 1556 5074 super
1591 5019 1676 5058 ca-

133 5100 210 5156 Plll
231 5109 258 5147 a
288 5097 584 5162 sacerdote,
616 5097 759 5152 sicut
795 5096 993 5164 ubique
1027 5094 1378 5149 constitutum
1417 5101 1519 5158 est,
1548 5107 1678 5146 con-

135 5194 402 5253 sequantur
431 5207 443 5243 :
469 5190 512 5245 si
553 5198 733 5244 autem
781 5204 964 5244 comas
1010 5203 1115 5242 non
1157 5186 1538 5255 deposuerint,
1584 5194 1678 5239 aut

134 5277 424 5335 vestimenta
469 5297 574 5336 non
625 5280 972 5343 mutaverint,
1011 5278 1354 5349 abjiciantur,
1385 5284 1439 5332 et
1468 5277 1570 5332 nisi
1599 5277 1679 5330 di-

139 5377 222 5431 gne
255 5371 614 5437 ptenituerint,
649 5386 754 5426 non
796 5369 1164 5440 recipiantur;
1186 5368 1476 5438 juvenibus
1513 5368 1677 5422 etiam

138 5455 422 5519 poenitentia
456 5477 561 5518 non
601 5461 758 5517 facile
785 5460 1166 5517 committenda
1199 5466 1283 5514 est
1316 5467 1534 5528 propter
1553 5467 1679 5512 teta-

141 5541 200 5596 tis
238 5544 585 5617 fragilitatem,
616 5551 870 5607 viaticum
903 5559 1081 5605 tamen
1123 5549 1175 5603 in
1206 5556 1382 5603 morte
1428 5547 1678 5603 omnibus

143 5634 304 5696 positis
329 5654 427 5694 non
455 5642 778 5711 negandum.

203 5722 321 5780 XVI.
366 5729 653 5802 Episeripus
695 5730 1120 5787 benedictionem
1162 5731 1478 5786 diaconatUs
1509 5729 1675 5784 miuo-

1783 4655 1925 4708 eium
1955 4653 2425 4708 archidiaconatus
2459 4663 2676 4724 propter
2704 4655 3084 4724 simpliciorem
3114 4662 3362 4706 naturam

1784 4745 2025 4814 implere,
2059 4753 2151 4799 aut
2193 4746 2450 4814 expedire
2497 4747 2823 4816 nequiverit,
2855 4746 2943 4800 ille
2993 4745 3092 4799 loci
3141 4745 3221 4797 sui
3270 4759 3361 4797 nee

1783 4851 1904 4890 men
1950 4844 2126 4890 teneat
2153 4845 2206 4890 et
2237 4837 2632 4891 ordinationem
2675 4835 2914 4891 ecclesia:
2945 4849 3103 4902 quem
3143 4832 3365 4902 elegerit

1781 4925 2068 4993 episcopus
2095 4924 2529 4995 praeponendum.

1849 5014 2038 5069 XXIV.
2061 5016 2135 5070 De
2158 5016 2418 5086 expositis
2447 5015 2682 5070 inventis
2708 5014 2758 5068 id
2792 5013 3187 5069 observandum
3221 5011 3364 5080 quod

1768 5102 2087 5172 jamdudum
2117 5105 2355 5175 synodus
2390 5114 2575 5160 saneta
2604 5104 2905 5159 constituit.

1849 5192 2014 5249 XXV.
2064 5193 2121 5248 Si
2163 5210 2291 5250 vero
2341 5195 2626 5250 saeculares
2670 5194 2761 5264 qui
2811 5192 3092 5264 eonjugale
3143 5206 3363 5247 consor-

1777 5283 1909 5337 tium
1934 5284 2089 5353 culpa
2121 5285 2357 5355 graviori
2383 5285 2686 5349 dimittunt,
2715 5284 2798 5339 vel
2828 5285 2992 5339 etiam
3019 5285 3362 5344 dimiserunt,

1779 5383 1834 5428 et
1889 5361 2062 5429 nullas
2110 5391 2302 5430 causas
2340 5374 2546 5429 dissidii
2592 5375 2944 5444 probabiliter
2979 5381 3360 5444 proponentes,

1779 5474 2061 5536 propterea
2105 5465 2450 5521 matrimonia
2494 5480 2590 5519 sua
2614 5465 2912 5529 dimittunt,
2945 5473 3002 5518 ut
3038 5461 3360 5524 autillicita,

1779 5563 1872 5611 aut
1904 5555 2078 5610 aliena
2128 5563 2476 5624 praesumant,
2505 5555 2547 5609 si
2579 5564 2868 5624 antequam
2904 5553 3044 5622 apud
3082 5551 3361 5621 episcopos

1780 5645 2136 5716 provinciales
2164 5643 2371 5699 dissidii
2399 5657 2590 5698 causas
2614 5643 2869 5704 dixerint,
2899 5652 2952 5695 et
2989 5641 3138 5710 prius
3165 5651 3360 5692 uxores

1781 5751 1938 5804 quam
1992 5736 2195 5805 judicio
2221 5735 2546 5788 damnentur
2573 5732 2884 5804 abjecerint,
2920 5748 2946 5784 τι
2987 5727 3353 5786 communione
