3834 5428
540 236 645 290 δοες

1283 227 1571 285 APPEND.
1608 227 1700 284 AD
1730 224 1903 282 SIEC.
1930 218 2018 277 IX.
2050 250 2118 262 —-—
2153 209 2404 276 lSIDORI
2438 212 2875 271 MERCATORIS
3644 210 3721 262 IN

540 342 805 408 ecclesiae,
850 346 905 399 et
934 352 1118 399 sancto
1147 340 1324 412 pepuli
1351 347 1491 396 emta
1523 338 1644 411 (pro
1672 352 1738 393 eo
1768 336 1910 407 quod
1949 333 2107 388 fidem
2135 335 2188 396 Α
2284 325 2519 382 XXXIV.
2553 323 2723 380 Judaei
2774 330 3026 393 (quorum
3076 318 3296 387 perfidia
3352 315 3636 386 frequenter
3674 322 3723 372 al

541 443 597 491 et
625 434 872 506 conjugia
909 432 1205 501 maculam)
1234 431 1613 489 excludantur.

613 525 801 609 XXVI.
842 526 898 581 Si
931 526 1052 597 quis
1087 525 1155 581 de
1184 524 1409 595 clericisl
1437 524 1755 580 documenta
1783 523 1976 592 quibus
2016 537 2105 577 ec-

542 618 719 673 clesia:
766 618 1034 688 possessio
1065 617 1327 681 firmatur,
1373 624 1465 671 aut
1499 616 1856 685 supprimere,
1897 624 1990 670 aut
2017 630 2111 669 nec

541 724 693 779 gare,
722 718 815 764 aut
862 708 1183 763 adversariis
1221 708 1451 762 fortasse
1500 707 1712 761 tradere
1739 706 2027 762 damnabili
2056 713 2113 761 et

540 800 807 868 punienda
859 801 1219 855 obstinatione
1256 799 1679 869 prmsumpserit,
1710 797 1966 869 quidquid
2014 814 2111 870 per

541 891 839 946 absentiam
886 892 1325 948 documentorum
1374 890 1553 945 damni
1593 890 1834 946 ecclesia:
1904 890 2109 947 illatum

539 992 624 1036 est
652 983 717 1037 de
745 983 975 1053 prepriis
1002 981 1349 1038 facultatibus
1372 981 1620 1048 reddant,
1650 989 1705 1038 et
1733 984 2110 1040 communione

540 1072 839 1141 priventur;
866 1073 919 1127 hi
942 1073 1103 1129 etiam
1131 1073 1221 1142 qui
1246 1072 1300 1127 in
1331 1072 1527 1127 damno
1551 1072 1793 1129 ecclesia:
1822 1074 1983 1143 impie
2012 1073 2114 1130 sol-

538 1160 728 1216 licitati
778 1176 809 1217 a
841 1162 1190 1241 traditoribus
1244 1161 1445 1232 aliquid
1479 1162 1805 1233 acceperint,
1846 1163 2112 1234 superiori

540 1254 806 1309 sententia
837 1262 1143 1312 teneantur.

611 1342 821 1400 XXVII.
864 1345 934 1402 Ut
958 1346 1024 1401 de
1048 1359 1324 1403 monacms
1349 1332 1733 1404 monasterium
1761 1362 1976 1413 novum,
2008 1350 2112 1406 nisi

541 1436 792 1508 episcopo
829 1447 921 1493 aut
961 1439 1305 1509 permittente
1334 1448 1427 1495 aut
1456 1443 1734 1511 probante,
1767 1441 1944 1497 nullus
1974 1442 2109 1497 inci-

542 1541 688 1593 pere,
713 1536 805 1583 aut
831 1528 1056 1584 fundare
1082 1537 1391 1599 praesumat.
1427 1529 1678 1585 Monachi
1715 1531 1880 1586 etiam
1910 1545 2111 1602 vagan-

544 1623 623 1670 tes
673 1616 739 1671 ad
786 1615 1020 1673 officium
1086 1618 1391 1685 clericatus,
1443 1618 1549 1674 nisi
1610 1619 1690 1674 eis
1744 1619 2110 1677 testimonium

2212 418 2475 475 vomitum
2509 414 2670 486 redit)
2713 412 2759 469 si
2791 413 2857 466 ad
2904 411 3075 481 legem
3112 408 3434 464 catholicam
3471 407 3638 462 venire
3659 424 3726 462 vo-

2211 511 2429 575 luerint,
2489 516 2614 563 octo
2654 519 2869 559 menses
2900 503 3043 557 inter
3080 502 3495 557 catechumenos
3535 498 3731 554 ecclesia

2210 601 2372 656 limen
2410 600 2697 661 introeant,
2741 604 2796 651 et
2834 595 2878 650 si
2908 609 3041 664 pura
3089 593 3193 648 ﬁde
3236 600 3529 648 noscuntur
3566 593 3727 651 venire.

2213 702 2340 748 tunc
2366 691 2582 745 demum
2635 686 2977 758 baptismatis
3004 683 3234 755 gratiam
3265 690 3601 750 mereaan;
3624 684 3731 750 quod

2210 788 2256 844 si
2279 802 2405 844 casu
2420 785 2600 856 aliquo
2611 782 2905 856 periculum
2921 778 3398 835 inlirmitatisintra
3410 775 3732 847 pmscriptutu

2212 889 2422 948 tempus
2470 874 2817 939 incurrerint,
2854 880 2911 928 et
2944 869 3213 942 desperati
3251 867 3473 934 fuerint,
3503 866 3733 936 baptism-

2214 977 2321 1024 tur.

2281 1058 2498 1116 XXXV.
2540 1056 2599 1113 Si
2642 1056 2926 1126 episcopus
2957 1050 3403 1123 metropolitanus
3440 1047 3511 1102 ad
3536 1061 3738 1115 compro-

2211 1149 2470 1207 vinciales
2521 1149 2801 1220 episcopos
2847 1146 3105 1217 epistolas
3153 1142 3435 1207 direxerit,
3491 1140 3549 1195 in
3589 1138 3737 1210 quibus

2213 1258 2307 1301 eos
2332 1243 2400 1298 ad
2428 1241 2827 1299 ordinationem
2851 1236 3049 1295 summi
3080 1234 3372 1307 pontificis,
3396 1240 3497 1288 aut
3522 1231 3587 1285 ad
3621 1245 3736 1300 syno-

2214 1335 2340 1392 dum
2372 1333 2583 1399 invitat,
2608 1331 2924 1404 postpositis
2945 1328 3215 1393 omnihus,
3244 1332 3473 1395 excepta
3517 1320 3651 1393 gravi
3677 1320 3737 1375 ia-

2213 1426 2473 1482 Ilrmitate
2505 1425 2772 1497 corporis,
2799 1433 2894 1479 aut
2915 1420 3275 1494 praeceptione
3306 1417 3456 1487 regia
3487 1414 3556 1470 ad
3581 1412 3739 1468 constiv

2216 1527 2387 1574 tutum
2408 1519 2551 1574 diem
2587 1518 2778 1573 adesse
2801 1531 2908 1571 non
2935 1514 3211 1579 differant,
3234 1510 3377 1582 quod
3407 1509 3454 1564 si
3495 1507 3738 1569 defuerint,

2217 1609 2381 1681 (sicut
2399 1609 2575 1678 prisca
2602 1621 2866 1663 canonum
2895 1603 3148 1675 praecepit
3175 1599 3501 1666 auctoritas,
3528 1595 3741 1667 usquead

541 1706 705 1762 abbas
744 1723 872 1765 suus
909 1709 1134 1774 dederit,
1168 1725 1267 1766 nec
1293 1709 1345 1765 in
1371 1710 1702 1776 civitatibus,
1734 1725 1833 1765 nec
1862 1709 1913 1764 in
1960 1725 2110 1779 paro-
2140 1699 2185 1759 Β
2212 1700 2509 1770 proximam
2533 1697 2814 1769 synodum,
2840 1709 2871 1749 a
2898 1693 3165 1750 charitate
3185 1691 3439 1755 lratrum,
3470 1699 3529 1744 et
3552 1686 3744 1743 ecclesia

541 1800 676 1857 chiis
720 1804 1055 1860 ordinentur.
1103 1804 1441 1871 Monachum,
1483 1805 1585 1859 nisi
1643 1805 1851 1859 abbatis
1897 1803 1978 1858 sui
2019 1813 2113 1857 aut

542 1894 805 1960 permissu
854 1905 944 1950 aut
1000 1896 1271 1951 voluntate
1322 1896 1389 1951 ad
1450 1895 1677 1951 alterum
1731 1893 2111 1949 monasterium

541 1985 1007 2057 commigrantem,
1045 1987 1223 2042 nullus
1249 1988 1417 2043 abbas
1447 1988 1724 2059 suscipere
1759 1995 1851 2041 aut
1880 1986 2113 2042 retinere

542 2083 854 2142 praesumat,
885 2075 979 2130 sed
1023 2074 1329 2147 ubicunque
1359 2075 1544 2143 fuerit,
1587 2076 1769 2132 abbati
1801 2092 1899 2131 suo
1932 2084 2116 2131 aucto-

543 2166 702 2220 ritate
737 2182 1001 2224 canonum
1053 2177 1356 2235 revocetur,
1407 2168 1451 2224 si
1503 2169 1647 2224 enim
1681 2182 1903 2224 necesse
1953 2166 2117 2223 fuerit

544 2254 797 2312 clericum
851 2257 918 2313 de
961 2259 1242 2314 monachis
1295 2257 1557 2324 ordinari,
1595 2274 1720 2315 cum
1766 2273 2032 2313 consensu
2062 2265 2117 2312 et

541 2346 816 2405 voluntate
840 2349 1051 2406 abbatis
1080 2358 1369 2421 praesumat
1395 2351 1702 2422 episcopus.

613 2437 848 2496 XXVIII.
891 2440 1213 2515 Mpnasteria
1243 2441 1542 2514 puellarum
1585 2441 1797 2513 longius
1832 2456 1863 2496 a
1905 2456 2117 2496 monas-

541 2530 679 2584 terio
703 2532 1118 2599 monachorum,
1148 2541 1243 2587 aut
1275 2541 1494 2602 propter
1524 2532 1750 2588 insidias
1775 2531 1992 2597 diaboli,
2024 2539 2119 2585 aut

544 2620 1161 2689 propteroblocutiones
1189 2621 1466 2676 hominum
1494 2620 1843 2677 collocentur.

614 2709 803 2765 XXIX.
856 2710 1105 2768 Libertos
1140 2713 1379 2783 legitime
1406 2728 1435 2766 a
1475 2712 1705 2767 dominis
1754 2712 1868 2768 suis
1920 2711 2113 2777 factos,

541 2799 787 2867 ecclesia,
818 2801 861 2857 si
887 2803 1181 2857 necessitas
1205 2801 1453 2874 exigerit,
1484 2810 1732 2869 tueatur;
1762 2802 1966 2872 quodEsi
1993 2802 2115 2872 quis

543 2900 667 2946 ante
691 2892 1045 2960 audientiam,
1077 2902 1171 2948 aut
1192 2894 1507 2964 pervadere,
1547 2902 1639 2950 aut
1659 2894 1958 2964 exspoliare
1976 2908 2112 2964 prte-

542 2983 852 3052 sumpserit,
882 2983 950 3038 ab
971 2983 1199 3040 ecclesia
1228 2983 1532 3054 repellatur.

611 3072 782 3128 XXX.
822 3074 890 3128 Et
918 3075 1042 3146 quia
1073 3076 1324 3130 convenit
1353 3074 1595 3129 ordinem
1637 3074 1877 3130 ecclesiae
1904 3075 1970 3130 ab
1998 3090 2117 3131 om-

545 3163 702 3220 nibus
723 3166 1002 3237 aequaliter
1040 3168 1322 3235 custodiri,
1354 3168 1675 3224 studendum
1723 3174 1804 3224 est
1834 3175 1893 3222 ut
1919 3168 2116 3238 ubique

543 3254 708 3321 (sicut
725 3256 805 3328 fit)
820 3264 875 3311 et
897 3265 1016 3329 post
1041 3259 1364 3330 antiphonas
1384 3258 1730 3315 collectiones
1754 3273 1850 3328 per
1869 3256 2114 3312 ordinem

544 3347 612 3401 ab
637 3347 904 3418 episcopis
929 3349 1010 3405 vel
1038 3352 1369 3422 presbyteris
1406 3351 1535 3413 dici.
1565 3360 1620 3406 et
1644 3351 1871 3421 hymnos
1897 3348 2114 3402 matuti-

544 3454 641 3495 nos
665 3441 745 3496 vel
783 3444 1114 3512 vespertinos
1142 3443 1411 3498 decantari
1440 3443 1627 3498 diebus
1656 3442 1922 3507 omnibus,
1966 3448 2023 3496 et
2063 3440 2117 3495 in

542 3530 890 3588 conclusione
918 3534 1300 3588 matutinarum
1330 3533 1412 3588 vel
1452 3532 1882 3602 vespertinarum
1923 3530 2114 3586 missa-

544 3634 664 3675 rum
690 3631 809 3692 post
831 3624 1061 3694 hymnos
1089 3624 1337 3694 capitella
1366 3624 1431 3679 de
1454 3623 1673 3694 psalmis
1694 3623 1891 3688 dici,et
1911 3621 2118 3691 plebem

545 3709 769 3765 collecta
793 3711 1040 3766 oratione
1071 3712 1139 3766 ad
1177 3726 1459 3781 vesperam
1503 3710 1571 3767 ab
1594 3711 1846 3781 episcopo
1874 3725 1997 3765 cum
2021 3709 2116 3764 be-

548 3798 853 3855 nedictione
874 3801 1091 3856 dimitti.

617 3888 812 3945 XXXI.
849 3890 1058 3946 Placuit
1089 3892 1253 3947 etiam
1279 3900 1339 3947 ut
1361 3890 1527 3963 (sicut
1547 3890 1858 3961 plerumque
1896 3889 1973 3961 lit)
2000 3890 2120 3960 qui-

547 3992 761 4049 cunque
794 3980 940 4047 odio,
980 3989 1075 4036 aut
1119 3980 1411 4055 longinqua
1447 3981 1588 4036 inter
1639 3993 1698 4035 se
1723 3978 1817 4035 lite
1847 3979 2118 4036 dissense-

547 4070 680 4136 rint,
709 4079 764 4128 et
790 4073 857 4127 ad
886 4086 1073 4142 pacem
1096 4073 1338 4129 revocari
1366 4071 1571 4128 diutina
1598 4070 1894 4126 intentione
1933 4070 2119 4141 nequi-

549 4164 707 4229 verit,
737 4178 767 4217 a
807 4163 1043 4220 civitatis
1087 4164 1338 4235 primitus
1384 4161 1756 4220 sacerdotibus
1783 4170 2114 4233 arguantur;

547 4252 641 4322 qui
691 4251 736 4308 si
774 4252 1087 4310 inimicitias
1137 4252 1407 4325 deponere
1457 4252 1764 4325 perniciosa
1821 4252 2120 4308 intentione

547 4341 836 4409 noluerint,
888 4344 956 4399 de
983 4343 1228 4402 ecclesia:
1255 4352 1397 4402 coetu
1417 4343 1716 4415 justissima
1742 4342 2118 4400 excommuni-

547 4435 759 4491 catione
785 4435 1077 4506 pellantur.

616 4526 829 4583 XXXII.
869 4527 1110 4585 Clericus
1152 4542 1252 4585 nec
1289 4542 1610 4600 quemquam
1658 4535 1951 4599 praesumat
1977 4524 2118 4598 apud

548 4619 862 4675 saecularem
884 4618 1145 4688 iudicem,
1171 4620 1423 4691 episcopo
1460 4633 1567 4674 non
1592 4620 1959 4689 permittente,
2002 4618 2119 4689 pul-

546 4723 690 4775 sare,
728 4708 827 4764 sed
870 4708 917 4765 si
960 4708 1206 4780 pulsatus
1243 4709 1428 4776 fuerit,
1482 4723 1590 4764 non
1637 4708 1979 4780 respondeat,
2019 4721 2121 4762 nec

548 4807 836 4868 proponat,
859 4814 961 4855 nec
989 4800 1185 4857 audeat
1229 4800 1509 4856 criminale
1536 4801 1807 4872 negotium
1834 4801 1886 4855 in
1914 4798 2120 4868 judicio

549 4887 794 4942 saeculari
839 4903 1160 4960 proponere.
1211 4889 1268 4946 Si
1318 4890 1440 4961 quis
1470 4904 1600 4946 vero
1644 4888 1982 4944 saecularium
2024 4904 2121 4959 per

550 4974 876 5032 calumniam
903 4978 1213 5048 ecclesiam,
1259 4989 1353 5036 aut
1377 4980 1579 5037 clerum
1616 4979 1844 5051 fatigare
1884 4988 2122 5035 tentave-

552 5066 648 5133 rit,
667 5075 723 5121 et
754 5070 929 5125 victus
955 5070 1138 5140 fuerit,
1185 5072 1252 5128 ab
1288 5072 1534 5129 ecclesia:
1562 5071 1834 5126 liminibus
1860 5079 1929 5134 et,
1962 5086 1992 5125 a
2036 5084 2123 5126 ca-

555 5156 877 5214 tholicorum
903 5162 1283 5220 communione
1319 5164 1388 5235 (si
1415 5164 1573 5236 digne
1598 5164 1937 5236 paenituerit)
1963 5178 2116 5220 coer-

554 5257 761 5303 ceatur.

628 5337 866 5395 XXXIII.
905 5337 1200 5412 Episcopus
1222 5345 1314 5414 qui
1342 5344 1477 5402 ﬁlios
1504 5352 1597 5401 aut
1628 5353 1851 5415 nepotes
1883 5360 1989 5400 non
2018 5345 2118 5428 lia-

2213 1789 2592 1848 communione
2607 1788 2906 1858 priventur.

2283 1880 2522 1936 XXXVI.
2564 1879 2753 1936 Clerici
2783 1878 2945 1933 etiam
2989 1889 3178 1932 omnes
3203 1871 3294 1943 qui
3334 1869 3589 1953 ecclesiae
3613 1865 3742 1921 ﬁdeli-

2214 2001 2298 2048 ter
2350 1991 2737 2064 vigilanterque
2786 1988 3118 2053 deserviunt,
3160 1983 3430 2056 stipendia
3475 1981 3665 2038 sanctis
3693 1978 3745 2032 Ιεο

2213 2082 2437 2139 boribus
2482 2078 2663 2136 debita
2703 2078 2997 2135 secundum
3029 2075 3234 2132 servitii
3266 2073 3351 2129 sui
3397 2071 3646 2127 meritum
3684 2066 3745 2121 vel

2214 2172 2608 2230 ordinationem
2631 2186 2660 2225 a
2691 2168 3064 2227 sacerdotibus
3087 2170 3515 2233 consequantur.

2285 2264 2548 2339 XXXVII.
2590 2281 2773 2350 Itaque
2816 2276 3124 2334 censuimus
3172 2272 3474 2329 homicidas
3523 2280 3576 2325 et
3625 2269 3748 2323 falsos

2216 2381 2381 2428 testes
2403 2386 2435 2425 a
2463 2368 2839 2425 communione
2866 2365 3201 2422 ecclesiatica
3240 2359 3649 2420 submovendos,
3676 2356 3747 2409 nisi

2217 2461 2546 2535 poenitentia:
2574 2457 2943 2515 satisfactione
2969 2452 3196 2510 crimina
3223 2449 3509 2506 diluerint.

2282 2571 2564 2628 XXXVIII.
2603 2568 2829 2626 Clericis
2875 2568 2992 2623 sine
3046 2560 3512 2621 commendatitiis
3552 2554 3748 2629 epistolis

2212 2662 2446 2734 episcopi
2466 2662 2546 2716 sui
2571 2659 2783 2716 licentia
2797 2672 2901 2713 non
2929 2662 3110 2727 pateat
3130 2651 3411 2725 evagandi.
3435 2650 3500 2705 In
3524 2645 3752 2704 monachis

2213 2767 2426 2826 quoque
2452 2750 2735 2823 praesentis
2755 2750 3034 2806 sententiae
3060 2747 3232 2802 forma
3254 2752 3508 2801 servetur
3537 2758 3554 2808 ;
3580 2744 3700 2812 quod
3716 2737 3749 2792 si

2214 2844 2504 2899 verborum
2534 2839 2833 2910 increpatio
2857 2851 2962 2893 non
2989 2834 3381 2899 emendaverit,
3406 2833 3577 2887 etiam
3606 2828 3749 2883 verbe-

2210 2933 2360 2991 ribus
2402 2931 2695 2991 statuimus
2753 2926 3013 2983 coerceri.
3062 2923 3399 3003 Servandum
3454 2933 3665 2992 quoque
3707 2918 3751 2969 de

2140 3058 2186 3123 ο
2216 3023 2516 3089 monachis,
2575 3034 2643 3075 ne
2695 3019 2775 3075 eis
2827 3017 2894 3072 ad
2942 3014 3213 3071 solitarias
3256 3012 3483 3068 cellulas
3548 3012 3690 3067 liceat
3730 3023 3749 3058 ε

2496 3113 2524 3123 ν.
2692 3110 2726 3123 ..
2847 3108 2883 3123 ,ν
2938 3121 2947 3123 μ
3188 3103 3318 3123 .__.-
3379 3102 3622 3123 ___L-.g_
3668 3106 3749 3123 ω.

2218 3113 2633 3186 congregatione
2675 3108 2977 3171 discedere,
3024 3105 3127 3160 nisi
3185 3103 3326 3180 forte
3379 3102 3625 3173 probatis
3667 3106 3754 3169 post

2217 3205 2474 3260 emeritos
2532 3203 2769 3266 labores,
2827 3206 2919 3253 aut
2960 3205 3180 3267 propter
3231 3194 3573 3249 infirmitatis
3614 3204 3753 3246 neces-

2217 3297 2435 3353 sitatem
2484 3293 2726 3365 asperior
2773 3288 2985 3346 abbatis
3032 3285 3214 3357 regula
3258 3285 3598 3350 remittatur,
3650 3278 3754 3350 quod

2218 3385 2293 3441 ita
2339 3386 2553 3441 demum
2611 3381 2702 3437 fiet
2749 3389 2809 3436 ut
2839 3380 2981 3434 intra
3031 3377 3217 3432 eadem
3260 3373 3581 3429 monasterii
3624 3382 3752 3439 septa.

2228 3481 2512 3530 manentes
2565 3480 2745 3525 tamen
2784 3469 2885 3523 sub
2930 3465 3139 3521 abbatis
3185 3471 3471 3534 poteSIate,
3527 3469 3758 3533 separatas

2220 3567 2422 3622 habere
2474 3561 2701 3620 cellulas
2749 3558 3170 3630 permittantur;
3228 3554 3520 3610 abbatibus
3584 3563 3755 3622 quoque

2220 3654 2448 3725 singulis
2472 3652 2715 3708 diversas
2744 3647 2986 3713 cellulas,
3023 3652 3117 3699 aut
3141 3643 3291 3714 plura
3343 3642 3665 3697 monasteria
3689 3640 3759 3691 ha-

2219 3747 2350 3802 bere
2376 3761 2483 3799 non
2509 3743 2687 3808 liceat,
2727 3739 2831 3795 nisi
2861 3747 3066 3793 tantum
3095 3743 3316 3805 propter
3354 3733 3631 3788 incursum
3667 3730 3758 3783 bos—

2219 3837 2431 3892 tilitatis
2454 3836 2595 3890 intra
2622 3846 2804 3886 muros
2828 3826 3174 3898 receptaculo
3200 3825 3495 3881 collocare.

2291 3943 2533 4000 XXXIX.
2571 3939 2903 4012 Presbyteri,
2954 3936 3230 4000 diacones,
3277 3932 3657 3995 subdiacones,
3697 3922 3761 3979 vel

2225 4038 2486 4107 deinceps
2533 4034 2730 4105 quibus
2776 4029 3005 4087 ducendi
3048 4040 3246 4082 uxores
3273 4024 3493 4079 licentia
3545 4035 3647 4077 non
3681 4022 3758 4107 est.

2217 4127 2379 4183 etiam
2402 4104 2700 4181 alienarum
2727 4121 3036 4191 nuptiarum
3065 4116 3269 4172 evitent
3288 4112 3562 4176 convivia,
3585 4123 3675 4164 nec
3697 4104 3758 4159 his

2218 4217 2449 4274 coetibus
2484 4213 2816 4269 misceantur
2842 4208 2932 4264 ubi
2962 4204 3228 4261 amatoria
3258 4210 3575 4267 cantantur,
3599 4208 3649 4254 et
3675 4206 3759 4249 tur—

2217 4308 2326 4379 pia,
2348 4314 2441 4361 aut
2462 4302 2679 4360 obsceni
2702 4308 2882 4355 motus
2918 4311 3225 4367 corporum,
3252 4293 3438 4349 choris
3459 4300 3513 4347 et
3541 4287 3755 4346 saltatio—

2141 4402 2195 4464 Ι)
2221 4398 2379 4454 nibus
2416 4393 2735 4458 elici-untur,
2764 4406 2834 4448 ne
2860 4390 3098 4454 auditus,
3119 4394 3175 4442 et
3199 4386 3421 4441 obtutus
3459 4382 3629 4439 sacris
3656 4390 3759 4446 mys-

2223 4489 2376 4546 teriis
2399 4487 2685 4557 deputatus
2722 4480 2959 4551 turpium
2996 4474 3430 4549 spectaculorum
3474 4482 3635 4542 atque
3671 4481 3760 4519 ver-

2221 4581 2412 4638 borum
2450 4573 2771 4644 contagione
2798 4570 3123 4642 polluantur.

2293 4691 2406 4749 XL.
2447 4689 2649 4747 Omnes
2701 4684 2958 4754 deinceps
3007 4680 3191 4738 clerici
3246 4679 3365 4736 sive
3411 4676 3533 4732 laici
3579 4671 3759 4727 Iudaeo-

2224 4798 2342 4841 rum
2364 4779 2609 4838 convivia
2638 4776 2859 4839 evitent,
2884 4787 2987 4828 nec
3006 4785 3102 4827 eos
3129 4769 3197 4825 ad
3225 4767 3533 4826 convivium
3565 4762 3760 4834 quisque

2224 4872 2476 4942 excipiat,
2505 4869 2633 4939 quia
2669 4881 2793 4922 cum
2828 4864 2970 4936 apud
3000 4860 3342 4918 Christianos
3370 4856 3507 4912 cibis
3553 4862 3759 4909 commu-

2224 4963 2384 5018 nibus
2406 4975 2511 5015 non
2525 4965 2769 5021 utuntur,
2788 4953 3065 5025 indignum
3084 4956 3167 5006 est
3185 4957 3346 5017 atque
3357 4944 3670 5013 sacrilegum
3686 4951 3755 4991 eo-

2224 5067 2346 5109 rum
2374 5051 2524 5106 cibos
2548 5065 2577 5104 a
2606 5044 2930 5102 Christianis
2953 5042 3115 5108 sumi,
3136 5055 3261 5096 cum
3283 5053 3348 5093 ea
3371 5051 3490 5107 quae
3510 5025 3755 5105 (Apostolo

2225 5138 2595 5215 permittente)
2643 5152 2742 5193 nos
2777 5135 3060 5199 sumimus,
3101 5133 3171 5188 ah
3208 5130 3315 5186 illis
3356 5126 3659 5198 iudicentur
3684 5120 3758 5171 ira-

2226 5233 2443 5296 munda,
2460 5247 2524 5287 ac
2542 5231 2587 5311 si
2613 5227 2895 5284 inferiores
2921 5224 3175 5295 incipiant
3192 5216 3613 5276 esseChristiani

2220 5294 2486 5391 Judaei,vsi
2536 5301 2636 5377 nos
2661 5333 2781 5389 qua:
2808 5316 3006 5373 abillis
3034 5294 3389 5386 apponuntur
3435 5315 3663 5369 utamur,
3704 5294 3759 5351 illi
