3834 5428
529 291 633 349 407

1342 277 1756 350 Appennino
1792 293 2077 350 siccari.
2136 323 2203 335 -
2239 293 2486 351 lSlDORl
2527 295 2972 356 uencnouts
3656 297 3734 352 ua
3820 277 3821 340 ι

533 409 676 464 enim
700 423 983 465 censemus
1007 422 1128 464 esse
1152 407 1196 463 si
1227 407 1348 477 quis
1363 407 1605 462 relictam
1630 406 1813 461 fratris
1825 420 1944 476 quae
1969 420 2102 475 pene
2133 411 2176 468 Α
2276 405 2434 460 LXV.
2455 406 2716 474 Quoniam
2742 425 2845 463 non
2873 418 3082 482 oportet
3111 407 3391 461 diaconem
3420 405 3606 459 sedere
3630 420 3735 475 pne-
3820 371 3821 436 ξ

537 499 690 569 prius
716 515 872 556 soror
896 501 1178 556 exstiterat
1203 499 1407 555 carnali
1426 499 1807 568 conjunctione
1837 487 2102 568 polluerit.

540 590 598 646 Si
625 591 747 660 quis
786 593 954 647 frater
978 607 1287 662 germanam
1328 607 1549 647 uxorem
1587 590 1876 661 acceperit,
1916 590 1959 646 si
1991 589 2112 660 quis

541 698 826 739 novercam
859 685 1088 747 duxerit,
1118 685 1161 739 si
1210 684 1330 754 quis
1356 685 1692 740 consobrinte
1714 700 1771 738 se
1801 684 2108 748 sociaverit,

545 776 589 826 si
619 775 740 843 quis
770 773 970 830 relictie
997 775 1078 830 vel
1117 775 1238 830 filiae
1279 776 1525 830 avunculi
1555 775 1866 838 misceatur,
1895 782 1986 828 ant
2016 789 2110 844 pa-

545 861 609 916 tri
638 861 759 916 lilia:
786 861 868 916 vel
896 863 1152 934 privigna:
1189 879 1330 927 sum,
1367 874 1460 918 aut
1503 864 1592 933 qui
1628 878 1692 917 ex
1724 863 1941 932 propria
1978 877 2110 916 eon-

541 951 903 1021 sanguinitate
928 952 1193 1022 aliquam,
1235 963 1330 1008 aut
1357 969 1517 1022 quam
1554 952 1983 1022 consanguineus
2013 952 2110 1005 ha-

541 1038 658 1092 buit
701 1041 1007 1106 concubitu,
1062 1042 1284 1111 polluat,
1314 1051 1406 1097 aut
1436 1043 1650 1098 duxerit
1693 1057 1934 1096 uxorem.
1969 1041 2114 1108 Quos

540 1144 730 1185 omnes
773 1139 826 1185 et
855 1131 983 1185 olim
1010 1140 1173 1202 atque
1203 1135 1302 1187 sub
1333 1133 1434 1187 hac
1462 1133 1848 1187 constitutione
1882 1133 2114 1186 incestos

540 1237 659 1277 esse
684 1237 788 1277 non
818 1223 1150 1288 dubitamus,
1179 1233 1232 1278 et
1259 1224 1398 1277 inter
1421 1223 1834 1278 catechumenos
1859 1236 2025 1290 usque
2048 1220 2115 1274 ad

542 1311 834 1383 legitimam
885 1313 1307 1369 satisfactionem
1350 1329 1568 1368 manere
1603 1322 1655 1368 et
1682 1328 1840 1368 orare
1869 1313 2116 1383 principi-

543 1419 681 1468 mus,
733 1405 876 1474 quod
933 1405 1006 1458 ita
1055 1405 1304 1475 priesenti
1353 1415 1594 1475 tempore
1638 1404 2003 1474 prohibemus,
2057 1413 2117 1460 ut

543 1509 608 1549 ea
641 1511 758 1564 qua:
803 1503 930 1549 sunt
976 1495 1233 1549 hactenus
1275 1495 1539 1560 instituta,
1583 1509 1690 1548 non
1739 1493 2113 1549 dissolvamus.

545 1589 688 1643 Sane
739 1589 934 1658 quibus
989 1588 1297 1658 conjunclio
1351 1587 1536 1641 illicita
1593 1585 1968 1652 interdicitur,
2019 1586 2122 1640 ha-

547 1678 750 1732 bebunt
780 1678 995 1732 ineundi
1029 1677 1268 1731 melioris
1293 1674 1524 1746 conjugii
1563 1673 1886 1729 libertatem.

2209 507 2360 553 sente
2386 499 2720 570 presbytero,
2753 502 2844 556 sed
2871 518 2933 557 ex
2971 501 3211 569 iussione
3231 497 3530 568 presbyteri
3559 498 3736 554 sedeat.

2210 585 2463 640 similiter
2501 597 2681 642 autem
2731 589 3115 644 honorificetur
3143 587 3402 642 diaconus
3446 598 3477 636 a
3520 584 3739 638 ministris

2213 677 2564 733 inferioribus
2585 688 2639 733 et
2663 681 2914 736 omnibus
2939 680 3171 736 clericis.

2283 767 2463 822 LXVI.
2488 768 2752 835 Quoniam
2781 786 2885 825 non
2908 779 3121 840 oportet
3145 769 3198 824 in
3227 776 3474 824 sacratos
3504 765 3740 821 ministros
3822 765 3823 798 7

2213 857 2482 913 licentiam
2507 859 2706 915 habere
2745 861 2796 915 in
2830 862 3214 924 secretarium,
3255 859 3398 929 quod
3440 857 3609 912 Grzeci
3657 857 3740 909 di:-

2213 950 2438 1005 conicon
2505 951 2804 1021 appellant,
2861 953 3100 1024 ingredi,
3156 959 3212 1008 et
3274 966 3402 1005 vasa
3470 950 3741 1019 contingere

2215 1039 2512 1096 Dominica.

2285 1133 2490 1188 LXVII.
2520 1136 2784 1202 Quoniam
2808 1152 2913 1192 non
2936 1143 3146 1207 oportet
3178 1149 3300 1189 cum
3335 1132 3584 1187 omnibus
3609 1130 3743 1184 barc-

2218 1221 2338 1277 ticis
2362 1223 2593 1278 miscere
2624 1225 2912 1289 connubia,
2943 1224 3023 1278 vel
3057 1223 3196 1278 filios
3223 1222 3307 1277 vel
3344 1221 3483 1275 tilias
3513 1219 3649 1281 dare,
3676 1218 3744 1272 sed

2216 1313 2396 1382 potius
2421 1314 2690 1384 accipere,
2715 1315 2759 1370 si
2789 1323 2966 1370 tamen
2998 1313 3324 1385 profitentur
3344 1309 3670 1366 Christianos
3687 1307 3744 1359 fu—

2219 1414 2369 1462 turos
2389 1421 2508 1460 esse
2536 1415 2591 1461 et
2618 1407 2939 1462 catholicos.

2287 1493 2514 1550 LXVIII.
2544 1495 2809 1563 Quoniam
2834 1511 2938 1550 non
2961 1500 3173 1565 oportet
3191 1491 3472 1546 ministros
3495 1486 3666 1542 altaris
3682 1493 3747 1538 aut

2218 1584 2444 1642 clericos
2472 1603 2658 1658 magos
2689 1599 2743 1643 et
2777 1589 3142 1643 incantatores
3167 1599 3318 1648 esse,
3342 1592 3439 1637 aut
3477 1580 3648 1636 facere
3662 1594 3747 1648 qua

2219 1675 2426 1742 dicunt,
2467 1679 2825 1751 phylacteria,
2859 1694 2978 1749 qua:
3027 1685 3153 1732 sunt
3190 1691 3388 1746 magna
3433 1672 3746 1740 obligament:

618 1768 774 1822 LXII.
809 1768 865 1823 Si
895 1769 1014 1838 quis
1061 1783 1276 1822 servum
1308 1757 1582 1836 proprium
1633 1768 1748 1822 sine
1785 1767 2115 1822 conscientia
2149 1777 2192 1834 Β
2221 1765 2545 1832 animarum,
2571 1769 2668 1823 hos
2691 1776 2868 1823 autem
2889 1768 2979 1838 qui
3010 1766 3208 1820 talibus
3234 1772 3487 1825 utuntur,
3514 1757 3750 1831 projiciah

543 1860 742 1930 judicis
780 1859 1070 1922 occiderit,
1106 1857 1664 1913 cxcommunieatione
1690 1857 1773 1913 vel
1798 1857 2115 1928 poenitentia

543 1948 743 2002 biennii
775 1959 982 2003 reatum
1023 1947 1296 2017 sanguinis
1319 1946 1646 2002 emendabit.

621 2040 801 2094 LXIII.
833 2040 903 2096 Ut
933 2041 1077 2095 cives
1108 2041 1197 2109 qui
1227 2039 1565 2108 superiorum
1605 2038 2028 2106 solemnitatem,
2067 2041 2118 2096 id

545 2138 649 2192 est,
678 2130 899 2184 Pascha:
927 2144 990 2183 ac
1020 2129 1212 2182 natalis
1237 2129 1470 2194 Domini,
1495 2128 1577 2184 vel
1599 2127 1945 2184 Pentecostes
1967 2128 2118 2184 festi-

545 2222 804 2277 vitatibus
845 2237 965 2275 cum
998 2221 1262 2292 episcopis
1292 2221 1552 2276 interesse
1599 2220 1933 2291 neglexerint
1976 2221 2118 2288 (cum

547 2313 601 2368 in
629 2313 938 2369 civitatibus
980 2313 1378 2368 communionis
1426 2311 1511 2367 vel
1549 2312 1941 2368 benedictionis
1975 2313 2120 2368 acci-

546 2403 754 2472 pienda:
779 2419 941 2458 causa
973 2403 1177 2472 positos
1219 2418 1278 2458 se
1326 2417 1486 2458 nosse
1517 2401 1787 2472 debeant),
1817 2403 2054 2459 triennio
2090 2418 2121 2458 a

548 2497 926 2550 communione
957 2496 1236 2566 priventur
1262 2494 1526 2551 ecclesiae.

617 2577 798 2632 LXIV.
835 2578 889 2632 Si
921 2578 1041 2646 quis
1072 2577 1123 2630 in
1147 2577 1292 2631 clero
1312 2577 1638 2632 constitutus
1663 2577 1732 2630 ab
1769 2575 2000 2632 ecclesia
2025 2591 2123 2631 sua

551 2668 742 2724 diebus
774 2667 1104 2723 solemnibus
1135 2667 1387 2734 defuerit,
1418 2667 1468 2722 id
1493 2675 1598 2734 est,
1626 2668 1907 2723 nativitate
1939 2668 2124 2723 Domi-

549 2759 626 2824 ni,
657 2759 976 2829 Epiphania,
1009 2759 1246 2821 Pascha,
1279 2758 1360 2814 vel
1408 2757 1750 2824 Pentecoste,
1779 2759 1904 2814 dum
1949 2759 2126 2830 potius

552 2848 809 2918 singulari
861 2850 1011 2903 lucro
1054 2849 1298 2914 studeat,
1327 2865 1488 2919 qttam
1536 2851 1757 2904 servitio
1793 2864 1890 2905 suo
1911 2865 2123 2920 parere,

555 2941 810 2995 convenit
855 2949 912 2994 ut
971 2940 1202 2994 triennio
1241 2956 1270 2993 a
1317 2941 1694 2995 communione
1741 2941 2123 3011 suspendatur.

552 3031 814 3085 Similiter
842 3031 1100 3085 diaconus
1129 3031 1211 3083 vel
1234 3031 1516 3101 presbyter
1541 3031 1583 3086 si
1628 3039 1736 3087 tres
1767 3032 2128 3087 hebdomadas

2219 1857 2445 1913 ecclesia
2475 1857 2754 1927 iussimus.

2289 1948 2471 2005 LXIX.
2498 1951 2886 2008 Seditionarios
2905 1965 3174 2020 nunquam
3189 1945 3519 2004 ordinandos
3551 1942 3750 1999 clericos

2219 2041 2360 2096 sicut
2386 2057 2483 2096 nec
2504 2042 2796 2104 usurarios,
2827 2040 2909 2095 vel
2941 2039 3258 2108 iniuriarum
3308 2049 3529 2089 suarum
3571 2031 3751 2084 ultores

2291 2131 2454 2186 LXX.
2485 2132 2754 2187 Clericnm
2797 2131 3081 2188 scurrilem
3108 2139 3163 2186 et
3180 2128 3363 2184 verbis
3389 2124 3624 2194 turpibus
3643 2121 3754 2189 iocu-

2223 2223 2414 2289 larem,
2439 2225 2506 2280 ab
2528 2223 2702 2279 oIIicio
2733 2224 3138 2280 retrahendum.

2292 2315 2476 2370 LXXI.
2519 2316 2795 2388 Synodum
2825 2316 2988 2373 etiam
3033 2314 3328 2371 secundum
3369 2309 3648 2366 constituta
3683 2306 3755 2360 Pa-

2225 2412 2365 2460 trum
2401 2407 2563 2461 etiam
2601 2408 2759 2463 annis
2798 2407 3026 2479 singulis
3062 2403 3263 2476 placuit
3300 2399 3627 2473 congregari,
3655 2412 3756 2466 quo-
3830 2407 3831 2436 ῖ

2223 2497 2368 2552 niam
2421 2514 2542 2554 cum
2589 2515 2720 2569 pace
2761 2500 3085 2555 dimittimus
3130 2497 3335 2569 gratias
3393 2496 3505 2550 Deo
3553 2491 3754 2563 agimus.

2223 2594 2442 2642 orantes
2490 2588 2606 2658 ejus
2651 2589 2991 2644 clementiam
3013 2629 3028 2654 ,
3061 2597 3120 2643 ut
3170 2587 3286 2641 haec
3315 2585 3506 2640 eadem
3535 2581 3693 2636 facere
3722 2578 3758 2630 in

2225 2676 2485 2731 honorem
2522 2679 2732 2732 Domini
2780 2679 2980 2734 multos
3021 2693 3116 2749 per
3146 2691 3318 2732 annos
3358 2673 3633 2744 possimus.
3676 2668 3758 2736 Ego

2226 2763 2491 2820 Cmsarius
2532 2765 2583 2820 in
2610 2767 2811 2821 Christi
2841 2768 3055 2821 nomine
3082 2766 3368 2835 episcopus
3402 2760 3557 2831 juxta
3582 2757 3625 2812 id
3650 2755 3759 2824 quod

2226 2857 2496 2912 universis
2547 2860 2882 2928 coepiscopis
2951 2859 3085 2912 meis
3148 2871 3361 2910 mecum
3429 2853 3758 2922 scripserunt.

2225 2949 2429 3019 placuit
2457 2949 2700 3003 instituta
2740 2951 2960 3004 Patrum
3007 2956 3249 3011 secutus,
3284 2947 3370 3000 his
3403 2941 3758 3000 dilﬁnitionibus

2229 3053 2473 3094 annuens
2516 3039 2616 3093 sub
2657 3040 2742 3094 die
2783 3041 2970 3109 quinto
2998 3039 3266 3092 Kalendas
3297 3033 3638 3106 Septembris,
3665 3028 3761 3083 sub-

554 3123 622 3176 ab
659 3121 886 3176 ecclesia
930 3138 1026 3176 sua
1063 3121 1328 3189 defuerit,
1367 3123 1493 3176 huic
1519 3123 1849 3177 damnationi
1887 3139 2132 3178 succum-
2162 3119 2206 3180 C
2238 3131 2451 3201 scripsi,
2484 3131 2732 3186 similiter
2756 3141 2810 3186 et
2837 3133 2926 3186 alii
2957 3131 3425 3200 subscripserunt.

552 3215 663 3268 bat.

2313 3225 2539 3294 Explicit
2566 3225 2850 3280 concilium
2879 3223 3209 3294 Agathense.

2236 3343 3744 3375 ..Μ

1343 3508 1685 3565 INCIPIUNT
1724 3508 2062 3567 CAPITULA
2105 3511 2394 3569 CONCILII
2423 3513 3000 3572 AURELIANENSIS.

625 3688 650 3740 1
666 3726 678 3740 .
721 3687 798 3742 De
823 3685 1110 3741 homicidia
1133 3692 1190 3739 et
1209 3681 1469 3738 adulteris
1491 3691 1544 3737 et
1558 3681 1789 3748 furibus,
1805 3685 1848 3738 si
1874 3685 1939 3739 ad
1955 3686 2130 3741 cccle-

557 3779 690 3833 siam
725 3775 1089 3846 confugerint.

623 3871 680 3924 2.
721 3870 796 3921 De
833 3869 1142 3937 raptoribus
1179 3866 1245 3919 ad
1281 3865 1566 3921 ecclesiam
1597 3866 2058 3938 confugientibus.

627 3961 681 4014 5.
725 3960 798 4012 De
825 3959 997 4012 servis
1018 3958 1060 4012 si
1086 3959 1153 4010 ad
1180 3953 1462 4010 ecclesiam
1489 3956 1851 4028 confugerint.

629 4051 685 4105 4.
727 4051 800 4105 De
826 4065 890 4104 eo
920 4051 1010 4118 qui
1049 4050 1116 4104 ab
1142 4050 1396 4119 episeopo
1441 4049 1640 4118 aliquid
1684 4049 1900 4119 repetit,
1947 4057 2008 4104 ut
2035 4066 2131 4120 pro

561 4143 676 4213 ipsa
703 4141 1060 4196 conventione
1091 4141 1158 4194 ab
1187 4141 1414 4196 ecclesia
1457 4156 1562 4195 non
1587 4141 1848 4210 privetur.

629 4232 684 4287 5.
725 4232 782 4288 Si
838 4233 1120 4302 episcopus
1165 4247 1382 4287 servum
1433 4231 1655 4286 alterius
1695 4232 1949 4287 clericum
1999 4232 2138 4289 fece-

563 4325 650 4379 rit.

632 4414 684 4468 6.
727 4414 784 4467 Si
809 4414 1066 4467 diaconus
1096 4421 1188 4466 aut
1212 4413 1494 4484 presbyter
1516 4414 1719 4468 crimen
1742 4413 1971 4484 capitale
1991 4429 2138 4469 com-

561 4508 789 4561 miserit.

631 4599 682 4652 7.
727 4600 800 4654 De
832 4599 916 4653 his
949 4599 1037 4668 qui
1069 4599 1442 4668 pmnitentiam
1469 4598 1822 4654 violaverunt.

629 4690 683 4746 8.
725 4690 781 4745 Si
803 4692 1082 4762 presbyter
1103 4699 1195 4744 aut
1218 4693 1475 4746 diaconus
1497 4707 1552 4745 se
1574 4706 1671 4760 pro
1695 4701 1844 4746 reatu
1869 4691 2049 4762 aliquo
2071 4693 2139 4747 ab

561 4779 901 4834 Eucharistia
930 4779 1290 4849 suspenderit.

629 4872 683 4926 9.
728 4871 784 4926 Si
828 4871 1012 4925 relicta
1054 4871 1354 4941 presbyteri
1407 4878 1500 4924 aut
1544 4871 1754 4924 diaconi
1787 4871 1876 4925 alii
1922 4887 1981 4926 se
2007 4887 2139 4927 con-

557 4961 819 5028 junxerit.

635 5052 720 5105 IO.
766 5053 839 5106 De
866 5053 949 5106 his
980 5067 1098 5120 qua:
1125 5053 1177 5107 in
1207 5051 1400 5106 altarin
1429 5049 1746 5105 offeruntur.

636 5141 722 5193 Il.
755 5142 828 5194 De
857 5142 942 5195 his
968 5159 1084 5211 quae
1107 5159 1136 5196 a
1168 5144 1415 5198 fidelibus
1447 5143 1499 5196 in
1525 5143 1868 5212 parochianis
1891 5143 2139 5200 ecclesiis

565 5231 887 5286 offeruntur.

644 5323 726 5378 l2.
771 5321 841 5376 Ut
881 5323 1163 5393 cpiscOpus
1213 5334 1268 5379 et
1310 5342 1572 5395 pauperes
1618 5334 1673 5381 et
1719 5325 1961 5382 infirmos
1993 5335 2142 5382 tuea-

2308 3689 2393 3743 I5.
2439 3688 2509 3745 Ut
2539 3689 2765 3743 abbates
2805 3689 2856 3742 in
2890 3695 3159 3759 potestate
3195 3687 3572 3758 episcoporum
3600 3684 3704 3745 sint,
3723 3688 3765 3733 et

2235 3777 2301 3832 de
2339 3778 2616 3832 monachis
2641 3778 2812 3849 vagis.
2841 3823 2890 3862 ,Ὗ
2976 3813 2989 3833 .

2352 3871 2365 3872 ν-
2465 3871 2476 3872 γ
2732 3871 2740 3872 ,
2775 3871 2779 3872 ,
2828 3850 2852 3871 tr
2891 3829 2982 3872 βΐι

2307 3871 2391 3926 I6.
2435 3871 2504 3926 Ut
2537 3871 2783 3925 monachi
2811 3829 3060 3950 ἕέιξξηςρ
3080 3871 3164 3925 vel
3189 3871 3344 3925 zonis
3370 3887 3476 3924 non
3505 3877 3711 3924 utantur.

2309 3964 2395 4016 ΓΙ.
2431 3963 2487 4017 Si
2520 3963 2816 4018 monachus
2846 3949 3070 4018 uxorem
3100 3964 3331 4017 duxerit.

2308 4057 2395 4112 18.
2434 4042 2511 4111 Ut
2558 4056 2855 4111 monachus
2902 4057 3019 4111 sine
3045 4056 3311 4124 permissu
3344 4055 3580 4124 episcopi
3609 4051 3676 4104 vel
3694 4047 3753 4100 ab

2235 4144 2376 4199 batis
2414 4145 2638 4200 cellulas
2669 4161 2774 4200 non
2812 4154 3110 4201 construat.

2310 4235 2395 4290 I9.
2459 4235 2514 4289 Si
2569 4235 2836 4304 episcopis
2894 4237 3147 4304 cuiquam
3202 4233 3436 4289 terrulas
3498 4226 3756 4303 praestituit

2238 4324 2586 4390 excolendas,
2621 4324 2738 4378 sine
2765 4323 3078 4395 praeiudicio
3100 4323 3241 4392 juris
3283 4323 3537 4378 ecclesia:
3561 4318 3760 4375 teneban-

2240 4423 2344 4468 tur.

2307 4505 2399 4560 20.
2442 4505 2514 4561 Ut
2555 4515 2678 4560 ante
2722 4505 2930 4560 Pascha
2961 4504 3374 4574 quadragesima
3408 4511 3663 4556 teneatur.

2307 4598 2400 4651 21.
2444 4598 2514 4654 Ut
2553 4597 2733 4652 nullus
2756 4596 2955 4651 civium
2985 4593 3310 4650 festivitates
3352 4592 3585 4660 majores
3609 4591 3655 4643 in
3674 4583 3757 4638 villa

2239 4689 2497 4745 celebret.

2309 4779 2400 4834 9.2.
2443 4777 2514 4833 Ut
2551 4777 2778 4848 populus
2801 4785 2928 4831 ante
2956 4774 3274 4844 completam
3308 4772 3534 4825 missam
3569 4777 3616 4823 et
3646 4766 3755 4818 bene

2242 4872 2530 4927 dictionem
2555 4858 2833 4940 acceptam
2868 4867 3050 4938 egredi
3091 4881 3194 4920 non
3224 4872 3539 4933 pr'JBSlllllill.

2168 4948 2220 5010 Ι)
2311 4963 2400 5016 9.3.
2441 4960 2513 5017 Ut
2534 4960 2734 5015 litanite
2758 4968 2883 5015 ante
2908 4957 3290 5014 Ascensionem
3315 4953 3528 5008 Domini
3552 4947 3760 5006 celebrra

2249 5056 2354 5102 tur.

2315 5137 2406 5192 24.
2451 5138 2526 5192 Dc
2572 5136 2784 5191 clericis
2835 5133 2924 5203 qui
2980 5132 3046 5187 ad
3093 5130 3322 5186 oﬂlcium
3370 5128 3555 5182 venire
3582 5130 3762 5180 coalem-

2248 5237 2401 5282 nttnt.

2317 5321 2407 5374 25.
2440 5319 2515 5374 De
2548 5318 2913 5373 familiaritate
2955 5324 3334 5370 cxtrancarum
3370 5310 3659 5364 mulierum.

2641 5409 2844 5428 I'_!__'_
2892 5405 3236 5428 __.__-.-I..-.:I..-..
3272 5402 3356 5428 ..ηε
3404 5391 3762 5428 .Ι;..ε..ηιῖιιιιίἣιι(

2319 5413 2386 5428 nu
2455 5411 2516 5428 η.
2641 5409 2844 5428 I'_!__'_
2892 5405 3236 5428 __.__-.-I..-.!I..-n
3272 5402 3356 5428 nn:
