3834 5428
73 227 153 282 I09

1123 209 1605 270 DECRETALIUM
1651 208 2045 268 COLLECTIO.

3139 197 3245 267 ιιο

535 404 989 498 INCIPIT
1056 397 1718 496 CONGILIUM
1789 397 2469 490 AURELIANE
2492 399 2705 491 NSE

1265 594 1562 672 Triginta
1605 593 2059 672 episcoporum.

123 791 231 846 Cum
252 794 455 842 auctore
470 779 577 838 Deo
593 781 644 835 in
673 776 1044 834 Aurelianensi
1071 775 1204 830 urbe
1227 772 1417 828 fuisset
1442 787 1573 826 con—
1600 754 1649 813 Α

72 885 214 939 cilium
257 889 569 934 summorum
618 871 924 926 antistitum
988 873 1397 937 congregatum,
1429 879 1578 918 com-

73 975 183 1029 muni
217 971 436 1026 omnium
481 965 766 1020 collatione
813 959 1160 1030 complacuit,
1189 967 1247 1011 ut
1292 959 1394 1010 hoc
1434 955 1578 1025 quod

73 1067 210 1120 verbis
233 1067 538 1124 statuerunt,
568 1056 732 1111 etiam
761 1053 1054 1123 Scriptura:
1083 1050 1393 1104 testimonio
1422 1049 1579 1102 robo-

73 1162 231 1210 ment.

121 1247 225 1302 Car.
255 1245 290 1299 I.
327 1242 379 1298 Id
407 1238 787 1298 constituimus
813 1232 1209 1290 observandum
1241 1229 1382 1301 quod
1405 1228 1579 1283 eccle-

73 1336 227 1391 siaslici
249 1347 466 1389 canones
496 1331 846 1386 decreverunt
873 1366 887 1390 ,
909 1334 963 1380 et
996 1323 1078 1378 lex
1104 1323 1347 1376 Romana
1369 1319 1572 1374 consti-

75 1429 239 1490 tuit,ut
270 1425 330 1478 ab
365 1421 609 1478 ecclesiae
646 1419 819 1483 atriis,
860 1415 944 1470 vel
986 1415 1143 1469 domo
1183 1411 1421 1480 episc0pi
1455 1424 1577 1464 reos

74 1516 325 1571 abstrahere
352 1513 570 1568 omnino
596 1525 701 1565 non
739 1509 920 1570 liceat,
953 1506 1045 1559 sed
1075 1518 1175 1558 nec
1204 1503 1356 1555 alteri
1399 1501 1578 1556 consi-

73 1598 206 1664 gnari,
227 1595 317 1649 nisi
347 1595 410 1647 ad
443 1590 729 1660 Evangelia
755 1588 892 1643 datis
913 1585 1267 1641 sacramentis
1289 1582 1354 1635 de
1383 1588 1574 1642 morte,

73 1698 110 1741 et
124 1686 442 1749 debilitate,et
456 1685 697 1737 omnium
721 1693 1001 1749 pwnarum
1021 1689 1216 1745 genere
1245 1675 1352 1728 sint
1378 1671 1576 1737 securi,

76 1778 126 1831 ita
145 1777 246 1830 utei
272 1775 352 1831 cui
387 1789 510 1829 reus
557 1771 718 1826 fuerit
756 1769 1084 1825 criminosus
1113 1767 1178 1821 de
1203 1763 1578 1820 satisfactione

76 1869 335 1933 conveniat;
361 1865 499 1935 quod
533 1866 576 1919 si
604 1877 699 1918 sua
727 1869 1064 1915 sacramenta
1097 1857 1376 1913 convictus
1413 1854 1578 1910 fuerit

75 1961 273 2022 violasse,
302 1973 417 2014 reus
453 1956 707 2028 perjurii,
746 1969 852 2008 non
897 1951 1069 2007 solum
1115 1964 1145 2003 a
1191 1947 1576 2003 communione

73 2050 278 2114 ecclesiae,
303 2049 380 2103 vel
407 2047 647 2103 omnium
672 2044 1017 2108 clericorum,
1044 2039 1398 2095 verumetiam
1423 2053 1454 2092 a
1480 2052 1574 2092 ca-

74 2138 332 2193 tholicorum
383 2135 634 2191 convivio
675 2140 976 2204 separetur.
1000 2129 1152 2197 Quod
1182 2130 1226 2184 si
1265 2129 1311 2184 is
1337 2128 1420 2184 cui
1452 2143 1576 2182 reus

73 2229 407 2294 est,noluerit,
439 2225 742 2282 intentione
793 2223 1023 2278 faciente
1052 2220 1335 2291 componi,
1371 2228 1422 2274 et
1466 2219 1578 2288 ipse

74 2335 171 2373 reus
187 2321 238 2373 de
254 2320 466 2375 ecclesia
497 2326 653 2372 actus
680 2317 873 2371 timore
897 2311 1224 2374 discesserit,
1249 2311 1318 2366 ab
1340 2309 1580 2365 ecclesia:

75 2411 242 2466 clericis
275 2427 366 2468 non
399 2419 641 2482 qumratu
649 2425 692 2464 r.

123 2501 176 2555 ll.
214 2503 276 2558 De
321 2504 626 2573 raptoribus
670 2513 850 2556 autem
891 2503 950 2554 id
979 2495 1413 2554 constituendum
1461 2510 1581 2551 esse

71 2591 340 2657 censuimus,
364 2602 421 2647 ut
447 2592 491 2648 si
515 2592 585 2647 ad
618 2589 900 2646 ecclesiam
924 2595 1108 2658 raptor
1126 2603 1247 2641 cum
1277 2593 1428 2654 rapta
1453 2600 1580 2641 con-

73 2678 243 2748 fugerit,
267 2691 315 2737 et
334 2681 590 2737 feminam
617 2681 785 2751 ipsam
812 2679 1122 2734 violentiam
1145 2676 1432 2746 pertulisse
1453 2691 1580 2732 con-

73 2771 253 2837 stiterit,
281 2774 452 2828 statim
502 2773 767 2826 liberetur
816 2772 883 2825 de
924 2777 1192 2838 potestate
1240 2769 1496 2838 raptoris,
1527 2775 1583 2821 et

74 2869 212 2928 raptor
230 2863 402 2917 mortis
429 2861 512 2917 vel
545 2875 827 2931 poenarum
861 2858 1177 2929 impunitate
1207 2871 1458 2912 concessa
1491 2866 1584 2912 aut

71 2953 286 3008 serviendi
310 2954 602 3008 conditioni
634 2951 908 3022 subjectus
945 2951 1037 3016 sit,
1063 2960 1154 3004 aut
1185 2949 1488 3004 redimendi
1521 2963 1581 3003 se

73 3040 245 3097 liberam
277 3044 464 3101 habeat
495 3045 828 3100 facultatem.
867 3043 924 3097 Si
953 3058 1079 3098 vero
1101 3057 1220 3112 quae
1256 3042 1465 3111 rapitur
1490 3056 1584 3110 pa-

71 3140 171 3186 trem
206 3135 388 3194 habere
428 3138 756 3200 constiterit,
789 3144 844 3190 et
867 3135 1043 3206 puella
1065 3134 1269 3204 raptori
1295 3148 1582 3190 consense-

71 3223 134 3285 rit,
161 3229 380 3295 potestati
427 3229 606 3299 patris
653 3236 913 3282 excusata
945 3225 1226 3290 reddatur,
1257 3234 1312 3280 et
1342 3234 1528 3294 raptor
1552 3239 1582 3278 a

69 3326 182 3383 patre
224 3321 474 3390 superiori
527 3319 852 3376 conditionis
907 3317 1268 3374 satisfactioni
1337 3323 1585 3372 teneatur

66 3408 294 3467 obnoxius.

116 3497 183 3551 lll.
209 3500 394 3557 Servus
415 3502 508 3573 qui
533 3502 600 3556 ad
631 3500 918 3555 ecclesiam
951 3498 1254 3569 confugerit
1278 3514 1376 3570 pro
1403 3499 1580 3569 quali-

65 3584 128 3640 bet
157 3587 308 3658 culpa,
342 3591 384 3645 si
412 3591 632 3646 domino
670 3603 767 3659 pro
807 3589 1042 3644 admissa
1072 3587 1227 3658 culpa
1270 3603 1581 3644 sacramen-

66 3682 148 3727 tum
168 3681 467 3751 susceperit,
495 3681 678 3736 statim
705 3681 773 3734 ad
797 3679 1078 3735 servitium
1108 3680 1308 3734 domini
1341 3680 1422 3735 sui
1451 3665 1583 3736 red-

63 3763 121 3817 ire
156 3777 373 3838 cogatur,
407 3780 463 3825 et
501 3780 688 3841 postea
712 3769 856 3839 quod
905 3768 1032 3824 dato
1077 3777 1416 3825 sacramento
1465 3769 1579 3841 98

62 3853 234 3913 domino
269 3858 427 3914 fuerit
468 3861 839 3929 consignatus,
876 3858 919 3912 si
951 3857 1153 3927 aliquid
1180 3871 1354 3927 paenae
1376 3873 1474 3928 pro
1494 3875 1585 3914 ea-

59 3942 151 3998 dem
167 3949 304 4020 culpa
320 3967 350 4006 a
363 3967 468 4023 qua
491 3958 788 4006 excusatur
809 3948 1065 4019 probatus
1095 3946 1256 4002 fuerit
1273 3949 1580 4018 pertulisse,

59 4048 134 4100 ρτο
160 4049 447 4113 contemptu
494 4042 782 4107 Ecclesiae,
816 4049 872 4095 et
917 4038 1366 4110 praevaricatione
1401 4039 1522 4094 ﬁdei
1554 4054 1583 4093 a

59 4131 408 4199 communione,
459 4141 515 4188 et
553 4133 802 4188 convivio
849 4130 1236 4186 catholicorum
1287 4138 1584 4185 extraneus

59 4211 297 4288 habeatur,
322 4222 368 4278 si
397 4238 530 4279 vero
554 4237 748 4278 servus
781 4236 880 4292 pro
921 4220 1078 4290 culpa
1113 4236 1208 4275 sua
1239 4220 1308 4275 ab
1334 4219 1577 4276 Ecclesia

61 4303 316 4366 defensatus
351 4321 688 4368 sacramenta
711 4311 920 4366 Domini
936 4310 1150 4365 clericis
1163 4310 1502 4380 exigentibus
1519 4311 1584 4367 de

60 4395 329 4467 impunitate
352 4405 680 4476 perceperit,
721 4403 873 4460 exire
908 4402 1179 4458 nolentem
1208 4418 1238 4456 a
1271 4402 1489 4457 domino
1511 4402 1548 4458 Ii

60 4501 152 4545 ceat
163 4499 418 4566 occupari.

111 4581 182 4635 IV.
215 4585 266 4641 Si
297 4589 414 4658 quis
440 4589 507 4643 ab
536 4602 786 4660 episcopo
810 4602 907 4642 suo
926 4626 941 4654 ,
987 4587 1072 4642 vel
1108 4590 1175 4640 de
1203 4586 1431 4640 ecclesia
1453 4625 1468 4650 ,
1499 4585 1584 4641 vel

62 4671 110 4726 de
130 4680 320 4748 proprio
353 4680 475 4751 jure
497 4680 785 4737 crediderit
812 4673 1013 4749 aliquid
1039 4679 1105 4734 ad
1137 4679 1511 4748 repetendum,
1539 4679 1581 4734 si

62 4763 160 4818 nihil
188 4771 388 4825 convitii
420 4781 512 4826 aut
553 4769 948 4828 criminationis
991 4769 1285 4840 obiecerit,
1331 4784 1453 4825 eum
1485 4786 1583 4841 pro

62 4854 144 4908 sola
169 4861 489 4916 contentione
536 4878 566 4917 a
591 4859 973 4918 communione
1013 4859 1254 4916 ecclesia:
1292 4876 1398 4916 non
1423 4861 1585 4917 liceat

61 4949 338 5007 submoveri.

1608 2097 1652 2154 Β

1609 3447 1656 3511 C

113 5057 163 5113 V.
199 5062 248 5118 Si
275 5080 456 5120 servus
483 5069 702 5126 absente
729 5063 816 5119 vel
858 5063 1126 5122 nesciente
1172 5065 1423 5133 domino,
1471 5068 1585 5136 epi-

60 5159 187 5218 scopo
222 5155 412 5209 sciente
443 5161 572 5225 quod
623 5167 824 5214 servus
873 5153 1124 5212 diaconus
1169 5164 1263 5209 aut
1291 5159 1581 5229 presbyter

62 5235 186 5293 fuerit
221 5245 512 5313 ordinatus,
557 5251 679 5322 ipso
729 5244 787 5299 in
831 5241 1112 5301 clericatus
1141 5244 1319 5301 otIicio
1367 5262 1582 5315 perma-

60 5340 200 5396 nente,
227 5337 493 5405 episcopus
532 5355 654 5396 eum
709 5332 931 5390 domino
980 5334 1175 5406 duplici
1209 5334 1582 5393 satisfactione

1749 770 1836 826 VI.
1881 769 1935 823 Si
1982 771 2226 835 diaconi,
2278 780 2370 826 aut
2410 776 2707 845 presbyteri
2769 777 2970 832 crimen
3021 781 3246 850 capitale

1680 862 2080 919 commiserint.
2129 861 2285 916 simul
2333 872 2387 917 et
2433 864 2500 918 ab
2537 865 2710 920 olIicio
2770 875 2823 921 et
2873 873 3248 927 communione

1678 951 1968 1019 pellantur.

1748 1041 1857 1097 VII.
1899 1043 1974 1097 De
2009 1044 2093 1099 his
2137 1046 2225 1114 qui
2273 1055 2519 1116 suscepta
2563 1047 2878 1116 poenitentia
2929 1051 3244 1122 religionem

1684 1144 1789 1187 sua:
1831 1133 2180 1202 professionis
2228 1136 2378 1192 obliti
2425 1138 2492 1191 ad
2561 1139 2836 1194 saecularia
2898 1142 3249 1210 relabuntur,

1677 1222 1876 1291 placuit
1896 1239 1990 1280 eos
2015 1234 2068 1280 et
2093 1242 2120 1280 a
2147 1228 2521 1284 communione
2542 1233 2814 1301 suspendi,
2843 1241 2895 1287 et
2921 1235 2988 1288 ab
3010 1237 3248 1289 omnium

1677 1311 2062 1368 catholicorum
2093 1316 2352 1371 conviviis
2383 1319 2658 1387 separari;
2691 1321 2830 1387 quod
2861 1322 2903 1375 si
2933 1331 3054 1392 post
3079 1324 3249 1377 inter-

1678 1401 1877 1457 dictum
1908 1420 2028 1459 cum
2053 1407 2132 1460 eis
2157 1409 2439 1478 quisquam
2469 1414 2871 1482 praesumpserit
2902 1416 3244 1480 manducare,

1677 1503 1730 1546 et
1760 1492 1874 1563 ipse
1909 1499 2288 1551 communione
2316 1499 2576 1567 privetur.

1748 1581 1878 1636 VIII.
1922 1583 1977 1638 Si
2009 1586 2262 1641 diaconus
2308 1588 2390 1642 vel
2420 1587 2700 1658 presbyter
2733 1605 2829 1658 pro
2881 1602 3032 1646 reatu
3064 1609 3161 1648 suo
3192 1609 3250 1649 se

1678 1671 1748 1726 ab
1790 1673 1978 1728 altaris
2024 1678 2399 1732 communione
2447 1679 2545 1733 sub
2578 1680 2889 1748 pmnilentis
2920 1683 3252 1750 professione

1678 1766 2069 1832 submoverint,
2111 1768 2190 1822 sic
2225 1784 2436 1838 quoque
2465 1770 2506 1824 si
2546 1770 2634 1824 alii
2664 1771 2960 1839 defuerint,
3011 1786 3062 1830 et
3087 1792 3247 1831 causa

1679 1868 1842 1912 certae
1873 1859 2210 1914 necessitatis
2255 1861 2518 1927 exoritur,
2564 1875 2874 1932 poscentem
2926 1867 3246 1934 baptismum

1677 1949 1837 2003 liceat
1861 1951 2151 2019 baptizare.

1749 2041 1841 2097 IX.
1883 2041 1939 2099 Si
1970 2059 2028 2098 se
2055 2044 2354 2116 cuicunque
2377 2047 2570 2101 mulier
2603 2048 2798 2119 duplici
2824 2045 3074 2122 cenjugio
3127 2068 3251 2123 pre-

1681 2133 1882 2204 sbyteri
1920 2135 2000 2189 vel
2029 2135 2239 2190 diaconi
2280 2137 2467 2191 relicta
2493 2139 2863 2209 conjunxerit,
2891 2152 2983 2196 aut
3010 2143 3251 2214 castigati

1681 2236 2020 2294 separentur,
2049 2237 2139 2280 aut
2164 2235 2313 2282 certe
2341 2229 2384 2282 si
2415 2229 2467 2282 in
2498 2230 2784 2284 criminum
2810 2231 3104 2289 intentione
3130 2250 3253 2304 per-

1681 2319 1919 2373 stiterint
1944 2319 2060 2389 pari
2092 2321 2650 2377 excommunicatione
2677 2323 3000 2392 plectantur.

1752 2405 1822 2463 X.
1875 2408 2140 2478 Antiquos
2187 2425 2420 2466 canones
2471 2411 2768 2482 relegentes
2815 2413 2995 2483 priora
3042 2423 3240 2468 statuta

1681 2498 1950 2551 credimus
1983 2500 2286 2554 renovanda
2310 2540 2325 2565 ,
2371 2509 2431 2555 ut
2459 2501 2523 2556 de
2552 2501 2634 2556 his
2663 2517 2780 2570 quae
2810 2502 2860 2556 in
2888 2503 3080 2558 altario
3106 2506 3254 2559 obla-

1683 2586 1830 2640 tione
1860 2586 1980 2641 fidei
2030 2587 2402 2655 conferuntur,
2452 2590 2796 2645 medietatem
2827 2593 3107 2662 episcopus
3153 2595 3252 2648 sibi

1683 2677 1934 2742 vindicet,
1966 2686 2020 2732 et
2064 2679 2406 2734 medietatem
2447 2680 2548 2734 sibi
2594 2681 3004 2751 dispensandam
3061 2699 3252 2739 secun-

1683 2766 1808 2821 dum
1839 2768 2037 2837 gradus
2079 2769 2256 2824 clerus
2301 2770 2550 2841 accipiat,
2602 2780 2707 2825 tam
2755 2772 2821 2827 de
2851 2774 3065 2843 praediis
3090 2791 3251 2844 quam

1685 2858 1750 2913 de
1802 2859 1949 2912 omni
2001 2861 2381 2916 commoditate
2443 2861 2496 2916 in
2559 2863 2930 2934 episcoporum
2989 2875 3255 2936 potestate

1685 2949 2022 3005 durantibus.

1755 3040 1844 3096 XI.
1879 3043 1956 3098 De
1984 3043 2070 3097 his
2096 3059 2214 3113 qua:
2237 3045 2508 3114 parocbiis
2533 3046 2586 3100 in
2619 3047 2805 3111 terris,
2853 3049 3052 3113 vineis,
3101 3066 3253 3104 man-

1685 3131 1859 3202 cipiis,
1916 3141 2078 3204 atque
2125 3135 2348 3204 peculiis
2379 3137 2683 3208 quicunque
2730 3138 2914 3194 ﬁdeles
2969 3141 3260 3196 obtulerint

1686 3225 2032 3294 antiquorum
2064 3242 2329 3282 canonum
2359 3237 2559 3283 statuta
2589 3239 2840 3297 servent,
2891 3239 2945 3284 et
2992 3233 3172 3286 omnia
3203 3233 3255 3286 in

1685 3316 1920 3386 episcopi
1951 3326 2216 3387 potestate
2248 3318 2565 3383 consistant,
2609 3318 2675 3373 de
2703 3319 2788 3375 bis
2831 3329 3008 3375 tamen
3039 3337 3158 3390 quae
3201 3323 3253 3375 in

1686 3406 1878 3462 altario
1904 3407 2268 3475 accesserint,
2317 3410 2473 3464 tertia
2521 3409 2751 3465 ﬁdeliter
2798 3411 3066 3482 episcOpis
3113 3411 3258 3466 defe~

1688 3505 1856 3550 ratur.

1757 3586 1868 3641 XII.
1913 3587 2207 3658 Episcopus
2230 3589 2575 3660 pauperibus,
2601 3590 2684 3644 vel
2715 3589 2962 3658 infirmis,
2995 3591 3085 3661 qui
3113 3592 3256 3647 debi-

1687 3679 1840 3734 litate
1877 3679 2108 3736 faciente
2154 3695 2260 3735 non
2295 3690 2520 3751 possunt
2547 3681 2660 3737 suis
2703 3683 2949 3738 manibus
2978 3683 3255 3750 laborare,

1689 3770 1887 3823 victum
1921 3777 1976 3825 et
2006 3770 2386 3825 vestimentum
2428 3771 2482 3825 in
2511 3779 2769 3841 quantum
2805 3771 3134 3841 possibilitas
3158 3773 3256 3827 ha-

1685 3861 1878 3928 buerit,
1911 3862 2185 3934 largiatur.

1757 3950 1890 4004 XIII.
1929 3950 2127 4006 Omnes
2175 3951 2411 4007 basilicae
2438 3967 2558 4024 qua
2600 3968 2696 4024 per
2742 3954 2953 4010 diversa
2981 3945 3099 4011 loca
3128 3971 3260 4012 con-

1687 4050 1906 4095 structa:
1934 4049 2058 4094 sunt
2095 4039 2176 4095 vel
2222 4042 2463 4111 quotidie
2493 4053 2880 4098 construuntur
2908 4043 3131 4114 placuit,
3175 4059 3262 4099 se-

1687 4131 1920 4185 cundum
1949 4130 2188 4199 priorum
2235 4147 2500 4187 canonum
2547 4134 2807 4202 regulam,
2859 4143 2920 4188 ut
2961 4135 3014 4189 in
3041 4136 3120 4190 eis
3148 4135 3263 4205 epi-

1688 4221 1836 4290 sc0pi
1883 4221 2156 4277 territorio
2183 4222 2236 4276 in
2265 4220 2420 4291 cujus
2443 4223 2629 4292 posita:
2656 4232 2810 4290 sunt,
2842 4232 3109 4294 potestate
3135 4239 3258 4280 con-

1686 4311 1900 4367 sistant.

1756 4402 1898 4459 XIV.
1938 4403 2016 4459 Ne
2044 4411 2317 4474 superstes
2359 4406 2528 4458 frater
2577 4414 2752 4458 torum
2804 4404 3040 4459 defuncti
3081 4402 3263 4456 fratris

1687 4495 1962 4561 ascendat,
1996 4511 2095 4551 nec
2125 4510 2183 4550 se
2211 4497 2440 4566 quisque
2469 4497 2680 4550 amissa:
2726 4497 2911 4550 uxoris
2957 4495 3130 4550 sorori
3169 4508 3262 4546 au-

1688 4589 1813 4642 deat
1841 4588 2070 4654 sociare,
2100 4587 2242 4657 quod
2276 4588 2364 4658 qui
2394 4585 2637 4649 fecerint,
2673 4585 3031 4642 ecclesiastica
3078 4583 3262 4640 distri-

1690 4677 1870 4732 ctione
1903 4676 2188 4732 feriantur.

1613 4798 1662 4858 υ
1758 4771 1873 4827 XV.
1913 4773 2151 4829 Abbates
2182 4789 2281 4843 pro
2330 4771 2633 4827 humilitate
2663 4769 2941 4858 religionis
2974 4771 3028 4826 in
3065 4769 3269 4840 cpisco-

1689 4878 1876 4933 porum
1907 4872 2173 4932 potestate
2199 4864 2517 4928 consistant,
2543 4870 2598 4916 et
2627 4861 2670 4916 si
2700 4857 2826 4928 quid
2852 4871 3008 4916 extra
3034 4858 3270 4929 regulam

1691 4955 1915 5012 fecerint
1941 4958 2008 5012 ab
2037 4956 2304 5028 episcopis
2331 4953 2697 5023 corrigantur,
2734 4949 2825 5019 qui
2853 4955 3024 5012 semel
3056 4957 3106 5010 in
3138 4963 3279 5006 anno

1697 5054 1901 5111 inloco
1949 5049 2040 5104 ubi
2089 5047 2373 5117 episcopus
2415 5041 2672 5112 elegerit,
2723 5052 2952 5111 accepta
2999 5041 3282 5101 vocatione

1687 5142 2042 5205 conveniant,
2093 5134 2342 5192 monachi
2389 5140 2573 5186 autem
2626 5130 2919 5188 abbatibus
2971 5135 3115 5192 omni
3155 5129 3284 5184 obe-

1691 5235 1892 5291 dientia
1925 5239 1980 5286 et
2033 5227 2318 5284 devotione
2364 5221 2701 5289 subiaceant.
2737 5219 2894 5285 Quod
2933 5227 2979 5281 si
3026 5226 3145 5296 quis
3189 5227 3287 5285 per

1690 5323 2084 5384 contumaciam
2130 5313 2398 5373 exstiterit
2445 5313 2766 5376 indevotus,
2809 5321 2906 5366 aut
2955 5333 3054 5388 per
3107 5311 3288 5376 aliqua

2354 5419 2436 5428 .--ι-
2467 5406 2631 5428 -l:___-
2657 5408 2670 5428 ι
2699 5404 2898 5428 ι-..ι.,...-
2932 5424 2956 5428 _
2989 5426 2992 5428 _
3026 5409 3292 5428 --η-...πεο-
