3910 6448
152 391 174 441 νί
188 388 244 442 13
1367 377 1851 435 DECRETALIUM
1881 377 2279 435 COLLEC'I'IO.

3269 384 3372 440 4M

210 496 292 552 3t.
325 490 399 548 De
423 489 850 548 adolescentibus
875 503 968 561 qui
989 496 1112 560 post
1140 487 1414 543 lavacrum
1441 487 1695 542 mmchati
1726 493 1774 548 Α
1869 486 1957 541 55.
1998 486 2075 542 De
2104 487 2502 558 magistratibus
2523 497 2576 544 et
2597 489 3015 545 dominantibus.

149 593 280 640 sunt.

1868 577 1953 631 56.
1997 578 2070 631 De
2091 578 2173 632 his
2198 579 2287 646 qui
2320 580 2636 634 vestimenta
2678 582 2745 635 ad
2785 582 3080 636 ornandam
3119 596 3371 652 pompam

208 677 290 731 δί.
330 675 404 736 De
429 673 900 730 excommunitatis
925 671 1280 743 presbyteris,
1335 680 1393 726 ut
1422 672 1479 725 in
1511 686 1700 726 neces—
1799 668 2064 723 dederint.

148 771 289 824 sitate
316 767 748 822 communionem
775 766 922 821 dent.

206 858 286 912 35.
326 859 400 912 De
445 855 716 927 episc0pis
763 863 818 911 et
864 854 1164 920 ministris,
1213 862 1273 909 ut
1320 853 1389 909 ab
1439 852 1698 908 uxoribus

149 951 453 1005 abstineant.
467 948 489 970 ⁴

204 1041 284 1095 δι.
302 1039 396 1094 'Ne
422 1040 570 1095 cerei
609 1039 935 1095 coemeteriis
961 1040 1335 1094 incendantur.

203 1133 283 1186 55.
323 1131 397 1187 Ne
427 1132 644 1186 femina:
671 1148 724 1187 in
756 1132 1085 1188 cmmeteriis
1113 1132 1449 1203 pervigilant.

204 1223 285 1278 36.
325 1222 400 1279 Ne
428 1224 656 1294 picturae
682 1225 736 1279 in
767 1224 1015 1280 ecclesiae
1043 1226 1199 1280 fiant.

205 1319 282 1372 37.
324 1319 398 1374 De
424 1318 812 1390 energumenis
842 1318 1201 1390 baptizandis.

202 1408 282 1464 38.
322 1409 390 1465 Ut
422 1410 475 1464 in
508 1411 861 1476 necessitate,
898 1419 953 1466 et
984 1409 1168 1466 ﬁdeles
1196 1410 1495 1480 baptizent.

204 1498 282 1553 59.
323 1498 398 1553 Ne
429 1499 498 1554 de
522 1501 626 1555 hoc
650 1501 793 1570 quod
822 1501 1228 1556 idololatratum
1259 1508 1342 1555 est
1360 1541 1374 1564 ,
1407 1499 1591 1555 ﬁdeles
1611 1513 1698 1554 ac-

148 1589 342 1657 ripiant.

203 1681 280 1736 ιο.
319 1681 388 1738 Ut
414 1683 741 1753 prohibeant
767 1683 971 1738 domini
1005 1682 1144 1739 idola
1177 1683 1358 1738 colere
1398 1683 1589 1737 servis.

201 1769 281 1824 41.
319 1770 392 1826 De
421 1772 508 1827 his
553 1773 648 1844 qui
696 1773 764 1827 ad
794 1772 954 1828 ﬁdem
994 1773 1252 1840 veniunt,
1298 1773 1567 1844 quomodo
1601 1773 1695 1828 ba-

149 1859 403 1929 ptizentur.

203 1929 279 1984 ΑΞ.
316 1931 388 1986 De
414 1931 787 1988 celebratione
816 1932 1191 1990 Pentecostes.

203 2019 280 2074 43.
313 2019 387 2075 De
407 2021 793 2077 meretricibus
821 2025 1047 2095 paganis
1077 2025 1122 2080 si
1151 2033 1561 2081 convertuntur.

203 2110 279 2164 44.
337 2113 412 2167 De
453 2114 867 2171 catechumenis
918 2115 1010 2186 qui
1069 2115 1358 2171 ecclesiam
1415 2131 1522 2172 non
1585 2117 1693 2173 fre-

151 2209 394 2269 quenlant.

205 2297 283 2352 45.
319 2297 392 2352 De
424 2297 680 2356 ﬁdelibus
707 2300 755 2355 si
785 2301 1214 2372 apostataverint
1239 2302 1474 2372 quandiu
1516 2301 1689 2371 paeni—

151 2395 290 2440 teant.

205 2479 281 2533 46.
321 2479 393 2535 De
415 2495 480 2536 eo
500 2482 595 2553 qui
618 2497 839 2538 uxorem
864 2483 1051 2549 habet,
1075 2483 1121 2539 si
1150 2484 1344 2554 smpius
1369 2483 1689 2539 mmcbatur.

206 2569 302 2641 99
326 2571 413 2628 47.
443 2573 524 2628 De
552 2573 889 2644 baptizandis
910 2582 971 2629 ut
1001 2575 1134 2629 nihil
1162 2575 1428 2646 accipiant
1451 2575 1656 2630 clerici.

209 2661 285 2717 48.
321 2663 396 2720 De
443 2664 695 2734 frugibus
740 2666 975 2722 ﬁdelium
1002 2707 1017 2730 ,
1072 2681 1140 2723 ne
1184 2683 1214 2721 a
1273 2667 1472 2724 Judaeis
1523 2667 1690 2723 bene-

155 2759 331 2806 cantur.

208 2838 284 2896 l9.
311 2841 380 2897 De
399 2843 728 2902 Christianis
753 2849 842 2917 qui
876 2863 996 2902 cum
1018 2847 1218 2904 Iudaeis
1242 2860 1551 2905 vescuntur.

210 2928 285 2982 50.
315 2931 385 2987 De
408 2934 683 2992 hrereticis
703 2946 762 2992 ut
785 2941 850 2992 ad
878 2938 1080 2994 clerum
1109 2955 1212 2995 non
1256 2953 1686 3011 promoveantur.

212 3019 286 3075 5i.
320 3022 392 3080 De
426 3026 517 3082 his
557 3028 647 3099 qui
694 3029 749 3084 in
791 3030 1019 3086 ecclesia
1063 3031 1270 3087 libellos
1311 3032 1545 3088 famosos
1591 3049 1688 3103 po-

157 3122 279 3166 nunt.

211 3201 286 3256 52.
323 3206 392 3263 De
420 3210 690 3280 episcopis
731 3211 820 3280 qui
858 3213 1322 3267 excommunicato
1347 3213 1521 3268 alieno
1546 3228 1692 3267 com-

157 3293 415 3352 municant.

211 3383 283 3439 53.
323 3389 392 3444 De
429 3392 749 3459 parentibus
783 3393 872 3463 qui
908 3393 1064 3449 fidem
1113 3394 1501 3462 sponsaliorum
1541 3393 1691 3448 fran-

157 3488 278 3542 gum.

209 3567 284 3622 54.
324 3571 392 3625 De
413 3575 786 3632 sacerdotibus
818 3577 1091 3648 gentilium
1124 3579 1212 3646 qui
1249 3576 1357 3645 jam
1389 3593 1494 3631 non
1528 3576 1691 3631 sacri-

157 3653 306 3714 fleam.

1869 761 1955 814 57.
1999 761 2075 815 De
2107 762 2192 816 IIIS
2237 763 2326 832 qui
2357 765 2866 820 communicatorias
2901 765 3107 822 litteras
3133 778 3369 838 portant.

1869 852 1955 907 58.
1984 853 2059 908 De
2105 853 2353 909 ﬁdelibus
2402 872 2470 911 ne
2509 858 2576 911 ad
2621 857 2940 928 Capitolium
2970 875 3133 915 causa
3161 859 3372 916 sacriﬁ-

1797 944 1950 998 candi
1975 945 2284 999 ascendant.

1868 1036 1956 1089 59.
1999 1036 2074 1092 De
2103 1037 2186 1090 his
2223 1038 2312 1106 qui
2340 1038 2681 1094 destruentes
2703 1039 2840 1094 idola
2870 1040 3198 1096 occiduntur.

1868 1125 1956 1180 60.
2000 1127 2074 1180 De
2105 1127 2186 1182 his
2217 1128 2308 1197 qui
2341 1129 2547 1184 duabus
2574 1131 2850 1186 sororibus
2875 1131 3217 1201 copulantur.

1868 1219 1955 1272 6i.
1997 1219 2070 1273 De
2101 1220 2392 1290 auguribus
2432 1229 2486 1276 et
2515 1223 2861 1291 pantomimis
2892 1223 2936 1276 si
2959 1231 3364 1278 convertantur.

1869 1310 1955 1365 62.
1997 1312 2073 1365 De
2097 1313 2354 1366 uxoribus
2381 1328 2498 1382 quae
2525 1312 2660 1368 ﬁlios
2682 1314 2747 1368 de
2765 1314 3024 1369 adulteris
3045 1327 3258 1369 necant.

1867 1401 1953 1455 65.
1995 1401 2071 1456 De
2098 1401 2314 1458 feminis
2339 1420 2457 1474 quae
2482 1420 2650 1475 usque
2677 1406 2744 1461 ad
2771 1415 3000 1461 mortem
3031 1421 3152 1462 cum
3178 1406 3369 1462 alienis

1797 1489 1928 1543 viris
1961 1489 2353 1545 adulterantur.

1867 1579 1956 1635 64.
1990 1583 2064 1637 De
2091 1582 2348 1639 adulteris
2375 1584 2632 1642 uxoribus
2657 1586 3000 1642 clericorum.

1867 1671 1956 1726 65.
2000 1673 2074 1728 De
2103 1674 2189 1728 bis
2213 1676 2303 1744 qui
2330 1677 2602 1748 privignas
2629 1693 2755 1733 suas
2777 1679 3000 1732 ducunt.

1868 1763 1955 1820 66.
1996 1765 2070 1820 De
2097 1765 2344 1837 coniugio
2370 1771 2770 1825 cate'ebumenae
2793 1770 3024 1825 feminae.

1723 1833 1774 1893 Β
1868 1851 1957 1908 67.
1999 1854 2074 1909 De
2096 1833 2478 1912 catechumena
2503 1859 2743 1914 adultera
2772 1875 2892 1930 quae
2914 1860 3080 1915 ﬁlium
3107 1869 3278 1915 necat.

1866 1944 1954 2001 68.
1997 1945 2074 2002 De
2133 1947 2263 2003 viris
2321 1948 2619 2021 conjugatis
2683 1959 2865 2022 postea
2931 1951 2986 2006 in
3047 1950 3366 2006 adulterium

1797 2035 1983 2106 lapsis.

1867 2128 1956 2184 69.
1997 2128 2072 2183 De
2095 2127 2309 2185 feminis
2329 2145 2448 2200 qua:
2471 2132 2704 2187 consciis
2725 2132 2934 2189 maritis
2971 2133 3361 2189 adulterantur.

1861 2217 1952 2272 70.
1993 2217 2070 2273 De
2097 2219 2493 2288 stupratoribus
2522 2235 2828 2290 puerorum.

1863 2310 1952 2364 7l.
1992 2311 2068 2365 De
2093 2309 2271 2366 viduis
2292 2312 2518 2367 moechis
2540 2314 2584 2368 si
2611 2316 2858 2370 eumdem
2896 2324 3083 2384 postea
3113 2318 3363 2373 maritum

1795 2401 2066 2456 duxerint.

1863 2493 1952 2547 72.
1995 2494 2071 2548 De
2099 2493 2445 2550 delatoribus.

1865 2583 1953 2637 75.
1994 2584 2070 2637 De
2099 2583 2248 2639 falsis
2276 2585 2526 2640 testibus.

1864 2671 1952 2725 74.
1994 2671 2069 2728 De
2113 2673 2199 2728 bis
2248 2673 2339 2743 qui
2393 2675 2701 2731 sacerdotes
2753 2687 3029 2742 accusant,
3091 2693 3188 2734 nec
3240 2696 3363 2750 pro-

1863 2763 1950 2817 75.
1994 2762 2068 2818 De
2093 2763 2404 2820 diaconibus
2428 2764 2472 2819 si
2501 2773 2624 2820 ante
2666 2766 2926 2822 honorem
2953 2781 3204 2838 peccasse
3235 2784 3361 2839 pro-

1793 2853 1946 2906 bant.

1792 2943 2009 2999 bentur.

1864 3035 1951 3090 76.
1993 3037 2067 3091 De
2131 3038 2417 3109 baptizatis
2466 3041 2558 3110 qui
2611 3043 2848 3098 nondum
2895 3041 3197 3098 conﬁrmati
3252 3058 3365 3099 mo-

1794 3126 2024 3180 riunlur.
2884 3125 2888 3128 ’

1867 3217 1956 3270 77.
1996 3217 2071 3273 De
2121 3217 2371 3276 fidelibus
2418 3223 2718 3293 conJugatis
2767 3222 2811 3278 si
2860 3237 2981 3277 cmn
3032 3221 3212 3276 Judma
3278 3219 3364 3277 vel

1795 3308 1978 3378 gentili
2010 3311 2262 3364 mtecbati
2289 3312 2417 3366 sint.

1866 3398 1953 3452 78.
1994 3399 2069 3452 De
2092 3399 2176 3454 his
2200 3402 2290 3469 qui
2320 3401 2495 3456 tabula
2520 3403 2726 3458 ludunt.

1865 3487 1954 3541 79.
1997 3488 2072 3542 De
2097 3489 2325 3545 libertis.

1865 3579 1953 3635 80.
1995 3580 2071 3636 De
2094 3581 2413 3638 feminarum
2434 3584 2693 3654 epistolis.

687 3880 1144 3969 INCIPIT
1212 3881 1875 3973 CONCILIUM
1967 3885 2802 4014 ELIBERTINUM

861 4052 1069 4111 Decem
1106 4059 1160 4111 et
1181 4070 1393 4112 novem
1425 4068 1856 4130 episcoporum
1880 4098 1896 4128 ,
1934 4071 2208 4131 tempore
2237 4055 2656 4117 Constantini.

214 4192 327 4249 Cum
353 4199 728 4254 convenissent
773 4199 942 4253 sancti
981 4207 1035 4252 et
1083 4199 1316 4270 religiosi
1359 4199 1592 4270 episcopi
1637 4201 1689 4254 in

159 4283 350 4340 ecclesia
374 4288 667 4345 Elibertina
689 4330 703 4352 ,
741 4289 843 4342 hoc
879 4299 988 4354 est,
1017 4288 1162 4342 Felix
1204 4289 1486 4360 episcopus
1524 4290 1694 4360 Aqui-

160 4377 326 4439 tanus,
368 4376 627 4433 Conscius
675 4378 957 4447 episc0pns
1017 4376 1414 4444 Cordubensis,
1465 4378 1694 4434 Savinus

159 4460 402 4533 episcopus
425 4466 719 4537 Spalensis,
743 4468 1056 4523 Camerinus
1077 4469 1359 4539 episcopus
1382 4468 1691 4536 Tacitanus,

160 4546 374 4622 Sinagius
394 4559 677 4628 episcopus
702 4557 1008 4628 Pegrensis,
1040 4559 1377 4615 Secundinus
1409 4561 1693 4631 episcopus

158 4633 440 4713 Catalensis,
464 4647 694 4702 Pardins
717 4648 999 4718 episc0pns
1019 4647 1379 4711 Mentasanus,
1407 4649 1694 4706 Flavianus

158 4729 405 4803 eDiscepus
464 4738 833 4806 Elibertinus,
887 4739 1121 4795 Catonus
1171 4742 1454 4812 episcopus
1514 4742 1692 4798 Corsi-

161 4823 330 4889 tanus,
379 4827 625 4884 Liberius
683 4830 966 4900 episcopus
1022 4831 1398 4896 Emeritanus,
1454 4831 1694 4889 Valerius

161 4909 408 4983 episeOpus
450 4918 958 4990 Cmsaraugustanus
989 4961 1003 4984 ,
1057 4921 1348 4976 Decentius
1409 4921 1693 4992 cpiscopus

164 4994 492 5076 Legionensis,
525 5010 807 5066 Melantius
833 5013 1117 5082 episcopus
1143 5013 1462 5079 Toletanus,
1489 5012 1690 5069 Janua-

165 5088 254 5144 rius
292 5099 564 5172 episcopus
607 5105 673 5157 de
720 5103 946 5158 Siblaria
974 5143 991 5170 ,
1042 5105 1357 5160 Vincentius
1413 5106 1693 5175 episcopus

165 5175 514 5255 Ossolobensis,
545 5193 867 5260 Quintianus
893 5195 1172 5265 episcopus
1204 5195 1532 5261 Elborensis,
1559 5194 1693 5248 Suc-

168 5283 321 5330 cessus
352 5285 626 5355 episc0pns
649 5287 714 5340 de
748 5286 1016 5350 Elicroca,
1059 5286 1373 5341 Eulicianus
1410 5286 1694 5356 cpiscopus

167 5359 467 5443 Bastilanus,
508 5377 772 5434 Patricius
816 5378 1098 5447 episcopus
1127 5377 1514 5443 Malacitanus,
1555 5380 1690 5432 resi-

171 5452 381 5520 dentibus
411 5470 570 5525 etiam
619 5469 835 5540 triginta
887 5485 980 5524 sex
1021 5470 1347 5540 presbyteris
1392 5469 1692 5525 astantibus

173 5544 441 5614 diaconibus
461 5602 474 5626 ,
503 5572 556 5616 et
594 5560 741 5616 omni
783 5560 935 5632 plebe
957 5601 972 5628 ,
1001 5561 1239 5616 universi
1280 5561 1515 5632 episcopi
1544 5561 1693 5616 dixe-

173 5648 292 5695 I’lll’ll.

229 5732 336 5787 (Tun
369 5739 404 5792 1.
430 5742 633 5800 Placuit
661 5753 716 5799 ut
749 5748 1052 5814 quicunque
1079 5752 1201 5815 post
1244 5743 1400 5799 fidem
1439 5743 1688 5814 baptismi

1794 4197 2068 4264 salutaris,
2083 4199 2260 4252 adulta
2273 4208 2429 4255 aetate
2441 4201 2505 4253 ad
2524 4196 2775 4270 templum
2793 4196 2916 4254 idoli
2931 4196 3365 4254 idololatraturus

1793 4289 2100 4355 accesserit,
2127 4297 2180 4344 et
2215 4289 2402 4344 fecerit
2433 4291 2572 4360 quod
2615 4299 2698 4344 est
2737 4290 2964 4356 crimen,
2998 4305 3097 4345 nec
3119 4290 3170 4344 in
3203 4292 3363 4344 tinem

1793 4395 1914 4436 eum
1945 4380 2012 4433 ad
2039 4380 2468 4450 communionem
2501 4381 2794 4449 suscipere.

1862 4471 1924 4525 Il.
1958 4470 2230 4525 Flamines
2281 4471 2374 4538 qui
2417 4479 2536 4539 post
2585 4470 2742 4526 ﬁdem
2777 4469 2974 4524 lavacri
3000 4477 3056 4524 et
3081 4482 3366 4538 regenera-

1792 4563 1954 4618 tionis
1980 4561 2422 4625 sacriﬁcavcrint,
2459 4575 2525 4615 eo
2553 4562 2694 4630 quod
2725 4562 3117 4631 gen'iinaverint
3161 4560 3360 4614 scelera

1791 4653 2078 4708 accedente
2117 4653 2408 4708 homicidio
2432 4692 2447 4718 ,
2483 4651 2566 4707 vel
2599 4653 2988 4722 triplicaverint
3027 4651 3234 4706 facinus
3272 4664 3364 4703 co-

1791 4742 2028 4797 bazrente
2057 4743 2287 4797 mmcliia
2312 4783 2326 4807 ,
2354 4742 2557 4812 placuit
2589 4757 2682 4797 eos
2711 4757 2811 4798 nec
2847 4743 2899 4796 in
2931 4742 3093 4796 ﬁnem
3118 4741 3362 4809 accipere

1791 4835 2242 4889 communionem.

1861 4924 1944 4980 Ill.
1986 4925 2118 4980 Item
2168 4923 2415 4978 flamines
2476 4923 2566 4993 qui
2611 4937 2717 4977 non
2766 4919 3219 4983 immolaverunt,
3268 4919 3364 4972 sed

1793 5032 1986 5070 munus
2036 5025 2242 5071 tantum
2298 5017 2582 5080 dederunt,
2636 5029 2701 5070 eo
2745 5013 2887 5084 quod
2934 5027 2993 5066 se
3052 5027 3082 5065 a
3135 5010 3364 5066 funestis

1792 5108 2167 5161 abstinuerunt
2190 5104 2737 5173 sacriﬁciis,placuit
2779 5103 2831 5156 in
2886 5101 3046 5155 linem
3096 5102 3175 5156 eis
3225 5116 3362 5170 prmo

1792 5210 1934 5255 stare
1955 5201 2406 5263 communionem,
2432 5207 2548 5251 acta
2574 5206 2746 5250 tamen
2769 5194 3002 5264 legitima
3023 5193 3360 5264 poenitentia.

1791 5292 1921 5345 Item
1970 5291 2068 5361 ipsi
2127 5291 2171 5345 si
2217 5298 2338 5360 post
2386 5289 2758 5358 paenitentiam
2820 5287 3020 5342 fuerint
3064 5285 3317 5341 mmchati
3345 5324 3361 5348 ,

1791 5382 1990 5454 placuit
2015 5381 2238 5435 ulterius
2263 5380 2341 5434 eis
2372 5395 2477 5433 non
2510 5393 2630 5432 esse
2655 5377 2882 5432 dandam
2909 5378 3360 5437 communionem,

1797 5489 1865 5526 ne
1900 5471 2091 5525 lusisse
2130 5470 2194 5523 de
2222 5468 2498 5522 Dominiea
2529 5468 2909 5522 communione
2942 5467 3242 5521 videantur.

1871 5561 1960 5617 IV.
1990 5561 2120 5616 Item
2169 5559 2413 5614 flamines
2451 5559 2493 5613 si
2528 5559 2730 5613 fuerint
2767 5557 3162 5621 catechumeni,
3193 5563 3247 5606 et
3305 5568 3363 5606 se

1798 5673 1826 5711 n
1881 5653 2158 5710 sacriﬁciis
2202 5652 2616 5718 abstinuerunt,
2667 5660 2787 5721 post
2842 5647 3059 5703 triennii
3122 5655 3361 5714 tempora

1801 5747 2002 5816 placuit
2025 5744 2090 5798 ad
2112 5743 2434 5812 baptismum
2467 5743 2675 5798 admitti
2704 5743 2916 5796 debere.
