3910 6444
586 395 692 452 415

1434 393 1720 448 ΑΡΡΕΜ).
1761 391 1853 448 AD
1885 389 2058 447 SIEC.
2093 389 2157 446 IX

2259 415 2300 432 -
2331 386 2580 446 ISIDORI
2619 388 3059 446 MERCATORIS
3699 404 3776 460 W5

656 508 718 562 V.
756 508 813 564 Si
853 523 958 579 qua
988 507 1209 573 femina,
1242 506 1423 561 furore
1473 507 1572 560 zeli
1621 521 1843 560 accensa
1867 545 1880 569 ,
1932 503 2152 574 flagellis
2177 509 2226 579 Α
2255 517 2430 572 neque
2475 502 2743 558 bmreticis
2786 503 2917 559 dare
2957 503 3178 574 placuit,
3210 517 3278 559 eo
3320 506 3460 574 quod
3487 509 3617 564 nulla
3643 518 3776 582 possit

583 598 952 654 verberaverit
985 597 1233 652 ancillam
1282 613 1466 661 suam,
1517 597 1591 649 ita
1638 604 1697 649 ut
1745 596 1884 648 intra
1933 593 2150 649 tertium

583 693 724 748 diem
754 689 988 744 animam
1015 702 1135 742 cum
1162 689 1404 742 cruciatu
1433 684 1686 747 effundat,
1717 700 1781 738 eo
1812 684 1953 752 quod
1981 684 2155 736 incer-

585 791 695 836 tum
722 780 810 842 sit,
844 778 1149 841 voluntate,
1190 792 1254 830 an
1297 791 1424 830 casu
1459 775 1742 837 occiderit,
1776 773 1818 826 si
1847 772 2150 835 voluntate,

582 879 703 942 post
725 877 926 940 septem
956 882 1164 932 annos;
1203 867 1246 920 si
1282 880 1444 929 casu,
1476 880 1573 934 per
1617 863 1852 932 quinque
1890 873 2152 915 annorum

583 970 842 1030 tempora,
869 968 988 1013 acta
1015 958 1252 1028 legitima
1273 955 1610 1025 pmnitentia,
1636 954 1700 1008 ad
1725 952 2152 1009 communionem

581 1054 780 1125 placuit
821 1052 1064 1118 admitti;
1109 1053 1249 1121 quod
1299 1051 1342 1106 si
1397 1052 1534 1104 intra
1586 1058 1824 1119 tempora
1865 1049 2151 1103 constituta

583 1145 742 1198 fuerit
766 1143 1037 1197 inﬁrmata
1055 1183 1070 1206 ,
1101 1141 1330 1211 accipiat
1359 1141 1810 1194 communionem.

651 1233 738 1286 VI.
773 1233 828 1287 Si
860 1233 982 1302 quis
1008 1247 1137 1285 vero
1166 1231 1428 1285 maleﬁcio
1464 1229 1752 1284 interﬁciat
1789 1228 2018 1282 alterum
2042 1269 2056 1293 ,
2089 1242 2154 1282 eo

581 1325 723 1396 quod
746 1327 862 1379 sine
887 1323 1182 1378 idololatria
1207 1321 1464 1391 perﬁcere
1492 1320 1664 1374 scelus
1696 1336 1798 1373 non
1835 1319 2026 1387 potuit,
2056 1333 2156 1372 nec

582 1415 634 1468 in
666 1415 823 1468 Iineru
855 1413 1265 1483 impartiendam
1289 1426 1407 1465 esse
1431 1411 1501 1464 illi
1525 1410 1977 1465 communionem.

659 1503 763 1557 VII.
814 1503 871 1556 Si
922 1503 1042 1572 quis
1096 1501 1232 1556 forte
1271 1501 1442 1555 fidelis
1486 1509 1602 1569 post
1656 1499 1863 1568 lapsum
1911 1497 2157 1553 mtechiaa

582 1602 703 1664 post
764 1603 1004 1662 tempora
1069 1592 1358 1646 constituta
1425 1600 1543 1644 acta
1607 1588 1926 1659 pwnitentia
1983 1588 2158 1643 denuo

584 1683 745 1738 fuerit
769 1683 1085 1748 fornicatus,
1126 1681 1324 1750 placuit
1362 1696 1482 1734 eum
1530 1694 1630 1733 nec
1662 1679 1715 1733 in
1757 1679 1914 1732 linem
1956 1679 2156 1732 habere

583 1773 1035 1828 communionem.

2253 610 2373 649 esse
2397 595 2628 650 societas
2651 594 2822 650 ﬁdelis
2849 611 2972 651 cum
3001 597 3221 653 inﬁdeli.
3270 597 3329 654 Si
3369 610 3551 656 contra
3593 605 3774 666 interdi-

2265 695 2413 740 ctum
2443 685 2698 751 fecerint,
2723 697 2976 758 parentes
2997 689 3271 745 abstinere
3293 704 3391 759 per
3410 692 3775 764 quinquennium

2251 777 2444 847 placet.
2481 811 2498 846 ι

2326 866 2484 922 XVII.
2539 865 2595 922 Si
2633 869 2721 936 qui
2771 867 2911 924 forte
2955 870 3333 928 sacerdotibus
3379 873 3626 932 idomrum
3673 880 3776 937 Uias

2253 969 2378 1010 suas
2411 954 2732 1024 junxerint,
2777 957 2978 1027 placuit
3029 975 3129 1016 nec
3182 960 3238 1014 in
3289 959 3451 1018 ﬁnem
3489 965 3566 1021 eis
3591 966 3774 1024 dandam

2255 1061 2706 1103 communionem.

2324 1135 2509 1191 XVIII.
2539 1139 2822 1209 Episcopi,
2851 1141 3191 1213 presbyteri,
3217 1144 3494 1212 diacones,
3521 1148 3562 1203 si
3585 1149 3632 1204 in
3652 1152 3773 1206 mini-

2256 1230 2423 1283 sterio
2448 1231 2645 1298 positi,
2690 1231 2886 1288 detecti
2935 1233 3152 1302 fuerint,
3199 1239 3342 1306 quod
3391 1239 3498 1294 sint
3537 1243 3773 1306 mtechati.
3849 1225 3862 1242 ’

2254 1317 2482 1388 placuit,
2505 1328 2560 1374 et
2583 1331 2800 1390 propter
2821 1324 3132 1379 scandalum
3157 1367 3171 1391 ,
3209 1336 3267 1381 et
3293 1341 3510 1399 propter
3536 1331 3772 1387 nefandum

2255 1409 2458 1462 crimen
2485 1449 2498 1474 ,
2544 1425 2644 1465 nec
2688 1411 2739 1466 in
2777 1411 2936 1467 ﬁnem
2977 1428 3072 1469 eos
3111 1419 3543 1475 communionem
3584 1423 3776 1490 accipere

2256 1499 2453 1552 debere
2466 1548 2469 1550 _

2326 1588 2465 1643 XIX.
2489 1590 2733 1660 Episcopi
2762 1632 2778 1657 ,
2805 1594 3138 1665 presbyteri,
3189 1607 3247 1652 et
3289 1598 3539 1664 diaconi,
3573 1603 3631 1654 de
3673 1615 3774 1656 recns

2256 1680 2369 1734 suis
2416 1682 2718 1750 negotiandi
2767 1697 2927 1738 causa
2982 1702 3085 1740 non
3141 1687 3443 1755 discedant,
3473 1705 3566 1745 nec
3590 1691 3776 1745 circum-

2256 1777 2447 1823 euntes
2487 1771 2793 1839 provincias
2841 1785 3173 1842 quaestuosas
3217 1779 3484 1834 nundinas
3537 1789 3772 1834 sectentur.

652 1862 784 1918 VIII.
835 1863 966 1918 Item
1011 1861 1222 1916 femmaa
1273 1876 1392 1932 quae
1432 1859 1575 1915 nulla
1622 1861 1956 1930 praecedente
1993 1872 2153 1912 causa
2185 1865 2231 1926 Β
2260 1858 2400 1914 Sane
2428 1861 2494 1914 ad
2525 1863 2724 1917 victum
2767 1865 2869 1919 sibi
2905 1869 3331 1938 conquirendum
3383 1883 3475 1926 aut
3511 1873 3685 1939 ﬁlium,
3710 1884 3775 1928 aut

581 1954 911 2023 reliquerunt
939 1953 1083 2007 viros
1121 1967 1245 2006 suos
1269 1992 1285 2017 ,
1321 1960 1377 2006 et
1409 1951 1594 2005 alteris
1640 1964 1698 2004 se
1735 1948 2153 2019 copulaverunt,

583 2062 683 2102 nec
712 2047 764 2100 iu
801 2045 961 2100 ﬁnem
999 2044 1267 2111 accipiant
1295 2042 1749 2098 communionem.

652 2137 741 2190 IX.
781 2137 910 2191 Item
959 2135 1130 2189 Iidelis
1176 2133 1372 2187 femina
1415 2149 1536 2202 qua:
1575 2131 1876 2186 adulterum
1905 2129 2156 2184 maritum

583 2228 863 2296 reliquerit
894 2225 1130 2289 ﬁdelem,
1169 2233 1222 2278 et
1256 2223 1482 2277 alterum
1526 2222 1771 2282 duxerit.
1810 2221 2159 2291 prohibeatur

585 2331 650 2370 ne
679 2317 856 2381 ducat;
883 2315 926 2369 si
959 2324 1136 2367 autem
1161 2315 1393 2378 duxerit,
1425 2329 1530 2367 non
1562 2313 1711 2381 prius
1753 2311 1978 2380 accipiat
2013 2325 2159 2363 com-

583 2409 935 2473 munionem,
992 2422 1153 2478 quam
1195 2407 1243 2460 is
1297 2421 1456 2475 quem
1513 2403 1790 2473 reliquerit
1841 2403 1909 2456 de
1964 2399 2158 2454 saeculo

583 2499 797 2562 exierit,
832 2497 934 2551 nisi
964 2496 1259 2551 necessitas
1291 2494 1576 2548 inﬁrrnatis
1599 2493 1731 2546 dare
1753 2491 2091 2560 compulerit.

654 2587 720 2641 X.
760 2587 816 2642 Si
864 2604 925 2642 ea
967 2603 1129 2657 quam
1175 2587 1596 2640 cateclmmenus
1636 2583 1896 2651 reliquit,
1945 2581 2158 2635 duxerit

584 2681 861 2744 maritum,
896 2691 1068 2748 potest
1107 2679 1173 2734 ad
1217 2678 1420 2732 fontem
1457 2676 1654 2731 lavacri
1699 2675 1941 2738 admitti,
1972 2677 2074 2728 hoc
2104 2685 2158 2728 et.

584 2772 728 2826 circa
747 2771 974 2825 feminas
999 2771 1416 2824 catcehumenas
1435 2768 1541 2823 erit
1559 2767 1974 2821 observandum.
2003 2762 2155 2829 Quod

586 2863 630 2916 si
664 2861 846 2926 fuerit,
880 2875 998 2929 qua:
1023 2860 1236 2914 ducitur
1263 2859 1332 2912 ab
1359 2874 1423 2912 eo
1453 2859 1544 2928 qui
1575 2872 1795 2910 uxorem
1832 2853 2156 2922 inculpatam

586 2951 822 3020 reliquit,
845 2959 898 3005 et
927 2967 1048 3005 cum
1095 2950 1277 3005 scierit
1321 2950 1468 3003 illum
1521 2949 1589 3003 ab
1629 2961 1798 3002 uxore
1841 2961 2001 3015 quam
2041 2945 2156 2998 sine

586 3059 746 3098 causa
775 3042 1012 3112 reliquit,
1037 3041 1239 3112 placuit
1260 3039 1563 3110 lmjusmodi
1593 3039 1646 3093 in
1679 3039 1836 3092 finem
1861 3037 1990 3090 dare
2012 3049 2157 3090 com-

587 3146 915 3186 111111110116111.

2259 1949 2532 2016 libertum,
2562 1962 2653 2006 aut
2684 1957 3098 2023 mercenarium,
3125 1971 3221 2015 aut
3242 1963 3496 2028 amicum,
3524 1975 3610 2019 aut
3633 1981 3775 2036 quem-

2256 2039 2385 2092 libet
2413 2039 2646 2106 mittant,
2683 2051 2738 2096 et
2763 2044 2806 2097 si
2836 2045 3101 2102 voluerint
3127 2051 3414 2119 negotiari,
3439 2052 3570 2106 intra
3597 2053 3767 2123 provin-

2257 2131 2395 2183 ciam
2430 2131 2788 2199 negotieutur.

2325 2219 2443 2274 XX.
2475 2219 2530 2274 Si
2553 2222 2672 2290 quis
2695 2221 3012 2280 clericorum
3044 2228 3258 2285 deditus
3287 2228 3448 2286 fuerit
3472 2246 3644 2287 usuras
3663 2233 3768 2286 acci-

2257 2326 2406 2380 pere,
2430 2311 2628 2380 placuit
2655 2312 2937 2383 degradari
2967 2357 2981 2381 ,
3026 2327 3080 2373 et
3121 2319 3403 2376 abstineri.
3443 2322 3504 2376 Si.
3528 2323 3636 2392 quis
3651 2323 3770 2377 etiam

2257 2401 2424 2455 laicus
2482 2403 2756 2471 accepisse
2822 2407 3083 2475 probatur
3133 2425 3370 2476 usuras,
3423 2420 3474 2465 et
3523 2411 3770 2480 promiserit

2258 2502 2538 2562 correptus
2554 2492 2666 2560 jam
2693 2484 3062 2562 cessaturum,
3095 2513 3192 2553 nec
3235 2499 3458 2554 ulterius
3485 2509 3768 2560 exacturum,

2258 2583 2435 2652 placet
2465 2583 2514 2636 ei
2561 2585 2772 2637 veniam
2827 2585 3013 2640 tribui.
3055 2587 3112 2641 Si
3167 2603 3298 2644 vero
3347 2589 3399 2642 in
3443 2604 3501 2643 ea
3547 2587 3770 2656 iniquitate

2258 2674 2566 2741 duraverit,
2613 2676 2679 2730 ab
2716 2675 2942 2732 ecclesia
2977 2679 3113 2732 sciat
3147 2694 3205 2733 se
3227 2694 3347 2736 esse
3384 2677 3741 2750 projiciendum.

2330 2763 2468 2819 XXI.
2497 2764 2552 2819 Si
2579 2766 2702 2834 quis
2746 2766 2800 2820 in
2849 2768 3066 2822 civitate
3105 2770 3316 2840 positus
3341 2811 3354 2836 ,
3397 2778 3502 2824 tres
3524 2768 3768 2822 Dominicas

2257 2861 2538 2915 ecclesiam
2564 2878 2666 2918 non
2692 2867 3000 2932 accesserit,
3024 2883 3195 2936 pauco
3220 2876 3456 2938 tempore
3475 2866 3765 2920 abstineatur.

2259 2961 2316 3004 ut
2354 2964 2636 3022 correptus
2662 2969 2782 3008 esse
2810 2957 3074 3011 videatur.

2331 3043 2491 3098 XXII.
2523 3045 2579 3099 Si
2626 3047 2749 3116 quis
2793 3047 2858 3101 de
2894 3048 3163 3103 catholica
3204 3048 3442 3104 Ecclesia
3488 3047 3551 3102 ad
3574 3042 3766 3100 bazresitn

2258 3135 2545 3189 transitum
2593 3134 2803 3201 fecerit,
2846 3152 3144 3208 rursusque
3192 3138 3262 3193 ad
3310 3136 3590 3193 Ecclesiam
3632 3144 3768 3185 reCur-

654 3222 746 3278 XI.
771 3223 912 3278 Intra
933 3222 1284 3294 quinquennii
1309 3231 1485 3277 autem
1513 3230 1750 3290 tempora
1775 3217 2157 3273 cateclmmena
2188 3229 2232 3290 (ζ
2264 3225 2417 3287 rerit,
2444 3223 2649 3294 placuit
2687 3226 2814 3281 huic
2850 3227 3227 3296 pmnitentiam
3259 3242 3365 3282 non
3411 3238 3526 3280 esse
3567 3222 3768 3288 denegan-

587 3313 632 3368 si
663 3313 899 3384 graviter
920 3312 1083 3368 fuerit
1111 3312 1402 3378 inﬁrmata,
1435 3311 1734 3367 addendum
1758 3309 1805 3365 ei
1834 3309 2159 3379 baptismum

587 3402 787 3474 placuit
821 3417 926 3456 non
953 3401 1226 3472 denegari.

657 3489 771 3544 XII.
802 3489 962 3544 Pater
1001 3491 1080 3545 vel
1113 3505 1307 3560 parens
1335 3489 1416 3543 vel
1445 3490 1696 3559 qua-libet
1737 3488 1909 3543 ﬁdelis
1945 3489 1987 3542 si
2015 3487 2163 3542 leno-

588 3583 787 3638 cinium
830 3583 1172 3649 exercuerit,
1235 3597 1299 3638 eo
1366 3581 1509 3651 quod
1571 3581 1804 3634 aliemnn
1862 3579 2165 3634 vendiderit

589 3692 785 3748 corpus
815 3675 898 3731 vel
928 3677 1107 3747 potius
1137 3690 1315 3739 suum,
1357 3673 1554 3743 placuit
1589 3687 1705 3726 eam
1749 3687 1847 3725 nec
1895 3671 1948 3724 in
2000 3670 2160 3723 ﬁnem

588 3769 834 3839 accipere
863 3769 1316 3824 communionem.

658 3859 794 3914 XIII.
832 3859 1077 3930 Virgines
1111 3875 1229 3930 qua:
1274 3874 1332 3914 se
1361 3859 1471 3913 Deo
1511 3857 1930 3920 dedicaverunt,
1974 3855 2019 3908 si
2071 3870 2160 3924 pa-

589 3961 735 4007 ctum
775 3951 1103 4020 perdiderint
1141 3949 1489 4020 virginitatis,
1534 3958 1695 4018 atque
1724 3947 1923 4001 ezedem
1956 3945 2160 4000 libidini

590 4039 895 4104 servierint,
923 4054 1026 4094 non
1062 4039 1425 4107 iutelligentes
1459 4040 1602 4109 quod
1631 4037 1928 4098 amiserint,
1963 4036 2165 4106 placuit

591 4147 691 4185 nec
721 4131 772 4184 in
801 4131 905 4185 ﬁne
931 4131 1160 4186 dandam
1191 4132 1270 4186 eis
1296 4146 1414 4186 esse
1448 4132 1910 4194 communionem;
1944 4130 2084 4200 quod
2117 4129 2161 4182 si

592 4221 911 4291 semetipsas
951 4221 1335 4291 pceuituerint,
1384 4223 1525 4290 quod
1573 4221 1884 4276 inﬁrmitate
1921 4220 2164 4289 corporis

595 4312 757 4382 lapsa:
800 4310 1043 4379 fuerint,
1075 4313 1236 4367 etiam
1276 4322 1516 4383 tempore
1552 4313 1674 4368 vita:
1712 4329 1821 4367 sure
1862 4311 2162 4381 liujusmodi

594 4403 806 4458 feminae
849 4404 1061 4475 egerint
1101 4405 1494 4476 paenitentiam,
1540 4415 1595 4460 et
1633 4405 1989 4460 abstinuerint
2033 4420 2092 4460 se
2134 4420 2161 4457 a

591 4495 735 4550 coitu
761 4536 775 4561 ,
814 4511 880 4551 eo
909 4497 1049 4566 quod
1095 4497 1258 4566 lapsae
1289 4497 1468 4567 potius
1499 4497 1799 4562 videantur,
1836 4495 2037 4566 placuit
2071 4510 2164 4550 eas

591 4585 643 4637 iu
673 4583 777 4639 ﬁne
803 4585 1235 4641 communionem
1261 4586 1503 4655 accipere
1532 4584 1745 4640 debere.

664 4677 798 4732 XIV.
827 4677 1077 4748 Virgines
1113 4694 1230 4746 qua:
1268 4678 1630 4748 virginitatem
1673 4692 1823 4732 suam
1850 4691 1954 4731 non
1986 4685 2162 4730 custo-

521 4801 526 4805 -
591 4767 808 4833 dierint,
835 4770 876 4824 si
917 4771 1130 4825 eosdem
1170 4771 1258 4838 qui
1300 4785 1394 4824 eas
1437 4771 1772 4825 violaverunt
1816 4769 2067 4824 duxerint
2109 4779 2162 4822 et

591 4862 864 4916 tenuerint
888 4863 1130 4923 maritos,
1167 4877 1231 4915 eo
1251 4863 1392 4931 quod
1423 4860 1565 4915 solas
1585 4860 1799 4929 nuptias
1820 4859 2156 4924 violaverim,

592 4960 713 5020 post
741 4967 937 5004 anmnn
967 4951 1084 5004 sine
1121 4951 1436 5021 poenitentia
1479 4950 1814 5004 reconciliari
1858 4949 2159 5014 debebunt,

593 5041 676 5092 vel
735 5041 780 5093 si
821 5039 953 5094 alios
992 5041 1338 5109 cognoverint
1382 5041 1546 5105 viros,
1602 5053 1666 5094 eo
1703 5041 1844 5109 quod
1884 5040 2162 5094 mtechata:

593 5128 722 5193 sint,
752 5128 951 5197 placuit
979 5145 1072 5198 per
1099 5129 1450 5198 quinquennii
1491 5138 1728 5198 tempora
1772 5141 1888 5183 acta
1924 5129 2159 5199 legitima

593 5217 906 5286 pmnitentia
939 5219 1146 5273 admitti
1167 5235 1260 5274 eas
1296 5222 1363 5273 ad
1400 5220 1850 5274 communionem.

662 5307 779 5363 XV.
816 5308 1040 5380 Propter
1063 5311 1272 5380 copiam
1302 5311 1599 5381 puellarum
1631 5313 1918 5383 gentilibus
1943 5314 2164 5369 minime

596 5400 650 5455 iu
706 5400 1101 5455 matrimonium
1149 5402 1338 5457 danda:
1380 5413 1504 5458 sunt
1554 5403 1790 5475 virgines
1825 5404 2163 5470 Christianae,

607 5507 674 5546 ne
721 5501 854 5548 tetas
903 5492 955 5548 in
1005 5491 1134 5549 ﬂore
1180 5503 1388 5549 tumens
1457 5497 1508 5551 in
1549 5497 1811 5552 adulterio
1867 5498 2167 5554 resolvatur

592 5585 806 5639 anima).

669 5678 803 5733 XVI.
827 5678 1103 5734 Ilmrcticis
1118 5680 1206 5750 qui
1233 5690 1416 5734 errant
1431 5681 1496 5734 ab
1519 5681 1758 5736 Ecclesia
1787 5683 2048 5739 catholica
2067 5699 2164 5738 uec

597 5771 728 5839 ipsis
756 5772 1046 5827 catholicas
1077 5772 1278 5826 dandas
1306 5773 1528 5841 puellas,
1571 5774 1662 5826 sed
1712 5790 1880 5843 neque
1924 5775 2119 5828 Iuda-is
2149 5817 2161 5839 ,

2267 3315 2413 3380 dam,
2441 3329 2506 3370 eo
2533 3316 2676 3384 quod
2699 3316 3011 3386 cognoverit
3033 3325 3318 3386 peccatum
3346 3330 3519 3380 suum,
3544 3311 3623 3382 qui
3649 3308 3766 3362 etiam

2265 3407 2452 3461 decem
2505 3408 2662 3462 annis
2712 3417 2837 3478 agat
2885 3409 3255 3478 paenitentiam
3285 3448 3299 3472 ,
3350 3407 3437 3462 cui
3481 3411 3594 3476 post
3635 3399 3769 3454 decem

2263 3512 2435 3551 annos
2474 3498 2718 3567 prtestari
2763 3498 3068 3552 communio
3121 3497 3302 3552 debet.
3351 3494 3407 3551 Si
3435 3508 3554 3548 vero
3594 3487 3769 3544 infantes

2265 3588 2463 3644 fuerint
2493 3590 2790 3644 transducti
2825 3591 2967 3659 quod
3008 3605 3114 3644 non
3152 3604 3250 3644 suo
3289 3589 3417 3643 vitio
3448 3579 3767 3656 peccaverint.

2266 3679 2646 3734 incunctanter
2673 3679 2834 3749 recipi
2869 3681 3118 3735 debeant.

2336 3769 2520 3825 XXIII.
2573 3769 2773 3839 Jejunii
2828 3786 2990 3841 super
3047 3771 3403 3825 abstruentias
3448 3781 3538 3837 per
3585 3755 3768 3827 singulos

2266 3878 2477 3918 menses
2529 3862 2732 3932 placuit
2775 3863 3037 3917 celebrari
3089 3863 3330 3933 exceptis
3377 3859 3556 3914 diebus
3595 3853 3766 3905 duorum

2265 3953 2531 4008 mensium
2581 3950 2708 4007 Julii
2761 3964 2816 4008 et
2857 3953 3083 4024 Augusti
3134 3953 3203 4009 ob
3246 3951 3552 4008 earumdem
3599 3933 3772 3996 inﬁrmi-

2267 4052 2456 4098 tatem.

2336 4135 2524 4190 XXIV.
2554 4134 2756 4191 Omnes
2803 4137 2894 4206 qui
2943 4151 3166 4208 peregre
3205 4137 3408 4192 fuerint
3447 4123 3692 4199 baptizati,
3718 4129 3770 4208 eo

2267 4228 2409 4298 quod
2432 4242 2620 4282 eorum
2650 4205 2872 4282 minime
2896 4205 2966 4284 sit
2992 4205 3207 4299 cognita
3227 4230 3352 4300 gvita
3371 4268 3385 4292 ,
3415 4219 3597 4295 placuit
3620 4211 3673 4268 ad
3695 4205 3768 4262 cle-

2267 4333 2385 4371 rum
2415 4331 2522 4371 nou
2553 4332 2676 4373 esse
2698 4318 3090 4387 promovendos
3126 4319 3180 4372 in
3213 4317 3403 4374 alienis
3423 4303 3722 4396 provinciis.

2338 4407 2505 4464 XXV.
2548 4408 2737 4464 Omnis
2794 4410 2884 4479 qui
2939 4410 3182 4465 attulerit
3230 4409 3436 4464 litteras
3477 4395 3768 4481 confessonrts

2269 4498 2483 4554 sublato
2506 4500 2721 4555 nomine
2745 4478 3087 4564 confessoris,
3110 4515 3174 4555 eo
3196 4499 3338 4570 quod
3361 4496 3455 4552 sub
3476 4493 3567 4547 hac
3592 4478 3770 4570 nominis

2191 4577 2435 4661 Dgloria
2486 4590 2680 4660 partim
2740 4591 3052 4646 concutiant
3107 4569 3410 4661 simplices,
3466 4569 3765 4638 communica-

2267 4680 2417 4732 toria‘
2446 4679 2493 4732 ei
2519 4679 2707 4734 dandae
2732 4688 2857 4734 sunt
2887 4679 3099 4734 littera}.
3683 4744 3688 4746 _
3750 4738 3757 4746 ,

2333 4769 2521 4824 XXVI.
2547 4769 2798 4824 Errorem
2829 4769 3029 4839 placuit
3062 4769 3278 4840 corrigi,
3322 4775 3381 4821 ut
3421 4757 3555 4817 omni
3591 4744 3757 4805 Sabb-tii

2261 4859 2348 4914 die
2363 4857 2629 4927 jejunium
2657 4873 2821 4928 super
2850 4859 3170 4929 positionem
3200 4858 3538 4913 celebremus.
3678 4924 3702 4934 ﬂ

2525 4925 2739 5005 XXV":
2765 4925 3150 5023 Episcopusvel
3177 4951 3398 5020 quilibet
3425 4939 3628 4999 clericus
3649 4925 3763 4978 alius.

2268 5051 2358 5096 aut
2381 5057 2651 5107 sororem,
2683 5052 2777 5096 aut
2819 5042 2982 5096 tiliam
3012 5042 3270 5110 virginem
3302 5039 3522 5094 dicatam
3569 5023 3658 5076 Deo
3679 5023 3762 5064 tan-

2270 5141 2378 5185 tum
2407 5146 2588 5186 secum
2623 5132 2842 5195 habeat,
2889 5140 3198 5187 extrancam
3235 5145 3360 5184 vero
3388 5119 3682 5189 nequaquam
3705 5111 3763 5150 se-

2271 5240 2389 5279 cum
2412 5225 2627 5278 habeat.

2338 5314 2572 5368 XXVIII.
2613 5313 2934 5384 Episcopum
2975 5314 3175 5384 placuit
3203 5314 3269 5368 ab
3321 5325 3383 5366 eo
3419 5301 3501 5374 qui
3549 5305 3635 5349 non
3659 5290 3759 5336 com-

2273 5406 2530 5468 municat,
2558 5420 2778 5458 munera
2821 5405 3062 5474 accipere
3088 5419 3193 5459 non
3217 5405 3426 5459 debere.

2345 5495 2534 5550 XXIX.
2581 5469 3014 5566 Energumenum
3046 5496 3136 5565 qui
3160 5497 3227 5550 ab
3250 5491 3468 5550 erratico

2271 5588 2491 5659 gitatur,
2523 5587 2683 5657 hujus
2704 5557 2900 5640 nvomen
2925 5557 3098 5656 neque
3127 5587 3193 5640 ad
3221 5586 3383 5639 altare
3409 5587 3520 5632 etilli
3543 5557 3751 5659 oblatietlf

2270 5694 2388 5735 esse
2412 5679 2765 5739 recitandum,
2798 5694 2971 5748 neque
3008 5679 3414 5747 permittendum
3444 5673 3495 5719 ιιι
3523 5668 3600 5712 sua
3637 5646 3751 5698 mai."

2271 5777 2319 5823 in
2344 5769 2568 5824 ecclesia
2594 5767 2881 5825 ministret.
