3834 5428
540 287 649 346 ιω

1358 275 1644 338 ΔΡΡΕΝῙ).
1684 273 1777 333 AD
1808 271 1983 331 Silia.
2022 270 2114 333 lli.
2154 294 2228 313 --
2257 271 2513 331 ISIDORI
2544 270 2990 341 LERCATORIS

542 398 749 473 aliquid
769 396 927 457 idolis
952 402 1233 469 prauam,
1263 393 1468 466 placuit
1500 401 1625 463 post
1665 388 1943 447 biennium
1986 384 2131 441 acei-
2158 384 2210 445 ~A
2240 384 2253 391 ’
2281 383 2500 475 ςΙιΧΙΧ.
2542 386 2601 445 Si
2652 390 2874 447 conscio
2901 391 3099 451 marito
3134 390 3299 453 fuerit
3345 395 3582 455 mmchata
3605 414 3711 475 uror,

529 504 674 568 .pere
694 493 1151 551 communionem.

613 587 726 647 LV.
768 586 1138 657 Magistratum
1168 594 1323 646 vero,
1349 591 1492 635 anno
1542 588 1651 646 quo
1688 572 1801 644 agit
1818 568 2136 627 duumvira-

546 692 679 747 tum,
708 679 994 753 prohibere
1020 675 1196 747 placet
1233 680 1293 729 ut
1321 685 1381 730 se
1408 670 1477 726 ab
1503 666 1731 724 ecclesia
1754 662 2024 720 cohibeat.

526 824 531 829 .
610 776 747 835 LVI.
784 774 1043 830 Matrona
1086 768 1171 825 vel
1211 780 1403 824 earum
1452 761 1636 819 mariti
1674 758 1995 816 vestimenta
2022 768 2132 812 sua

540 873 609 928 ad
654 868 957 926 ornandum
995 860 1330 920 saeculariter
1356 870 1608 930 pompam
1649 869 1758 911 non
1792 852 1943 916 dent.
1984 857 2042 905 et
2084 848 2131 907 si

538 962 771 1020 fecerint
800 957 1024 1015 triennii
1058 965 1301 1026 tempore
1324 949 1657 1011 abstineant.

607 1041 766 1112 LVII.
803 1051 1012 1108 Placuit
1037 1048 1367 1116 ubicunque,
1397 1052 1454 1100 et
1503 1041 1740 1099 maxime
1762 1038 1817 1093 in
1845 1051 1912 1095 eo
1937 1035 2054 1093 loco
2076 1032 2131 1093 in

536 1163 646 1220 quo
667 1147 858 1212 prima
878 1141 1152 1200 cathedrae
1169 1137 1499 1196 constitutus
1517 1143 1605 1191 est
1631 1132 1939 1204 episcopus,
1960 1138 2022 1186 ut
2050 1129 2134 1185 in-

518 1244 881 1310 terrogentur
898 1235 955 1291 bi
975 1233 1071 1306 qui
1098 1226 1618 1289 communicatorias
1646 1224 1860 1281 litteras
1885 1222 2128 1288 tradunt,

524 1345 606 1386 :an
633 1328 818 1386 omnia
846 1334 996 1383 recta
1024 1323 1262 1381 habeam
1290 1328 1346 1378 et
1374 1333 1475 1376 suo
1522 1314 1840 1375 testimonio
1882 1324 2132 1385 compn-

516 1422 792 1572 -helll.tVIIl.
814 1508 1214 1568 Prohibendam
1248 1522 1319 1563 ne
1346 1504 1470 1577 quis
1489 1501 1964 1567 Christianus,aut
1984 1496 2131 1561 Gen-

541 1609 677 1675 tilis,
704 1608 776 1665 ad
800 1605 1000 1662 idolum
1025 1600 1278 1674 Capitolii
1303 1595 1650 1656 sacriﬁcandi
1680 1602 1843 1651 causa
1870 1591 2130 1649 ascendat

533 1712 593 1760 et
621 1701 817 1757 videat.
855 1698 1011 1768 Quod
1048 1696 1095 1753 si
1141 1693 1335 1750 fecerit
1370 1690 1492 1763 pari
1517 1688 1747 1747 crimine
1776 1683 2126 1752 teneaturasi

2222 473 2577 548 -placuit-nec
2624 481 2676 535 in
2708 480 2870 538 ﬁnem
2906 483 3140 541 dandam
3166 485 3215 538 ei
3269 473 3713 555 communionem.8i

2224 583 2370 625 vero
2391 585 2512 629 eam
2540 572 2841 644 reliquerit.
2868 585 2991 647 post
3009 578 3195 635 decem
3214 592 3382 636 annos
3407 583 3601 654 accipiat
3619 603 3717 649 ωι-

2237 665 2548 727 munionem
2574 706 2591 734 ,
2625 669 2670 725 si
2724 684 2846 725 eam
2890 686 3022 751 cum
3081 673 3268 731 scierit
3300 674 3714 753 adulterandum

2237 764 2481 828 tempore
2517 760 2569 815 in
2601 761 2763 816 domo
2783 777 2880 817 sua
2907 764 3152 827 retinuit,
3370 822 3373 829 ,

2222 902 2229 909 .
2310 850 2464 922 ιοι
2497 844 2662 907 LXX.
2693 851 3100 925 Stupratoribus
3120 870 3410 926 puerorum
3447 875 3538 919 nec
3558 862 3715 921 inirem

2236 940 2466 999 dandam
2496 959 2617 1013 esse
2638 947 3095 1011 communionem.

2304 1034 2491 1093 LXXI.
2531 1036 2589 1095 Si
2614 1055 2721 1110 qua
2749 1039 2905 1097 vidua
2956 1038 3124 1097 luerit
3162 1044 3451 1112 mmchata,
3477 1055 3527 1102 et
3555 1050 3719 1109 eum

2233 1135 2423 1198 postea
2456 1129 2707 1186 habuerit
2749 1131 3028 1198 maritum,
3073 1118 3196 1204 post
3231 1137 3565 1208 quinquennii
3587 1151 3720 1213 tempus

2216 1228 2359 1279 ,acta
2399 1220 2639 1292 legitima
2679 1222 2997 1293 pmnitentia
3017 1263 3033 1291 ,
3056 1224 3265 1294 placuit
3298 1241 3418 1291 eam
3446 1234 3722 1293 communione

2234 1312 2598 1403 reconciliari.
2645 1312 2704 1371 Si
2743 1314 2910 1371 alium
2953 1316 3191 1387 duxerit,
3223 1298 3415 1385 reﬁcio
3458 1321 3559 1403 illo,
3592 1339 3663 1383 nec
3688 1326 3721 1381 in

2224 1401 2398 1473 ,ﬁnem
2422 1404 2658 1461 dandam
2688 1420 2809 1465 esse
2832 1409 3295 1478 communionem.
3324 1411 3413 1468 vel
3452 1413 3498 1477 si
3535 1401 3723 1473 fuerqu

2224 1493 2411 1569 ﬁdelis
2436 1509 2600 1566 quem
2624 1497 2923 1571 acceperit,
2957 1501 3396 1561 communionem
3438 1520 3534 1563 non

2222 1582 2339 1659 nisi
2362 1595 2489 1657 post
2511 1587 2700 1657 decem
2726 1603 2900 1646 annos
2922 1600 3045 1649 acta
3081 1590 3324 1664 legitima
3348 1596 3646 1667 pmniteatis,
3663 1600 3722 1655 nisi

2234 1675 2522 1736 inﬁrmitas
2543 1683 2782 1755 coegerit
2805 1684 3044 1741 velocius
3062 1686 3195 1747 dare
3218 1668 3637 1755 communionem.

1374 1748 1566 1838 .annos
1615 1784 1738 1835 acta
1802 1748 2206 1849 panitentia.’
2252 1858 2258 1860 Α
2301 1768 2511 1860 LXXII.
2562 1748 2856 1859 Delatopsi
2915 1777 3040 1853 quis
3077 1766 3359 1859 exstiterit
3389 1748 3570 1849 ﬁdelis,
3602 1792 3643 1838 et
3670 1798 3725 1853 pa

532 1893 1114 2046 reﬂXilgiquislidola
1128 1967 1374 2043 fregerit,
1401 1974 1459 2023 et
1474 1965 1676 2023 ibidem
1698 1962 1865 2019 fuerit
1886 1961 2123 2028 occisus,

528 2067 655 2139 quia
686 2066 738 2121 in
760 2063 1053 2137 Evangelia
1082 2077 1187 2118 non
1212 2067 1296 2117 est
1328 2058 1615 2129 scriptum,
1642 2068 1821 2125 neque
1848 2052 2127 2111 invenitur

528 2159 598 2213 ab
625 2156 883 2229 apostolis
931 2168 1169 2226 unquam
1212 2150 1448 2214 factum,
1479 2145 1687 2218 placuit
1734 2146 1790 2201 in
1840 2152 2125 2205 numerum

526 2265 652 2305 eum
683 2264 791 2305 non
814 2246 984 2318 recipi
1017 2255 1343 2317 martyrum.
1637 2270 1641 2274 -
2106 2290 2109 2297 .

600 2341 737 2398 LX.-
756 2341 815 2398 Si
840 2341 963 2413 quis
987 2346 1107 2412 post
1159 2338 1369 2395 obitum
1391 2333 1579 2391 uxoris
1603 2329 1985 2390 suae‘sororem
2008 2327 2125 2398 eius

531 2431 770 2499 duxerit,
790 2442 843 2489 et
864 2432 978 2503 ipsa
992 2430 1068 2486 sit
1086 2428 1282 2495 ﬁdelis,
1305 2423 1676 2498 quinquennio
1699 2438 1729 2479 a
1744 2420 2125 2479 communione

527 2521 735 2593 placuit
790 2521 1082 2583 abstinere.
1138 2518 1242 2575 nisi
1294 2515 1435 2575 forte
1478 2513 1717 2573 velocius
1766 2511 1880 2569 dari
1931 2524 2123 2582 pacem

529 2613 837 2669 necessitas
865 2610 1106 2684 coegerit
1126 2608 1482 2665 inﬁrmitatis.

599 2702 736 2760 LXI.
768 2702 827 2760 Si
851 2714 1027 2775 augur
1048 2710 1147 2758 aut
1188 2699 1558 2771 pantomimus
1585 2696 1808 2753 credere
1832 2691 2121 2760 voluerint,

523 2796 728 2868 placuit
776 2804 836 2852 ut
867 2795 1018 2866 prius
1044 2794 1254 2850 artibus
1291 2792 1404 2849 suis
1443 2789 1758 2847 renuntient
1780 2796 1836 2845 et
1873 2796 1998 2843 tunc
2028 2786 2125 2844 de-

524 2906 672 2947 muru
704 2888 1094 2960 suscipiantur,
1134 2888 1209 2943 ita
1250 2897 1312 2941 ut
1355 2883 1585 2941 ulterius
1611 2898 1721 2939 non
1755 2888 2117 2937 revertantur.

532 2980 688 3049 Quod
718 2981 764 3038 si
802 2978 984 3036 facere
1009 2986 1201 3036 contra
1230 2976 1579 3033 interdictum
1625 2971 1977 3037 tentaverint,
2001 2984 2123 3042 pro-

518 3067 783 3138 iiciantur
807 3068 876 3123 ab
909 3067 1172 3124 Ecclesia.

889 3111 1221 3229 quavin‘iilier
1262 3168 1365 3227 per
1401 3152 1724 3211 adulterium
1753 3152 1978 3209 absente
1997 3165 2117 3208 ma-

523 3251 631 3308 rito
651 3251 985 3322 conceperit,
1024 3250 1187 3322 idque
1208 3257 1330 3320 post
1365 3247 1579 3305 facinus
1605 3246 1890 3312 occiderit,
1914 3244 2120 3317 placuit

519 3345 573 3401 ei
597 3358 698 3399 nec
718 3345 774 3399 in
809 3342 969 3400 ﬁnem
994 3341 1231 3399 dandam
1252 3355 1374 3399 esse
1392 3338 1852 3404 communionem,
1882 3352 1948 3394 eo
1971 3336 2119 3408 quod

516 3436 877 3510 geminaverit
911 3432 1110 3492 scelus.

592 3527 777 3587 LXIII.
808 3526 867 3584 Si
910 3542 1017 3599 qua
1064 3525 1262 3584 mulier
1290 3539 1462 3597 usque
1502 3525 1560 3581 in
1594 3523 1757 3580 ﬁnem
1786 3523 1979 3580 mortis
2003 3538 2117 3579 suae

520 3635 644 3677 cum
670 3620 846 3677 alieno
872 3618 1036 3675 fuerit
1060 3618 1178 3673 viro
1199 3618 1488 3681 mmehata,
1512 3615 1717 3687 placuit
1745 3630 1846 3670 nec
1870 3614 1928 3673 in
1952 3613 2116 3671 ﬁnem

519 3715 751 3772 dandam
779 3729 901 3772 esse
921 3713 1382 3771 communionem.
1407 3709 1466 3768 Si
1492 3726 1623 3767 vero
1651 3725 1776 3767 eum
1806 3709 2113 3781 reliquerit,

520 3816 644 3877 post
692 3807 880 3863 decem
940 3820 1113 3861 annos
1162 3803 1332 3874 recipi
1376 3802 1446 3858 ad
1500 3802 1941 3858 communionem
1990 3811 2116 3859 acta

519 3896 760 3968 legitima
788 3896 1124 3968 poenitentia.

516 4034 521 4039 .
591 3984 775 4042 LXIV.
803 3986 859 4041 Si
888 3985 1045 4056 cujus
1068 3983 1255 4042 clerici
1277 3999 1415 4038 uxor
1428 3983 1891 4047 fuentmmcnata,
1911 3986 2118 4039 etsciat

519 4091 639 4132 eam
668 4076 895 4132 maritus
915 4091 1045 4130 suus
1073 4074 1357 4141 mtechari,
1388 4085 1444 4130 et
1470 4088 1591 4129 eam
1617 4088 1725 4130 non
1766 4074 1951 4130 statim
1984 4091 2116 4147 pro-

514 4169 729 4241 jeccril,
771 4185 873 4226 nec
894 4170 948 4224 in
974 4168 1137 4225 ﬁnem
1178 4167 1412 4237 accipiat
1443 4168 1878 4224 communionem
1903 4210 1918 4235 ,
1949 4186 2017 4225 ne
2046 4170 2115 4226 ab

506 4263 606 4318 ,ltis
646 4262 741 4332 qui
770 4260 1077 4331 exetuplum
1117 4260 1273 4317 bonae
1307 4258 1738 4316 conversationis
1760 4274 1884 4317 esse
1915 4259 2116 4316 debent

519 4355 809 4411 videantur
833 4352 1147 4424 magisteria
1177 4351 1444 4407 scelerum
1477 4349 1795 4421 procedere.

590 4449 754 4507 LXV.
795 4448 861 4506 Si
896 4450 1019 4520 quis
1086 4449 1383 4520 privignam
1428 4463 1580 4504 suam
1610 4447 1829 4502 duxerit
1860 4462 2110 4513 uxorem,

2134 4500 2192 4562 Ι)

2225 1858 2556 1955 ρειθιὶοηεηι
2586 1862 2704 1934 ejus
2736 1850 2934 1939 aliquis
2966 1864 3129 1955 fuerit
3156 1854 3514 1947 proscriptus,
3540 1850 3726 1932 velintn-

2224 1940 2425 2024 I‘ectus,
2466 1952 2668 2035 placuit
2708 1954 2833 2016 eum
2878 1979 2978 2018 nec
3019 1962 3071 2019 in
3111 1942 3270 2021 ﬁnem
3305 1969 3548 2039 accipere
3571 1980 3727 2025 commit

2221 2046 2467 2131 .niOnem.
2506 2044 2563 2106 Si
2598 2049 2757 2139 levior
2793 2069 2955 2110 causa
2996 2042 3177 2139 fuerit,
3221 2059 3367 2139 intra
3400 2042 3729 2139 quinquennium

2228 2139 2478 2210 accipere
2526 2134 2729 2212 poterit
2774 2132 3229 2207 communionem.
3289 2132 3348 2207 Si
3408 2132 3728 2211 catechumene

2224 2226 2431 2303 fuerit,
2485 2244 2611 2305 post
2664 2236 3019 2309 quinquennii
3080 2252 3324 2314 tempora
3391 2240 3660 2301 admittatur
3695 2246 3731 2299 ai

2224 2319 2574 2395 baptismum.
2813 2326 2817 2332 ’

2220 2410 2223 2417 “
2295 2402 2526 2474 LXXIII.
2558 2416 2750 2479 Falsus
2778 2420 2930 2479 testis
2951 2437 3114 2498 prout
3142 2425 3350 2485 crimen
3380 2420 3486 2497 est,
3510 2429 3731 2494 abstinebit.

2222 2507 2274 2565 ‘si
2304 2506 2484 2568 tamen
2515 2528 2622 2570 non
2660 2512 2823 2572 fuerit
2860 2512 3053 2574 mortis
3079 2516 3220 2597 quod
3262 2516 3488 2594 obiecit,
3519 2512 3628 2580 etsi
3657 2537 3732 2592 pro-

2224 2597 2438 2686 lpaverit
2459 2605 2604 2676 quod
2623 2604 2715 2661 diu
2746 2608 2996 2685 tacuerit,
3025 2608 3227 2665 biennii
3249 2619 3497 2686 tempore
3514 2608 3732 2668 abstinebit.

2216 2664 2285 2783 :Si
2327 2703 2508 2749 autem
2555 2690 2660 2751 non
2707 2664 3020 2773 probaverit
3060 2700 3113 2783 in
3158 2664 3440 2783 conven‘tu
3479 2702 3735 2767 clericorum.

2223 2776 2428 2856 placuit
2454 2780 2552 2857 per
2581 2783 3010 2861 quinquennium
3041 2776 3323 2851 abstineri.

2212 2952 2235 2961 _.
2292 2879 2528 2965 LXXIV.
2586 2881 2793 2965 Siquis
2818 2874 2999 2942 autem
3040 2888 3386 2960 episcopum,
3422 2890 3736 2965 presbyterum.

2216 2960 2306 3055 vel
2338 2964 2619 3031 diaconem
2646 2960 2796 3036 falsis
2823 2974 3144 3035 criminibus
3169 2960 3485 3053 appetierit,
3511 2993 3559 3040 et

2226 3078 2331 3118 non
2363 3066 2618 3135 potuerit,
2650 3083 2751 3125 nec
2777 3068 2831 3125 in
2862 3070 2968 3125 fine
2997 3070 3229 3126 dandam
3255 3073 3306 3128 ei
3334 3070 3463 3133 esse
3490 3075 3736 3133 communio

2214 3330 2223 3341 .
2290 3242 2503 3304 LXXV.
2548 3246 2605 3306 Si
2633 3246 2756 3322 quis
2784 3243 3075 3311 diaconum
3102 3271 3163 3341 se
3211 3253 3737 3329 pe‘rmiseritordinari.

2221 3336 2276 3399 et
2321 3352 2511 3415 pOStea
2553 3342 2718 3401 fuerit
2761 3346 2815 3401 in
2860 3347 3089 3406 crimine
3130 3336 3382 3410 detectus
3425 3352 3625 3427 mortis,
3651 3344 3740 3419 quod

2219 3434 2510 3506 aliquando
2558 3436 2926 3506 commiserit,
2972 3439 3019 3494 si
3065 3448 3258 3511 sponte
3303 3440 3479 3499 fuerit
3516 3439 3738 3501 confessa

2212 3522 2424 3603 placuit
2452 3540 2576 3582 eum
2605 3536 2726 3584 acta
2752 3527 2991 3602 legitima
3020 3532 3344 3603 paenitentia
3374 3544 3503 3605 post
3529 3532 3742 3609 triennium

2218 3618 2467 3689 accipere
2487 3621 2944 3677 communionem.
2971 3622 3125 3691 Quod
3152 3625 3198 3705 si
3227 3625 3368 3703 alius
3389 3626 3652 3689 detexerit,
3666 3626 3743 3693 pos!

2218 3708 2650 3780 quinquennium
2683 3721 2804 3769 acta
2846 3714 3171 3784 paenitentia
3201 3717 3459 3790 accipere
3484 3718 3745 3776 commuis-

2218 3792 2344 3849 i'iem
2376 3795 2566 3851 Iaicam
2594 3794 2814 3853 debere.

2289 3884 2522 3943 LXXVI.
2559 3886 2615 3944 Si
2644 3890 2766 3961 quis
2791 3891 3050 3949 diaconus
3072 3888 3266 3974 regens
3296 3882 3513 3967 plebem
3562 3899 3657 3955 sine
3675 3893 3744 3965 qi-

2212 3994 2385 4051 _scopo
2404 3981 2494 4073 vel
2523 3985 2840 4056 presbytero
2873 3984 3083 4058 aliQuos
3114 3982 3505 4061 baptizaverit,
3532 3992 3745 4073 episcopus

2208 4087 2313 4141 eos
2334 4072 2430 4143 per
2452 4072 2880 4132 benedictionem
2904 4078 3166 4148 perficere
3185 4081 3434 4151 debebit;
3450 4072 3589 4156 quod
3611 4083 3647 4139 si
3665 4092 3745 4134 ani:

2218 4160 2287 4218 de
2327 4163 2525 4220 saeculo
2555 4168 2861 4236 recesserit,
2903 4168 3005 4225 sub
3039 4169 3145 4227 ﬁde
3183 4186 3292 4243 qua
3331 4174 3459 4245 quis
3502 4171 3745 4233 crediderit.

2216 4257 2417 4327 poterit
2443 4272 2564 4314 esse
2582 4252 2787 4329 justus.

2288 4347 2542 4408 LXXVII.
2590 4342 2650 4407 Si
2679 4353 2801 4423 quis
2837 4352 3011 4412 ﬁdelis
3037 4355 3245 4414 habens
3288 4373 3541 4427 uxorem,
3566 4351 3749 4416 camil-

2217 4439 2335 4495 dma
2360 4441 2445 4495 vel
2472 4440 2659 4515 gentili
2693 4442 2857 4501 fuerit
2884 4448 3208 4514 mmchatus,
3243 4465 3274 4505 a
3303 4451 3664 4507 communione
3687 4461 3744 4501 u-

519 4558 587 4598 eo
613 4540 758 4611 quod
787 4542 858 4596 sit
896 4540 1158 4607 incestus,
1187 4538 1392 4611 placuit
1421 4553 1525 4594 nec
1572 4539 1628 4594 in
1672 4538 1834 4595 finem
1875 4540 2109 4595 daridam
2134 4537 2192 4562 "
2220 4544 2425 4591 ceatur.
2455 4537 2609 4604 Quod
2648 4539 2694 4593 si
2724 4539 2863 4595 alius
2888 4554 3013 4596 eum
3038 4540 3336 4609 detexerit,
3362 4555 3487 4615 post
3513 4540 3747 4621 quinquat-

519 4647 639 4689 esse
657 4631 1114 4688 communionem.

589 4724 772 4780 LXVI.
813 4724 1216 4780 Prohibendum
1253 4737 1321 4778 ne
1367 4738 1471 4793 qua
1503 4722 1673 4779 ﬁdelis
1715 4723 1800 4780 vel
1853 4725 2109 4780 catechu-

521 4834 700 4885 tuena,
734 4828 827 4874 aut
852 4818 1109 4882 comicos,
1141 4824 1235 4871 aut
1265 4816 1420 4885 viros,
1442 4816 1685 4872 scenicos
1714 4817 1931 4884 habeat,
1962 4834 2109 4889 quae-

517 4926 730 4979 cunque
754 4911 858 4966 hoc
894 4908 1087 4964 fecerit
1112 4924 1145 4962 a
1174 4906 1553 4963 communione
1584 4918 1854 4963 arceatur.

588 5000 795 5056 LXVII.
820 4999 1217 5056 Catecbumena
1234 4998 1279 5054 si
1306 5013 1401 5056 uer
1417 4998 1741 5053 adulterium
1780 5002 2110 5062 conceperit.

2219 4628 2371 4685 nium
2423 4638 2543 4685 acta
2593 4629 2830 4703 legitima
2880 4635 3206 4706 pmnitentia
3260 4639 3465 4709 poterit
3518 4636 3747 4695 Βοιώὶα

2217 4725 2411 4778 sociari
2441 4725 2825 4782 communioni.

2250 4882 2255 4891 η
2288 4814 2564 4873 LXXVIII.
2592 4816 2647 4873 Si
2675 4820 2796 4889 quis
2812 4818 3006 4889 ﬁdelis,
3024 4821 3164 4890 alea,
3187 4804 3243 4880 id
3267 4832 3353 4882 est
3378 4817 3745 4892 tabula,luseril,

2213 4905 2419 4978 placuit
2455 4924 2578 4965 eum
2615 4909 2912 4979 abstinere,
2950 4921 3007 4969 et
3043 4914 3087 4969 si
3128 4911 3444 4973 emendatus
3487 4910 3744 4973 cessem“.

2212 5009 2336 5069 post
2361 5017 2560 5056 annum
2589 5006 2789 5073 poterit
2814 5002 3194 5065 communione
3223 5010 3582 5068 recouciliari.

3782 3577 3788 3686 J
