3910 6446
192 362 318 423 "dii

1427 326 1919 408 praesumus
1956 340 2357 406 COLLEC'l‘lO.

3270 271 3509 415 ἠς

226 514 3487 563 _________________.._________._________.___.__.

1009 657 1354 723 iNClPIUNT
1393 648 1737 757 CAPlTUbA
1765 652 2060 713 CONCiLll
2096 644 2691 753 TARRAFONENSIS.

186 838 187 845 ‘
284 830 341 887 1.
388 828 464 887 Ut
487 814 652 884 etiam
683 823 750 880 ad
789 821 1070 895 proximas
1104 814 1384 890 sanguinis
1408 816 1534 872 cum
1571 812 1817 869 testimo-

1988 830 2045 888 8.
2085 828 2159 887 Ut
2186 829 2342 885 annis
2369 827 2598 901 singulis
2621 828 2861 901 episcopi
2886 828 3164 887 dimcesim
3190 828 3431 899 visitent,
3457 840 3516 888 et

184 924 306 979 ‘nio
336 920 527 978 clerici
555 918 777 972 vadant:

280 1014 339 1069 2.
387 1011 459 1069 Ut
492 1009 707 1067 clericis
729 1005 943 1063 emendi
974 1000 1265 1069 viiius,vei
1296 996 1566 1056 vendendi
1592 993 1818 1055 charius

154 1088 167 1178 ξ
189 1114 319 1160 σειοη
338 1098 709 1178 permittatur
732 1097 975 1155 licentia.

186 1216 195 1230 κ
238 1204 239 1207 ‘
277 1192 338 1250 3.
388 1193 464 1250 Ut
487 1189 752 1264 quantum
796 1187 1033 1246 clericus
1075 1182 1426 1257 prastiterit,
1461 1184 1676 1237 tantum
1722 1190 1815 1233 rev

207 1288 411 1360 cipiat.
506 1312 515 1315 μ
1290 1283 1295 1287 ’
1340 1310 1343 1315 ι

190 1376 193 1409 ί
278 1380 336 1435 ι.
380 1376 459 1436 Ut
490 1374 676 1433 nullus
710 1370 996 1446 episcopus
1022 1369 1110 1427 vel
1150 1368 1295 1426 infra
1337 1366 1544 1438 positus
1578 1364 1670 1421 die
1707 1362 1819 1420 Do.

204 1471 421 1528 ’minica
449 1478 647 1527 caueas
671 1467 923 1539 judicare
944 1468 1260 1536 praesumat.

280 1561 336 1616 5.
382 1554 463 1618 Ut
485 1558 677 1630 quiin
706 1555 1119 1627 metropolitani:
1148 1552 1371 1609 civitate
1393 1548 1685 1620 episcopus
1708 1558 1819 1603 non

210 1653 381 1709 fuerit
408 1652 719 1716 ordinatus,
751 1656 876 1719 post
895 1647 1032 1703 duos
1059 1658 1277 1702 metues
1308 1658 1370 1701 se
1398 1638 1819 1711 metropolitano

184 1751 535 1817 praesentet.

281 1789 776 1905 grave-trime
800 1789 971 1902 quia
1009 1825 1430 1897 metropolitano
1453 1821 1821 1880 commonitus
1856 1871 1863 1874 .

190 1929 279 1985 ad
306 1929 589 2002 synodum
610 1942 720 1984 non
748 1923 983 1990 venerit,
1010 1919 1535 1979 excommunioetur.
1764 1924 1803 1959 ’λ

186 2062 193 2068 η
279 2018 336 2077 7.
378 2021 463 2078 Ut
489 2014 785 2078 didicissent
808 2016 997 2076 clerici
1020 2014 1358 2087 septimanae
1386 2014 1627 2075 tepeant,
1651 2013 1711 2064 et
1728 2004 1821 2063 die

185 2115 452 2172 "sabbato
476 2106 670 2172 omnes
697 2106 752 2170 in
782 2120 954 2169 unum
984 2106 1333 2168 conveniant.
1678 2138 1681 2139 ν

1918 938 2030 980 non
2074 918 2197 995 plus
2238 936 2401 995 quam
2442 924 2659 978 tertiam
2696 928 2909 993 partem
2946 924 3018 979 de
3053 924 3330 995 parochiis
3370 925 3519 981 ccci-1-

1920 1016 2093 1090 piant.

1994 1110 2048 1165 9.
2089 1104 2166 1164 De
2188 1105 2404 1164 clericis
2428 1117 2485 1163 et
2509 1105 2750 1163 ostiariis
2770 1106 2864 1179 qui
2906 1106 3173 1165 adulteris
3194 1107 3517 1165 mulieribus

1920 1200 2310 1266 admiscentur,
2340 1205 2401 1255 ut
2428 1198 2840 1270 prohibeantur.

1992 1290 2081 1348 1ο.
2123 1291 2196 1350 Ut
2233 1291 2413 1347 nullus
2442 1291 2728 1362 episcopus
2762 1305 2863 1362 pro
2897 1289 3118 1361 iudiciis
3154 1304 3384 1350 munera
3416 1305 3512 1348 ae-

1920 1382 2107 1456 cipiat.
2472 1400 2475 1401 ν

1946 1484 1951 1487 ·
1993 1472 2081 1530 11.
2118 1472 2197 1531 Ut
2220 1472 2521 1529 monachus
2549 1471 2750 1527 missus
2776 1469 2972 1527 alicubi
3010 1470 3382 1529 ministerium
3398 1470 3517 1527 cleo

1922 1565 2131 1621 ricatus
2156 1578 2317 1635 agere
2346 1577 2451 1618 non
2482 1570 2800 1633 praesumat,
2830 1576 2945 1617 nec;
2963 1562 3271 1634 negotiator
3295 1562 3517 1619 existltt

1968 1655 2084 1711 12.
2124 1654 2198 1713 Ut
2242 1654 2289 1711 si
2338 1654 2624 1725 episcopus
2668 1653 2960 1709 intestatus
3004 1652 3220 1717 abierit,
3267 1652 3517 1709 inventa-

1926 1749 2067 1827 rium
2093 1747 2160 1804 de
2188 1748 2352 1805 rebus
2387 1747 2506 1819 ejus
2538 1745 2724 1817 clerici
2760 1744 2995 1811 faciant,
3027 1753 3086 1803 et
3114 1744 3297 1803 nullus
3322 1745 3522 1802 exinde

1925 1830 2131 1911 aliquid
2160 1828 2391 1894 auferat.

1998 1931 2086 2015 i3.
2129 1930 2201 1988 Ut
2218 1928 2866 2002 episcopus-dimcesauos
2884 1929 3254 2002 presbyteros,
3277 1935 3337 1985 et
3354 1934 3520 1999 quasi»

1926 2026 2152 2084 dam'ex
2179 2025 2335 2083 laicis
2364 2030 2586 2083 moneat
2612 2024 2810 2083 litteris
2832 2023 3151 2082 convenire.

1794 2132 1799 2141 ’
1851 2115 1903 2177 Β

1648 2219 1971 2252 ὸ--σ--ηιυ

756 2365 1258 2511 lNCIP‘IT.
1306 2359 1824 2509 CQNQILII

1943 2358 1975 2446 l
2084 2317 3025 2444 TARRACONENSE

1304 2557 1520 2618 Decem
1546 2551 2032 2633 episcoporum;
2060 2563 2190 2611 ara
2218 2564 2390 2621 μιν.

280 2704 346 2808 in
371 2750 591 2809 nomine
604 2747 811 2807 Christi
829 2704 1013 2804 habita
1031 2745 1271 2820 synodus
1286 2742 1622 2808 Tarracone,
1634 2692 1777 2795 anno
1789 2737 1825 2794 6

203 2831 1828 2914 ἣωὸοήάθοεὶθεωθωωυΡωῂωῶεοοωνοΜω

1912 2774 1919 2784 ε
1997 2736 2090 2794 ιγ.
2130 2735 2206 2795 Ut
2242 2706 2379 2794 nulli
2416 2736 2798 2808 episcoporum
2834 2740 2932 2791 aut
2968 2732 3409 2809 presbyterorum
3439 2688 3531 2795 vel

1924 2827 2272 2893 clericorum,
2317 2826 2406 2882 die
2449 2826 2732 2883 Dominico
2766 2825 3106 2897 propositum
3151 2825 3522 2899 cujuscunque

214 2936 565 2994 Novembris.
598 2935 958 3005 Antiquorum
991 2931 1210 2986 Patrum
1248 2937 1448 2986 statuta
1482 2927 1549 2982 de
1587 2926 1672 2981 his
1700 2940 1832 2981 cen-
1928 2936 2108 2978 causte
2146 2921 2423 2993 negotium
2455 2919 2690 2976 audeant
2717 2918 2983 2989 judicare,
3022 2918 3126 2973 nisi
3169 2918 3274 2974 hoc
3315 2926 3526 2974 tantum

214 3029 400 3085 suisse
433 3028 705 3093 videntur,
742 3041 862 3097 qua:
889 3026 944 3081 in
975 3030 1238 3094 tempore,
1264 3030 1360 3078 aut
1384 3019 1453 3077 ad
1492 3019 1611 3079 illos
1638 3016 1857 3077 relicta.

198 3129 613 3219 Ipervenerunt,
637 3128 731 3201 aut
758 3127 877 3185 acta
906 3124 1055 3201 certe
1082 3113 1394 3205 testimonio
1423 3112 1641 3183 proprio
1671 3125 1823 3197 com-

212 3192 622 3285 probaverunt;
661 3196 814 3279 cujus
851 3208 928 3262 rei
957 3197 1012 3262 et
1040 3198 1140 3263 nos
1169 3212 1459 3276 sequentes
1494 3192 1825 3271 exemplum,

213 3305 311 3362 illa
334 3320 459 3377 quae
487 3319 593 3360 non
626 3302 764 3358 fiunt
787 3301 991 3372 placuit
1014 3296 1354 3354 observanda
1383 3294 1700 3357 decernere,
1734 3298 1827 3345 aut

208 3376 501 3468 pmicrita
541 3386 745 3464 absque
774 3376 1000 3461 ambage
1028 3384 1424 3451 custodiantur,
1452 3390 1507 3440 et
1538 3381 1827 3468 praesentia

215 3464 328 3559 bac
353 3486 738 3544 observatione
764 3484 875 3540 sint
901 3481 1080 3536 ﬁrma.
1112 3477 1282 3550 Igitur
1311 3490 1433 3531 cum
1459 3475 1513 3530 in
1539 3488 1710 3529 unum
1735 3464 1829 3544 pa-

216 3570 359 3637 riter
379 3570 820 3635 convenissemus
843 3573 895 3628 in
915 3572 1108 3628 urbem
1122 3568 1583 3626 Tarraconensem
1603 3580 1723 3636 qua:
1743 3571 1830 3620 est

219 3662 643 3741 metropolitana
686 3662 1170 3724 observantissime
1213 3659 1457 3723 fundata,
1509 3654 1695 3711 titulos
1737 3664 1829 3711 stt-

219 3781 567 3840 pcrannexos
597 3762 1019 3833 conscripsimus
1045 3754 1431 3813 observandos.

298 3859 433 3918 Car.
449 3859 489 3916 l.
518 3860 593 3916 De
612 3859 696 3916 his
708 3858 906 3930 quibus
927 3869 1058 3911 cura
1076 3860 1403 3925 properante
1423 3845 1825 3919 proximitatem

223 3954 433 4011 habere
460 3951 814 4022 permittitur,
840 3958 900 4003 ut
925 3961 991 4003 ea
1022 3942 1231 4001 cautela
1258 3954 1446 3997 earum
1473 3935 1825 3994 necessitates

223 4055 554 4111 sustentem,
583 4055 643 4102 ut
672 4044 888 4116 pietatis
924 4038 1189 4097 beneﬁcia
1217 4051 1337 4109 quae
1363 4035 1443 4090 eis
1482 4042 1609 4089 sunt
1637 4043 1827 4086 neces-

225 4144 370 4201 saria
413 4156 445 4196 a
472 4141 684 4214 longius
710 4139 1005 4211 praebeant.
1042 4135 1151 4207 ipsi
1181 4146 1313 4188 vero
1352 4145 1453 4201 pro
1478 4126 1721 4183 visendis
1750 4125 1833 4181 eis

227 4251 351 4293 cum
398 4233 628 4308 ingressi
674 4230 876 4287 fuerint
922 4226 1106 4284 clerici
1156 4223 1481 4280 salutatione
1524 4226 1828 4285 recurrant,

228 4342 330 4385 nec
358 4328 432 4382 ibi
465 4325 664 4381 faciant
689 4321 1049 4378 mansionem.
1081 4316 1181 4385 Qui
1212 4325 1391 4371 tamen
1416 4329 1522 4386 non
1550 4314 1618 4367 ad
1643 4324 1830 4366 earum

225 4418 590 4475 visitationem
616 4420 869 4487 pergunt,
897 4419 1087 4467 testem
1103 4408 1281 4464 solatii
1307 4407 1388 4463 sui
1418 4406 1520 4461 fide
1541 4415 1596 4460 et
1620 4402 1832 4458 actione

222 4523 356 4571 ante
384 4512 669 4584 probatum
701 4505 994 4563 adhibeant
1020 4517 1230 4559 secum.
1273 4499 1329 4556 Si
1360 4499 1487 4570 quis
1520 4498 1635 4553 haec
1671 4511 1702 4552 a
1734 4509 1833 4550 no-

227 4604 313 4661 bis
340 4610 545 4658 statuta
574 4596 984 4667 contempserit,
1014 4594 1060 4650 si
1104 4592 1334 4647 clericus
1359 4596 1443 4645 est
1480 4587 1585 4643 loci
1636 4586 1716 4642 sui
1750 4585 1833 4641 di-

229 4699 435 4770 gnitate
460 4698 728 4767 privetur.
761 4692 821 4749 Si
852 4706 983 4749 vero
1007 4688 1291 4761 religiosus
1316 4684 1401 4741 vel
1427 4682 1744 4746 monachus,
1775 4679 1832 4734 in

228 4790 367 4845 cella
419 4787 738 4844 monasterii
785 4784 1027 4839 inclusus
1070 4778 1403 4852 poenitentiae
1447 4772 1698 4830 lamentis
1749 4770 1836 4825 in-

230 4880 475 4945 cumbat,
497 4879 585 4933 ubi
614 4875 871 4949 singulari
899 4871 1190 4929 aillictione
1209 4869 1367 4943 panis
1385 4875 1441 4925 et
1457 4880 1612 4937 aqua:
1629 4864 1831 4920 victum

232 4986 299 5028 ex
329 4969 541 5027 abbatis
566 4967 909 5025 ordinatione
934 4963 1219 5036 percipiat.

300 5061 364 5117 ll.
404 5059 685 5117 Cauouum
726 5056 949 5113 statutis
983 5054 1260 5109 ﬁrmatum
1291 5058 1400 5116 est,
1429 5056 1489 5104 ut
1524 5047 1835 5119 quicunque

234 5153 288 5210 in
330 5153 481 5210 clero
518 5164 638 5207 esse
675 5148 937 5212 voluerit,
970 5143 1186 5203 emendi
1226 5141 1405 5207 vilius,
1444 5140 1530 5195 vel
1565 5138 1833 5194 vendendi

233 5246 454 5302 charius
481 5243 661 5299 studio
680 5257 785 5297 non
811 5247 1015 5295 utatur.
1045 5236 1208 5294 Certe
1233 5235 1279 5290 si
1301 5233 1531 5290 voluerit
1554 5246 1830 5298 exercere,

226 5338 556 5397 cohibeatur
580 5350 611 5389 a
640 5333 807 5391 clero.

304 5430 388 5486 lli.
434 5427 495 5484 Si
519 5427 642 5498 quis
669 5426 901 5483 clericus
924 5422 1155 5480 solidum
1186 5421 1241 5476 in
1269 5417 1594 5475 necessitate
1618 5414 1833 5489 praesti-

238 5523 385 5589 terit,
412 5522 519 5578 hoc
543 5520 611 5575 de
645 5519 772 5573 vino
803 5516 891 5574 vel
932 5514 1207 5572 frumento
1232 5512 1484 5581 accipiat,
1508 5509 1652 5580 quod
1680 5523 1830 5563 mer-

241 5614 399 5672 candi
438 5626 604 5669 causa
646 5618 893 5681 tempore
935 5615 1141 5664 statuto
1179 5605 1454 5662 decretum
1495 5610 1580 5658 est
1622 5616 1830 5656 venun-

241 5707 392 5764 dare.
416 5705 686 5761 Caeterum
708 5702 754 5759 si
774 5700 1009 5772 speciem
1034 5712 1140 5754 non
1172 5697 1423 5753 habuerit
1444 5692 1829 5761 necessariam,

243 5803 416 5876 ipsum
444 5798 591 5874 quod
622 5799 769 5856 dedit
799 5798 917 5854 sine
942 5795 1051 5852 ullo
1079 5801 1370 5865 augmento
1402 5789 1648 5863 recipiat.

1928 3019 1989 3069 ut
2023 3012 2136 3071 Deo
2163 3018 2365 3069 statuta
2394 3009 2660 3067 soleumia
2687 3017 2969 3080 peragant,
3007 3009 3222 3064 czcteris
3255 3023 3382 3065 vero
3413 3009 3529 3065 die-

1926 3105 2031 3162 bus
2069 3105 2448 3162 cohibentibus
2488 3102 2737 3175 personis
2778 3102 2868 3158 illa
2910 3118 3032 3174 quae
3067 3101 3219 3172 justa
3267 3112 3394 3159 sunt
3432 3105 3533 3159 lia‘

1929 3199 2093 3254 beant
2122 3198 2398 3255 licentiam
2434 3195 2715 3269 iudicandi
2751 3196 2997 3267 exceptis
3024 3196 3529 3254 criminalibus'ne-

1930 3289 2110 3363 getiis.
2838 3327 2841 3330 ‹

2002 3378 2070 3435 ν.
2117 3379 2176 3436 Si
2219 3364 2346 3450 quis
2382 3380 2442 3435 in
2488 3378 2906 3450 metropolitana
2951 3380 3175 3437 civitate
3212 3392 3320 3438 non
3366 3381 3533 3439 fuerit

1930 3470 2215 3544 episcopus
2251 3472 2553 3537 ordinatus,
2591 3480 2776 3541 postea
2812 3484 2977 3542 quam
3014 3482 3267 3544 suscepta
3303 3474 3531 3533 benedi-

1924 3559 2111 3619 ctione
2165 3576 2262 3634 per
2313 3562 2715 3633 metropolitani
2777 3562 2995 3620 litteras
3049 3563 3313 3623 Ιιοηονθω
3362 3566 3533 3625 fuerit

1928 3654 2169 3724 episcopi
2216 3654 2463 3725 adeptus,
2507 3653 2564 3710 id
2609 3653 2874 3725 optimum
2912 3668 3037 3712 esse
3064 3656 3424 3724 decrevimus;
3467 3667 3534 3716 ut

1930 3747 2275 3818 postmodum
2314 3754 2522 3802 statuto
2561 3754 2826 3817 tempore,
2862 3746 2916 3803 id
2940 3756 3031 3803 est
3059 3748 3532 3820 impletis-duobus

1932 3837 2212 3893 mensibus
2238 3853 2296 3893 se
2323 3837 2723 3908 metropolitani
2757 3840 2842 3896 sui
2870 3849 3166 3911 praesentet
3196 3842 3529 3914 aspectibus,

1931 3937 1991 3984 ut
2027 3930 2095 3985 ab
2131 3929 2224 3986 illo
2266 3931 2487 3987 monitis
2532 3931 2919 3989 ecclesiasticis
2947 3932 3528 4005 ;instructus,-pleniul

1853 4042 1897 4112 ο
1929 4023 2059 4095 quid
2079 4025 2368 4079 observare
2390 4024 2584 4080 debeat
2609 4034 2976 4097 recognoscat.
3002 4024 3158 4094 Quod
3185 4027 3230 4083 si
3257 4025 3395 4081 forte
3422 4027 3531 4085 hoc

1935 4114 2163 4185 implere
2191 4114 2509 4187 neglexerit,
2544 4115 2596 4171 in
2620 4116 2829 4190 synodo
2856 4116 3167 4187 increpatus
3197 4131 3227 4172 a
3271 4114 3532 4175 fratribus

1934 4207 2261 4275 corrigatur.
2293 4206 2360 4261 Et
2388 4207 2432 4261 si
2462 4203 2602 4261 forte
2632 4205 2952 4262 infirmitate
2978 4206 3159 4278 aliqua
3188 4205 3280 4278 (ne
3300 4207 3403 4263 hoc
3427 4207 3534 4263 im-

1932 4298 2080 4371 pleat
2109 4298 2276 4384 fuerit
2319 4300 2631 4372 impeditus,
2677 4301 2781 4357 hoc
2824 4302 2939 4357 suis
2978 4300 3173 4357 litteris
3220 4301 3533 4374 metropoli-

1937 4401 2063 4447 tano
2089 4392 2330 4448 indicare
2353 4402 2626 4463 procuret.

2004 4484 2095 4542 Vl.
2136 4484 2193 4541 Si
2229 4485 2351 4556 quis
2378 4486 2755 4557 episcoporum
2791 4486 3151 4542 commonitus
3186 4501 3217 4539 a
3256 4494 3532 4560 metropo-

1931 4577 2100 4634 litano
2127 4577 2192 4632 ad
2230 4579 2496 4649 synodum
2532 4577 2678 4633 nulla
2713 4577 2864 4651 gravi
2895 4577 3259 4633 intercedente
3291 4578 3534 4635 necessi-

1900 4728 1903 4731 ,
1936 4680 2042 4728 tute
2071 4671 2337 4743 corporali
2370 4671 2554 4726 venire
2580 4670 2987 4741 contempserit,
3021 4670 3162 4724 sicut
3190 4675 3394 4722 statuta
3418 4667 3525 4723 Pa-

1935 4775 2076 4823 trum
2101 4777 2449 4832 censuerunt,
2483 4782 2654 4837 usque
2695 4765 2762 4820 ad
2804 4763 3044 4819 futurum
3075 4762 3360 4817 concilium
3392 4779 3529 4818 cun-

1934 4867 2144 4916 ctorum
2166 4861 2538 4931 episcoporum
2563 4860 2845 4915 charitatis
2864 4856 3244 4913 communione
3264 4856 3528 4927 privetur.

2006 4950 2115 5007 Vll.
2160 4952 2238 5008 De
2273 4950 2599 5008 ditecesanis
2635 4950 2879 5006 ecclesiis
2919 4948 3002 5004 vel
3038 4948 3185 5004 clero
3228 4947 3284 5003 id
3327 4947 3532 5018 piat-lit

1935 5042 2173 5109 deliniri,
2196 5052 2255 5097 ut
2274 5042 2577 5114 presbyteri
2607 5041 2692 5097 vel
2716 5040 2947 5103 diaconi,
2972 5040 3065 5111 qui
3094 5039 3224 5095 inibi
3251 5039 3529 5097 constituti

1936 5142 2214 5190 suntcum
2254 5132 2468 5189 clericis
2505 5133 2837 5203 septimanae
2874 5132 3197 5198 observent,
3232 5131 3284 5186 id
3315 5140 3430 5196 est,
3472 5139 3532 5185 ut

1935 5227 2239 5299 presbyteri
2280 5241 2445 5281 unam
2483 5224 2687 5280 faciant
2716 5223 3134 5288 hebdomadam,
3166 5238 3271 5294 qua
3313 5221 3530 5293 expleta

1937 5320 2196 5379 succedat
2223 5319 2479 5375 diaconus
2504 5318 2553 5373 ei
2585 5314 2857 5385 similiter,
2885 5332 2950 5372 ea
2979 5316 3288 5373 conditione
3316 5322 3530 5370 servata

1938 5421 1999 5469 ut
2024 5412 2201 5469 omnis
2226 5410 2406 5467 clerus
2433 5409 2521 5465 die
2550 5406 2761 5464 sabbati
2788 5407 2856 5463 ad
2884 5421 3165 5479 vesperam
3191 5406 3262 5462 sit
3283 5413 3528 5481 paratus,

1936 5523 2047 5577 quo
2074 5504 2288 5561 facilius
2310 5502 2401 5559 die
2430 5501 2712 5558 Dominico
2739 5501 3050 5559 solemnitas
3075 5514 3198 5557 cum
3223 5497 3370 5555 omni
3394 5511 3531 5568 pre.

1938 5598 2115 5656 scotia
2171 5595 2496 5661 celebretur,
2554 5594 2628 5650 ita
2685 5602 2867 5650 tamen
2920 5600 2981 5648 ut
3036 5589 3291 5648 omnibus
3338 5588 3532 5645 diebus

1938 5702 2192 5762 vesperae
2210 5695 2268 5744 et
2286 5686 2581 5742 matutinas
2595 5685 2891 5751 celebrent,
2913 5684 3039 5756 quia
3055 5681 3347 5738 desistente
3362 5676 3529 5743 clero,

1937 5784 2079 5858 quod
2106 5791 2190 5839 est
2242 5780 2555 5854 pessimum,
2580 5778 2945 5853 comperimus
2969 5777 3023 5832 in
3052 5773 3290 5833 basilicis
3318 5785 3420 5829 nec
3444 5768 3528 5847 lu-
