3910 6438
417 312 530 373 825

1314 306 1607 364 APPEND.
1647 307 1743 364 AD
1777 306 1952 368 SEC.
1995 306 2092 364 ιχ.
2120 338 2195 352 -—
2218 307 2471 368 lSlDORl
2503 308 2955 370 MERCATORIS

3617 314 3716 376 ηι

416 429 652 489 minaria
680 427 1000 485 ministrari.
1028 425 1086 484 Si
1113 426 1206 498 qui
1231 440 1362 482 sane
1387 425 1728 498 negligentiae
1750 423 1881 479 vitio
1905 424 2022 479 haec
2050 429 2104 490 Α
2129 425 2347 496 aliquod
2371 427 2732 484 ministerium
2751 427 3184 485 ecclesiasticum
3207 438 3542 500 prmsumant
3569 446 3718 504 agere

415 522 644 594 implere
671 521 966 586 noluerint,
996 519 1246 576 noverint
1273 533 1333 574 se
1370 515 1668 574 secundum
1699 525 1902 572 statuta
1931 530 2023 571 ca-

413 630 619 672 nonum
658 629 758 686 pro
797 612 958 670 modo
1005 626 1362 684 personarum
1401 608 1681 666 canonica:
1721 606 2021 680 disciplinae

415 707 750 763 subdendos.

487 800 620 856 V-lll.
656 798 946 856 Multorum
979 813 1145 855 causa
1173 796 1510 869 experientia
1544 794 1900 866 magistrante
1928 810 2018 850 re-
2055 808 2059 814 '

411 893 658 966 perimus
696 891 986 948 nonnullas
1028 891 1368 946 diuecesanas
1408 885 1670 944 ecclesias
1708 885 2016 941 destitutas.

414 985 498 1043 οι)
525 1001 686 1058 quam
713 1000 826 1040 rem
851 985 952 1040 hac
979 982 1366 1039 constitutione
1390 979 1755 1043 decrevimus,
1783 983 1843 1030 ut
1871 975 2018 1031 anti-

413 1093 536 1150 quze
571 1075 980 1134 consuetudinis
1012 1076 1146 1131 ordo
1189 1083 1456 1138 servetur,
1487 1080 1544 1127 et
1583 1069 1780 1126 annuis
1809 1067 2018 1123 vicibus

414 1171 485 1226 ab
506 1168 760 1242 episcOpo
786 1167 1052 1223 diwceses
1079 1166 1388 1230 visitentur,
1413 1161 1542 1218 etsi
1571 1175 1677 1232 qua
1705 1157 1846 1215 forte
1875 1157 2018 1214 basi-

412 1262 519 1319 lica
556 1270 772 1332 reperta
817 1260 985 1316 fuerit
1015 1259 1293 1324 destituta,
1334 1254 1677 1311 ordinatione
1720 1251 1889 1323 ipsius
1931 1265 2019 1306 re-

412 1356 599 1428 parari
637 1353 1009 1425 praecipiatur,
1051 1351 1177 1422 quia
1223 1349 1382 1406 tertia
1409 1337 1477 1404 ex
1502 1345 1754 1402 omnibus
1795 1343 2018 1414 antiqua

410 1448 709 1504 traditione
745 1454 805 1504 ut
847 1445 1148 1517 accipiatur
1183 1444 1252 1500 ab
1290 1441 1574 1514 episcopis,
1612 1437 1864 1495 novimus
1901 1444 2017 1494 sta-

411 1550 612 1597 tutum.

483 1632 577 1687 lX.
625 1631 683 1689 Si
724 1631 847 1704 quis
890 1629 1156 1686 lectorum
1197 1625 1459 1682 adultera:
1498 1620 1744 1679 mulieris
1782 1618 2020 1675 voluerit

412 1723 638 1781 misceri
661 1723 744 1779 vel
765 1723 1046 1778 adhaerere
1065 1717 1369 1783 consortio,
1390 1724 1486 1771 aut
1509 1713 1783 1784 relinquat
1803 1710 2015 1767 adulte-

2124 517 2498 588 prohibemus,
2535 518 2639 574 nisi
2675 517 2817 575 forte
2851 534 2975 574 cum
3002 518 3216 575 abbatis
3243 519 3491 588 imperio.
3529 519 3717 579 Simili-

2124 615 2210 664 ter
2248 618 2308 666 ut
2347 609 2527 666 nullus
2576 625 2786 678 eorum,
2833 609 2887 666 id
2927 619 3012 666 est
3052 611 3470 679 monachorum,
3496 609 3718 672 forensis

2123 705 2326 778 negotii
2361 713 2647 778 susceptor
2679 704 2764 762 vel
2793 713 3082 762 exsecutor
3105 704 3326 772 existat,
3357 705 3462 761 nisi
3503 705 3559 762 id
3583 708 3714 778 quod

2124 795 2445 852 monasterii
2473 796 2718 866 exposcit
2745 795 2973 861 utilitas,
3011 795 3207 851 abbate
3244 795 3349 852 sibi
3377 795 3716 856 nihilominus

2124 889 2448 960 imperante,
2493 903 2766 944 canonum
2809 895 2939 944 ante
2980 887 3165 944 omnia
3211 887 3614 946 Gallicanorum
3655 890 3714 948 de

2122 985 2210 1043 his
2237 986 2627 1043 constitutione
2659 995 2900 1043 servata.

2191 1076 2306 1135 XII.
2353 1077 2539 1134 Sicubi
2576 1077 2864 1135 defunctus
2905 1077 3071 1135 fuerit
3095 1078 3384 1151 episcopus
3411 1079 3714 1150 intestatus,

2115 1178 2244 1242 post
2273 1170 2676 1228 defunctionem
2729 1171 2850 1243 ejus
2887 1186 2919 1225 a
2961 1171 3296 1244 presbyteris
3320 1181 3377 1227 et
3401 1172 3713 1230 diaconibus

2121 1262 2189 1318 de
2222 1260 2388 1317 rebus
2417 1261 2589 1331 ipsius
2627 1261 2991 1317 inventarium
3021 1260 3259 1317 ﬁdeliter
3285 1261 3662 1318 conscribatur
3683 1277 3714 1318 a

2119 1353 2348 1409 minimo
2383 1367 2555 1424 usque
2594 1353 2661 1409 ad
2690 1353 3008 1417 maximum,
3056 1351 3112 1409 id
3147 1360 3257 1419 est,
3288 1353 3612 1410 utensilibus
3638 1355 3716 1410 vel

2119 1443 2270 1499 omni
2314 1442 2708 1514 suppellectile,
2739 1443 2814 1498 ita
2845 1451 3030 1498 tamen
3069 1450 3132 1497 ut
3160 1443 3208 1499 si
3247 1443 3371 1514 quis
3408 1444 3609 1501 exinde
3635 1444 3715 1500 vel

2118 1536 2532 1609 praisumpsisse
2560 1536 2764 1608 aliquid
2805 1535 2893 1592 vel
2931 1536 3146 1593 occulte
3185 1537 3350 1593 fuerit
3385 1537 3575 1593 tulisse
3599 1553 3718 1594 con-

2117 1629 2320 1696 vietus,
2347 1629 2643 1685 secundum
2673 1628 2805 1684 furti
2836 1637 3080 1686 tenorem
3110 1631 3362 1686 restituat
3389 1629 3666 1687 universa.

2191 1720 2330 1776 XIII.
2383 1720 2637 1791 Epistolze
2681 1719 2818 1776 tales
2859 1736 2958 1792 per
3000 1730 3185 1794 partes
3228 1737 3258 1776 a
3307 1721 3719 1792 metropolitano

411 1833 550 1882 rant,
583 1826 677 1872 aut
703 1832 734 1871 a
762 1815 911 1872 clero
939 1814 1205 1870 habeatur
1227 1821 1542 1866 extraneus.
1573 1804 1753 1863 Simili
1791 1818 2015 1861 senten-
2049 1813 2098 1875 Β
2125 1818 2255 1868 sunt
2279 1809 2595 1881 dirigendae,
2623 1819 2684 1865 ut
2708 1826 2816 1866 non
2841 1811 3015 1867 solum
3049 1827 3081 1866 ει
3115 1811 3524 1868 οειιιεάηιίυυε
3551 1813 3720 1869 eode.

409 1911 485 1966 tia
514 1909 860 1965 ostiariorum
889 1907 1144 1979 punietur
1175 1903 1416 1960 lascivia.
1457 1932 1462 1934 -

480 2000 548 2056 Χ.
582 1999 995 2058 Observandum
1023 2011 1240 2070 quoque
1269 1994 1630 2059 decrevimus,
1673 2005 1742 2048 ne
1767 1989 1891 2062 quis
1918 2003 2008 2044 sa-

409 2100 690 2157 cerdotum
720 2096 805 2154 vel
835 2097 1159 2154 clericorum
1185 2110 1338 2150 more
1382 2091 1722 2149 saecularium
1764 2089 2011 2161 judicum

410 2192 608 2246 audeat
651 2190 899 2261 accipere
943 2205 1042 2260 pro
1087 2186 1351 2258 impensis
1391 2183 1714 2257 patrociniis
1761 2196 2009 2248 munera,

409 2282 513 2339 nisi
542 2281 681 2338 forte
708 2284 761 2339 in
789 2281 1035 2338 ecclesiis
1051 2280 1240 2341 oblata
1262 2279 1526 2352 gratuita,
1554 2293 1675 2351 quae
1698 2291 1806 2332 non
1827 2274 2030 2349 favore
2059 2349 2064 2352 ι

410 2375 654 2432 muneris
681 2376 967 2432 videantur
994 2383 1238 2447 accepta,
1261 2374 1357 2430 sed
1388 2371 1675 2429 collatione
1707 2368 2014 2426 devotionis

409 2468 580 2524 inata.
631 2468 785 2537 Quod
835 2469 880 2524 si
934 2467 1161 2539 quaesita
1210 2466 1474 2538 probatur
1521 2463 1799 2534 accipere,
1847 2459 2016 2515 veluti

408 2571 633 2616 exactor
661 2560 886 2626 fenoris,
933 2567 1026 2614 aut
1067 2573 1352 2616 usurarum
1389 2571 1692 2629 possessor,
1718 2551 2014 2610 secundum

409 2660 614 2710 statuta
643 2648 864 2707 Patrum
895 2667 955 2707 se
981 2651 1195 2707 noverit
1228 2647 1658 2722 degradandum.

482 2743 571 2797 XI.
620 2741 867 2798 Monachi
913 2757 945 2796 a
989 2741 1320 2798 monasterio
1363 2739 1512 2796 foras
1556 2725 2012 2808 egredientes'ne
2103 2755 2106 2760 ·

2118 1903 2216 1960 sia:
2240 1902 2599 1975 presbyteris,
2619 1903 2975 1959 verumetiam
2999 1903 3323 1960 dimcesanis
3351 1904 3419 1959 ad
3440 1904 3720 1961 concilium

2118 1995 2356 2059 trahant,
2381 2003 2438 2050 et
2456 1993 2667 2064 aliquos
2688 1995 2756 2051 de
2778 1994 2905 2067 ﬁliis
2923 1994 3170 2053 ecclesiae
3187 1996 3544 2053 saecularibus
3567 1998 3717 2069 ιω

2120 2103 2307 2146 secum
2346 2086 2615 2143 adducere
2642 2086 2897 2143 debeant.
2927 2084 3164 2143 Joannes
3191 2087 3246 2143 in
3276 2087 3480 2144 Christi
3510 2089 3719 2144 nomine

2120 2178 2411 2250 episcopus
2433 2175 2862 2234 Tarraconensis
2892 2177 3155 2242 civitatis,
3183 2176 3665 2233 constitutionibus
3689 2193 3718 2232 a

2120 2269 2279 2326 nobis
2309 2267 2636 2339 conscriptis
2680 2267 3000 2339 subscripsi.
3034 2267 3237 2324 Paulus
3279 2269 3335 2323 in
3374 2266 3580 2324 Christi
3627 2282 3720 2323 no-

2120 2364 2267 2418 mine
2303 2363 2604 2434 episcopus‘
2629 2362 2951 2434 subscripsi,
3000 2371 3057 2419 et
3094 2365 3450 2436 coepiscopus
3489 2363 3718 2420 subscri-

2119 2449 2248 2530 psit.
2302 2455 2672 2512 Fortunianus
2725 2456 3046 2526 subscripsi.
3100 2456 3353 2528 Agricius
3399 2454 3711 2526 subscripsi.

2058 2556 2060 2558 ’
2121 2547 2384 2608 Orontius
2428 2547 2747 2620 subscripsi.
2797 2547 3118 2604 Vincentius
3185 2547 3506 2619 subscripsi.
3553 2545 3714 2604 Ursus

2122 2641 2442 2714 subscripsi.
2470 2641 2717 2699 Emidius
2744 2641 3067 2714 subscripsi.
3097 2638 3376 2698 Nibridius
3403 2639 3712 2712 subscripsi.

424 2847 3704 2886 MM

1343 3014 1697 3076 INCIPIUNT
1734 3011 2083 3073 CAPITULA
2103 3010 2404 3072 CONCILII
2441 3009 2958 3069 GERUNDENSIS.

487 3181 538 3237 1.
571 3178 644 3237 Ut
671 3189 1012 3249 unaquaque
1051 3171 1333 3247 provincia
1364 3170 1420 3228 in
1455 3167 1634 3228 oliicio
1660 3184 1832 3226 unum
1859 3167 2014 3226 ordi-
2041 3169 2090 3235 C
2191 3167 2246 3224 6.
2278 3163 2352 3223 Ut
2379 3163 2474 3236 qui
2517 3165 2634 3220 sine
2689 3163 2949 3221 uxoribus
2972 3161 3319 3229 ordinantur,
3341 3169 3635 3220 extraneas
3659 3162 3710 3219 in

411 3290 536 3332 nem
568 3281 772 3330 teneat.

481 3365 638 3422 2.Ut
696 3363 902 3419 litaniae
948 3369 1071 3434 post
1117 3360 1476 3418 Pentecosten
1537 3374 1570 3414 a
1627 3357 1822 3429 quinta
1875 3354 2016 3414 feria

409 3474 584 3530 usque
605 3459 660 3514 in
685 3457 911 3513 sabbato
939 3455 1308 3512 celebrentur.

476 3551 532 3606 3.
546 3549 624 3606 De
635 3547 891 3606 secundis
901 3546 1104 3603 litaniis
1120 3545 1386 3602 faciendis
1399 3541 1658 3600 Kalendis
1669 3539 2014 3598 Novembris.

482 3648 534 3702 Δ.
570 3645 639 3703 Ut
681 3645 891 3701 Pascha
945 3651 1156 3698 tantum
1203 3649 1261 3697 et
1307 3641 1629 3703 Pentecoste
1683 3635 2014 3708 baptismum

394 3737 853 3809 «detur,exceptis
874 3735 962 3792 his
975 3735 1068 3806 qui
1099 3735 1152 3790 in
1177 3733 1442 3804 languore
1470 3727 1800 3786 consistunt.

399 3877 402 3880 .
481 3829 534 3883 5.
565 3829 638 3886 Ut
658 3831 818 3886 unius
845 3827 950 3884 diei
979 3825 1182 3893 infans,
1206 3824 1252 3880 si
1281 3825 1335 3878 in
1359 3819 1678 3878 discrimine
1705 3826 1811 3884 est,
1833 3814 2008 3887 bapti-

412 3929 569 3977 zetur

2120 3260 2285 3317 domo
2306 3273 2415 3314 non
2442 3257 2700 3314 habeant.

2189 3352 2242 3406 7.
2270 3349 2347 3406 Ne
2393 3349 2518 3406 laici
2548 3350 2639 3420 qui
2664 3348 2883 3404 viduam
2914 3357 3008 3404 aut
3033 3347 3318 3405 dimissam
3368 3349 3704 3421 acceperint,

2120 3444 2177 3503 in
2205 3444 2353 3500 clero
2377 3457 2484 3498 non
2508 3440 2889 3497 admittantur.

2207 3536 2260 3592 8.
2323 3534 2402 3590 De
2448 3534 2537 3590 his
2593 3535 2683 3604 qui
2733 3533 2948 3606 publice
2991 3534 3370 3606 pmnitentiam
3412 3549 3525 3591 non
3573 3534 3708 3591 acci-

2125 3627 2302 3699 piunt,
2369 3627 2465 3684 sed
2528 3635 2740 3683 tantum
2790 3627 3051 3683 viaticum
3091 3635 3152 3683 ut
3203 3627 3258 3684 in
3317 3626 3464 3683 clero
3487 3641 3707 3700 promo-

2125 3729 2381 3776 veantur.

2192 3812 2246 3868 9.
2276 3812 2348 3868 Ut
2372 3811 2627 3868 omnibus
2657 3811 2850 3868 diebus
2878 3811 3032 3869 horis
3057 3811 3384 3884 vespertinis
3411 3821 3468 3870 et
3486 3811 3706 3870 matuti-

2117 3905 2207 3961 nis
2227 3905 2406 3961 oratio
2435 3903 2717 3960 Dominica
2745 3903 2983 3960 dicatur.
3146 3957 3149 3959 _
3497 3890 3502 3894 ’

1142 4090 1546 4229 lNCIPlT
1601 4143 2180 4225 CONCILIUM
2237 4140 2948 4226 GERUNDENSE.

1023 4331 1185 4396 Anno,
1212 4328 1244 4382 7
1287 4325 1600 4382 Theudorici
1623 4325 1777 4397 regis,
1819 4323 2040 4397 septimo
2079 4321 2216 4380 Idus
2239 4320 2413 4388 Junii,
2447 4319 2682 4392 Agapeto
2709 4317 2807 4374 III
2838 4319 3072 4376 consule.

397 4503 400 4505 λ
485 4515 614 4572 ΟΜ».
653 4510 707 4578 ι.⁴
731 4510 803 4568 Ut
835 4509 1105 4565 institutio
1138 4507 1432 4564 missarum
1457 4506 1601 4562 sicut
1645 4505 1702 4560 in
1729 4513 2010 4575 metropo-
2039 4505 2094 4567 D
2192 4498 2284 4556 IV.
2313 4499 2394 4554 De
2428 4497 2843 4555 catechumenis
2867 4497 3214 4570 baptizandis
3237 4500 3288 4556 id
3318 4509 3589 4557 statutum
3627 4513 3704 4560 est

416 4611 580 4664 litana
624 4605 852 4661 ecclesia
900 4602 1100 4674 agitur,
1131 4600 1206 4656 ita
1257 4601 1310 4655 in
1365 4599 1461 4655 Dei
1516 4599 1737 4656 nomine
1775 4599 1829 4652 in
1859 4612 2008 4652 0mm

417 4697 813 4755 Tarraconensi
862 4693 1171 4766 provincia,
1227 4701 1338 4746 tam
1397 4692 1564 4762 ipsius
1627 4691 1808 4746 missa:
1869 4691 2006 4745 ordo

416 4809 577 4866 quam
640 4788 907 4862 psallendi
957 4787 1039 4842 vel
1097 4783 1445 4841 ministrandi
1500 4782 1841 4840 consuetudo
1891 4796 2007 4836 ser-

414 4897 561 5012 νθῖἳῖ
579 4926 658 5012 ὐι
673 4954 886 5024 expleta
913 4952 1259 5009 solemnitate
1287 4949 1652 5009 Pentecostes,
1679 4964 1732 5002 in
1762 4946 2010 5017 sequenti

417 5046 718 5117 septimana
748 5059 777 5098 a
811 5044 1002 5114 quinta
1033 5042 1167 5097 feria
1206 5042 1260 5096 in
1289 5039 1595 5107 sabbatum,
1636 5055 1734 5112 per
1771 5039 1875 5094 hoc
1914 5039 2012 5094 tri~

417 5139 584 5194 duum
605 5135 932 5192 abstinentia
962 5135 1292 5190 celebretur.

491 5228 576 5283 Ill.
610 5227 764 5294 Item,
798 5227 1033 5283 secunda
1087 5226 1280 5282 litania
1325 5225 1570 5282 facienda
1622 5233 1706 5280 est
1751 5223 2012 5280 Kalendis

418 5319 758 5394 Novembris,
796 5333 861 5372 ea
892 5327 1076 5374 tamen
1094 5317 1406 5374 conditione
1442 5326 1680 5382 servata,
1730 5326 1789 5371 ut
1837 5316 1890 5370 in
1916 5317 2009 5371 iis-

421 5414 542 5469 dem
575 5412 768 5469 diebus
808 5413 1086 5468 Dominica
1143 5411 1539 5476 intercesserit,
1567 5411 1620 5465 in
1652 5409 1758 5464 alia
1806 5407 2010 5464 hebdo-

419 5509 580 5564 mada
619 5507 919 5564 secundum
949 5505 1149 5578 prioris
1202 5505 1545 5563 abstinentiae
1603 5501 2006 5559 observantiam

425 5616 457 5656 a
483 5601 669 5672 quinta
685 5601 819 5659 feria
842 5600 1152 5672 incipiatur,
1173 5609 1227 5658 et
1253 5601 1306 5657 in
1339 5601 1566 5658 sabbato
1589 5615 1815 5671 vespere
1841 5597 2007 5655 missa

422 5681 566 5751 iacta
592 5697 831 5765 ﬁniatur,
865 5695 1062 5768 quibus
1099 5703 1280 5752 tamen
1319 5697 1510 5754 diebus
1562 5711 1592 5752 a
1639 5695 1898 5753 carnibus
1953 5701 2010 5750 et

421 5786 548 5851 vino
575 5789 912 5851 decrevimus
935 5788 1340 5850 abstinendum.

2117 4601 2178 4650 ut
2214 4594 2265 4648 in
2296 4591 2516 4648 Pascha:
2536 4589 2901 4656 solemnitate,
2933 4590 3018 4646 vel
3041 4589 3392 4649 Pentecostes
3424 4593 3493 4648 ad
3533 4595 3700 4663 bapti-

2117 4687 2350 4742 zandum
2374 4684 2612 4738 veniant.
2642 4681 2870 4738 (laeteris
2895 4681 3329 4739 solemnitatibus
3349 4682 3554 4739 inﬁrmi
3595 4695 3705 4740 tan-

2120 4773 2398 4830 tummodo
2427 4772 2657 4827 debeant
2685 4771 2970 4842 baptizari,
2994 4771 3190 4841 quibus
3224 4788 3553 4844 quocunque
3575 4783 3704 4830 tem-

2117 4883 2249 4940 pore
2277 4865 2530 4921 convenit
2552 4865 2877 4934 baptismum
2909 4880 3016 4919 non
3043 4865 3253 4936 negari.

2129 4993 2132 4997 -
2187 4958 2252 5012 V.
2288 4958 2362 5012 De
2385 4954 2626 5026 parvulis
2651 4956 2742 5025 qui
2770 4957 3060 5012 immaturo
3078 4966 3235 5012 utero
3265 4957 3393 5012 editi
3420 4969 3571 5026 sunt,
3596 4959 3703 5031 pla-

2117 5050 2229 5106 cuit
2254 5049 2530 5109 constitui,
2558 5059 2618 5101 ut
2647 5046 2693 5102 si
2724 5046 2943 5114 infirmi,
2973 5057 3033 5101 ut
3057 5049 3280 5115 assolet,
3313 5049 3520 5106 fuerint
3537 5060 3594 5106 et
3623 5051 3699 5109 lac

2113 5152 2418 5197 maternum
2444 5154 2548 5194 non
2573 5148 2852 5210 appetunt,
2884 5140 3046 5194 etiam
3077 5141 3268 5196 eadem
3311 5141 3400 5197 die
3425 5159 3537 5214 qua
3589 5144 3698 5200 nati

2115 5243 2261 5298 sunt,
2299 5233 2345 5288 si
2377 5231 2540 5287 oblati
2581 5230 2804 5297 fuerint,
2836 5231 3204 5301 baptizentnr.

2183 5326 2269 5382 Vl.
2296 5327 2373 5381 De
2401 5325 2486 5381 his
2514 5325 2603 5394 qui
2635 5324 2756 5380 sine
2780 5325 3039 5379 uxoribus
3061 5327 3388 5382 ordinantur
3433 5338 3492 5385 et
3546 5329 3697 5386 fanti-

2113 5421 2213 5477 lias
2241 5421 2436 5475 domns
2463 5419 2689 5483 habent,
2718 5419 2908 5472 habito
2928 5434 3113 5473 secum
3144 5434 3246 5490 pro
3271 5420 3396 5475 vita:
3417 5418 3700 5479 Conversa-

2116 5513 2263 5569 tione
2297 5521 2452 5584 patre
2506 5512 2559 5566 in
2616 5511 3010 5579 testimonium,
3037 5526 3146 5568 non
3194 5527 3290 5582 per
3320 5529 3698 5588 quamcunque

2115 5605 2334 5662 feminei
2379 5620 2541 5661 sexus
2562 5619 2849 5676 personam
2879 5619 3068 5659 eorum
3096 5604 3400 5661 substantia
3431 5610 3693 5679 guberne-

2116 5705 2224 5762 tur,
2253 5695 2347 5752 sed
2372 5709 2471 5765 per
2499 5710 2751 5765 puerum,
2798 5704 2890 5749 aut
2913 5710 3012 5765 per
3037 5694 3277 5752 amicum
3298 5696 3519 5754 domum
3549 5714 3692 5756 suam

2117 5786 2344 5869 debeant
2366 5785 2644 5857 ordinare,
2667 5785 2770 5849 nisi
2797 5793 3046 5854 matrem,
3072 5795 3164 5844 aut.
3192 5769 3437 5858 serotini
3465 5789 3520 5847 in
3544 5791 3691 5852 domo
