3910 6484
197 442 286 500 425

1387 437 1876 502 DECRETALIUM
1911 441 2315 502 COLLECTIO.

3312 432 3425 490 426.

198 556 472 625 habuerint,
495 560 552 612 ut
593 553 890 612 secundum
940 552 1185 628 priorum
1214 571 1482 615 canonum
1527 566 1730 615 statuta
1757 570 1810 632 Α
1834 555 2157 624 subdiderit,
2172 557 2219 611 si
2245 549 2534 625 prohibitis
2547 551 2694 608 vitiis
2719 563 2828 607 non
2849 546 3421 616 detineturobnoxius,

195 668 279 727 per
308 665 476 708 earum
517 663 792 721 personas,
824 662 1014 704 eorum
1061 649 1257 707 debeat
1285 651 1556 707 contutari
1601 650 1729 706 sub-

194 765 376 824 stantia.

252 855 349 911 VII.
387 854 440 910 SI
473 854 592 925 quis
619 854 687 910 de
724 853 878 911 Iaicis
919 861 1046 925 post
1092 867 1316 910 uxorem
1349 853 1509 909 aliam
1552 851 1733 922 cujus—3

192 960 375 1015 cunque
406 943 727 1000 conditionis
773 943 1092 1017 cognoverit
1129 944 1436 1010 mulierem,
1488 943 1545 1000 in
1583 943 1732 1000 clero

191 1037 461 1093 nullatenus
483 1037 816 1092 admittatur.
1374 1033 1379 1038 ’

252 1126 361 1182 VIII.
408 1126 454 1183 Is
479 1143 606 1182 vero
649 1127 741 1199 qui
770 1128 1106 1200 aegritudinis
1130 1128 1394 1201 languore
1445 1129 1733 1200 depressus

189 1217 481 1290 poenitentiae
521 1216 951 1273 benedictionem
981 1219 1373 1289 quamviatico
1402 1217 1736 1289 deputamus

189 1329 269 1387 per
295 1313 712 1370 communionem
748 1313 1046 1384 acceperit,
1076 1321 1130 1369 et
1157 1313 1501 1384 postmodum
1542 1326 1736 1368 recon-

187 1406 435 1462 ralescens
461 1413 622 1476 caput
654 1404 988 1476 pmnitentiaa
1021 1405 1076 1461 in
1115 1405 1348 1462 ecclesia
1377 1404 1598 1477 publice
1623 1421 1736 1464 non

1837 650 2158 706 admittatur
2183 649 2254 704 ad
2286 647 2512 704 clerum.

1908 743 2000 798 IX.
2031 741 2088 799 Id
2118 757 2334 813 semper
2375 740 2578 812 placuit
2605 737 2886 795 observari
2918 735 3174 794 omnibus
3203 733 3419 801 diebus,

1837 843 1898 891 ut
1927 843 2051 906 post
2075 833 2372 889 matutinas
2407 840 2462 888 et
2485 845 2740 902 vesperas
2768 827 2946 884 oratio
2979 825 3258 882 Dominica
3281 839 3313 880 a
3333 839 3424 880 sa-

1836 927 2056 984 cerdote
2084 924 2409 998 proferatur.
2438 921 2675 980 Joannes
2709 923 2764 976 in
2791 919 2995 977 Christi
3023 918 3243 975 nomine
3298 915 3417 986 epi-

1838 1032 2033 1088 scopus
2053 1016 2370 1088 subscripsi.
2401 1014 2767 1071 Fortunianus
2787 1010 3077 1083 episcOpus
3097 1005 3417 1079 subscripsi.

1837 1109 2039 1164 Paulus
2059 1108 2351 1179 episcopus
2375 1104 2692 1175 subscripsi.
2710 1102 2960 1174 Agricius
2985 1100 3274 1171 episcopus
3293 1095 3428 1152 sub-

1838 1201 2053 1270 scripsi.
2109 1199 2357 1256 Emidius
2420 1198 2706 1269 episcopus
2775 1193 3094 1263 subscripsi.
3145 1187 3425 1246 Nibridius

1835 1292 2120 1363 episcopus
2145 1290 2461 1362 subscripsi.
2485 1289 2744 1346 Orontius
2777 1287 3067 1358 episcopus
3091 1279 3418 1352 subscripsi.

2121 1405 2358 1478 Explicit
2381 1404 2668 1461 concilium
2693 1401 3066 1459 Gerundense.

193 1553 3425 1590 W

999 1724 1346 1785 INCIPIUNT
1381 1681 1729 1784 CAPIT-ULA
1763 1725 2060 1785 CONCILII
2096 1723 2774 1783 CAESARAUGUSTANI.

241 1859 284 1915 I.
312 1860 376 1918 Ut
395 1861 610 1920 feminze
633 1863 820 1920 fideles
837 1879 867 1920 a
887 1863 1128 1920 virorum
1160 1861 1483 1920 clericorum
1505 1861 1738 1920 caatibus
1762 1840 1813 1903 Β
1911 1859 1965 1916 5.
1997 1858 2069 1916 Ut
2091 1858 2185 1930 qui
2225 1875 2254 1914 a
2288 1857 2401 1916 suis
2426 1858 2695 1930 episcopis
2723 1854 3102 1913 communione
3120 1847 3426 1925 privamur,

183 1963 490 2023 separentur.

237 2044 283 2097 2.
309 2042 374 2100 Ut
398 2045 486 2116 qui
510 2047 904 2108 eucharistiam
948 2049 1004 2106 in
1033 2049 1261 2107 ecclesia
1295 2048 1518 2122 accipit,
1552 2055 1609 2106 et
1657 2046 1734 2107 ibi

178 2148 274 2188 eam
299 2150 398 2190 non
425 2138 719 2204 consumit,
746 2140 1259 2196 anathematizetur.

162 2255 165 2257 -
232 2226 277 2281 5.
305 2225 369 2281 Ut
393 2228 582 2285 diebus
610 2230 902 2287 Dominicis
951 2231 1130 2288 nullus
1155 2231 1382 2304 jejunet.
1409 2246 1512 2288 nec
1537 2228 1730 2289 diebus

176 2319 570 2392 quadragesimae
594 2323 662 2379 ab
688 2323 918 2380 ecclesia
947 2339 1006 2380 se
1033 2325 1298 2381 absentet.

231 2409 276 2464 4.
307 2409 371 2467 Ut
412 2414 589 2469 tribus
611 2414 964 2470 hebdomadis
1011 2431 1131 2485 qua:
1179 2423 1310 2473 sunt
1336 2423 1461 2473 ante
1484 2413 1726 2487 Epipha-

175 2498 294 2556 niam
312 2502 376 2560 ab
401 2502 633 2560 ecclesia
661 2519 820 2561 nemo
845 2507 1088 2561 recedat.

1845 1955 1913 2010 ab
1941 1951 2062 2009 aliis
2096 1968 2202 2008 non
2229 1952 2579 2025 recipiantur.

1911 2042 1967 2099 6.
1999 2041 2071 2099 Ut
2095 2043 2328 2098 clericus
2350 2043 2442 2114 qui
2471 2050 2690 2114 pr0pter
2708 2041 2894 2098 luxum
2916 2037 3213 2096 monachus
3235 2034 3427 2092 volue-

1837 2134 1911 2192 rit
1929 2151 2070 2202 esse,
2110 2135 2635 2191 excommunicetur.

1913 2228 1968 2282 7.
2001 2227 2071 2284 Ut
2099 2228 2338 2286 doctoris
2360 2228 2463 2285 sibi
2492 2241 2688 2283 nomen
2734 2226 2856 2298 quis
2886 2240 2994 2282 non
3034 2222 3296 2296 imponat,
3338 2218 3430 2276 cui

1841 2332 2158 2374 concessum
2189 2335 2295 2376 non
2329 2331 2432 2375 BSI.

1905 2413 1958 2468 8.
1984 2411 2056 2468 Ut
2082 2421 2208 2469 ante
2235 2411 2592 2484 quadraginta
2641 2425 2813 2468 annos
2842 2405 3280 2468 sanctimoniales
3316 2403 3430 2461 vir-

1836 2502 1990 2574 gines
2024 2517 2131 2561 non
2165 2503 2434 2560 velentur.

1543 2620 1999 2639 cun—ﬂ

724 2739 1120 2822 INCIPIT
1191 2739 1772 2824 CONCILIUM
1848 2738 2894 2822 CESARAUGUSTANUM

1456 2917 1746 2975 Duodecim
1766 2919 2150 2992 episcoporum.

230 3070 413 3144 Quarto
433 3076 621 3135 Nonas
657 3079 906 3136 Octobris
942 3078 1353 3152 Caesaraugusta
1391 3079 1447 3135 in
1486 3087 1728 3136 secreta-

175 3166 241 3221 rio
261 3170 613 3227 residentibus
624 3171 913 3242 episcopis,
930 3170 1168 3238 Siradio,
1186 3171 1472 3242 Delphino,
1496 3170 1728 3237 Raticio,

171 3252 404 3328 Ampelio,
433 3260 733 3332 Augentio,
762 3259 956 3328 Lucio,
985 3260 1160 3325 ltalio,
1200 3259 1540 3328 Splendinio,
1574 3259 1736 3320 Vale-

173 3347 256 3416 rio,
284 3351 567 3424 Simposio,
595 3353 811 3410 Caterio
840 3362 895 3410 et
921 3354 1095 3421 ltalio,
1128 3353 1196 3409 ab
1233 3355 1500 3411 universis
1530 3355 1734 3411 dictum

171 3449 255 3507 est,
277 3442 590 3502 Recitentur
611 3446 912 3512 sententiae;
938 3445 1140 3505 Lucius
1163 3446 1450 3517 episcopus
1485 3446 1636 3518 legit.

219 3533 331 3590 Car.
353 3535 393 3592 I.
417 3536 487 3593 Ut
503 3537 762 3594 mulieres
775 3552 963 3594 omnes
981 3537 1236 3594 Ecclesiae
1251 3538 1531 3595 catholicae
1549 3538 1736 3598 fideles

170 3636 194 3676 a
218 3625 435 3683 virorum
469 3629 777 3684 alienorum
794 3629 1026 3685 lectione
1056 3639 1110 3685 et
1131 3628 1361 3684 canibus
1389 3638 1731 3700 separentur,

168 3725 223 3766 ne
250 3712 311 3768 ad
333 3715 472 3786 ipsas
499 3717 744 3789 legentes
791 3716 881 3772 alii
909 3718 1088 3773 studio
1116 3717 1202 3772 vel
1232 3717 1483 3784 docendi,
1533 3717 1616 3773 vel
1647 3719 1733 3775 di-

168 3807 328 3861 scendi
355 3809 706 3876 conveniant,
732 3807 990 3880 quoniam
1029 3819 1084 3866 et
1116 3811 1224 3866 hoc
1244 3810 1535 3882 Apostolus
1548 3810 1728 3882 jubet.

167 3895 236 3952 Ab
260 3901 521 3958 universis
550 3901 826 3972 episcopis
845 3899 1050 3957 dictum
1072 3909 1157 3958 est
1199 3901 1490 3958 anathema
1523 3903 1736 3960 futuros

169 3987 243 4054 qui
267 3989 398 4047 hanc
426 3991 649 4047 concilii
687 3991 1014 4047 sententiam
1044 4007 1150 4047 non
1174 3990 1602 4048 observaverint.

221 4076 276 4133 II.
313 4081 438 4138 Item
473 4082 642 4154 legit:
682 4083 1038 4140 Eucharistiae
1061 4084 1293 4156 gratiam
1323 4086 1368 4141 si
1395 4085 1518 4156 quis
1543 4086 1739 4157 prt‘ba-

166 4174 240 4222 tur
257 4183 525 4244 acceptam
551 4190 658 4230 non
683 4177 1084 4247 consumpsisse
1099 4176 1152 4232 in
1172 4177 1421 4244 ecclesia,
1443 4163 1752 4236 anathema

244 4260 292 4314 in
321 4272 663 4336 perpetuum.
691 4266 772 4322 Ab
798 4267 1066 4324 universis
1094 4267 1361 4339 episcopis
1386 4269 1589 4325 dictum
1608 4280 1692 4328 est
1713 4268 1748 4328 :‘

215 4360 340 4399 acet-

215 4360 340 4405 acet.

1759 3013 1806 3079 C

1837 3075 1905 3132 de
1950 3076 2178 3133 ecclesia
2219 3076 2510 3135 absenlare
2551 3079 2606 3135 in
2662 3077 2933 3147 domibus,
2976 3093 3076 3137 nec
3122 3078 3312 3140 sedere
3358 3075 3429 3132 ad

1835 3167 2020 3224 villam
2048 3185 2149 3226 nec
2175 3180 2388 3225 montes
2416 3179 2625 3240 petere,
2678 3185 2779 3226 nec
2829 3171 2988 3228 nudis
3013 3169 3241 3242 pedibus
3278 3168 3428 3224 ince-

1837 3259 1989 3326 dere,
2020 3260 2114 3316 sed
2139 3275 2466 3316 concurrere
2493 3261 2562 3316 ad
2614 3260 2922 3318 ecclesiam.
2977 3261 3130 3328 Quod
3173 3261 3264 3330 qui
3318 3273 3428 3314 non

1833 3352 2207 3408 observaverit
2231 3352 2297 3408 de
2343 3353 2634 3422 susceptis,
2658 3353 2951 3409 anathema
3000 3353 3072 3409 sit
3119 3353 3172 3408 in
3227 3365 3425 3423 perpe-

1837 3451 2010 3497 tuum.
2037 3442 2121 3498 Ab
2135 3442 2404 3499 universis
2427 3442 2697 3514 episcopis
2723 3443 2930 3500 dictum
2956 3452 3043 3500 est
3072 3462 3086 3499 :
3118 3442 3427 3498 Anathema

1905 3628 1972 3684 V.
2003 3626 2139 3684 Item
2160 3628 2366 3685 dictum
2388 3637 2494 3694 est,
2520 3637 2584 3684 ut
2606 3628 2662 3684 hi
2691 3627 2786 3700 qui
2811 3640 2910 3698 per
2934 3624 3298 3698 disciplinam,
3333 3633 3426 3679 aut

1834 3722 2162 3777 sententiam
2191 3722 2430 3793 episcopi
2461 3721 2530 3777 ab
2562 3721 2804 3778 Ecclesia
2831 3720 3034 3776 fuerint
3061 3719 3301 3790 separati
3356 3717 3426 3772 ab

1834 3811 1956 3867 aliis
1983 3812 2253 3884 episcopis
2291 3829 2398 3870 non
2439 3815 2552 3870 sint
2579 3800 2894 3884 recipiendi;
2940 3813 3083 3883 quod
3112 3813 3157 3867 si
3189 3813 3426 3868 scientes

1832 3902 2087 3968 fecerint,
2111 3919 2216 3959 non
2261 3904 2502 3960 habeant
2539 3905 3000 3960 communionem.
3025 3903 3109 3959 Ab
3151 3902 3425 3958 universis

1834 3997 2102 4069 episcopis
2127 3997 2331 4054 dictum
2357 4007 2476 4054 est:
2510 3997 2610 4066 Qui
2635 3999 2739 4055 hoc
2759 3997 3116 4064 commiserit,
3133 3996 3421 4068 episcopo-

1836 4103 1955 4144 rum
1978 4104 2086 4144 non
2125 4089 2323 4145 habeat
2349 4091 2812 4146 communionem.

1906 4180 1992 4237 VI.
2018 4180 2151 4236 Item
2176 4180 2306 4253 legit
2338 4198 2352 4236 :
2387 4179 2444 4236 Si
2474 4181 2598 4252 quis
2619 4180 2852 4238 clericus
2875 4187 3098 4251 propter
3119 4179 3305 4234 luxum
3326 4193 3424 4234 va-

1833 4271 2129 4342 nitatisque
2174 4279 2562 4343 prtesumptum
2611 4270 2680 4327 de
2727 4269 2904 4328 officio
2971 4280 3165 4342 sponte
3215 4269 3421 4326 disces-

1746 4379 1803 4443 D
1831 4368 1966 4424 serit
1992 4383 2056 4424 ac
2081 4367 2230 4423 velut
2277 4369 2686 4423 observatorem
2726 4366 2859 4440 legis
2888 4366 3214 4423 monachum
3243 4363 3419 4420 videri

219 4435 294 4493 Ill.
319 4439 450 4498 Item
471 4443 605 4516 legit
629 4462 642 4500 :
668 4443 747 4501 Ne
771 4445 892 4517 quis
914 4444 1125 4517 jejunet
1147 4447 1234 4504 die
1249 4450 1529 4508 Dominica
1557 4466 1724 4508 causa
1746 4435 1793 4443 _
1825 4472 1886 4513 se
1929 4457 2182 4512 maluerit
2205 4472 2327 4512 esse
2351 4473 2516 4528 quam
2545 4435 2828 4523 clericum,
2861 4457 2934 4513 ita
2967 4459 3032 4512 de
3058 4455 3300 4513 Ecclesia
3326 4468 3414 4508 re-

162 4533 414 4601 temporis,
461 4545 560 4592 aut
619 4539 1007 4608 persuasionis,
1053 4550 1147 4597 aut
1193 4543 1575 4614 subreptionis,
1623 4561 1725 4603 nec

161 4625 676 4701 quadragesimarum
705 4633 892 4690 diebus
919 4638 987 4692 ab
1009 4636 1258 4693 ecclesiis
1293 4638 1484 4695 fideles
1517 4640 1718 4706 desint,

159 4727 244 4802 nec
269 4717 513 4777 habitent
542 4722 595 4777 in
623 4722 858 4781 latibulis
883 4726 1189 4782 cubitorum
1237 4743 1302 4783 ac
1331 4730 1594 4786 montium
1627 4731 1722 4802 qui

159 4799 203 4857 in
226 4810 619 4879 suSpicionibus
649 4827 1016 4885 perseverant,
1051 4818 1145 4873 sed
1171 4819 1478 4889 exemplum
1500 4827 1557 4877 et
1583 4799 1720 4892 prae-

159 4906 350 4985 ceptum
378 4903 689 4960 custodiant
711 4907 1076 4974 sacerdotum,
1106 4917 1162 4966 et
1185 4909 1254 4966 ad
1299 4910 1512 4967 alienas
1541 4912 1720 4971 nullas

159 4987 465 5052 agendorum
491 5003 854 5052 conventuum
885 5013 1077 5054 causas
1105 5001 1452 5058 conveniant.
1482 5002 1568 5060 Ab
1597 5004 1720 5060 uni-

159 5079 314 5135 versis
340 5084 614 5157 episcopis
637 5087 837 5145 dictum
868 5099 951 5147 est
981 5109 996 5146 :
1032 5093 1334 5150 Anathema
1361 5095 1435 5152 sit
1480 5097 1572 5168 qui
1616 5097 1722 5155 hoc

161 5174 493 5232 commiserit.

217 5258 297 5315 IV.
327 5263 460 5320 Item
514 5266 674 5338 legit:
707 5268 908 5343 Viginti
945 5282 1000 5329 et
1027 5289 1136 5331 uno
1164 5276 1268 5342 die,
1313 5277 1366 5334 id
1400 5287 1502 5345 est,
1547 5295 1579 5335 a
1626 5295 1718 5336 xvr

161 5343 505 5412 Kalendarum
555 5357 797 5416 Januarii
825 5378 991 5434 usque
1029 5365 1084 5421 in
1116 5368 1256 5423 diem
1284 5343 1600 5440 Epiphania:
1624 5370 1717 5440 qui

160 5448 231 5494 est
248 5454 434 5504 octavo
458 5449 585 5507 ldus
599 5451 863 5524 Januarii,
880 5459 1152 5516 continuis
1175 5461 1364 5518 diebus
1393 5462 1524 5519 nulli
1552 5463 1716 5520 liceat

1824 4547 2157 4618 pellendum,
2185 4556 2245 4602 ut
2270 4548 2376 4603 nisi
2423 4547 2664 4620 rogando
2696 4558 2862 4618 atque
2883 4545 3222 4602 obsecrando
3243 4541 3411 4612 pluri-

1825 4642 1929 4698 mis
1959 4643 2294 4713 temporibus
2321 4641 2670 4709 satisfecerit,
2699 4657 2807 4700 non
2835 4641 3146 4712 recipiatur.
3174 4635 3258 4691 Ab
3294 4635 3415 4689 uni-

1820 4731 1996 4788 versis
2033 4733 2302 4804 episcopis
2328 4733 2533 4789 dictum
2561 4741 2683 4789 est:
2715 4732 2794 4788 Ita
2823 4733 2934 4787 fiat.

1892 4822 2006 4880 VII.
2034 4822 2167 4880 Item
2195 4824 2395 4881 lectum
2422 4832 2508 4880 est
2535 4844 2549 4879 :
2579 4824 2657 4880 Ne
2673 4825 2796 4896 quis
2821 4822 3060 4879 doctoris
3077 4833 3275 4876 nomen
3303 4817 3408 4874 sibi

1822 4913 2085 4986 imponat,
2140 4926 2344 4988 praeter
2399 4918 2498 4973 has
2546 4931 2809 4988 personas
2859 4914 3056 4986 quibus
3089 4926 3408 4996 concessum

1821 5017 1928 5074 est,
1955 5008 2251 5064 secundum
2273 5009 2419 5078 quod
2442 5008 2704 5080 scriptum
2729 5013 2832 5062 est.
2872 5003 2957 5060 Ab
3000 5002 3271 5059 universis
3292 5000 3407 5072 epi-

1821 5096 2000 5166 scopis
2021 5096 2223 5152 dictum
2250 5106 2368 5153 est:
2397 5096 2602 5152 Placet.
3018 5135 3026 5146 .
3441 5085 3446 5090 ’

1896 5187 2030 5244 VIII.
2063 5188 2196 5245 Item
2227 5188 2424 5246 lectum
2452 5199 2574 5246 est:
2606 5188 2724 5244 Non
2750 5186 3006 5244 velandas
3031 5203 3150 5244 esse
3165 5185 3405 5259 virgines

1820 5295 1940 5352 qua:
1980 5295 2041 5337 se
2097 5279 2210 5336 Deo
2259 5288 2543 5346 voverunt,
2593 5279 2696 5335 nisi
2741 5279 3096 5351 quadraginta
3136 5291 3403 5333 annorum

1818 5370 2044 5444 probata
2083 5381 2276 5440 aetate,
2301 5387 2463 5443 quam
2512 5371 2766 5426 sacerdos
2809 5369 3262 5441 comprobaverit.
3318 5365 3404 5422 Ab

1817 5465 2086 5523 universis
2113 5465 2379 5537 episcOpis
2414 5464 2617 5521 dictum
2645 5474 2732 5522 est
2762 5482 2778 5520 :
2807 5461 3009 5521 Placet.

166 5586 3393 5630 .._.______________________________________

879 5737 888 5742 ·
969 5715 1315 5776 INCIPIUNT
1353 5721 1695 5781 CAPITULA
1730 5721 2019 5786 CONCILII
2057 5725 2484 5785 ILERDENSIS.

204 5814 268 5920 .I.
295 5817 370 5876 De
393 5820 480 5920 his
504 5825 596 5920 qui
617 5827 811 5886 altario
838 5828 1168 5902 ministrant,
1186 5843 1251 5906 ut
1270 5849 1300 5892 a
1330 5837 1590 5909 sanguine
1615 5837 1714 5896 ho-

152 5913 296 5966 minis
323 5926 384 5968 se
402 5913 735 5977 abstineant.

1886 5839 1941 5894 2.
1972 5840 2049 5895 De
2078 5839 2163 5897 his
2185 5840 2278 5914 qui
2314 5840 2621 5899 abortin
2662 5838 2890 5908 faciunt,
2922 5836 3010 5896 vel
3050 5839 3210 5902 natos
3264 5849 3401 5894 suos

1816 5933 2146 6000 exstingunt.

2921 6031 2974 6047 φη
2985 6031 3009 6040 -ο
3043 6027 3121 6060 ηρ

3008 6061 3090 6088 ἀἰεί
