3834 5428
460 374 567 431 89⁸1

1298 370 1588 428 APPEND.
1638 373 1737 428 AD
1768 371 1944 430 διο.
1982 369 2042 429 IX

2172 402 2184 415 -
2218 373 2472 432 lSlDORl
2500 372 2945 433 MERCATOBIS
3270 425 3275 429 .
3611 372 3690 436 118

531 488 586 543 δ’
734 484 1036 583 Ψ⁰¹¹³⁰¹³ίθν
1056 490 1119 539 ιη
1145 481 1330 539 demi
1363 483 1684 583 θῗδίηξθιντ
1702 497 1830 540 cum
1855 482 2051 541 vomu"
2220 507 2308 562 l0.
2339 508 2415 565 De
2440 508 2523 565 his
2551 524 2643 581 qut
2672 511 2899 581 jubente
2926 509 3181 583 episcopo
3220 504 3614 582 remissa'culpa
3641 512 3692 569 ab

463 589 575 635 tate
602 578 836 645 abbatis,
857 587 911 634 et
935 593 1100 649 quum
1124 578 1454 632 monasterio
1478 564 1781 637 oderuntur
1802 593 1911 635 non
1948 592 2049 634 au-

465 671 733 737 ferantur;
762 677 819 727 et
838 670 906 727 de
931 668 1174 726 basilicis
1197 683 1335 737 quas
1361 667 1485 725 laici
1514 668 1764 725 fecerint.

531 762 587 818 ι.
619 761 697 818 De
747 760 992 827 incestis,
1032 769 1093 815 ut
1136 759 1376 829 quaudiu
1425 760 1478 816 iu
1509 760 1716 818 scelere
1747 769 1877 819 sunt
1904 759 2049 821 inter

464 848 1232 921 catechumenos'habeautur.
2038 896 2043 901 .

536 943 591 1014 ὅ.
621 942 816 1001 Dahis
837 941 930 1017 qui
955 942 1153 1000 altario
1173 941 1440 1000 serviunt.
1467 940 1514 999 si
1540 941 1725 1021 subito
1750 941 1804 999 in
1833 940 2046 1020 fragili~

460 1045 632 1096 totum
656 1035 1180 1105 caruisiucideriut.

466 1162 473 1167 ε
534 1129 590 1184 θ.
624 1128 701 1183 De
725 1142 792 1183 eo
817 1127 911 1197 qui
933 1126 1110 1183 viduae
1131 1126 1417 1197 pmuiteuti
1441 1129 1523 1182 vel
1558 1127 1824 1199 religiosae
1850 1125 2050 1198 virgini

462 1222 712 1291 stuprum
740 1219 1007 1276 intulerit.

534 1311 589 1365 7.
611 1312 688 1369 De
712 1312 1259 1387 bisquisacramento
1289 1327 1347 1369 se
1372 1312 1635 1389 obligant,
1667 1328 1734 1368 ne
1764 1312 1831 1366 ad
1854 1326 2044 1383 pacem

462 1404 712 1461 redeant.
1667 1411 1685 1430 ‘

466 1506 501 1523 "
532 1495 588 1551 8.
627 1495 685 1552 Si
725 1497 957 1554 clericus
999 1512 1213 1554 servum
1237 1499 1323 1555 vel
1371 1498 1693 1570 discipulum
1725 1498 1792 1553 de
1819 1496 2049 1553 ecclesia

465 1590 717 1656 traxerit,
747 1599 805 1645 ut
831 1591 1207 1661 paenitentiam
1241 1601 1380 1667 agat.

535 1680 590 1737 9.
622 1681 699 1739 De
732 1683 819 1739 his
864 1683 957 1755 qui
1008 1685 1327 1757 rebaptizati
1376 1693 1524 1752 sunt,
1573 1692 1836 1756 quantum
1872 1680 2051 1753 pinni‘

2147 600 2377 656 ecclesia
2402 601 2557 657 exire
2583 612 2962 659 contemnunt.

2221 692 2308 749 11.
2347 693 2423 750 De
2452 694 2667 751 clericis
2715 695 2810 766 qui
2869 695 2922 751 in
2969 705 3215 752 mutuam
3257 697 3458 754 caedem
3486 711 3695 766 promn-

2147 794 2302 858 μνη,
2612 819 2616 822 ,
2852 812 2967 817 ,ί

2221 880 2309 936 12.
2340 880 2419 936 De
2463 881 2551 936 his
2573 881 2667 953 qui
2695 890 2891 940 contra
2941 895 3182 945 «nones
3208 881 3449 939 ordinati
3488 889 3621 949 sunt,
3652 889 3698 938 ut

2150 972 2512 1043 deponantur.
3678 1046 3681 1053 ν

2221 1063 2309 1119 15.
2344 1062 2419 1119 De
2446 1064 2732 1122 catholicis
2774 1064 2869 1138 qui
2914 1064 3057 1127 ﬁlios
3081 1079 3213 1123 suos
3238 1064 3608 1122 haereticorum
3630 1064 3700 1121 ba-

2151 1155 2397 1226 ptismati
2432 1158 2797 1215 tradiderunt.

2224 1247 2312 1303 11.
2344 1246 2423 1304 De
2442 1248 2745 1317 catholicis,
2778 1259 2847 1306 ut
2860 1264 2987 1308 cum
3015 1250 3370 1323 rebaptizatis
3390 1264 3499 1307 non
3519 1263 3702 1308 conver-

2151 1348 2363 1408 nentur.

2228 1432 2314 1489 15.
2348 1435 2420 1492 Ut
2464 1436 2651 1493 clerici
2684 1453 2809 1495 cum
2847 1440 3126 1515 extraneis
3156 1439 3478 1513 mulieribus
3505 1455 3605 1497 non
3630 1439 3700 1511 ba-

2153 1522 2351 1582 bitent.

2229 1616 2315 1679 16.
2347 1617 2482 1675 Cum
2510 1620 2769 1707 sacerdos
2788 1622 3042 1711 moritur,
3063 1622 3194 1695 quid
3224 1622 3290 1680 de
3315 1628 3483 1680 rebus
3507 1622 3707 1681 ecclesia

2104 1788 2113 1795 ‘
2154 1711 2494 1770 observetur.

999 1995 1400 2075 INCIPIT
1469 1993 2049 2074 CONCILIUM
2114 1996 2686 2077 lLEBDENSE
2739 1984 3217 2115 HABITUM

1142 2148 1399 2209 Habitum
1433 2167 1573 2208 anno
1603 2152 1910 2209 duodecimo
1936 2149 2416 2223 Theodoricircgis,
2444 2161 2625 2211 octavo
2650 2149 2785 2208 Idus
2816 2150 3063 2224 Augusti.

539 2299 669 2357 CAP.
685 2302 727 2357 l.
752 2301 827 2358 De
850 2303 934 2361 bis
958 2303 1169 2361 clericis
1197 2305 1288 2375 qui
1312 2306 1365 2361 in
1386 2304 1791 2362 obsessionibus
1812 2303 2049 2365 necessi-

2152 2302 2368 2369 cuiant,
2432 2302 2637 2375 placuit
2678 2300 2960 2381 quomque
3019 2302 3074 2358 in
3137 2303 3255 2377 ipso
3309 2303 3632 2360 detestaudo
3676 2311 3717 2358 et

465 2376 576 2448 tate
607 2394 766 2464 positi
799 2393 1020 2463 fuerint,
1054 2397 1105 2453 id
1130 2406 1389 2453 statutum
1423 2407 1506 2454 est
1532 2406 1589 2452 ut
1613 2399 1703 2470 qui
1726 2397 1918 2453 altario
1948 2398 2052 2452 mi-
2154 2392 2341 2448 illicito
2388 2395 2569 2449 carnis
2629 2376 2989 2450 contubernio
3034 2376 3413 2465 perSeverant,
3472 2410 3637 2465 usque
3665 2393 3715 2447 ad

466 2485 718 2552 nistraut,
739 2496 792 2542 et
821 2487 1023 2546 Christi
1052 2505 1250 2561 corpus
1276 2499 1332 2546 et
1360 2490 1677 2561 sanguinem
1696 2489 1936 2553 tradunt,
1962 2486 2055 2544 vel
2077 2552 2119 2561 _
2156 2488 2351 2541 missas
2414 2494 2620 2540 tantum
2678 2485 3199 2542 catechumenorum
3255 2487 3306 2541 in
3363 2486 3596 2542 ceciesia
3641 2485 3716 2537 ad-

461 2592 589 2632 vasa
625 2593 780 2635 sacra
819 2580 995 2637 cilicio
1040 2552 1292 2654 deputata
1324 2552 1684 2646 contrectant,
1707 2590 1769 2637 ut
1798 2581 1867 2637 ab
1896 2552 2044 2637 omni
2077 2552 2127 2613 Β
2156 2570 2457 2645 mittantur,
2516 2596 2639 2636 cum
2697 2581 2894 2650 quibus
2926 2580 3092 2635 etiam
3157 2594 3259 2636 nec
3303 2579 3490 2635 cibum
3539 2590 3717 2633 sumere

459 2672 696 2729 humano
720 2676 984 2747 sanguine
1005 2677 1170 2732 etiam
1194 2676 1377 2732 hostili
1398 2690 1458 2730 se
1475 2674 1814 2741 abstineant;
1831 2676 1974 2746 quod
1997 2674 2045 2735 si

459 2761 513 2816 in
544 2763 649 2817 hoc
672 2764 983 2832 inciderint,
1005 2765 1215 2822 duobus
1258 2767 1436 2831 annis,
1496 2775 1603 2821 tam
1654 2764 1829 2819 cilicio
1882 2780 2044 2835 quam

460 2857 843 2913 communione
870 2858 1172 2929 priventur,
1202 2859 1275 2913 ita
1302 2866 1362 2913 ut
1383 2858 1592 2912 duobus
1616 2857 1796 2922 anuis,
1818 2856 2042 2929 vigiliis,

451 2945 696 3025 jejuniis,
726 2948 1064 3005 orationibus
1086 2961 1141 3003 et
1166 2949 1527 3021 eleemosynis
1554 2963 1652 3019 pro
1680 2947 1888 3003 viribus
1908 2963 2046 3020 quas

458 3038 720 3098 Dominus
748 3043 1033 3099 donaverit
1070 3044 1378 3115 expientur,
1406 3052 1463 3099 et
1488 3043 1561 3099 ita
1609 3043 1823 3099 demum
1867 3037 2044 3098 oﬂcio

465 3130 622 3204 103
638 3133 721 3190 vel
734 3137 1095 3192 communioni
1118 3135 1431 3202 reddantur,
1448 3150 1512 3191 ea
1541 3142 1719 3191 tamen
1737 3134 1945 3201 ratione
1974 3149 2043 3191 ne

458 3226 689 3284 ulterius
728 3228 795 3284 ad
827 3229 1004 3285 officia
1032 3231 1240 3302 potiora
1267 3232 1656 3302 provehantur.
1685 3229 1839 3299 Quod
1870 3232 1914 3286 si
1954 3232 2041 3287 in-

458 3320 611 3377 finito
641 3331 883 3396 tempore
904 3326 1323 3398 negligentior-es
1345 3328 1489 3383 circa
1522 3326 1749 3384 salutem
1774 3344 1926 3384 suam
1949 3345 2044 3384 ex-

456 3411 715 3478 stiterint,
741 3415 1041 3485 protelandi
1073 3417 1240 3487 ipsius
1256 3416 1592 3489 poenitentia!
1628 3427 1841 3490 tempus
1868 3419 1919 3474 in
1948 3434 2043 3489 po-

457 3512 652 3561 testate
674 3515 858 3562 manet
874 3508 1194 3565 sacerdotis.
1238 3570 1241 3573 ,

525 3596 586 3652 li.
622 3595 686 3653 ili
708 3614 838 3655 vero
858 3600 950 3670 qui
993 3601 1131 3655 male
1157 3610 1450 3671 conceptos
1492 3618 1561 3658 ex
1586 3600 1852 3657 adulterio
1898 3600 2042 3655 fetus

453 3685 539 3740 vel
564 3688 738 3744 editos
782 3704 982 3746 necare
1025 3692 1353 3757 studueriut,
1382 3694 1463 3748 vel
1507 3694 1561 3747 in
1592 3695 1876 3749 ventribus
1920 3709 2038 3748 ma—

458 3785 601 3831 trum
667 3778 980 3848 potionibus
1025 3780 1293 3851 aliquibus
1342 3782 1661 3847 colliserint,
1694 3782 1747 3836 in
1809 3792 2038 3854 utroque

2136 2670 2319 2727 'uilum
2398 2671 2872 2741 Christianorum,
2936 2672 3085 2745 sicut
3157 2671 3460 2743 Apostolus
3549 2670 3715 2741 jussit,

2152 2773 2368 2835 oportet

2227 2857 2289 2911 ν.
2349 2854 2546 2926 Siqui
2589 2855 2783 2912 altario
2824 2856 2921 2912 Dei
2965 2855 3300 2922 deserviunt,
3366 2855 3415 2911 si
3466 2854 3641 2911 subito
3690 2866 3717 2904 ιι

2121 2947 2359 3003 'siienda
2418 2948 2598 3004 carnis
2653 2947 2947 3023 fragilitate
3007 2947 3355 3014 corruerint,
3408 2956 3471 3002 et
3523 2943 3717 3000 Domino

2153 3039 2477 3109 respiciente
2522 3040 2682 3110 digno
2733 3040 3107 3110 pcenituerint,
3166 3040 3240 3095 ita
3298 3047 3359 3095 ut
3409 3037 3716 3096 mortiﬁcata

2150 3147 2380 3203 corpore
2429 3134 2611 3190 cordis
2670 3135 2890 3190 contriti
2941 3134 3272 3192 sacriﬁcium
3331 3136 3446 3191 Deo
3495 3132 3716 3197 oﬂ‘erant,

2152 3234 2370 3281 maneat
2418 3227 2468 3281 in
2510 3235 2778 3296 potestate
2829 3226 3104 3300 pontificis
3151 3227 3235 3284 vel
3279 3228 3562 3283 veraciter
3608 3223 3717 3281 adli-

2152 3328 2272 3373 ctos
2295 3333 2401 3373 non
2433 3318 2521 3373 diu
2581 3320 2935 3390 suspendere,
2975 3318 3063 3375 vel
3096 3318 3402 3375 desidiosos
3450 3318 3719 3391 prolixiora

2153 3419 2393 3479 tempore
2419 3409 2486 3464 ab
2516 3408 2770 3466 Ecclesiae
2795 3422 3024 3483 corpore
3069 3426 3378 3485 segregare,
3428 3411 3510 3469 ita
3539 3419 3716 3473 tamen,

2149 3508 2209 3555 ut
2263 3501 2343 3557 sic
2395 3500 2694 3557 ciliciorum
2760 3502 2876 3558 loca
2932 3498 3228 3573 recipiant,
3280 3516 3348 3557 ne
3409 3502 3623 3572 possint
3668 3496 3721 3575 ad

2147 3592 2341 3649 altiora
2393 3593 2568 3650 ofiicia
2628 3596 2855 3653 ulterius
2902 3594 3229 3667 promoveri;
3258 3594 3402 3666 quod
3445 3595 3495 3652 si
3550 3596 3719 3651 iterato

2147 3687 2291 3742 velut
2337 3704 2498 3744 canes
2551 3688 2619 3744 ad
2662 3690 2923 3744 vomitum
2973 3688 3175 3745 reversi
3228 3686 3461 3755 fuerint,
3500 3703 3606 3744 non
3649 3700 3720 3740 so-

2145 3775 2255 3831 lum
2307 3777 2565 3849 dignitate
2612 3776 2772 3834 ofﬁcii
2830 3787 3075 3843 careant,
3125 3778 3221 3835 sed
3268 3778 3441 3837 etiam
3492 3781 3715 3834 sanetam

458 3882 590 3923 sexu
621 3868 909 3934 adulteris,
964 3880 1086 3940 post
1154 3881 1358 3942 septem
1430 3886 1698 3927 annorum
1767 3873 2037 3928 curricula
2067 3913 2113 3976 Ο
2145 3870 2608 3937 communionem,
2665 3870 2767 3925 nisi
2819 3872 2873 3926 in
2915 3873 3087 3937 exitu,
3139 3888 3242 3927 non
3297 3872 3630 3943 percipiant.

455 3959 766 4014 communio
809 3959 1099 4026 tribuatur,
1152 3960 1226 4017 ita
1280 3968 1460 4016 tamen
1506 3970 1565 4017 ut
1613 3962 1759 4017 omni
1794 3970 2038 4034 tempore

456 4050 584 4105 vita:
632 4065 744 4106 suae
791 4050 1008 4109 ﬂetibus
1042 4062 1099 4108 et
1145 4053 1432 4109 humilitati
1483 4053 1757 4110 insistant.
1797 4054 1855 4110 Si
1908 4069 2039 4112 vero

457 4141 640 4198 clerici
673 4141 891 4209 fuerint,
932 4143 1166 4201 cilicium
1205 4146 1284 4202 eis
1326 4148 1667 4202 ministrandi
1712 4162 2038 4219 recuperare

458 4245 564 4287 non
590 4232 776 4302 liceat,
813 4245 1049 4293 attamen
1082 4238 1133 4293 in
1165 4239 1331 4294 choro
1359 4225 1701 4310 psallentium
1726 4258 1757 4297 a
1798 4251 2039 4314 tempore

459 4334 701 4396 receptae
730 4329 1123 4385 communionis
1160 4329 1417 4388 intersint
1443 4333 1576 4403 ipsis
1619 4333 1921 4390 beneficiis.
1975 4335 2034 4391 in

457 4410 605 4474 exitu
638 4421 867 4481 tantum,
916 4419 957 4473 si
1003 4418 1245 4476 facinora
1290 4436 1387 4477 sua
1430 4424 1576 4479 omni
1622 4435 1866 4496 tempore
1913 4425 2037 4482 vitm

459 4516 572 4559 sua:
597 4504 930 4577 delleverint,
963 4515 1271 4571 communio
1295 4515 1374 4570 eis
1404 4516 1693 4572 tribuatur.

490 4608 494 4612 ‘
525 4593 610 4652 ill.
633 4596 711 4654 De
737 4601 1014 4658 monachis
1041 4604 1093 4659 id
1116 4605 1395 4677 observari
1424 4606 1644 4676 placuit,
1683 4608 1827 4679 quod
1871 4624 2038 4682 syno-

2216 3960 2302 4016 Vl.
2358 3961 2458 4030 Qui
2501 3963 2789 4033 pmuitenti
2839 3964 3035 4029 vidum,
3083 3963 3169 4020 vel
3219 3963 3422 4036 virgini
3479 3962 3722 4034 religiosa

2141 4054 2388 4123 stuprum
2426 4053 2691 4119 intulerit,
2716 4053 2763 4109 si
2810 4070 2868 4110 se
2912 4054 2980 4110 ab
3010 4071 3076 4111 eo
3114 4063 3465 4127 sequestrare
3485 4053 3720 4114 noluerit,

2141 4143 2349 4211 pariter
2395 4157 2427 4198 a
2475 4145 2861 4203 communione
2900 4144 3335 4203 Christianorum
3381 4155 3437 4202 et
3467 4142 3720 4201 consortio

2141 4240 2476 4304 segregetur.
2510 4233 2568 4290 Si
2600 4250 2727 4291 vero
2756 4234 2847 4290 illa
2878 4252 2999 4307 quae
3020 4237 3129 4291 vim
3152 4235 3377 4306 pertulit
3397 4237 3467 4291 ad
3493 4245 3717 4291 sanctam

2138 4322 2457 4395 religionem
2484 4326 2731 4394 redierit,
2758 4327 2816 4383 in
2852 4326 2947 4383 illo
2975 4327 3092 4385 solo
3125 4328 3400 4387 sententia
3422 4342 3719 4385 excommu-

2139 4413 2428 4472 nicatiouis
2480 4423 2770 4487 teneatur,
2820 4418 2999 4490 quoad
3057 4434 3230 4493 usque
3290 4418 3511 4490 publice
3564 4418 3719 4492 poenio

2142 4515 2272 4562 teat.
2835 4512 2841 4521 '
2894 4514 2901 4523 '

2207 4595 2318 4654 VII.
2348 4594 2452 4666 Qui
2513 4611 2858 4658 sacramento
2914 4618 2974 4661 se
3017 4603 3364 4677 obligaverit,
3410 4615 3469 4661 ut
3512 4606 3716 4676 litigatis

454 4682 554 4741 dus
599 4687 926 4760 Agathensis
967 4696 1214 4749 noscitur
1269 4696 1595 4763 decrevisse,
1646 4694 1747 4753 ho’c
1785 4696 2030 4755 tantum-

2172 4696 2261 4742 um
2296 4688 2540 4758 quolibet
2567 4684 2855 4765 adipaeem
2883 4694 3033 4751 nullo
3066 4697 3227 4752 modo
3255 4696 3460 4764 redeat,
3490 4713 3593 4769 pro
3617 4710 3716 4767 per-

452 4776 611 4832 modo
664 4779 1000 4851 adiiciendo,
1060 4794 1120 4839 ut
1168 4800 1287 4839 cum
1347 4800 1447 4856 pro
1499 4786 1758 4844 Ecclesiae
1804 4790 2035 4849 utilitate

2172 4780 2278 4837 trio
2304 4796 2417 4838 uno
2451 4798 2592 4839 anno
2619 4799 2648 4839 a
2674 4788 3054 4845 communione
3093 4790 3375 4862 sanguinis
3403 4799 3455 4847 et
3481 4787 3713 4860 corporis

450 4867 661 4939 aliquos
704 4874 988 4945 episcopus
1033 4876 1347 4947 probaverit
1400 4879 1452 4932 in
1504 4880 1793 4936 clericatus
1855 4880 2030 4939 ofﬁcio
2135 4873 2349 4930 υῦῐηὶηῖ
2380 4885 2719 4953 segregatus,
2753 4887 2962 4934 reatum
2992 4895 3149 4936 suum
3180 4880 3565 4952 éleeulosyniS.
3591 4876 3715 4936 αειῑ·

448 4966 865 5032 promovendos,
896 4983 1018 5023 cum
1050 4969 1259 5025 abbatis
1304 4970 1584 5026 voluntate
1611 4974 1843 5030 debeant
1886 4975 2030 5032 ordi-

2173 4972 2256 5031 us,
2281 4976 2334 5024 et
2355 4970 2571 5039 quantis
2602 4971 2841 5040 potuerit
2860 4972 3106 5044 jejuniis,
3139 4973 3406 5035 absolvat;
3446 4974 3518 5028 ad
3549 4970 3712 5029 chari-

447 5054 588 5108 nari.
639 5054 714 5109 Ea
765 5073 893 5112 vero
944 5076 1064 5129 quae
1112 5061 1165 5113 in
1214 5060 1339 5130 jure
1388 5065 1701 5120 monasterii
1751 5066 1816 5121 de
1861 5065 2030 5122 facui-
2130 5062 3213 5132 tatemvero,quaeoperitmultitudinem
3234 5074 3708 5135 peccator-amme-

450 5145 649 5202 tatibus
709 5146 1043 5212 offeruntur,
1102 5153 1154 5207 in
1221 5154 1369 5210 nullo
1422 5155 1726 5212 dimcesana
1786 5160 1901 5212 leue
1959 5160 2029 5212 ab

2172 5150 2319 5206 eriter
2338 5151 2527 5207 venire
2545 5151 2781 5209 festinet.
