3910 6480
135 408 223 472 tu
951 403 954 406 '
1304 411 1794 471 DECRETALIUM
1829 412 2228 479 COLLECTIO.
3265 413 3366 492 t50

143 528 191 580 ut
211 519 338 576 circa
363 532 450 576 eos
467 518 554 576 illa
572 518 801 576 Nicaeum
820 522 1011 594 synodi
1027 530 1227 579 statuta
1251 537 1535 582 serventur
1554 541 1674 597 qua:
1699 531 1753 592 Α
1781 538 1958 586 tamen
1986 532 2110 603 quia
2137 533 2250 603 ipsa
2282 532 2510 600 sanctio,
2533 535 2676 606 quod
2698 533 2854 607 pejus
2873 541 2976 599 est,
3001 549 3031 589 a
3050 531 3234 590 multis
3254 532 3366 594 cleo,

141 610 198 675 de
214 611 692 680 praevaricatoribus
718 614 927 668 censita
981 627 1103 673 esse
1136 626 1452 684 noscuntur,
1482 617 1537 672 id
1567 627 1672 692 est,-

1821 625 1907 678 ieis
1937 626 2282 696 cognoscitur
2308 625 2525 692 violari,
2551 625 2623 683 ita
2660 636 2719 682 ut
2760 643 2868 684 non
2913 625 3140 697 iubente
3180 641 3365 694 sacer-

139 711 187 758 ut
205 711 390 772 septem
417 703 569 773 annis
605 704 746 760 inter
774 707 1195 766 catechumenos
1221 718 1402 774 orent,
1455 719 1510 766 et
1541 711 1676 767 duos
1779 712 1902 768 dote
1937 723 2292 784 expectorato
2319 715 2538 783 affectu,
2569 724 2791 789 totaque
2835 716 3135 787 disciplina:
3163 715 3370 772 severi-
3393 725 3428 789 ε

138 792 256 856 inter
281 793 579 860 catholicos,
605 804 667 858 et
697 804 884 865 postea
912 799 1284 855 moderatione
1307 812 1362 857 et
1387 801 1677 859 clementia
1780 807 1890 855 tate
1918 804 2250 872 posthabita,
2285 804 2597 858 immaniter
2623 821 2742 875 qua:
2771 803 2828 860 in
2861 804 3020 859 domo
3071 791 3372 874 pontiﬁcali
3398 791 3416 820 1

136 883 340 955 episcopi
373 885 614 944 ﬁdelibus
643 883 696 944 in
737 889 1011 947 oblatione
1046 893 1388 950 eucharistite
1432 910 1680 972 (30")me
1779 884 2414 964 reperiunturinvadunt
2458 905 2514 952 et
2569 896 2840 952 abradunt
2866 915 2880 950 :
2911 895 3034 951 ideo
3064 909 3209 952 nunc
3255 875 3375 967 haec,

134 977 310 1046 βίοεηῐο
1781 985 1936 1054 hujus
1963 987 2142 1060 placiti
2175 989 2562 1044 constitutione
2586 989 2727 1044 inter
2756 1005 2854 1060 nos
2888 987 3136 1045 censoria
3169 975 3376 1058 placuit

193 1069 249 1132 Χ.
275 1071 368 1138 Qui
389 1070 611 1142 iubente
657 1077 942 1136 sacerdote
997 1093 1100 1148 pro
1150 1093 1472 1152 quacunque
1520 1080 1678 1151 culpa
1781 1079 2063 1143 custodiri,
2096 1088 2154 1133 ut
2181 1079 2435 1135 defuncto
2479 1081 2722 1136 antistite
2767 1079 2848 1135 vel
2895 1080 3060 1136 etiam
3107 1079 3284 1136 adhuc
3315 1063 3376 1138 in

130 1161 382 1220 ecclesiam
409 1165 562 1222 exire
583 1170 998 1237 contempserit,
1025 1185 1126 1242 pro
1156 1187 1298 1226 noxa
1323 1173 1681 1248 contumaciae
1781 1171 2052 1240 supremis
2081 1181 2294 1241 agente,
2325 1171 2504 1227 nullus
2531 1173 2856 1228 clericorum
2912 1171 3198 1242 cujuslibet
3224 1157 3374 1226 ordié

132 1254 308 1321 tardius
335 1257 632 1327 accipiatur
661 1261 730 1315 ad
755 1261 992 1316 veniam.
1540 1247 1544 1248 ί
1787 1263 1893 1322 nis.
1924 1260 2104 1326 olﬁcii,
2131 1265 2399 1334 gradusve
2430 1264 2519 1329 sit,
2548 1264 2843 1334 quidquam
2865 1263 2932 1319 de
2966 1263 3125 1327 domo
3166 1247 3378 1334 plausu?

185 1343 264 1399 XI.
298 1345 351 1402 Si
375 1349 465 1418 qui
514 1349 698 1406 clerici
729 1351 784 1407 in
813 1363 1054 1410 mutuam
1084 1355 1285 1412 caedent
1307 1356 1678 1434 proruperint,
1787 1364 1921 1420 mat,
1951 1354 2031 1408 vel
2070 1355 2212 1425 quod
2255 1356 2320 1410 de
2370 1355 2602 1411 utilitate
2632 1356 2978 1412 instrumenti
3023 1356 3212 1411 domus
3254 1368 3382 1435 esse;

130 1446 266 1508 prout
283 1438 514 1511 dignitas
541 1442 847 1500 ofﬁciorum
888 1447 943 1500 in
975 1447 1067 1501 tali
1113 1461 1341 1504 excessu
1396 1437 1680 1502 contume-
1786 1446 2119 1516 agnoscitur,
2145 1447 2197 1501 id
2227 1455 2308 1501 est
2330 1446 2547 1502 mobilis
2575 1456 2631 1502 et
2659 1446 2972 1512 immobilis,
3008 1447 3084 1500 rei
3115 1446 3380 1501 ecclesia-

129 1526 232 1584 liam
280 1530 580 1598 protulerit,
629 1548 660 1588 a
703 1535 958 1604 pontiﬁce
1006 1536 1305 1592 districtius
1351 1537 1677 1593 vindicetur.
1785 1538 1934 1592 sticae
1962 1547 2191 1593 conetur
2222 1539 2497 1606 invadere,
2537 1540 2673 1596 nihil
2700 1539 2869 1608 furto,
2901 1539 3038 1596 nihil
3083 1539 3206 1594 dolo
3249 1554 3391 1616 sup-.1

141 1653 147 1691 ς
183 1620 281 1686 xu.
302 1621 396 1694 Qui
421 1633 616 1680 contra
643 1625 860 1682 decreta
905 1642 1174 1684 canonum
1207 1628 1498 1684 indiscrete
1521 1627 1682 1684 cleri-
1786 1631 2047 1700 primens,
2074 1632 2327 1688 auferens
2353 1641 2518 1703 atque
2548 1633 2910 1698 abscondens,
2941 1633 3036 1688 sed
3068 1633 3114 1688 is
3161 1633 3247 1688 cui
3279 1631 3380 1686 do-

130 1724 202 1775 cos
251 1727 412 1784 usque
455 1729 601 1778 nunc
656 1717 1073 1784 ordinaverunt,
1127 1718 1208 1774 eis
1262 1718 1538 1781 Dominus,
1597 1717 1682 1775 vel
1798 1741 1918 1779 mus
1948 1726 2235 1781 commissa
2264 1735 2350 1782 est
2371 1726 2884 1798 subjectissibicum
2902 1726 3130 1782 consilio
3170 1740 3277 1780 uno
3297 1722 3389 1800 vei

130 1813 286 1876 sancta
309 1816 362 1860 et
387 1807 761 1866 ecclesiastica
777 1811 1292 1882 charitasignoscat.
1322 1811 1530 1867 Amodo
1551 1817 1682 1868 vero
1787 1807 1998 1871 duobus
2012 1814 2366 1883 ﬁdelissimis,
2381 1818 2563 1872 omnia
2578 1818 2645 1872 ad
2662 1828 2871 1888 tempus
2893 1815 3164 1886 pontiﬁcis
3180 1815 3386 1871 substi-

130 1895 163 1954 si
188 1896 231 1952 in
251 1897 336 1954 tali
374 1915 472 1962 usu
519 1904 889 1972 proruperint,
911 1905 1190 1960 decretum
1236 1921 1503 1961 canonum
1537 1906 1680 1976 quod
1708 1891 1760 1954 Β
1788 1906 1969 1963 tuemli
1999 1907 2191 1962 debeat
2221 1923 2571 1976 conservare,
2608 1908 2692 1965 vel
2734 1909 2819 1965 bis
2842 1910 2933 1979 qui
2963 1910 3014 1964 in
3043 1909 3202 1964 domo
3230 1908 3387 1962 inve-

130 1988 245 2072 cirt-‘a
266 2003 445 2048 eorum
476 2007 741 2062 personas
768 2003 1032 2055 statutum
1052 2005 1156 2062 est,
1188 1996 1238 2051 id
1265 2006 1366 2062 est,
1396 2007 1451 2052 ut
1477 1995 1680 2075 nullum
1787 1999 2011 2055 niuutur
2034 1999 2246 2056 clericis
2283 2005 2595 2056 consuetam
2640 2000 2952 2056 alimoniam
2975 1998 3382 2054 administrare.

131 2078 346 2142 ordinare
381 2083 496 2153 jam
529 2085 767 2142 audeant
797 2089 1139 2150 observetur,
1174 2088 1256 2143 vel
1292 2090 1382 2157 qui
1427 2089 1682 2160 deinceps
1788 2087 2127 2146 Substitutus
2153 2100 2333 2146 autem
2366 2090 2594 2146 antistes
2624 2099 2886 2164 susceptae
2927 2088 3071 2145 sedis
3100 2086 3386 2142 commoda

131 2170 327 2241 ordinati
372 2173 599 2243 fuerint,
630 2179 991 2250 deponantur;
1022 2179 1074 2234 hi
1115 2195 1245 2235 vero
1273 2183 1364 2251 qui
1397 2181 1530 2238 tales
1556 2182 1684 2238 hac-
1786 2183 2081 2249 ordinabit,
2107 2183 2256 2238 velut
2287 2185 2429 2238 Deus
2458 2183 2746 2253 imperavit
2791 2190 2850 2236 ut
2897 2181 2976 2236 eis
3018 2179 3095 2233 uti
3138 2193 3263 2233 cum
3301 2176 3387 2232 his

132 2268 260 2325 lenus
282 2265 511 2324 ordinati
547 2280 692 2335 sunt,
713 2271 863 2325 nullo
895 2280 1137 2342 tempore
1168 2281 1610 2342 promoveantur.
1788 2262 1987 2330 debeat
2013 2288 2149 2344 quos
2179 2273 2495 2346 cognoverit
2522 2272 2819 2344 disciplinae
2867 2281 2922 2326 et
2948 2268 3202 2326 charitati
3255 2280 3385 2337 pre-

189 2353 304 2416 Xlll.
327 2357 642 2418 Catholicus
669 2364 761 2433 qui
822 2361 960 2419 filios
995 2379 1125 2418 suos
1173 2365 1228 2418 in
1280 2365 1474 2420 haeresi
1510 2365 1686 2435 bapti-
1790 2366 2092 2421 decessoris
2118 2366 2200 2421 sui
2250 2365 2484 2421 ﬁdeliter
2505 2365 2773 2436 paruisse.
2807 2363 2959 2432 Quod
3008 2362 3052 2417 si
3101 2361 3388 2436 quisquam

133 2445 300 2506 laudes
324 2449 606 2518 obtulerit,
632 2453 836 2509 oblatio
859 2453 1006 2510 illius
1031 2453 1086 2509 in
1111 2453 1343 2511 ecclesia
1372 2454 1685 2512 nullatenus
1790 2464 1912 2526 post
1941 2457 2053 2510 haec
2083 2454 2376 2524 cujuslibet
2405 2435 2631 2518 ordinis,
2668 2462 2726 2508 ut
2753 2453 3004 2523 superius
3035 2450 3238 2506 dictum
3270 2435 3385 2512 est,

133 2537 408 2606 Weit‘iliul‘o
646 2591 650 2594 -
1703 2573 1706 2576 ·
1791 2559 2113 2618 quacunque
2140 2545 2372 2601 clericus
2390 2546 2681 2616 occasione
2705 2543 2939 2599 de'omni
2965 2541 3220 2597 facultate
3234 2539 3386 2622 quipf

189 2627 307 2694 ΧΗ.
334 2631 467 2703 Cum
509 2637 865 2708 rebaptizatis
886 2637 1074 2695 ﬁdeles
1098 2637 1338 2710 religiosi
1365 2652 1466 2694 nec
1489 2639 1541 2693 in
1565 2639 1688 2715 cibo
1792 2638 1937 2708 p‘iam
1965 2635 2228 2708 probatus
2255 2636 2422 2693 fuerit
2452 2636 2742 2692 abstulisse
2765 2635 2849 2691 vel
2875 2634 3102 2689 forsitan
3147 2632 3266 2688 dolo
3293 2630 3393 2688 ali-

134 2719 442 2791 participent.
470 2717 475 2721 ’
949 2737 953 2742 ’
1023 2745 1026 2747 ’
1793 2722 1901 2790 quo
1931 2727 2248 2796 sumpsisse,
2290 2740 2415 2782 reus
2434 2725 2704 2800 sacrilegii
2739 2724 3020 2796 prolixiori
3044 2721 3395 2777 anathemate

189 2811 1154 2879 “Familiaritatemextranearum
1170 2821 1596 2878 mulierumlicet
1621 2837 1688 2878 ex
1795 2818 2207 2884 condemnetur,
2240 2825 2294 2872 et
2317 2818 2406 2888 vix
2433 2833 2647 2888 quoque
2676 2817 2959 2888 peregrina
2990 2815 3038 2870 ei
3084 2813 3396 2890 communio

135 2909 225 2972 toto
248 2908 407 2966 sancti
435 2907 634 2968 Patres
654 2911 894 2982 antiquis
923 2915 1312 2971 monitionibus
1337 2915 1693 2986 praeceperint
1796 2909 2145 2975 concedatur,
2176 2908 2303 2978 quia
2333 2901 2527 2984 durum
2572 2917 2658 2964 est
2714 2915 2773 2961 ut
2819 2907 2873 2962 hi
2925 2921 3059 2978 quos
3089 2911 3303 2960 constat
3338 2901 3420 2958 in.

135 2997 344 3063 ecclesiis
373 3003 713 3069 evitandam,
737 3004 790 3060 id
817 3021 961 3062 nunc
991 3015 1170 3062 tamen
1201 3007 1360 3064 nobis
1379 3008 1553 3064 visum
1585 3015 1686 3073 est,
1797 3001 2022 3056 servitio
2050 2997 2262 3056 Domini
2286 3017 2409 3076 cum
2432 3000 2620 3078 prima:-
2651 2998 2796 3054 scdis
2818 2998 3062 3065 antistite
3082 2995 3396 3060 desudasse,
3425 3001 3428 3004 '

136 3097 182 3142 ut
211 3091 291 3158 qui
339 3093 462 3151 talis
493 3094 838 3166 probabitur,
885 3097 930 3152 si
985 3107 1112 3168 post
1162 3098 1395 3169 primam
1420 3108 1477 3154 et
1502 3113 1692 3154 secum
1797 3091 1866 3145 ab
1895 3091 1982 3147 his
2005 3092 2096 3161 qui
2127 3106 2348 3148 suarum
2379 3105 2561 3146 rerum
2581 3089 2978 3166 incubitatores
3000 3097 3163 3158 atque
3193 3100 3398 3154 vagan-

137 3178 234 3246 dum
258 3187 738 3244 commonitionem
765 3203 826 3244 se
860 3193 1151 3245 emendare
1171 3190 1490 3261 neglexerit,
1522 3192 1696 3247 donec
1734 3255 1768 3262 Δ
1801 3191 1883 3238 tes
1909 3184 2076 3239 fuisse
2098 3179 2501 3262 cognoscuntur
2527 3181 3124 3252 despcetialiquatenus
3153 3177 3401 3234 crucien-

137 3268 184 3326 iu-
219 3273 335 3332 vitio
379 3283 722 3348 perseverat,
769 3279 935 3337 ofﬁcii
991 3281 1077 3336 sui
1117 3255 1380 3353 dignitate
1425 3255 1693 3354 privetur,
1723 3255 1770 3321 (ἶ
1802 3285 1910 3354 tur_.
1945 3255 2185 3346 Sergius?
2211 3275 2265 3329 in
2314 3258 2526 3351 Christi
2572 3273 2789 3328 numine
2828 3273 3113 3344 episcopus
3144 3272 3242 3326 has
3272 3284 3399 3325 con-

138 3366 252 3430 ﬁﬂod
281 3367 323 3421 si
373 3368 491 3426 Deo
540 3368 764 3440 jurante
813 3371 1141 3438 correxerit,
1173 3351 1362 3428 sancto
1392 3351 1698 3428 ministerio
1805 3351 2140 3432 stitution'es,
2170 3366 2468 3422 secundum
2490 3365 2634 3435 quod
2659 3364 2816 3420 nobis
2849 3379 2970 3419 cum
3003 3362 3264 3434 fratribus
3290 3360 3405 3416 Deo

136 3464 460 3517 restauretur.
1808 3458 2110 3528 inspirante
2133 3456 2483 3527 complacuit,
2508 3454 2674 3528 relegi
2699 3463 2753 3510 et
2781 3454 3115 3526 subscripsi;
3137 3452 3323 3528 Justus
3347 3451 3406 3506 in

163 3546 312 3607 .IVI.
361 3550 524 3611 Licet
557 3554 625 3610 de
679 3569 740 3611 re
793 3555 1103 3627 bujusmodi
1142 3569 1310 3626 quam
1365 3556 1702 3612 constituere
1808 3550 2013 3606 Ghristi
2039 3550 2257 3605 nomine
2279 3549 2598 3625 subscripsi;
2621 3543 2857 3604 Joannes
2880 3548 2932 3602 in
2955 3547 3154 3602 Christi
3180 3546 3402 3600 nomine

136 3635 308 3700 salubri
331 3643 680 3700 ordinatione
706 3645 1050 3702 decernimus
1073 3646 1252 3717 prisca
1287 3646 1586 3702 auctoritas
1611 3661 1703 3701 ea-
1811 3645 2099 3715 episcopus
2125 3643 2420 3713 subscripsi
2451 3659 2467 3709 ;
2511 3641 2701 3698 Petrus
2723 3642 2777 3697 in
2806 3640 3007 3696 Christi
3038 3641 3256 3694 nomine
3291 3637 3406 3710 epi-

137 3742 308 3787 nonum
336 3750 442 3791 non
471 3735 712 3802 siluerit,
735 3738 831 3793 sed
857 3737 1094 3792 evidenti
1121 3738 1400 3794 sanctione
1426 3750 1704 3808 praecepe-
1815 3751 2011 3808 scopus
2056 3717 2390 3806 subscripsi;
2447 3727 2672 3789 Marulio
2708 3735 2760 3788 in
2788 3732 2992 3789 Christi
3039 3729 3259 3786 nomine
3289 3727 3405 3798 epi-

138 3820 197 3876 rit
224 3833 279 3880 ut
307 3827 687 3899 cujuscunque
733 3829 979 3886 ecclesiae
1007 3830 1265 3899 pontiﬁce
1309 3829 1567 3886 defuncto
1598 3845 1704 3885 non
1816 3845 2014 3899 scopus
2038 3829 2365 3900 subscripsi;
2390 3827 2602 3884 Taurus
2628 3827 2681 3883 in
2712 3825 2916 3883 Christi
2946 3825 3164 3880 nomine
3191 3822 3407 3895 episco-

139 3918 311 3984 passim
339 3936 438 3991 pro
470 3923 631 3977 libitu
659 3937 777 3987 suo,
808 3924 862 3977 in
891 3939 1078 3978 earum
1117 3938 1298 3978 rerum
1345 3922 1705 3993 direptionem
1817 3937 1919 3994 pus
1943 3921 2276 3992 subscripsi;
2314 3920 2610 3977 Febrorius
2641 3920 2696 3974 in
2728 3918 2931 3975 Christi
2957 3917 3175 3973 nomine
3199 3914 3409 3986 episco-

139 4023 255 4078 (μιλλε
275 4015 468 4072 Obiens
499 4014 787 4085 dereiimtit
820 4015 1108 4087 quisquam
1151 4016 1347 4079 irruat.
1373 4015 1706 4083 domumque
1817 4033 1921 4089 pus
1947 4017 2275 4087 subscripsi;
2304 4015 2506 4073 Gratus
2554 4017 2605 4070 in
2636 4013 2841 4071 Christi
2873 4012 3092 4068 nomine
3122 4008 3410 4082 episcopus

137 4102 407 4170 subvertat,
460 4107 560 4163 sed
603 4107 860 4164 sacerdos
905 4108 998 4178 qui
1043 4109 1424 4178 exsequiarum
1467 4116 1711 4177 tempore
1823 4109 2062 4166 directus
2100 4125 2130 4163 a
2181 4109 2400 4164 domino
2436 4121 2558 4163 meo
2589 4104 2865 4176 Stephano
2893 4097 3260 4176 episcopo'his
3283 4113 3415 4156 con-

138 4200 208 4246 est
241 4209 300 4248 ea
337 4198 530 4254 omnia
563 4213 684 4269 quae
712 4199 780 4254 ad
821 4199 1109 4255 utilitatem
1140 4211 1196 4254 et
1237 4199 1709 4255 conservationem
1823 4202 2195 4258 stitutionibus
2226 4199 2449 4256 interfui
2479 4207 2534 4255 et
2558 4195 2880 4268 subscripsi.

136 4287 389 4349 pertinent
417 4293 623 4356 debeat
665 4291 907 4366 diligenti
937 4289 1425 4367 circumspectione
1476 4293 1710 4360 munire,

150 4399 3404 4435 W

984 4539 1332 4600 INCIPIUNT
1363 4539 1716 4602 CAPITULA
1744 4536 2047 4603 :CONClLll
2091 4533 2486 4601 VALEN-TIM‘.

171 4793 174 4796 t
208 4719 252 4794 ιι.
276 4720 345 4781 Ut
370 4721 730 4798 Evangelium
757 4730 881 4797 post
907 4721 1223 4794 Apostolum
1248 4721 1477 4795 legatur.
1752 4701 1810 4764 1)
1866 4719 1959 4790 Α.
1986 4715 2069 4786 De
2125 4714 2402 4786 exsequiis
2448 4711 2735 4778 morientis
2781 4709 3042 4781 episcopi,
3091 4713 3146 4761 et
3192 4701 3426 4774 qualiter

203 4812 254 4885 2,
282 4813 350 4892 yt
379 4814 645 4890 defuncto
672 4815 927 4888 episcopo
951 4816 1019 4872 de
1033 4816 1198 4878 rebus
1224 4814 1416 4886 ipsius,
1438 4812 1524 4870 vel
1552 4826 1730 4873 eccle-
1836 4810 2111 4883 humum-

146 4905 250 4978 δίε,
277 4909 462 4982 nullus
481 4909 780 4985 quidquam
809 4917 1104 4980 praesumat
1127 4907 1406 4964 invadere.
1869 4957 1872 4961 ,
1909 4903 1964 4988 5.
2001 4902 2084 4970 De
2102 4901 2260 4974 vagis
2280 4911 2338 4958 et
2366 4899 2812 4988 inobedientibus
2825 4892 3056 4988 clericis.
3387 4974 3400 4988 .

209 5001 259 5062 ὅ.
296 5003 366 5076 ut
711 4980 995 5072 morientis
1023 5001 1262 5072 episcopi
1305 4999 1372 5056 de
1413 4998 1576 5056 rebus
1609 4997 1750 5073 ejus.
1899 4985 1964 5052 .6.
1999 4993 2077 5061 Ut
2115 4993 2372 5058 clericum
2431 4993 2668 5050 alienum
2705 4987 2885 5044 nullus
2925 4982 3159 5078 ordinet,
3199 4990 3298 5078 nec
3357 4980 3430 5030 sit

151 5090 276 5167 nihil
307 5067 588 5168 usurpem
785 5067 1190 5167 meLrOpolitani
1209 5067 1270 5150 et
1295 5067 1757 5162 comprovinciaQ,
1837 5087 2070 5158 clericus
2113 5087 2208 5158 qui
2254 5101 2366 5148 non
2404 5083 2676 5157 spondeat
2721 5080 2905 5137 locum
2951 5073 3046 5132 ubi
3090 5071 3162 5129 sit
3210 5067 3428 5140 delega-

152 5176 273 5258 lium
1839 5190 1948 5253 tus.

895 5399 1296 5479 INCIPIT
1371 5337 1953 5480 CONCILIUM
1983 5337 1986 5340 I
2015 5389 2710 5480 VALENTINUM

750 5560 856 5618 Sea:
912 5562 1316 5632 episcoporum,
1379 5573 1588 5615 nxxxm
1659 5560 1898 5632 habitum
1959 5573 2099 5632 anno
2162 5554 2229 5618 i5
2281 5551 2294 5607 1

1273 5597 1316 5624 ι,
1379 5573 1588 5615 nxxxm
1659 5560 1898 5632 habitum
1959 5573 2099 5632 anno
2162 5554 2229 5618 i5
2281 5548 2594 5628 Τέιεοάονὶοᾷ
2661 5545 2817 5617 regis.

229 5709 353 5768 Car.
381 5712 426 5768 ι.
457 5714 612 5792 Anno
631 5715 821 5785 quinto
860 5714 1071 5769 decimo
1109 5711 1428 5768 Theodorici
1461 5712 1603 5784 regis
1635 5718 1736 5768 sub
1841 5711 2012 5766 nostri
2033 5694 2928 5782 IesuChristiValentinoconeilio
2941 5683 3440 5792 congregato..dtpn

173 5791 252 5859 die
293 5784 525 5865 secundo
579 5784 761 5866 Nonas
786 5805 1124 5876 Decembris,
1157 5805 1213 5862 in
1251 5806 1472 5864 nomine
1518 5807 1732 5864 Domini
1836 5802 2233 5861 ecclesiasticas
2264 5795 2478 5870 regulas
2509 5801 2872 5852 tractaremus
2900 5784 3153 5864 antiquos
3200 5787 3442 5844 canone!

1769 5945 1779 5965 ἑ

1778 5967 1788 5975 ’
2715 5969 2748 5998 δ
