3910 6438
451 359 551 415 451

1266 358 1554 417 APPEND.
1595 357 1689 448 AD
1723 353 1899 414 8113C.
1938 351 2028 411 l.\'.
2057 384 2126 396 —
2156 349 2404 410 lSlDORl
2434 346 2878 409 MERCATORIS

3624 342 3722 404 432

453 453 781 546 relegentes,
815 472 959 528 inter
995 479 1190 530 etetera
1221 472 1324 528 hoc
1352 487 1473 529 esse
1507 473 1819 529 censuimus
1851 469 2042 525 obser-
2071 479 2124 540 Α
2149 467 2316 524 sortio
2335 467 2578 538 privetur
2606 463 2884 531 Ecelesiaz,
2925 461 3052 535 quia
3086 459 3280 520 durum
3309 467 3396 519 est
3418 467 3479 515 ut
3501 458 3567 514 ad
3587 458 3720 516 illam

460 565 714 629 'vandum,
748 571 808 619 ut
857 572 1208 619 sacrosancta
1259 563 1554 635 Evangelia
1585 573 1711 619 ante
1755 576 2040 618 munerum

453 653 750 709 illationcm
827 653 879 709 in
944 655 1107 709 missa
1168 654 1686 709 eatechumcnorum
1745 653 1798 706 in
1853 652 2044 708 ordine

453 745 744 802 lectionum
767 754 888 817 post
915 746 1180 817 legantur,
1206 754 1474 816 quatenus
1495 744 1750 802 salutaria
1773 753 2044 816 praecepta

455 836 671 892 Domini
700 838 870 892 nostri
902 837 1027 893 Jcsu
1061 837 1282 903 Christi,
1315 838 1399 893 vel
1431 852 1713 894 sermones
1745 836 2045 893 sacerdotis

457 945 563 985 non
593 929 768 985 solum
808 929 1016 995 ﬁdeles,
1045 930 1138 984 sed
1170 929 1338 985 etiam
1374 928 1751 984 catechumeni
1783 943 1848 983 ac
1869 928 2046 999 ptenio

453 1030 655 1088 tentes,
683 1033 738 1077 et
768 1038 957 1078 omnes
989 1022 1080 1093 qui
1101 1038 1132 1078 e
1162 1023 1378 1078 diverso
1408 1030 1553 1087 sunt,
1591 1021 1779 1076 audire
1836 1019 2045 1075 licitum

455 1113 716 1178 habeant,
750 1113 827 1168 sic
876 1113 1021 1166 enim
1065 1111 1385 1182 pontiﬁcum
1427 1111 1815 1180 prmdicationc
1861 1109 2045 1164 audita

453 1202 741 1261 nonnullos
767 1215 1031 1260 attractos
1059 1207 1126 1260 ad
1154 1206 1312 1260 ﬁdem
1344 1205 1623 1259 evidenter
1647 1203 1870 1259 scimus.

467 1295 476 1298 ’
525 1297 587 1351 11.
621 1296 735 1353 Hoc
756 1299 918 1352 etiam
943 1297 1239 1368 placuit,ut
1259 1298 1512 1368 episcopo
1538 1314 1567 1350 a
1597 1295 1798 1351 saeculo
1820 1294 2048 1364 jubente

452 1381 685 1441 Domino
713 1387 1004 1451 accersito,
1039 1374 1222 1442 clerici
1268 1387 1336 1441 ab
1363 1386 1510 1440 omni
1556 1385 1777 1440 omnino
1815 1383 2048 1453 supelle-

451 1479 589 1544 ctili,
621 1479 704 1534 vel
728 1496 1066 1550 quzecunque
1093 1489 1217 1535 sunt
1240 1479 1294 1533 in
1324 1479 1482 1533 domo
1515 1477 1778 1542 ecclesiae,
1815 1475 1896 1530 vel
1935 1474 2048 1546 epi-

451 1570 603 1642 scopi
643 1569 696 1624 in
761 1571 934 1636 libris,
988 1571 1290 1642 speciebus,
1323 1567 1704 1624 utensibilibus
1729 1607 1744 1633 ,
1788 1565 2044 1634 vasculis,

450 1659 719 1731 frugibus,
747 1662 1020 1732 gregibus,
1054 1661 1398 1728 animalibus,
1420 1660 1502 1715 vel
1532 1660 1680 1714 omni
1715 1658 1938 1713 omnino
1963 1672 2043 1724 re,

452 1767 681 1823 rapaces
712 1769 902 1809 manus
932 1753 1262 1820 abstineant,
1294 1763 1349 1809 et
1395 1753 1531 1808 nihil
1569 1753 1840 1809 latronum
1893 1767 2047 1808 more

2145 561 2431 636 conveniat
2478 575 2642 630 quam
2687 557 2994 630 exspoliare
3042 571 3148 613 non
3198 554 3421 636 metuit,
3463 553 3566 610 nisi
3596 552 3722 611 forte

2146 635 2336 722 spiritu
2405 650 2629 708 meliore
2701 657 2982 720 correptus
3053 649 3181 703 dum
3228 662 3260 702 a
3291 635 3722 718 praesumptione

2145 744 2461 811 cessaverit,
2492 751 2778 814 recuperet
2820 739 3226 812 indulgentiam.
3257 736 3316 794 Si
3352 745 3536 793 autem
3566 737 3721 793 ratio-

2147 837 2397 893 nabiliter
2430 837 2778 906 modesteque
2817 833 3187 904 unusquisque
3222 831 3420 903 repetit
3459 831 3603 901 quod
3631 829 3722 887 sibi

2141 931 2263 1003 jure
2313 929 2573 996 debetur,
2617 929 2667 985 ei
2712 928 2916 999 absque
2959 927 3140 998 aliqua
3189 924 3655 982 animadversione
3697 939 3724 979 ιι

2148 1023 2564 1094 metropolitano
2588 1021 2674 1078 vel
2720 1023 2808 1078 cui
2856 1021 3173 1093 injunxerit,
3202 1029 3296 1075 aut
3327 1035 3438 1085 res,
3471 1028 3567 1074 aut
3597 1019 3724 1072 ratio

2147 1131 2254 1171 non
2289 1126 2534 1185 negetur.
2574 1113 2684 1171 llos
2729 1124 2911 1170 autem
2958 1128 3147 1170 omnes
3185 1113 3597 1184 constringunt,
3642 1109 3728 1180 qui

2151 1214 2259 1260 tam
2289 1206 2340 1260 in
2367 1205 2701 1276 praeteritum
2723 1219 2886 1275 quam
2914 1206 2968 1260 in
2997 1204 3237 1260 futurum
3268 1219 3356 1260 res
3386 1203 3629 1259 ecclesiae
3651 1199 3727 1258 vel

2149 1295 2384 1367 episcopi
2421 1305 2746 1366 usurpantes
2774 1295 3116 1365 diripuerint.

2220 1388 2310 1443 IV.
2345 1387 2477 1444 Illud
2525 1389 2690 1444 etiam
2735 1389 2962 1458 provido
3007 1387 3236 1444 consilio
3273 1387 3650 1453 decernentes,
3678 1393 3730 1442 ut

2149 1479 2277 1550 quia
2307 1493 2450 1550 saepe
2471 1488 2784 1534 sanctorum
2809 1479 3115 1535 antistitum
3145 1495 3244 1551 per
3269 1478 3576 1535 absentiam
3603 1494 3730 1534 com-

2148 1571 2486 1628 mendatoris
2528 1571 2766 1643 episcopi
2822 1572 3094 1643 exsequiae
3146 1571 3499 1638 differuntur,
3560 1572 3632 1627 ita
3680 1581 3734 1629 ut

2152 1666 2459 1722 veneranda
2491 1666 2765 1736 pontiﬁcis
2805 1667 3046 1722 membra
3095 1667 3222 1724 dum
3255 1668 3464 1724 tardius
3490 1667 3733 1724 funeran-

2153 1767 2241 1813 tur
2287 1757 2499 1826 injuriae
2541 1759 2762 1814 omnino
2806 1759 3150 1830 subjaceant,
3181 1759 3468 1831 episcopus
3503 1759 3596 1830 qui
3624 1770 3735 1830 post

451 1841 731 1912 diripiant.
770 1845 871 1912 Qui
903 1848 948 1900 si
987 1862 1251 1901 canonum
1285 1845 1612 1900 auctoritate
1651 1845 1911 1916 prohibiti
1944 1843 2044 1898 ali-
2075 1850 2125 1912 Β
2151 1857 2380 1904 mortem
2410 1848 2594 1904 fratris
2622 1849 2690 1904 ad
2734 1848 3100 1919 sepeliendum
3141 1865 3265 1906 eum
3310 1850 3445 1906 solet
3486 1849 3736 1906 invitatu;

451 1939 558 2005 qua
586 1939 924 2007 pervaserint
949 1939 1374 2010 metropolitani,
1401 1939 1488 1995 vel
1520 1939 1762 1994 omnium
1791 1951 2044 2008 compro-

451 2029 764 2084 vincialium
781 2033 1122 2088 sacerdotum
1137 2031 1478 2088 districtione
1492 2031 1668 2087 coacti
1687 2032 1740 2086 in
1757 2029 2044 2102 pristinum

452 2129 660 2176 statum
691 2125 872 2178 omnia
904 2124 1276 2196 redintegrare
1306 2133 1590 2196 cogantur,
1641 2131 1699 2176 ut
1742 2121 1876 2176 nihil
1906 2120 2046 2175 anti-

451 2213 567 2267 sait:
605 2213 683 2268 vel
723 2216 1081 2284 dispensatori
1115 2216 1296 2272 futuro
1326 2215 1762 2272 necessariorum
1815 2214 1916 2269 sub
1945 2213 2050 2270 hac

445 2301 592 2371 justa
644 2305 1032 2362 constitutione
1077 2305 1351 2378 depereat.
1385 2306 1538 2375 Quod
1580 2315 1640 2362 ut
1689 2305 2051 2364 conﬁdentius

447 2394 658 2466 justitia
685 2407 938 2453 manente
962 2409 1228 2465 servetur,
1245 2400 1542 2455 secundum
1565 2397 2052 2471 Regiensissynodi

453 2487 770 2552 constituta,
816 2489 1070 2559 episeopo
1125 2504 1156 2545 e
1204 2504 1435 2561 corpore
1474 2490 1783 2556 recedente,
1821 2489 2052 2544 vicinior

452 2573 528 2630 illi
560 2577 784 2632 accedat
818 2578 1122 2650 episcopus,
1153 2579 1245 2650 qui
1283 2594 1351 2634 ex
1382 2595 1532 2635 more
1579 2578 1855 2651 exsequiis
1910 2578 2052 2636 cele-

452 2667 656 2738 bratis,
689 2670 875 2726 statim
912 2672 1158 2728 ecclesia:
1208 2673 1379 2744 ipsius
1428 2688 1616 2728 curam
1647 2672 2054 2729 districtissinte

453 2769 627 2829 gerat,
664 2777 731 2816 ne
757 2763 888 2832 quid
929 2773 1054 2818 ante
1107 2763 1511 2820 ordinationem
1558 2762 1731 2819 futuri
1780 2763 2053 2834 pontiﬁcis

453 2855 856 2911 remanentium
898 2856 1224 2915 clericorum
1252 2861 1592 2916 subversioni
1627 2860 1714 2916 vel
1761 2859 2053 2930 direptioni

448 2945 565 3014 jam
595 2948 776 3017 liceat,
812 2951 886 3006 ita
913 2961 992 3020 ut,
1015 2956 1319 3026 perspectis
1342 2955 1619 3022 omnibus,
1649 2954 1916 3026 inspectio
1936 2969 2056 3010 cer-

454 3038 584 3124 tior,
611 3042 902 3114 descriptio
923 3044 1234 3103 ﬁdelissima
1269 3046 1509 3119 10E,si
1536 3047 1655 3104 ﬁeri
1680 3055 1884 3118 potest,
1910 3046 2056 3103 intra

455 3140 680 3189 octavas
702 3134 946 3192 defuncti
1001 3139 1102 3194 sub
1153 3138 1433 3209 diligentia
1472 3139 1761 3210 praesentis
1808 3138 2052 3211 episcopi

2148 1955 2462 2006 occurrere,
2493 1940 2765 1994 inﬁrmum
2811 1941 2985 2012 magis
3011 1949 3066 1996 et
3097 1941 3272 1996 adhuc
3295 1941 3350 1996 in
3379 1955 3611 2012 corpore
3651 1955 3738 2012 po-

2151 2034 2315 2089 situm
2365 2031 2674 2088 admonitus
2722 2031 2945 2089 visitare
2996 2048 3102 2088 non
3147 2030 3393 2099 differat,
3429 2041 3488 2087 ut
3539 2040 3635 2087 aut
3677 2031 3738 2087 de

2153 2123 2487 2180 revelatione
2533 2122 2832 2178 sacerdotis
2884 2121 3113 2194 amplius
3166 2123 3429 2193 gaudeat,
3472 2129 3567 2177 aut
3599 2130 3740 2178 certe

2151 2215 2220 2272 de
2249 2215 2592 2272 ordinatione
2619 2214 2812 2270 domus
2846 2229 2959 2270 sure
3000 2214 3226 2269 fratrem
3257 2215 3574 2278 admoneat,
3605 2211 3740 2280 ejus-

2153 2322 2260 2378 que
2286 2305 2619 2378 probabilem
2647 2304 2983 2362 voluntatem
3014 2304 3071 2360 in
3113 2302 3361 2360 effectum
3413 2303 3743 2360 transmittat

2153 2415 2218 2456 ac
2245 2400 2583 2455 recedentem
2607 2413 2638 2453 a
2664 2397 2881 2463 saeculo,
2909 2395 3150 2452 oblatum
3173 2412 3229 2450 in
3257 2394 3377 2465 ejus
3403 2394 3744 2451 commcnda-

2151 2491 2298 2547 tione
2323 2489 2649 2547 sacriﬁcium
2676 2491 2785 2546 Deo
2812 2490 3070 2556 ollerens,
3100 2503 3227 2545 mox
3254 2487 3546 2560 sepulturae
3575 2487 3744 2542 tradat

2153 2581 2563 2654 diligentissime
2613 2592 2670 2638 et
2716 2582 2966 2652 superius
2995 2581 3289 2638 constituta
3326 2579 3589 2636 canonice
3637 2593 3740 2633 non

2157 2672 2373 2730 diﬁ‘erat
2397 2672 2714 2744 adimplere.
2743 2671 2801 2728 Si
2839 2680 3041 2738 autem,
3073 2681 3134 2726 ut
3163 2671 3282 2727 ﬁeri
3327 2670 3488 2738 solet,
3520 2669 3746 2726 antistes

2155 2765 2439 2836 repentino
2463 2764 2612 2820 obitu
2635 2764 2951 2832 decesserit,
2980 2775 3036 2820 et
3060 2763 3411 2820 collimitanei
3436 2764 3746 2820 sacerdotes

2156 2857 2225 2913 de
2286 2858 2580 2929 longinquo
2623 2858 2848 2914 minime
2893 2858 3093 2914 "adesse
3152 2857 3458 2929 potuerint,
3506 2871 3619 2912 uno
3661 2856 3746 2913 die

2158 2957 2368 3004 tantum
2425 2965 2548 3005 cum
2591 2964 2688 3006 sua
2733 2959 2894 3005 nocte
2941 2949 3310 3004 exanimatum
3362 2947 3744 3020 corpusculum

2157 3041 2456 3098 sacerdotis
2482 3050 2717 3107 maneat,
2750 3055 2850 3097 nec
2869 3039 2988 3097 sine
3015 3038 3246 3094 fratrum
3275 3054 3340 3094 ac
3367 3039 3744 3109 religiosorum

2158 3130 2482 3204 frequentia,
2515 3132 2599 3188 vel
2625 3131 2968 3203 psallentium
2999 3130 3355 3187 excubatioue
3391 3140 3689 3196 servatum,
3717 3144 3748 3185 ει

453 3235 766 3296 pet-agatur.
822 3228 1027 3285 Dehinc
1065 3231 1134 3286 ad
1170 3231 1572 3304 metropolitani
1599 3232 1846 3289 notitiam
1870 3232 2058 3290 habita
2085 3228 2133 3294 C
2162 3229 2492 3301 presbyteris
2523 3242 2646 3283 cum
2691 3226 2837 3283 omni
2880 3225 3157 3297 diligentia
3202 3224 3259 3280 in
3305 3222 3426 3278 loco
3471 3220 3746 3277 conditu-

454 3315 706 3374 ordinate
735 3317 1002 3376 diStrictio
1030 3321 1327 3390 deferatur,
1359 3333 1423 3379 ut
1462 3323 1581 3396 ejus
1624 3323 1894 3381 electione
1931 3323 2053 3380 talis

451 3420 690 3475 persona
719 3411 1034 3468 ordinandze
1071 3413 1263 3471 domus
1289 3414 1677 3474 ecclesiasticae
1706 3425 2048 3489 procuretur,

385 3525 388 3529 -
455 3514 578 3569 qua:
620 3502 707 3558 vel
749 3517 1007 3562 consueta
1075 3506 1288 3564 clericis
1333 3507 1605 3580 stipendia
1654 3507 1955 3580 dispenset,
1995 3515 2054 3566 et

461 3594 792 3678 creditarum
825 3598 928 3655 sibi
961 3615 1164 3666 rerum,
1213 3600 1259 3656 si
1313 3601 1544 3658 forsitan
1595 3601 1828 3658 tarditas
1851 3601 1906 3657 in
1936 3601 2051 3672 epi-

455 3701 621 3758 scopo
645 3691 947 3749 ordinando
966 3695 1319 3762 successerit,
1341 3695 1766 3768 metropolitano
1798 3696 2052 3767 congruis

456 3783 791 3852 temporibus
837 3787 1064 3844 reddere
1100 3791 1273 3861 possit
1295 3793 1588 3860 rationem,
1620 3802 1680 3849 ut
1708 3794 1811 3850 sub
1836 3795 1940 3850 hac
1968 3809 2054 3850 sa-

456 3871 598 3928 lubri
649 3878 1036 3936 constitutione
1079 3883 1261 3940 clerici
1333 3887 1617 3957 stipendiis
1666 3887 1782 3944 suis
1828 3888 2052 3944 omnino

456 3967 701 4021 contenti
735 3966 951 4025 labores
990 3988 1096 4027 non
1143 3973 1405 4044 diripiant
1432 3975 1673 4048 episcopi
1713 3977 2049 4044 decedentis,

458 4056 588 4134 etin
613 4072 843 4115 vacuam
873 4063 1115 4121 ecclesia:
1147 4067 1369 4122 domum
1413 4067 1629 4125 futurus
1655 4067 1898 4140 pontifex
1940 4084 2050 4126 non

457 4144 575 4200 sine
601 4147 784 4205 dolore
813 4153 1087 4222 succedat,
1111 4155 1203 4212 sed
1229 4159 1401 4232 magis
1425 4159 1492 4216 de
1520 4160 1934 4230 przedecessoris
1965 4159 2050 4216 sui

415 4238 423 4246 '
461 4238 684 4296 dimisso
709 4244 878 4312 possit
902 4259 957 4300 ct
987 4247 1100 4318 ipse
1138 4251 1394 4320 gaudere,
1423 4261 1480 4307 et
1502 4253 1624 4308 aliis
1648 4253 1976 4308 ministrare.

532 4328 618 4384 lil.
648 4331 822 4389 Simili
867 4351 1080 4408 quoque
1110 4340 1271 4397 modo
1299 4343 1618 4412 parentibus
1645 4351 1704 4398 et
1730 4343 2049 4415 propinquis

2160 3335 2408 3378 seorsum
2449 3335 2557 3377 non
2601 3319 2784 3374 statim
2826 3320 3094 3380 humetur,
3127 3315 3224 3372 sed
3261 3311 3560 3370 honoriﬁce
3601 3325 3748 3366 com-

2158 3413 2483 3477 mendetur,
2535 3412 2706 3468 donec
2752 3410 2869 3468 sine
2914 3425 3068 3467 mora
3118 3409 3344 3465 invitato
3391 3405 3750 3477 undecunque

2155 3503 2436 3575 pontiﬁce,
2455 3501 2524 3558 ab
2551 3501 2688 3572 ipso,
2715 3511 2773 3555 ut
2799 3499 3078 3566 condecet,
3105 3492 3748 3559 sclemnitertumuletnr,

2160 3603 2224 3649 ut
2253 3603 2310 3648 et
2351 3591 2564 3662 injuriae
2610 3591 2830 3648 tollatur
2858 3591 3094 3657 occasio,
3139 3601 3196 3645 et
3229 3603 3348 3644 mos
3391 3586 3651 3656 antiquus
3697 3585 3750 3640 in

2157 3685 2480 3757 sepeliendis
2510 3683 2884 3740 sacerdotibus
2908 3683 3247 3740 observetur.

2225 3779 2292 3835 ν.
2323 3777 2439 3836 Hoc
2481 3777 2645 3834 etiam
2690 3776 2927 3848 placuit,
2969 3785 3028 3832 ut
3071 3790 3239 3846 vagus
3281 3783 3444 3845 atque
3475 3769 3748 3827 instabilis

2156 3871 2410 3936 clericus,
2467 3870 2582 3926 sive
2621 3869 2785 3924 etiam
2829 3869 2884 3924 in
2927 3867 3142 3924 diaconi
3168 3865 3472 3922 ministerio
3503 3864 3585 3919 vel
3613 3878 3736 3935 pre-

2153 3962 2357 4034 sbyteri
2381 3959 2555 4018 oﬁicio
2579 3961 2927 4026 constitutus,
2948 3961 2994 4016 si
3021 3958 3258 4031 episcopi
3284 3972 3443 4028 aquo
3467 3956 3752 4013 ordinatus

2155 4063 2240 4113 est
2264 4053 2549 4126 praeceptis
2589 4068 2698 4109 non
2741 4053 3022 4119 obedierit,
3050 4059 3110 4106 ut
3153 4051 3209 4106 iu
3251 4049 3496 4118 delegata
3526 4048 3634 4104 sibi
3663 4062 3750 4102 ee-

2155 4145 2318 4202 clesia
2343 4143 2579 4201 oﬂicium
2609 4144 2877 4216 dependat
2899 4143 3174 4199 assiduum
3223 4155 3508 4212 quousque
3536 4139 3592 4194 in
3618 4138 3749 4195 vitio

2157 4235 2542 4308 permanserit,
2581 4244 2637 4291 et
2663 4235 3041 4291 communione
3068 4241 3126 4289 et
3149 4233 3355 4288 honore
3376 4230 3641 4302 privetur.

2237 4329 2319 4383 Vl.
2353 4327 2424 4384 Ut
2445 4327 2623 4384 nullus
2648 4327 2885 4383 alienum
2913 4325 3174 4382 clericum
3199 4322 3495 4381 secundum
3529 4321 3748 4376 decreta

412 4407 428 4496 ξ
459 4407 769 4480 decedentis
817 4407 1078 4500 episcopi,
1110 4431 1156 4486 si
1201 4407 1491 4490 intestatus
1536 4407 1747 4490 obierit-
1768 4407 2051 4490 denuntie-
2159 4435 2430 4478 canonum
2453 4419 2572 4476 Sine
2591 4433 2860 4475 consensu
2883 4417 3119 4490 episcopi
3144 4416 3228 4473 sui
3255 4415 3452 4471 audeat
3470 4412 3748 4476 ordinare.

414 4509 418 4516 ’
460 4521 582 4578 tur,
637 4523 696 4568 ut
742 4516 860 4573 sine
908 4521 1308 4591 metropolitani
1366 4523 1450 4580 vel
1479 4523 2048 4596 [comprovincialium
2082 4591 2119 4596 Α
2159 4513 2257 4570 sed
2299 4527 2402 4568 nec
2439 4510 2608 4566 ullum
2650 4519 2963 4567 sanctorum
2991 4507 3337 4565 sacerdotum
3359 4503 3631 4576 quispiam
3664 4518 3749 4558 or-

459 4605 808 4663 sacerdotum
855 4612 1218 4680 conscientia,
1280 4616 1415 4672 nihil
1468 4591 1534 4673 de
1592 4591 1756 4674 rebus
1813 4617 2052 4675 defuncti

2161 4606 2334 4672 dinet,
2362 4605 2454 4676 qui
2497 4604 2726 4662 localem
2748 4617 2808 4660 se
2831 4602 3074 4658 futurum
3099 4599 3353 4671 primitus
3380 4611 3486 4652 non
3512 4610 3746 4667 Spopon-

459 4709 728 4767 occupare
749 4709 1079 4770 pertentent,
1102 4720 1171 4760 ne
1199 4704 1337 4762 forte
1358 4722 1483 4763 cttm
1511 4708 1870 4765 hmreditariis
1891 4711 2054 4766 rebus

457 4790 620 4845 etiam
651 4791 831 4863 aliqua
877 4795 945 4849 ad
993 4796 1280 4854 ecclesiam
1322 4800 1646 4870 pertinentia
1678 4801 1764 4858 vel
1793 4802 2054 4872 permista

458 4895 745 4953 usurpent,
774 4885 868 4941 sed
897 4901 1069 4958 usque
1113 4890 1180 4944 ad
1225 4889 1620 4948 ordinationem
1654 4892 1823 4949 futuri
1860 4909 2055 4964 exspe-

460 4980 605 5026 ctent
634 4975 917 5044 antistitis,
956 4988 1052 5034 aut
1089 4989 1260 5048 certe,
1293 4981 1340 5037 si
1367 4981 1586 5056 longum
1624 4982 1806 5051 fuerit,
1839 4986 1907 5041 ad
1937 4999 2055 5042 me-

460 5063 790 5133 tropolitani,
827 5077 887 5123 ut
921 5067 1128 5127 dictum
1164 5082 1271 5138 est.
1312 5075 1709 5133 ordinationem
1740 5086 2050 5134 recurrant.

463 5151 523 5208 Si
549 5156 671 5224 quis
699 5168 879 5214 autem
907 5174 1247 5236 contemptor
1273 5167 1441 5223 divini
1477 5168 1688 5226 timoris
1717 5181 1905 5226 contra
1934 5171 2054 5227 haec

463 5257 651 5303 sancta
696 5253 955 5322 synodica
997 5257 1226 5316 clericus
1260 5260 1491 5332 quisque
1529 5261 1616 5318 vel
1659 5262 1830 5320 laicus
1864 5263 2054 5321 venire

463 5340 707 5412 improba
750 5355 931 5402 mente
974 5353 1295 5420 tentavcrit,
1331 5363 1386 5410 et
1409 5356 1812 5425 communione,
1837 5364 1895 5414 et
1925 5372 2060 5414 con-

2162 4696 2346 4763 derit,
2395 4703 2456 4750 ut
2495 4710 2595 4766 per
2639 4695 2756 4750 hazc
2809 4692 2989 4749 nullus
3039 4707 3070 4746 a
3117 4688 3301 4763 regula
3346 4687 3433 4744 vel
3468 4685 3749 4756 disciplina

2161 4787 2533 4846 ecclesiastica
2577 4785 2794 4841 deviare
2836 4781 3460 4856 permittaturimpune.
3506 4775 3748 4832 Celsivus

2163 4882 2221 4937 in
2269 4881 2471 4937 Christi
2513 4880 2730 4936 nomine
2781 4880 3066 4950 episcopus
3125 4873 3441 4944 subscripsi.
3500 4868 3748 4926 Setabius

2164 4975 2453 5046 episcopus
2477 4973 2790 5044 subscripsi.
2825 4971 3093 5043 Benagius
3122 4968 3410 5042 episcopus
3431 4958 3744 5032 subscripsi,

2162 5069 2440 5140 Ampelius
2473 5067 2756 5140 episcopus
2801 5064 3120 5137 subscripsi.
3147 5059 3438 5118 Sallustius
3480 5053 3746 5110 archidia-

2163 5175 2335 5216 conus
2378 5159 2612 5218 vicarius
2656 5159 2859 5217 domini
2908 5157 3015 5214 mei
3053 5152 3292 5212 Marcelli
3329 5146 3597 5222 episcopi,
3627 5144 3746 5201 sub-

2160 5267 2377 5325 εει-ψει.

493 5462 3717 5502 ——'-————_—___.._—_.___———‘

1273 5572 1619 5632 lNCIPlUNT
1657 5573 2004 5634 samum
2042 5553 2342 5636 CONCILII
2367 5572 2713 5636 vocemur
2747 5574 2960 5634 PRIMI.

534 5703 588 5758 ι.
616 5704 694 5762 De
718 5704 1071 5782 presbyteris
1091 5708 1148 5770 et
1177 5711 1494 5782 diaconibus
1530 5715 1575 5775 si
1603 5724 1726 5788 post
1754 5717 2052 5775 ordinatio-

462 5809 586 5851 nem
615 5795 754 5854 ﬁlios
777 5804 1084 5871 genuerint.

1204 5921 1213 5930 ι
1277 5911 1388 5928 ·ι”⁴¹Ἶι

2232 5718 2288 5772 2.
2324 5717 2396 5775 Ut
2436 5719 2726 5789 paenitens,
2783 5721 2827 5776 si
2875 5721 3180 5777 necessitas
3222 5727 3406 5791 cogat,
3450 5717 3620 5776 lector
3657 5719 3742 5777 aut

2165 5809 2426 5867 ostiarius
2454 5810 2564 5866 ﬁat.
