3910 6442
67 481 164 538 455

1237 475 1731 537 DECRETALIUM
1765 474 2171 536 COLLECTIO.

3227 463 3332 526 434

130 603 181 658 5.
208 600 289 658 De
334 601 428 660 lus
469 599 558 672 qui
592 597 783 656 viduas
826 597 1156 670 acceperint,
1185 613 1255 655 ne
1296 599 1508 656 diaconi
1536 597 1649 656 etIi-
1673 600 1730 662 Α
1824 597 1915 655 12.
1945 595 2017 654 Ut
2048 595 2228 651 nullus
2271 592 2500 650 clericus
2547 589 2617 648 ab
2654 589 2908 662 episcopo
2942 586 3163 646 recedat
3187 594 3243 643 et
3267 588 3334 641 ad
3395 675 3404 682 ⁴

66 695 291 752 ciantur.

127 789 179 843 4.
211 787 282 844 Ut
322 787 692 844 subdiaconus
728 786 774 844 si
817 785 1070 844 defuncta
1093 800 1265 844 uxore
1294 786 1457 842 aliam
1484 786 1650 842 duxe-

68 883 149 946 rit,
175 881 439 937 ostiarius
468 882 582 936 ﬁat.

129 973 179 1028 5.
208 972 280 1029 Ut
325 973 375 1028 si
410 973 696 1045 cujuslibet
735 973 940 1030 ordinis
967 972 1196 1030 clericus
1235 972 1443 1028 tardius
1469 972 1535 1028 ad
1561 985 1652 1027 ee-

68 1068 270 1125 clesiam
297 1069 539 1134 venerit,
565 1069 881 1138 deponatur.

128 1159 176 1213 6.
212 1157 282 1214 Ut
323 1158 581 1230 religiosa
628 1158 801 1229 puella
842 1158 1082 1214 virorum
1127 1157 1550 1214 familiaritatem
1594 1156 1651 1213 in

69 1250 211 1304 domo
236 1263 347 1303 non
385 1249 604 1304 habeat.

127 1341 174 1394 7.
205 1339 276 1394 Ut
303 1340 545 1396 clericus
573 1340 726 1409 cujus
749 1356 886 1396 uxor
909 1340 1221 1411 peccaverit
1241 1347 1439 1411 praeter
1460 1353 1648 1394 necem

67 1442 380 1507 potestatem
447 1434 644 1488 habeat
697 1432 1053 1504 distringendi
1111 1447 1265 1499 eam,
1309 1440 1365 1487 et
1415 1447 1534 1487 cum
1585 1446 1648 1486 ea

69 1527 227 1581 cibum
253 1542 365 1582 non
395 1536 597 1583 sumat.

127 1614 173 1671 8.
202 1617 276 1673 De
317 1633 390 1673 eo
433 1619 524 1688 qui
567 1627 687 1688 post
728 1617 1055 1689 baptismum
1101 1616 1451 1682 militaverit,
1478 1624 1538 1672 ut
1578 1615 1646 1672 ad

69 1708 400 1764 diaconatum
443 1725 550 1765 non
594 1710 961 1780 permittatur.

126 1801 172 1856 9.
201 1801 267 1857 Ut
286 1801 438 1856 nulla
463 1801 703 1872 professa
721 1802 801 1856 vel
819 1802 996 1869 vidua,
1026 1802 1249 1858 absente
1264 1800 1567 1865 sacerdote,
1591 1798 1645 1854 in

75 1894 212 1949 domo
240 1911 339 1949 sua
369 1895 708 1950 sacerdotale
737 1896 971 1951 ofﬁcium
995 1897 1080 1953 vel
1101 1897 1374 1953 lucernale
1395 1894 1636 1966 impleat.

1751 689 1915 746 alium
1942 705 2001 745 se
2035 687 2344 744 transferat.

1822 781 1910 836 15.
1946 781 2024 837 De
2049 780 2136 836 his
2177 779 2268 851 qui
2300 778 2353 835 in
2383 778 2670 836 ecclesiam
2699 777 2938 844 intrant,
2973 783 3028 831 et
3055 789 3163 832 non
3193 788 3338 832 com.

1751 875 2051 940 municant,
2078 882 2140 928 ut
2166 871 2721 929 excommunicentur.

1823 966 1910 1021 14.
1962 965 2039 1021 De
2073 980 2139 1021 eo
2191 963 2286 1035 qui
2342 961 2613 1033 acceperit
2656 959 3080 1026 eucharistiam,
3127 967 3184 1014 et
3229 972 3337 1014 ncn

1748 1059 2066 1130 sumpserit,
2104 1066 2164 1113 ut
2197 1057 2493 1129 sacrilegus
2522 1055 2837 1128 repellatur.

1822 1154 1913 1213 15.
1942 1153 2018 1210 De
2060 1153 2144 1209 bis
2175 1151 2268 1223 qui
2306 1151 2845 1208 excommunicantur
2873 1164 2906 1206 a
2940 1146 3335 1214 sacerdotibus,

1709 1321 1712 1324 g
1748 1256 1811 1303 ut
1839 1245 2014 1302 nullus
2044 1246 2109 1302 ad
2140 1259 2233 1302 eos
2267 1242 2508 1300 accedat.

1822 1338 1910 1395 16.
1943 1338 2016 1395 Ut
2061 1341 2254 1395 devota
2297 1339 2344 1395 si
2387 1337 2688 1394 adulterata
2735 1336 2898 1393 fuerit
2931 1337 3116 1393 decem
3167 1348 3339 1392 annos

1749 1435 2030 1506 poeniteat;
2061 1434 2107 1488 si
2138 1434 2392 1489 maritum
2422 1432 2659 1498 duxerit,
2692 1447 2796 1487 non
2824 1428 3242 1501 permittendatn
3271 1427 3338 1484 ad

1747 1528 2144 1600 paenitentiam,
2167 1528 2272 1582 nisi
2305 1527 2534 1582 maritus
2564 1524 2874 1582 decesserit.

1824 1621 1911 1675 17.
1943 1619 2020 1677 De
2061 1636 2128 1676 eo
2173 1619 2264 1690 qui
2297 1634 2520 1675 uxorem
2560 1619 2741 1684 habet,
2774 1619 2818 1674 si
2855 1617 3211 1674 concubinam
3239 1615 3343 1673 ba-

1747 1713 1950 1780 buerit,
1981 1730 2087 1769 non
2112 1713 2491 1770 communicet.
3074 1721 3078 1725 ‘
3408 1713 3415 1790 l

1820 1805 1909 1861 18.
1967 1803 2025 1860 Si
2074 1805 2236 1860 vidua
2287 1804 2558 1876 episcopi,
2602 1803 2938 1876 presbyteri,
2971 1802 3057 1859 vel
3102 1799 3335 1868 diaconi.

1748 1883 2005 1956 maritum
2031 1898 2321 1968 acceperit.

127 1985 206 2039 10.
236 1984 308 2041 Ut
331 1987 516 2042 nullus
542 1989 833 2059 obligatum
859 1989 1111 2059 cuiquam
1142 1990 1347 2060 absque
1376 2003 1645 2045 consensu
1674 1968 1722 2028 Β
1822 1991 1908 2047 19.
1946 1989 2004 2046 Si
2036 1991 2362 2056 sacerdotis,
2392 1988 2477 2046 vel
2506 1990 2741 2056 diaconi,
2783 1989 2891 2046 ﬁlia
2933 1988 3184 2063 religiosa
3212 2001 3338 2061 pec-

71 2075 248 2132 domini
287 2080 378 2135 vel
414 2081 624 2150 patroni
654 2081 910 2138 clericum
941 2083 1122 2138 faciat.

131 2171 209 2224 11.
251 2171 318 2226 Ut
343 2172 392 2226 si
417 2172 831 2244 quispotentum
861 2175 1559 2248 exspoliaveritquemlibet
1588 2183 1644 2232 et
1697 2163 1700 2165 Δ

73 2263 378 2322 admonente
398 2267 654 2339 episeopo
673 2283 778 2323 non
796 2268 1637 2336 reddiderit,excommunicetur.

1747 2081 1974 2147 caverit,
2005 2081 2059 2136 in
2098 2081 2204 2137 ﬁne
2231 2091 2438 2136 tantum
2465 2082 2850 2138 communicet.

1815 2172 1906 2227 20.
1931 2171 2002 2228 Ut
2033 2173 2214 2228 nullus
2240 2183 2436 2243 praeter
2463 2173 2776 2244 episcopum
2800 2173 3038 2229 chrisma
3065 2169 3335 2227 conﬁciat.

1815 2264 1907 2319 21.
1936 2264 2013 2320 De
2038 2263 2240 2338 regulis
2267 2264 2392 2321 ﬁdei
2419 2263 2704 2322 catholicae
2733 2273 2924 2322 contra
2948 2261 3336 2320 Priscillianos.

590 2525 989 2608 INCIPIT
1046 2528 1630 2611 CONCILIUM
1672 2527 2088 2609 PRIMUM
2146 2525 2798 2607 TOLETANUM

208 2708 424 2774 Decem
461 2717 515 2773 et
548 2719 684 2774 octo
719 2714 1176 2794 episcoporum,
1209 2717 1480 2792 tempore
1514 2711 1797 2775 Honorii
1825 2717 1880 2772 et
1914 2707 2201 2785 Arcadii,
2237 2707 2539 2771 Stilicone
2565 2706 2840 2784 consule,
2870 2706 3169 2770 habitum.

126 2855 582 2915 Convenientibus
625 2856 893 2928 episcopis
940 2858 995 2912 in
1040 2856 1269 2914 ecclesia
1317 2855 1536 2923 Toleto,
1584 2855 1639 2911 id

70 2957 160 3010 est,
206 2947 484 3014 Patrono,
537 2947 823 3016 Marcello,
856 2949 1116 3015 Alitiano,
1157 2949 1518 3022 Aphrodisio,
1548 2947 1639 3004 Jo-
1691 3009 1694 3012 ,

72 3039 250 3104 eundo,
277 3039 528 3112 Olympo,
560 3038 783 3106 Severo,
804 3040 1040 3108 Astutio,
1069 3039 1295 3106 Hilario,
1319 3039 1634 3112 Lampadio,

71 3130 361 3196 Eustochio,
413 3133 799 3202 Exuperantio,
849 3132 1090 3200 Sereno,
1143 3133 1338 3200 Floro,
1387 3133 1636 3204 Lepnrio,

71 3222 361 3290 Aureliano,
381 3224 697 3296 Lampiode,
713 3224 907 3293 Gallia,
923 3225 1204 3282 Lucentio.
1225 3227 1319 3282 His
1339 3236 1639 3283 conventus

73 3317 359 3387 municipiis
407 3315 621 3372 Celenis
666 3327 823 3373 actus
869 3329 983 3382 est,
1015 3319 1104 3374 isti
1134 3327 1261 3373 sunt
1289 3318 1382 3389 qui
1414 3319 1470 3373 in
1517 3317 1638 3373 aliis
1669 3350 1716 3415 Ο

73 3409 215 3474 gestis
262 3408 519 3464 adversus
563 3407 886 3464 Priscilliani
929 3417 1259 3476 sectatores,
1290 3418 1347 3464 et
1390 3409 1642 3465 haeresim

73 3509 212 3564 quam
241 3506 548 3554 astruxerat
579 3498 875 3557 libellarem
908 3500 1106 3556 dedere
1125 3500 1470 3556 sententiam.
1502 3498 1617 3557 Con

76 3586 352 3645 sidentibus
402 3589 769 3662 presbyteris,
817 3591 1122 3647 astantibus
1171 3590 1531 3657 diaconibus,
1588 3599 1646 3647 et

75 3679 264 3734 caeteris
287 3680 376 3749 qui
401 3679 703 3750 intererant
731 3679 962 3736 concilio
987 3681 1350 3752 congregatis,
1379 3683 1644 3737 :v'atronus

73 3771 332 3842 episcopus
366 3773 503 3828 dixit
536 3791 550 3828 :
578 3771 845 3840 Quoniam
869 3772 1067 3845 singuli
1095 3774 1361 3845 coepimus
1391 3773 1446 3829 in
1472 3772 1644 3830 eccle-

77 3860 154 3916 siis
197 3864 396 3919 uostris
423 3862 608 3919 facere
649 3863 886 3930 diversa,
935 3871 992 3920 et
1035 3864 1161 3920 inde
1201 3872 1349 3920 tanta
1385 3863 1643 3920 scandala

73 3961 202 4018 sunt,
243 3969 360 4022 qua:
401 3969 571 4024 usque
604 3954 674 4009 ad
703 3954 940 4010 schisma
983 3954 1328 4026 perveniunt,
1367 3955 1412 4012 si
1441 3954 1640 4024 placet,

74 4046 322 4100 communi
387 4046 618 4102 concilio
681 4047 1035 4103 decernamus
1092 4047 1221 4118 quid
1271 4048 1341 4103 ab
1389 4047 1643 4104 omnibus

75 4135 316 4208 episcOpis
346 4138 401 4192 in
425 4138 743 4195 ordinandis
781 4139 998 4196 clericis
1021 4140 1095 4196 sit
1126 4140 1482 4210 sequendum.
1510 4140 1644 4197 Mihi

77 4238 232 4284 autem
258 4231 436 4302 placet
481 4231 838 4288 constitutum
885 4233 1140 4304 primitus
1188 4231 1391 4288 Nicaeni
1423 4231 1640 4289 concilii

75 4330 308 4390 perpetuo
355 4337 478 4378 esse
501 4324 845 4390 servandum,
871 4339 974 4380 nec
999 4326 1067 4380 ab
1096 4325 1202 4381 hoc
1234 4339 1357 4380 esse
1378 4324 1640 4380 receden-

75 4409 200 4468 dum.
231 4414 479 4472 Universi
507 4417 748 4488 episcopi
774 4418 1070 4474 dixerunt:
1106 4418 1222 4475 Hoc
1258 4418 1418 4476 nobis
1438 4418 1637 4490 placet,

77 4502 138 4557 ita
163 4515 216 4560 ut
256 4508 300 4562 si
340 4509 464 4579 quis
509 4510 742 4581 cognitis
785 4511 953 4581 gestis
993 4511 1197 4568 Nicaeai
1246 4511 1463 4568 concilii
1493 4511 1640 4568 aliud

77 4609 212 4664 quam
242 4609 505 4657 statutum
551 4611 638 4658 est
685 4603 863 4660 facere
887 4606 1319 4676 praesumpserit,
1353 4615 1409 4662 et
1442 4621 1550 4663 non
1582 4607 1637 4662 in

1747 2853 1910 2924 gerit,
1937 2854 2082 2909 inter
2113 2853 2370 2909 ostiarios
2410 2853 2758 2924 deputentur,
2782 2853 2870 2908 vel
2921 2853 3062 2908 inter
3083 2851 3336 2919 lectores,

1747 2946 1824 3002 ita
1869 2956 1929 3002 ut
1954 2945 2240 3018 Evangelia
2261 2987 2277 3012 ,
2306 2955 2402 3001 aut
2427 2946 2744 3017 Apostolum
2775 2961 2882 3002 non
2926 2945 3128 3018 legant.
3164 2943 3221 3000 Si
3246 2943 3341 3015 qui

1746 3048 1928 3095 autem
1957 3049 2082 3095 ante
2108 3039 2346 3095 ordinati
2376 3049 2504 3095 sunt
2524 3038 2801 3105 diacones,
2819 3037 2960 3093 inter
2985 3035 3341 3093 subdiacones

1747 3131 2072 3197 habeantur,
2113 3132 2188 3187 ita
2228 3141 2287 3185 ut
2315 3146 2535 3186 manum
2564 3146 2671 3187 non
2713 3131 3014 3202 imponant,
3045 3145 3144 3185 nec
3183 3141 3340 3183 sacra
3397 3183 3400 3186 .

1745 3229 2086 3299 contingant.
2114 3227 2193 3283 Ex
2234 3243 2300 3284 eo
2347 3243 2479 3284 vero
2518 3228 2818 3300 pmnitente
2842 3226 3074 3283 dicimus
3099 3225 3190 3295 qui
3219 3230 3342 3295 post

1745 3321 2097 3392 baptismum,
2134 3328 2227 3376 aut
2253 3337 2353 3392 pro
2382 3322 2701 3388 homicidio,
2727 3329 2823 3377 aut
2847 3335 2949 3392 pro
2978 3319 3209 3376 diversis
3235 3316 3342 3374 cri-

1749 3414 1988 3469 minibus
2029 3414 2473 3484 gravissimisque
2502 3414 2745 3484 peccatis
2770 3413 3038 3484 publicam
3073 3413 3342 3484 poeniten-

1751 3504 1882 3559 tiam
1908 3519 2104 3576 gerens
2134 3504 2236 3560 sub
2259 3503 2488 3561 consilio
2530 3503 2714 3560 divino
2751 3501 2917 3560 fuerit
2957 3503 3342 3560 reconciliatus

1747 3593 1959 3649 altario.
2230 3594 2232 3598 ’

1815 3685 1901 3741 111.
1918 3685 2051 3743 Item
2083 3686 2366 3744 constituit
2391 3695 2574 3743 sancta
2604 3687 2866 3760 synodus,
2892 3694 2952 3743 ut
2977 3684 3147 3743 lector
3168 3683 3343 3742 ﬁdelis

1746 3777 1794 3835 si
1823 3778 2042 3834 viduam
2091 3781 2317 3836 alterius
2350 3794 2575 3837 uxorem
2620 3779 2916 3851 acceperit,
2947 3776 3180 3848 amplius
3206 3774 3342 3832 nihil

1747 3871 1840 3937 sit,
1871 3872 1967 3928 sed
2011 3887 2228 3944 semper
2261 3872 2436 3930 lector
2476 3872 2765 3941 habeatur,
2807 3879 2904 3928 aut
2937 3869 3078 3928 forte
3121 3868 3345 3928 subdia-

1747 3979 1937 4021 CODUS.

1815 4054 1906 4112 1V.
1940 4055 2317 4116 Subdiaconus
2344 4068 2526 4116 autem
2557 4058 2812 4116 defuncta
2839 4071 3008 4115 uxore
3032 4056 3078 4114 si
3113 4070 3338 4114 uxorem

1745 4149 1910 4205 aliam
1952 4150 2192 4219 duxerit,
2245 4154 2314 4210 ab
2359 4153 2537 4210 ofﬁcio
2585 4153 2641 4209 in
2688 4168 2798 4224 quo
2837 4153 3118 4209 ordinatus
3165 4152 3344 4208 fuerat

1747 4253 2112 4310 removeatur,
2143 4252 2198 4299 et
2225 4243 2490 4300 habeatur
2516 4243 2661 4312 inter
2693 4243 2946 4301 ostiarios
2970 4244 3056 4299 vel
3085 4242 3337 4307 lectores,

1745 4332 1820 4388 ita
1848 4341 1906 4388 ut
1934 4333 2283 4404 Evangelium
2307 4343 2362 4390 et
2383 4334 2702 4406 Apostolum
2731 4350 2837 4390 non
2861 4335 3021 4406 legat,
3053 4341 3342 4405 propterea

1745 4439 1816 4481 ne
1848 4424 1942 4496 qui
1973 4425 2213 4481 ecclesiae
2240 4425 2493 4482 servierit
2533 4425 2764 4497 publicis
2796 4424 2985 4482 ofﬁciis
3015 4425 3222 4482 servire
3256 4423 3342 4479 vi-

1744 4516 1968 4581 deatur;
1999 4516 2092 4586 qui
2133 4532 2266 4573 vero
2309 4516 2544 4583 tertiam,
2586 4517 2732 4587 quod
2773 4531 2874 4572 nec
2917 4516 3204 4572 dicendum
3233 4521 3338 4580 est,

1743 4608 2044 4680 acceperit,
2098 4609 2379 4664 absteutus
2457 4608 2680 4665 biennio
2745 4594 2938 4678 postea
2981 4607 3125 4662 inter
3173 4604 3340 4660 laicos

77 4699 127 4781 eo
157 4693 601 4758 perseverandum
643 4697 936 4762 putaverit,
963 4706 1090 4752 tunc
1135 4699 1638 4755 excommunicatus
1664 4719 1719 4781 ι)
1744 4699 2128 4756 reconciliatus
2151 4715 2247 4770 per
2271 4701 2652 4771 pmnitentiam
2675 4699 3062 4756 communicet.

78 4777 331 4850 habeatur,
365 4785 468 4840 nisi
501 4800 601 4856 per
627 4789 1026 4858 correptionem
1056 4789 1288 4846 fratrum
1317 4793 1642 4850 emendave-

79 4883 132 4927 ῐΊῑ
153 4891 408 4934 errorem.

133 4963 246 5022 CAP.
290 4968 331 5023 l.
369 4969 610 5038 Placuit,
647 4981 708 5028 ut
743 4973 996 5032 diacones
1043 4977 1088 5032 si
1137 4977 1221 5033 vel
1266 4977 1507 5050 integri,
1552 4978 1636 5036 vel

81 5059 188 5113 casti
214 5061 352 5129 sint,
398 5071 454 5118 et
500 5065 832 5122 continentis
861 5067 1008 5135 vitae,
1039 5069 1203 5124 etiam
1234 5069 1279 5125 si
1307 5085 1508 5126 uxores
1537 5071 1637 5126 lia-

86 5145 246 5218 beant,
290 5155 344 5209 in
371 5156 677 5214 ministerio
708 5160 1126 5227 constituantur,
1159 5162 1233 5217 ita
1265 5169 1443 5218 tamen
1486 5171 1546 5217 ut
1589 5161 1637 5219 si

85 5239 330 5308 quietiam
376 5256 503 5303 ante
536 5249 886 5306 interdictum
918 5253 1062 5322 quod
1109 5268 1207 5324 per
1261 5254 1473 5324 priores
1515 5263 1642 5310 ante

81 5345 163 5387 nos
202 5338 475 5410 episcopos
529 5342 882 5398 constitutum
929 5351 1012 5399 est
1058 5345 1462 5401 incontinenter
1513 5360 1637 5401 cum

79 5429 306 5487 uxoribus
339 5433 592 5500 vixerint,
625 5436 928 5507 presbyteri
970 5438 1179 5494 honore
1216 5455 1324 5495 non
1354 5439 1636 5496 cumulen-

83 5526 168 5586 tur;
205 5524 249 5578 si
288 5525 409 5596 quis
450 5541 580 5582 vero
626 5543 694 5582 ex
737 5529 1069 5601 presbyteris
1113 5541 1238 5588 ante
1286 5533 1635 5589 interdictum

79 5607 196 5670 ﬁlios
236 5631 360 5676 suos
396 5620 720 5691 susceperit,
745 5621 813 5677 de
852 5623 1173 5695 presbytero
1213 5625 1280 5680 ad
1323 5626 1635 5697 episcopum

78 5713 166 5758 non
189 5707 517 5767 admittatur.

133 5795 186 5851 ll.
209 5796 335 5856 Item
363 5801 592 5872 placuit,
620 5812 680 5860 ut
707 5805 1032 5876 pcenitenles
1056 5823 1161 5863 non
1185 5808 1540 5866 admittantur
1566 5809 1637 5867 ad

76 5884 280 5960 clerum,
332 5895 437 5953 nisi
480 5903 710 5966 tantum,
755 5899 801 5956 si
833 5901 1170 5970 necessitas,
1210 5909 1303 5958 aut
1335 5915 1466 5960 usus
1508 5915 1638 5961 exe-

1815 4794 1884 4850 V.
1912 4792 2228 4864 Presbyter,
2260 4791 2345 4848 vel
2385 4793 2644 4849 diaconus
2685 4791 2770 4849 vel
2812 4790 3206 4852 subdiaconus,
3252 4782 3340 4840 vel

1743 4884 1972 4955 quilibet
1997 4883 2241 4941 ecclesiae
2269 4885 2557 4956 deputatus
2587 4884 2850 4949 clericus,
2890 4881 2935 4936 si
2975 4879 3116 4936 intra
3145 4875 3337 4932 civita-

1742 4986 1853 5032 tem
1884 4991 1991 5032 non
2041 4975 2225 5042 fuerit,
2263 4977 2347 5033 vel
2377 4979 2432 5033 in
2461 4978 2582 5035 loco
2614 4978 2667 5033 in
2697 4990 2805 5047 quo
2835 4972 3065 5030 ecclesia
3093 4978 3210 5036 est,
3243 4976 3341 5026 aut

1743 5067 1988 5133 castella,
2021 5075 2114 5122 aut
2152 5067 2258 5123 vici
2301 5076 2460 5131 sunt,
2495 5077 2588 5123 aut
2623 5066 2794 5131 villae,
2827 5064 2874 5121 si
2910 5063 2978 5118 ad
3023 5061 3334 5128 ecclesiam,

1744 5171 1838 5217 aut
1864 5161 1932 5216 ad
1960 5161 2286 5217 sacriﬁcium
2313 5161 2686 5234 quotidianum
2708 5173 2815 5214 non
2843 5155 3076 5222 venerit,
3107 5152 3337 5210 clericus

1745 5268 1856 5310 non
1884 5253 2174 5318 habeatur,
2222 5254 2268 5309 si
2313 5253 2608 5324 castigatus
2637 5265 2735 5320 per
2774 5246 3199 5305 satisfactionem
3237 5257 3335 5300 ve-

1744 5344 1892 5400 niam
1920 5344 1990 5400 ab
2014 5345 2270 5416 episcopo
2304 5343 2474 5399 voluit
2506 5340 2825 5413 promereri.

1815 5436 1902 5493 VI.
1939 5438 2180 5508 Itemque
2226 5436 2401 5508 puella
2433 5434 2529 5490 Dei
2559 5449 2658 5490 nec
2684 5431 3111 5491 familiaritatem
3139 5425 3339 5483 habeat

1741 5546 1865 5586 cum
1911 5530 2258 5596 confessore,
2306 5537 2400 5584 aut
2438 5542 2562 5582 cum
2601 5525 2842 5598 quolibet
2889 5523 3025 5578 laico
3060 5515 3336 5590 sanguinis

1741 5622 1928 5688 alieni,
1964 5631 2058 5677 aut
2095 5621 2402 5678 convivium
2432 5619 2545 5675 sola
2571 5618 2750 5684 adeat,
2783 5616 2886 5672 nisi
2919 5615 3009 5670 ubi
3036 5611 3336 5678 seniorum,

1742 5724 1836 5770 aut
1860 5715 2244 5778 honestorum,
2275 5721 2366 5767 aut
2406 5711 2690 5785 viduarum
2724 5710 3185 5775 bonestarumque
3221 5702 3334 5759 Ire-

1741 5808 1987 5879 quentia,
2017 5807 2111 5862 ubi
2162 5806 2387 5860 honeste
2435 5806 2720 5861 confessor
2758 5802 2984 5874 quilibet
3012 5814 3135 5855 cum
3162 5796 3335 5869 pluri-

1742 5918 1958 5961 morum
1986 5901 2301 5959 testimonio
2325 5900 2545 5960 testium
2573 5898 2823 5996 convivio
2851 5899 3118 5954 interesse
3141 5889 3336 5964 possit,
