  <div class='ocr_page' id='page_1' title='image "/cluster/home/n/w/nwhite01/storage/ocr_20150623/130/hvd.32044015471717/248.png"; bbox 0 0 3910 6456; ppageno 0'>
   <div class='ocr_carea' id='block_1_1' title="bbox 28 356 2048 449">
    <p class='ocr_par' dir='ltr' id='par_1_1' title="bbox 28 356 2048 449">
     <span class='ocr_line' id='line_1_1' title="bbox 28 356 2048 449; baseline -0.017 -1"><span class='ocrx_word' id='word_1_1' title='bbox 28 393 102 449; x_wconf 69' lang='grc'><strong>457</strong></span> <span class='ocrx_word' id='word_1_2' title='bbox 902 436 909 443; x_wconf 34' lang='grc' dir='ltr'><strong><em>η</em></strong></span> <span class='ocrx_word' id='word_1_3' title='bbox 992 356 1005 367; x_wconf 45' lang='grc' dir='ltr'>δ</span> <span class='ocrx_word' id='word_1_4' title='bbox 1107 362 1602 426; x_wconf 74' lang='lat' dir='ltr'><strong>DECRETALIUM</strong></span> <span class='ocrx_word' id='word_1_5' title='bbox 1639 356 2048 422; x_wconf 80' lang='lat' dir='ltr'><strong>COLLECTIO.</strong></span> 
     </span>
    </p>
   </div>
   <div class='ocr_carea' id='block_1_2' title="bbox 3112 326 3223 391">
    <p class='ocr_par' dir='ltr' id='par_1_2' title="bbox 3112 326 3223 391">
     <span class='ocr_line' id='line_1_2' title="bbox 3112 326 3223 391; baseline 0.027 -4"><span class='ocrx_word' id='word_1_6' title='bbox 3112 326 3223 391; x_wconf 69' lang='grc'><strong>458</strong></span> 
     </span>
    </p>
   </div>
   <div class='ocr_carea' id='block_1_3' title="bbox 26 436 1578 564">
    <p class='ocr_par' dir='ltr' id='par_1_3' title="bbox 26 476 1578 564">
     <span class='ocr_line' id='line_1_3' title="bbox 26 476 1578 564; baseline -0.008 -18"><span class='ocrx_word' id='word_1_7' title='bbox 26 488 551 564; x_wconf 52' lang='grc' dir='ltr'><strong>είς,ν(;πι1ιθείηθηείς,</strong></span> <span class='ocrx_word' id='word_1_8' title='bbox 578 480 822 540; x_wconf 73' lang='lat' dir='ltr'><strong>Lusitani</strong></span> <span class='ocrx_word' id='word_1_9' title='bbox 869 488 926 536; x_wconf 90' lang='lat' dir='ltr'><strong>et</strong></span> <span class='ocrx_word' id='word_1_10' title='bbox 950 478 1120 535; x_wconf 89' lang='lat' dir='ltr'><strong>Betici</strong></span> <span class='ocrx_word' id='word_1_11' title='bbox 1167 476 1413 534; x_wconf 81' lang='lat' dir='ltr'><strong>fecerunt</strong></span> <span class='ocrx_word' id='word_1_12' title='bbox 1468 493 1533 534; x_wconf 85' lang='lat' dir='ltr'><strong>ex</strong></span> <span class='ocrx_word' id='word_1_13' title='bbox 1564 511 1578 542; x_wconf 59' lang='grc' dir='ltr'><em>λ</em></span> 
     </span>
    </p>
   </div>
   <div class='ocr_carea' id='block_1_4' title="bbox 1687 436 3236 564">
    <p class='ocr_par' dir='ltr' id='par_1_4' title="bbox 1687 436 3236 546">
     <span class='ocr_line' id='line_1_4' title="bbox 1687 436 3236 546; baseline -0.023 -14"><span class='ocrx_word' id='word_1_14' title='bbox 1687 477 1700 531; x_wconf 93' lang='lat' dir='ltr'><strong>i</strong></span> <span class='ocrx_word' id='word_1_15' title='bbox 1737 475 1860 546; x_wconf 84' lang='lat' dir='ltr'><strong>quis</strong></span> <span class='ocrx_word' id='word_1_16' title='bbox 1884 481 2062 528; x_wconf 90' lang='lat' dir='ltr'><strong>autem</strong></span> <span class='ocrx_word' id='word_1_17' title='bbox 2089 467 2310 532; x_wconf 81' lang='lat' dir='ltr'><strong>dixerit,</strong></span> <span class='ocrx_word' id='word_1_18' title='bbox 2347 436 2749 520; x_wconf 87' lang='lat' dir='ltr'><strong>autcrediderit</strong></span> <span class='ocrx_word' id='word_1_19' title='bbox 2789 468 2818 529; x_wconf 84' lang='lat' dir='ltr'><strong>a</strong></span> <span class='ocrx_word' id='word_1_20' title='bbox 2846 449 2960 507; x_wconf 89' lang='lat' dir='ltr'><strong>Deo</strong></span> <span class='ocrx_word' id='word_1_21' title='bbox 2986 446 3236 515; x_wconf 87' lang='lat' dir='ltr'><strong>omnipo-</strong></span> 
     </span>
    </p>
   </div>
   <div class='ocr_carea' id='block_1_5' title="bbox 28 572 1545 666">
    <p class='ocr_par' dir='ltr' id='par_1_5' title="bbox 28 572 1545 666">
     <span class='ocr_line' id='line_1_5' title="bbox 28 572 1545 666; baseline -0.015 -19"><span class='ocrx_word' id='word_1_22' title='bbox 28 591 240 666; x_wconf 69' lang='lat' dir='ltr'><strong>prace‘pto</strong></span> <span class='ocrx_word' id='word_1_23' title='bbox 264 596 407 657; x_wconf 73' lang='lat' dir='ltr'><strong>papa:</strong></span> <span class='ocrx_word' id='word_1_24' title='bbox 430 578 641 643; x_wconf 59' lang='lat' dir='ltr'><strong>leonis,</strong></span> <span class='ocrx_word' id='word_1_25' title='bbox 675 584 733 638; x_wconf 79' lang='lat' dir='ltr'><strong>et</strong></span> <span class='ocrx_word' id='word_1_26' title='bbox 770 575 838 633; x_wconf 89' lang='lat' dir='ltr'><strong>ad</strong></span> <span class='ocrx_word' id='word_1_27' title='bbox 872 572 1186 633; x_wconf 86' lang='lat' dir='ltr'><strong>Balconlum</strong></span> <span class='ocrx_word' id='word_1_28' title='bbox 1233 573 1545 643; x_wconf 78' lang='lat' dir='ltr'><strong>episcopum</strong></span> 
     </span>
    </p>
   </div>
   <div class='ocr_carea' id='block_1_6' title="bbox 27 665 1548 743">
    <p class='ocr_par' dir='ltr' id='par_1_6' title="bbox 27 665 1548 743">
     <span class='ocr_line' id='line_1_6' title="bbox 27 665 1548 743; baseline -0.015 -3"><span class='ocrx_word' id='word_1_29' title='bbox 27 665 199 743; x_wconf 72' lang='lat' dir='ltr'><strong>Galicize</strong></span> <span class='ocrx_word' id='word_1_30' title='bbox 245 674 665 733; x_wconf 88' lang='lat' dir='ltr'><strong>transmiserunt.</strong></span> <span class='ocrx_word' id='word_1_31' title='bbox 721 668 824 741; x_wconf 83' lang='lat' dir='ltr'><strong>ipsi</strong></span> <span class='ocrx_word' id='word_1_32' title='bbox 863 668 1026 722; x_wconf 90' lang='lat' dir='ltr'><strong>etiam</strong></span> <span class='ocrx_word' id='word_1_33' title='bbox 1073 673 1130 721; x_wconf 90' lang='lat' dir='ltr'><strong>et</strong></span> <span class='ocrx_word' id='word_1_34' title='bbox 1180 665 1548 735; x_wconf 87' lang='lat' dir='ltr'><strong>suprascripta</strong></span> 
     </span>
    </p>
   </div>
   <div class='ocr_carea' id='block_1_7' title="bbox 320 939 1195 1016">
    <p class='ocr_par' dir='ltr' id='par_1_7' title="bbox 320 939 1195 1016">
     <span class='ocr_line' id='line_1_7' title="bbox 320 939 1195 1016; baseline -0.014 -11"><span class='ocrx_word' id='word_1_35' title='bbox 320 947 550 1011; x_wconf 61' lang='lat' dir='ltr'><strong>deservio</strong></span> <span class='ocrx_word' id='word_1_36' title='bbox 572 946 695 1016; x_wconf 78' lang='lat' dir='ltr'><strong>ﬁdei</strong></span> <span class='ocrx_word' id='word_1_37' title='bbox 708 943 944 1014; x_wconf 67' lang='lat' dir='ltr'><strong>cium</strong></span> <span class='ocrx_word' id='word_1_38' title='bbox 966 939 1195 996; x_wconf 75' lang='lat' dir='ltr'><strong>concilii.</strong></span> 
     </span>
    </p>
   </div>
   <div class='ocr_carea' id='block_1_8' title="bbox 76 1034 1550 1107">
    <p class='ocr_par' dir='ltr' id='par_1_8' title="bbox 76 1034 1550 1107">
     <span class='ocr_line' id='line_1_8' title="bbox 76 1034 1550 1107; baseline -0.018 1"><span class='ocrx_word' id='word_1_39' title='bbox 76 1048 315 1107; x_wconf 59' lang='lat' dir='ltr'><strong>Cnsiimus</strong></span> <span class='ocrx_word' id='word_1_40' title='bbox 338 1045 392 1101; x_wconf 88' lang='lat' dir='ltr'><strong>in</strong></span> <span class='ocrx_word' id='word_1_41' title='bbox 417 1054 582 1099; x_wconf 77' lang='lat' dir='ltr'><strong>unum</strong></span> <span class='ocrx_word' id='word_1_42' title='bbox 608 1041 799 1107; x_wconf 75' lang='lat' dir='ltr'><strong>verum</strong></span> <span class='ocrx_word' id='word_1_43' title='bbox 833 1038 1002 1092; x_wconf 86' lang='lat' dir='ltr'><strong>Deum</strong></span> <span class='ocrx_word' id='word_1_44' title='bbox 1047 1034 1271 1089; x_wconf 78' lang='lat' dir='ltr'><strong>Patrem</strong></span> <span class='ocrx_word' id='word_1_45' title='bbox 1302 1042 1550 1098; x_wconf 76' lang='lat' dir='ltr'><strong>omnipo-</strong></span> 
     </span>
    </p>
   </div>
   <div class='ocr_carea' id='block_1_9' title="bbox 32 1120 1551 1205">
    <p class='ocr_par' dir='ltr' id='par_1_9' title="bbox 32 1120 1551 1205">
     <span class='ocr_line' id='line_1_9' title="bbox 32 1120 1551 1205; baseline -0.02 -3"><span class='ocrx_word' id='word_1_46' title='bbox 32 1135 587 1205; x_wconf 67' lang='lat' dir='ltr'><strong>tentem,etFilium,et</strong></span> <span class='ocrx_word' id='word_1_47' title='bbox 634 1131 899 1202; x_wconf 88' lang='lat' dir='ltr'><strong>Spiritum</strong></span> <span class='ocrx_word' id='word_1_48' title='bbox 945 1134 1218 1190; x_wconf 61' lang='lat' dir='ltr'><strong>saltuum,</strong></span> <span class='ocrx_word' id='word_1_49' title='bbox 1257 1120 1551 1177; x_wconf 79' lang='lat' dir='ltr'><strong>visibilium</strong></span> 
     </span>
    </p>
   </div>
   <div class='ocr_carea' id='block_1_10' title="bbox 30 1212 1555 1304">
    <p class='ocr_par' dir='ltr' id='par_1_10' title="bbox 30 1212 1555 1304">
     <span class='ocr_line' id='line_1_10' title="bbox 30 1212 1555 1304; baseline -0.016 -13"><span class='ocrx_word' id='word_1_50' title='bbox 30 1237 253 1298; x_wconf 74' lang='lat' dir='ltr'><strong>factorem.</strong></span> <span class='ocrx_word' id='word_1_51' title='bbox 279 1246 374 1304; x_wconf 82' lang='lat' dir='ltr'><strong>per</strong></span> <span class='ocrx_word' id='word_1_52' title='bbox 399 1237 564 1299; x_wconf 66' lang='lat' dir='ltr'><strong>auem</strong></span> <span class='ocrx_word' id='word_1_53' title='bbox 591 1225 776 1285; x_wconf 80' lang='lat' dir='ltr'><strong>omnia</strong></span> <span class='ocrx_word' id='word_1_54' title='bbox 802 1224 947 1279; x_wconf 77' lang='lat' dir='ltr'><strong>facta</strong></span> <span class='ocrx_word' id='word_1_55' title='bbox 969 1219 1175 1276; x_wconf 81' lang='lat' dir='ltr'><strong>suntin</strong></span> <span class='ocrx_word' id='word_1_56' title='bbox 1207 1216 1349 1271; x_wconf 64' lang='lat' dir='ltr'><strong>calo</strong></span> <span class='ocrx_word' id='word_1_57' title='bbox 1397 1222 1454 1268; x_wconf 88' lang='lat' dir='ltr'><strong>et</strong></span> <span class='ocrx_word' id='word_1_58' title='bbox 1497 1212 1555 1267; x_wconf 85' lang='lat' dir='ltr'><strong>in</strong></span> 
     </span>
    </p>
   </div>
   <div class='ocr_carea' id='block_1_11' title="bbox 36 1303 1557 1391">
    <p class='ocr_par' dir='ltr' id='par_1_11' title="bbox 36 1303 1557 1391">
     <span class='ocr_line' id='line_1_11' title="bbox 36 1303 1557 1391; baseline -0.016 -10"><span class='ocrx_word' id='word_1_59' title='bbox 36 1322 617 1391; x_wconf 77' lang='lat' dir='ltr'><strong>terra,mmm0eum,ct</strong></span> <span class='ocrx_word' id='word_1_60' title='bbox 642 1331 804 1371; x_wconf 75' lang='lat' dir='ltr'><strong>tinam</strong></span> <span class='ocrx_word' id='word_1_61' title='bbox 825 1327 948 1369; x_wconf 88' lang='lat' dir='ltr'><strong>esse</strong></span> <span class='ocrx_word' id='word_1_62' title='bbox 1004 1310 1203 1367; x_wconf 65' lang='lat' dir='ltr'><strong>divinas</strong></span> <span class='ocrx_word' id='word_1_63' title='bbox 1240 1303 1557 1364; x_wconf 72' lang='lat' dir='ltr'><strong>substantiae</strong></span> 
     </span>
    </p>
   </div>
   <div class='ocr_carea' id='block_1_12' title="bbox 34 1398 1555 1477">
    <p class='ocr_par' dir='ltr' id='par_1_12' title="bbox 34 1398 1555 1477">
     <span class='ocr_line' id='line_1_12' title="bbox 34 1398 1555 1477; baseline -0.016 -5"><span class='ocrx_word' id='word_1_64' title='bbox 34 1418 307 1473; x_wconf 79' lang='lat' dir='ltr'><strong>Trinitatem.</strong></span> <span class='ocrx_word' id='word_1_65' title='bbox 335 1413 554 1477; x_wconf 63' lang='lat' dir='ltr'><strong>Patriam</strong></span> <span class='ocrx_word' id='word_1_66' title='bbox 584 1414 769 1475; x_wconf 76' lang='lat' dir='ltr'><strong>autem</strong></span> <span class='ocrx_word' id='word_1_67' title='bbox 798 1421 906 1461; x_wconf 89' lang='lat' dir='ltr'><strong>non</strong></span> <span class='ocrx_word' id='word_1_68' title='bbox 936 1417 1063 1460; x_wconf 81' lang='lat' dir='ltr'><strong>esse</strong></span> <span class='ocrx_word' id='word_1_69' title='bbox 1112 1399 1308 1455; x_wconf 82' lang='lat' dir='ltr'><strong>Filium</strong></span> <span class='ocrx_word' id='word_1_70' title='bbox 1354 1398 1555 1468; x_wconf 85' lang='lat' dir='ltr'><strong>ipsum,</strong></span> 
     </span>
    </p>
   </div>
   <div class='ocr_carea' id='block_1_13' title="bbox 35 1488 1556 1569">
    <p class='ocr_par' dir='ltr' id='par_1_13' title="bbox 35 1488 1556 1569">
     <span class='ocr_line' id='line_1_13' title="bbox 35 1488 1556 1569; baseline -0.015 -5"><span class='ocrx_word' id='word_1_71' title='bbox 35 1510 97 1564; x_wconf 83' lang='lat' dir='ltr'><strong>sed</strong></span> <span class='ocrx_word' id='word_1_72' title='bbox 124 1509 299 1563; x_wconf 77' lang='lat' dir='ltr'><strong>habere</strong></span> <span class='ocrx_word' id='word_1_73' title='bbox 325 1503 521 1561; x_wconf 75' lang='lat' dir='ltr'><strong>Filium</strong></span> <span class='ocrx_word' id='word_1_74' title='bbox 550 1501 642 1569; x_wconf 90' lang='lat' dir='ltr'><strong>qui</strong></span> <span class='ocrx_word' id='word_1_75' title='bbox 698 1499 865 1554; x_wconf 82' lang='lat' dir='ltr'><strong>Pater</strong></span> <span class='ocrx_word' id='word_1_76' title='bbox 900 1510 1005 1550; x_wconf 86' lang='lat' dir='ltr'><strong>non</strong></span> <span class='ocrx_word' id='word_1_77' title='bbox 1051 1496 1154 1556; x_wconf 84' lang='lat' dir='ltr'><strong>sit;</strong></span> <span class='ocrx_word' id='word_1_78' title='bbox 1206 1488 1403 1545; x_wconf 81' lang='lat' dir='ltr'><strong>Filium</strong></span> <span class='ocrx_word' id='word_1_79' title='bbox 1451 1502 1556 1542; x_wconf 89' lang='lat' dir='ltr'><strong>non</strong></span> 
     </span>
    </p>
   </div>
   <div class='ocr_carea' id='block_1_14' title="bbox 36 1584 1554 1659">
    <p class='ocr_par' dir='ltr' id='par_1_14' title="bbox 36 1584 1554 1659">
     <span class='ocr_line' id='line_1_14' title="bbox 36 1584 1554 1659; baseline -0.016 -4"><span class='ocrx_word' id='word_1_80' title='bbox 36 1615 118 1654; x_wconf 80' lang='lat' dir='ltr'><strong>esse</strong></span> <span class='ocrx_word' id='word_1_81' title='bbox 138 1598 352 1659; x_wconf 80' lang='lat' dir='ltr'><strong>Patrem,</strong></span> <span class='ocrx_word' id='word_1_82' title='bbox 382 1594 479 1650; x_wconf 84' lang='lat' dir='ltr'><strong>sed</strong></span> <span class='ocrx_word' id='word_1_83' title='bbox 507 1592 707 1651; x_wconf 82' lang='lat' dir='ltr'><strong>Filium</strong></span> <span class='ocrx_word' id='word_1_84' title='bbox 738 1589 830 1644; x_wconf 87' lang='lat' dir='ltr'><strong>Dei</strong></span> <span class='ocrx_word' id='word_1_85' title='bbox 861 1588 926 1642; x_wconf 90' lang='lat' dir='ltr'><strong>de</strong></span> <span class='ocrx_word' id='word_1_86' title='bbox 961 1584 1141 1640; x_wconf 84' lang='lat' dir='ltr'><strong>Patris</strong></span> <span class='ocrx_word' id='word_1_87' title='bbox 1172 1595 1295 1637; x_wconf 87' lang='lat' dir='ltr'><strong>esse</strong></span> <span class='ocrx_word' id='word_1_88' title='bbox 1322 1588 1554 1644; x_wconf 87' lang='lat' dir='ltr'><strong>natura;</strong></span> 
     </span>
    </p>
   </div>
   <div class='ocr_carea' id='block_1_15' title="bbox 39 1670 1564 1764">
    <p class='ocr_par' dir='ltr' id='par_1_15' title="bbox 39 1670 1564 1764">
     <span class='ocr_line' id='line_1_15' title="bbox 39 1670 1564 1764; baseline -0.015 -16"><span class='ocrx_word' id='word_1_89' title='bbox 39 1692 237 1764; x_wconf 74' lang='lat' dir='ltr'><strong>Spiritum</strong></span> <span class='ocrx_word' id='word_1_90' title='bbox 255 1703 468 1762; x_wconf 86' lang='lat' dir='ltr'><strong>quoque</strong></span> <span class='ocrx_word' id='word_1_91' title='bbox 492 1702 618 1745; x_wconf 88' lang='lat' dir='ltr'><strong>esse</strong></span> <span class='ocrx_word' id='word_1_92' title='bbox 639 1682 1003 1742; x_wconf 77' lang='lat' dir='ltr'><strong>Paracletum,</strong></span> <span class='ocrx_word' id='word_1_93' title='bbox 1034 1678 1124 1749; x_wconf 87' lang='lat' dir='ltr'><strong>qui</strong></span> <span class='ocrx_word' id='word_1_94' title='bbox 1149 1691 1249 1732; x_wconf 81' lang='lat' dir='ltr'><strong>nec</strong></span> <span class='ocrx_word' id='word_1_95' title='bbox 1292 1674 1453 1728; x_wconf 86' lang='lat' dir='ltr'><strong>Pater</strong></span> <span class='ocrx_word' id='word_1_96' title='bbox 1491 1670 1564 1726; x_wconf 86' lang='lat' dir='ltr'><strong>sit</strong></span> 
     </span>
    </p>
   </div>
   <div class='ocr_carea' id='block_1_16' title="bbox 39 1765 1559 1853">
    <p class='ocr_par' dir='ltr' id='par_1_16' title="bbox 39 1765 1559 1853">
     <span class='ocr_line' id='line_1_16' title="bbox 39 1765 1559 1853; baseline -0.014 -15"><span class='ocrx_word' id='word_1_97' title='bbox 39 1787 133 1853; x_wconf 77' lang='lat' dir='ltr'><strong>ipse,</strong></span> <span class='ocrx_word' id='word_1_98' title='bbox 179 1798 268 1839; x_wconf 85' lang='lat' dir='ltr'><strong>nec</strong></span> <span class='ocrx_word' id='word_1_99' title='bbox 315 1781 509 1842; x_wconf 76' lang='lat' dir='ltr'><strong>Filius,</strong></span> <span class='ocrx_word' id='word_1_100' title='bbox 558 1778 710 1835; x_wconf 73' lang='lat' dir='ltr'><strong>sed:</strong></span> <span class='ocrx_word' id='word_1_101' title='bbox 743 1776 901 1830; x_wconf 79' lang='lat' dir='ltr'><strong>l’atre</strong></span> <span class='ocrx_word' id='word_1_102' title='bbox 945 1772 1187 1839; x_wconf 75' lang='lat' dir='ltr'><strong>Filioque</strong></span> <span class='ocrx_word' id='word_1_103' title='bbox 1239 1765 1559 1837; x_wconf 82' lang='lat' dir='ltr'><strong>procedens.</strong></span> 
     </span>
    </p>
   </div>
   <div class='ocr_carea' id='block_1_17' title="bbox 38 1828 2879 1946">
    <p class='ocr_par' dir='ltr' id='par_1_17' title="bbox 38 1828 2879 1946">
     <span class='ocr_line' id='line_1_17' title="bbox 39 1828 1255 1853; baseline -0.014 1"><span class='ocrx_word' id='word_1_104' title='bbox 39 1828 133 1853; x_wconf 63' lang='grc' dir='ltr'><strong>’νυνι</strong></span> <span class='ocrx_word' id='word_1_105' title='bbox 179 1828 267 1839; x_wconf 79' lang='grc'>···’-</span> <span class='ocrx_word' id='word_1_106' title='bbox 315 1828 509 1842; x_wconf 66' lang='grc' dir='ltr'><strong>--ει--τ</strong></span> <span class='ocrx_word' id='word_1_107' title='bbox 560 1828 614 1835; x_wconf 65' lang='lat'><strong>—~</strong></span> <span class='ocrx_word' id='word_1_108' title='bbox 642 1828 652 1831; x_wconf 86' lang='lat'><em>-</em></span> <span class='ocrx_word' id='word_1_109' title='bbox 678 1828 710 1831; x_wconf 78' lang='lat'><strong><em>—</em></strong></span> <span class='ocrx_word' id='word_1_110' title='bbox 744 1828 755 1830; x_wconf 55' lang='grc' dir='ltr'><em>ν</em></span> <span class='ocrx_word' id='word_1_111' title='bbox 826 1828 829 1829; x_wconf 55' lang='grc' dir='ltr'><em>ν</em></span> <span class='ocrx_word' id='word_1_112' title='bbox 884 1828 891 1830; x_wconf 74' lang='lat'>~</span> <span class='ocrx_word' id='word_1_113' title='bbox 1102 1828 1114 1839; x_wconf 91' lang='lat'><strong>.</strong></span> <span class='ocrx_word' id='word_1_114' title='bbox 1240 1828 1255 1837; x_wconf 91' lang='lat'><strong>.</strong></span> 
     </span>
     <span class='ocr_line' id='line_1_18' title="bbox 38 1828 2879 1946; baseline -0.018 -15"><span class='ocrx_word' id='word_1_115' title='bbox 38 1877 222 1946; x_wconf 72' lang='lat' dir='ltr'><strong>Estcrgo</strong></span> <span class='ocrx_word' id='word_1_116' title='bbox 246 1873 519 1945; x_wconf 78' lang='lat' dir='ltr'><strong>ingenitus</strong></span> <span class='ocrx_word' id='word_1_117' title='bbox 547 1870 731 1933; x_wconf 83' lang='lat' dir='ltr'><strong>Pater,</strong></span> <span class='ocrx_word' id='word_1_118' title='bbox 763 1867 979 1938; x_wconf 78' lang='lat' dir='ltr'><strong>genitus</strong></span> <span class='ocrx_word' id='word_1_119' title='bbox 1009 1862 1197 1925; x_wconf 82' lang='lat' dir='ltr'><strong>Filius,</strong></span> <span class='ocrx_word' id='word_1_120' title='bbox 1228 1874 1333 1914; x_wconf 87' lang='lat' dir='ltr'><strong>non</strong></span> <span class='ocrx_word' id='word_1_121' title='bbox 1353 1858 1567 1928; x_wconf 81' lang='lat' dir='ltr'><strong>genitus</strong></span> <span class='ocrx_word' id='word_1_122' title='bbox 1601 1870 1641 1928; x_wconf 76' lang='grc' dir='ltr'><strong><em>Β</em></strong></span> <span class='ocrx_word' id='word_1_123' title='bbox 1670 1854 1752 1908; x_wconf 81' lang='lat' dir='ltr'><strong>vel</strong></span> <span class='ocrx_word' id='word_1_124' title='bbox 1787 1847 2078 1908; x_wconf 79' lang='lat' dir='ltr'><strong>crediderit</strong></span> <span class='ocrx_word' id='word_1_125' title='bbox 2098 1844 2331 1899; x_wconf 89' lang='lat' dir='ltr'><strong>alterum</strong></span> <span class='ocrx_word' id='word_1_126' title='bbox 2354 1839 2522 1894; x_wconf 89' lang='lat' dir='ltr'><strong>Deum</strong></span> <span class='ocrx_word' id='word_1_127' title='bbox 2545 1846 2666 1889; x_wconf 85' lang='lat' dir='ltr'><strong>esse.</strong></span> <span class='ocrx_word' id='word_1_128' title='bbox 2689 1828 2879 1900; x_wconf 72' lang='lat' dir='ltr'><strong>priscm</strong></span> 
     </span>
     <span class='ocr_line' id='line_1_19' title="bbox 1824 1920 2879 1946; baseline 0 0"><span class='ocrx_word' id='word_1_129' title='bbox 1824 1945 1855 1946; x_wconf 33' lang='grc' dir='ltr'><strong><em>η</em></strong></span> <span class='ocrx_word' id='word_1_130' title='bbox 2038 1938 2071 1946; x_wconf 86' lang='grc'><strong>..</strong></span> <span class='ocrx_word' id='word_1_131' title='bbox 2397 1931 2431 1946; x_wconf 79' lang='grc' dir='ltr'><strong>,ι</strong></span> <span class='ocrx_word' id='word_1_132' title='bbox 2465 1944 2493 1946; x_wconf 38' lang='grc' dir='ltr'><strong>μ</strong></span> <span class='ocrx_word' id='word_1_133' title='bbox 2522 1943 2568 1946; x_wconf 69' lang='lat'><strong>__</strong></span> <span class='ocrx_word' id='word_1_134' title='bbox 2603 1924 2664 1946; x_wconf 59' lang='grc' dir='ltr'><strong>με.</strong></span> <span class='ocrx_word' id='word_1_135' title='bbox 2728 1920 2783 1946; x_wconf 68' lang='grc' dir='ltr'><strong>ΕΣ</strong></span> <span class='ocrx_word' id='word_1_136' title='bbox 2815 1933 2879 1946; x_wconf 70' lang='grc' dir='ltr'><strong>ηι-</strong></span> 
     </span>
    </p>
   </div>
   <div class='ocr_carea' id='block_1_18' title="bbox 38 1951 1570 2029">
    <p class='ocr_par' dir='ltr' id='par_1_18' title="bbox 38 1951 1570 2029">
     <span class='ocr_line' id='line_1_20' title="bbox 38 1951 1570 2029; baseline -0.015 -5"><span class='ocrx_word' id='word_1_137' title='bbox 38 1968 275 2024; x_wconf 78' lang='lat' dir='ltr'><strong>Paracletus</strong></span> <span class='ocrx_word' id='word_1_138' title='bbox 298 1966 391 2025; x_wconf 87' lang='lat' dir='ltr'><strong>sed</strong></span> <span class='ocrx_word' id='word_1_139' title='bbox 417 1981 448 2020; x_wconf 89' lang='lat' dir='ltr'><strong>a</strong></span> <span class='ocrx_word' id='word_1_140' title='bbox 475 1964 639 2021; x_wconf 86' lang='lat' dir='ltr'><strong>Patre</strong></span> <span class='ocrx_word' id='word_1_141' title='bbox 654 1960 900 2029; x_wconf 80' lang='lat' dir='ltr'><strong>Filioque</strong></span> <span class='ocrx_word' id='word_1_142' title='bbox 917 1956 1234 2028; x_wconf 84' lang='lat' dir='ltr'><strong>procedens.</strong></span> <span class='ocrx_word' id='word_1_143' title='bbox 1302 1951 1464 2005; x_wconf 88' lang='lat' dir='ltr'><strong>Pater</strong></span> <span class='ocrx_word' id='word_1_144' title='bbox 1483 1956 1570 2002; x_wconf 85' lang='lat' dir='ltr'><strong>est</strong></span> 
     </span>
    </p>
   </div>
   <div class='ocr_carea' id='block_1_19' title="bbox 41 2041 1570 2133">
    <p class='ocr_par' dir='ltr' id='par_1_19' title="bbox 41 2041 1570 2133">
     <span class='ocr_line' id='line_1_21' title="bbox 41 2041 1570 2133; baseline -0.014 -16"><span class='ocrx_word' id='word_1_145' title='bbox 41 2063 150 2133; x_wconf 76' lang='lat' dir='ltr'><strong>cujus</strong></span> <span class='ocrx_word' id='word_1_146' title='bbox 182 2074 270 2119; x_wconf 81' lang='lat' dir='ltr'><strong>vox</strong></span> <span class='ocrx_word' id='word_1_147' title='bbox 306 2059 422 2114; x_wconf 80' lang='lat' dir='ltr'><strong>haec</strong></span> <span class='ocrx_word' id='word_1_148' title='bbox 458 2056 647 2112; x_wconf 86' lang='lat' dir='ltr'><strong>audita</strong></span> <span class='ocrx_word' id='word_1_149' title='bbox 682 2062 764 2109; x_wconf 91' lang='lat' dir='ltr'><strong>est</strong></span> <span class='ocrx_word' id='word_1_150' title='bbox 792 2053 860 2107; x_wconf 91' lang='lat' dir='ltr'><strong>de</strong></span> <span class='ocrx_word' id='word_1_151' title='bbox 888 2049 1079 2106; x_wconf 69' lang='lat' dir='ltr'><strong>castis:</strong></span> <span class='ocrx_word' id='word_1_152' title='bbox 1114 2065 1134 2098; x_wconf 74' lang='grc' dir='ltr'>ι</span> <span class='ocrx_word' id='word_1_153' title='bbox 1174 2045 1270 2100; x_wconf 85' lang='lat' dir='ltr'><strong>ilic</strong></span> <span class='ocrx_word' id='word_1_154' title='bbox 1291 2052 1374 2099; x_wconf 89' lang='lat' dir='ltr'><strong>est</strong></span> <span class='ocrx_word' id='word_1_155' title='bbox 1401 2041 1570 2096; x_wconf 85' lang='lat' dir='ltr'><strong>Filius</strong></span> 
     </span>
    </p>
   </div>
   <div class='ocr_carea' id='block_1_20' title="bbox 42 2135 1569 2219">
    <p class='ocr_par' dir='ltr' id='par_1_20' title="bbox 42 2135 1569 2219">
     <span class='ocr_line' id='line_1_22' title="bbox 42 2135 1569 2219; baseline -0.014 -12"><span class='ocrx_word' id='word_1_156' title='bbox 42 2170 147 2209; x_wconf 81' lang='lat' dir='ltr'><strong>meus</strong></span> <span class='ocrx_word' id='word_1_157' title='bbox 163 2152 392 2216; x_wconf 88' lang='lat' dir='ltr'><strong>dilectus,</strong></span> <span class='ocrx_word' id='word_1_158' title='bbox 425 2151 615 2219; x_wconf 82' lang='lat' dir='ltr'><strong>inquo</strong></span> <span class='ocrx_word' id='word_1_159' title='bbox 657 2144 788 2201; x_wconf 90' lang='lat' dir='ltr'><strong>mihi</strong></span> <span class='ocrx_word' id='word_1_160' title='bbox 831 2144 970 2198; x_wconf 81' lang='lat' dir='ltr'><strong>bene</strong></span> <span class='ocrx_word' id='word_1_161' title='bbox 1026 2136 1352 2208; x_wconf 88' lang='lat' dir='ltr'><strong>complacui,</strong></span> <span class='ocrx_word' id='word_1_162' title='bbox 1393 2135 1569 2204; x_wconf 82' lang='lat' dir='ltr'><strong>ipsum</strong></span> 
     </span>
    </p>
   </div>
   <div class='ocr_carea' id='block_1_21' title="bbox 41 2226 1571 2312">
    <p class='ocr_par' dir='ltr' id='par_1_21' title="bbox 41 2226 1571 2312">
     <span class='ocr_line' id='line_1_23' title="bbox 41 2226 1571 2312; baseline -0.014 -14"><span class='ocrx_word' id='word_1_163' title='bbox 41 2245 168 2300; x_wconf 83' lang='lat' dir='ltr'><strong>audite</strong></span> <span class='ocrx_word' id='word_1_164' title='bbox 188 2242 546 2312; x_wconf 70' lang='lat' dir='ltr'><strong>(Hatth.xvu,</strong></span> <span class='ocrx_word' id='word_1_165' title='bbox 573 2239 649 2310; x_wconf 82' lang='lat'><strong>5).</strong></span> <span class='ocrx_word' id='word_1_166' title='bbox 683 2256 702 2291; x_wconf 72' lang='grc' dir='ltr'><strong><em>ι</em></strong></span> <span class='ocrx_word' id='word_1_167' title='bbox 726 2240 736 2251; x_wconf 89' lang='grc'><strong>’</strong></span> <span class='ocrx_word' id='word_1_168' title='bbox 760 2235 928 2291; x_wconf 85' lang='lat' dir='ltr'><strong>Filius</strong></span> <span class='ocrx_word' id='word_1_169' title='bbox 956 2241 1040 2288; x_wconf 90' lang='lat' dir='ltr'><strong>est</strong></span> <span class='ocrx_word' id='word_1_170' title='bbox 1068 2231 1160 2301; x_wconf 92' lang='lat' dir='ltr'><strong>qui</strong></span> <span class='ocrx_word' id='word_1_171' title='bbox 1198 2230 1311 2283; x_wconf 87' lang='lat' dir='ltr'><strong>ait:</strong></span> <span class='ocrx_word' id='word_1_172' title='bbox 1344 2246 1362 2278; x_wconf 73' lang='grc' dir='ltr'><strong><em>ι</em></strong></span> <span class='ocrx_word' id='word_1_173' title='bbox 1393 2226 1503 2296; x_wconf 80' lang='lat' dir='ltr'><strong>Ego</strong></span> <span class='ocrx_word' id='word_1_174' title='bbox 1539 2237 1571 2277; x_wconf 84' lang='lat' dir='ltr'><strong>a</strong></span> 
     </span>
    </p>
   </div>
   <div class='ocr_carea' id='block_1_22' title="bbox 42 2317 1568 2399">
    <p class='ocr_par' dir='ltr' id='par_1_22' title="bbox 42 2317 1568 2399">
     <span class='ocr_line' id='line_1_24' title="bbox 42 2317 1568 2399; baseline -0.013 -10"><span class='ocrx_word' id='word_1_175' title='bbox 42 2335 154 2390; x_wconf 80' lang='lat' dir='ltr'><strong>Patre</strong></span> <span class='ocrx_word' id='word_1_176' title='bbox 170 2335 313 2399; x_wconf 83' lang='lat' dir='ltr'><strong>exivi,</strong></span> <span class='ocrx_word' id='word_1_177' title='bbox 340 2342 396 2389; x_wconf 87' lang='lat' dir='ltr'><strong>et</strong></span> <span class='ocrx_word' id='word_1_178' title='bbox 421 2331 593 2388; x_wconf 80' lang='lat' dir='ltr'><strong>aDeo</strong></span> <span class='ocrx_word' id='word_1_179' title='bbox 615 2328 739 2385; x_wconf 88' lang='lat' dir='ltr'><strong>veni</strong></span> <span class='ocrx_word' id='word_1_180' title='bbox 779 2328 833 2381; x_wconf 93' lang='lat' dir='ltr'><strong>in</strong></span> <span class='ocrx_word' id='word_1_181' title='bbox 879 2328 1024 2380; x_wconf 87' lang='lat' dir='ltr'><strong>hunc</strong></span> <span class='ocrx_word' id='word_1_182' title='bbox 1072 2322 1332 2377; x_wconf 89' lang='lat' dir='ltr'><strong>mundum</strong></span> <span class='ocrx_word' id='word_1_183' title='bbox 1386 2317 1568 2389; x_wconf 80' lang='lat' dir='ltr'><strong>(Jorm.</strong></span> 
     </span>
    </p>
   </div>
   <div class='ocr_carea' id='block_1_23' title="bbox 45 2410 1569 2496">
    <p class='ocr_par' dir='ltr' id='par_1_23' title="bbox 45 2410 1569 2496">
     <span class='ocr_line' id='line_1_25' title="bbox 45 2410 1569 2496; baseline -0.013 -16"><span class='ocrx_word' id='word_1_184' title='bbox 45 2443 119 2487; x_wconf 74' lang='lat' dir='ltr'><strong>tu,</strong></span> <span class='ocrx_word' id='word_1_185' title='bbox 143 2426 234 2496; x_wconf 71' lang='lat'><strong>‘28).</strong></span> <span class='ocrx_word' id='word_1_186' title='bbox 268 2445 286 2478; x_wconf 72' lang='grc' dir='ltr'><strong><em>ι</em></strong></span> <span class='ocrx_word' id='word_1_187' title='bbox 320 2423 639 2479; x_wconf 86' lang='lat' dir='ltr'><strong>Paracletus</strong></span> <span class='ocrx_word' id='word_1_188' title='bbox 661 2430 745 2476; x_wconf 89' lang='lat' dir='ltr'><strong>est</strong></span> <span class='ocrx_word' id='word_1_189' title='bbox 768 2418 1002 2487; x_wconf 83' lang='lat' dir='ltr'><strong>Spiritus</strong></span> <span class='ocrx_word' id='word_1_190' title='bbox 1032 2416 1097 2469; x_wconf 89' lang='lat' dir='ltr'><strong>de</strong></span> <span class='ocrx_word' id='word_1_191' title='bbox 1122 2428 1230 2484; x_wconf 90' lang='lat' dir='ltr'><strong>quo</strong></span> <span class='ocrx_word' id='word_1_192' title='bbox 1244 2411 1414 2467; x_wconf 85' lang='lat' dir='ltr'><strong>Filius</strong></span> <span class='ocrx_word' id='word_1_193' title='bbox 1442 2410 1519 2462; x_wconf 92' lang='lat' dir='ltr'><strong>ait</strong></span> <span class='ocrx_word' id='word_1_194' title='bbox 1554 2425 1569 2460; x_wconf 85' lang='lat'><strong>:</strong></span> 
     </span>
    </p>
   </div>
   <div class='ocr_carea' id='block_1_24' title="bbox 47 2497 1574 2589">
    <p class='ocr_par' dir='ltr' id='par_1_24' title="bbox 47 2497 1574 2589">
     <span class='ocr_line' id='line_1_26' title="bbox 47 2497 1574 2589; baseline -0.015 -17"><span class='ocrx_word' id='word_1_195' title='bbox 47 2539 57 2567; x_wconf 84' lang='grc' dir='ltr'>ι</span> <span class='ocrx_word' id='word_1_196' title='bbox 83 2517 165 2572; x_wconf 74' lang='lat' dir='ltr'><strong>Nisi</strong></span> <span class='ocrx_word' id='word_1_197' title='bbox 186 2531 274 2589; x_wconf 76' lang='lat' dir='ltr'><strong>ego</strong></span> <span class='ocrx_word' id='word_1_198' title='bbox 294 2516 477 2572; x_wconf 74' lang='lat' dir='ltr'><strong>abiero</strong></span> <span class='ocrx_word' id='word_1_199' title='bbox 507 2513 576 2568; x_wconf 85' lang='lat' dir='ltr'><strong>ad</strong></span> <span class='ocrx_word' id='word_1_200' title='bbox 608 2511 849 2573; x_wconf 82' lang='lat' dir='ltr'><strong>Patrem,</strong></span> <span class='ocrx_word' id='word_1_201' title='bbox 875 2504 1189 2562; x_wconf 85' lang='lat' dir='ltr'><strong>Paracletns</strong></span> <span class='ocrx_word' id='word_1_202' title='bbox 1242 2517 1347 2556; x_wconf 89' lang='lat' dir='ltr'><strong>non</strong></span> <span class='ocrx_word' id='word_1_203' title='bbox 1395 2497 1574 2556; x_wconf 63' lang='lat' dir='ltr'><strong>veniat</strong></span> 
     </span>
    </p>
   </div>
   <div class='ocr_carea' id='block_1_25' title="bbox 44 2582 1573 2678">
    <p class='ocr_par' dir='ltr' id='par_1_25' title="bbox 44 2582 1573 2678">
     <span class='ocr_line' id='line_1_27' title="bbox 44 2582 1573 2678; baseline -0.025 0"><span class='ocrx_word' id='word_1_204' title='bbox 44 2607 172 2677; x_wconf 69' lang='grc' dir='ltr'><strong>(Ιοαιι.</strong></span> <span class='ocrx_word' id='word_1_205' title='bbox 192 2582 377 2678; x_wconf 67' lang='lat' dir='ltr'><strong>xvt,7).</strong></span> <span class='ocrx_word' id='word_1_206' title='bbox 411 2626 429 2658; x_wconf 73' lang='grc' dir='ltr'><strong><em>ι</em></strong></span> <span class='ocrx_word' id='word_1_207' title='bbox 459 2604 615 2660; x_wconf 76' lang='lat' dir='ltr'><strong>lianc</strong></span> <span class='ocrx_word' id='word_1_208' title='bbox 638 2601 961 2658; x_wconf 84' lang='lat' dir='ltr'><strong>Trinitatem</strong></span> <span class='ocrx_word' id='word_1_209' title='bbox 985 2596 1232 2667; x_wconf 76' lang='lat' dir='ltr'><strong>personis</strong></span> <span class='ocrx_word' id='word_1_210' title='bbox 1258 2582 1573 2646; x_wconf 69' lang='lat' dir='ltr'><strong>distinctam</strong></span> 
     </span>
    </p>
   </div>
   <div class='ocr_carea' id='block_1_26' title="bbox 45 2684 1579 2767">
    <p class='ocr_par' dir='ltr' id='par_1_26' title="bbox 45 2684 1579 2767">
     <span class='ocr_line' id='line_1_28' title="bbox 45 2684 1579 2767; baseline -0.011 -11"><span class='ocrx_word' id='word_1_211' title='bbox 45 2704 275 2759; x_wconf 63' lang='lat' dir='ltr'><strong>sdxstantia</strong></span> <span class='ocrx_word' id='word_1_212' title='bbox 289 2704 440 2758; x_wconf 78' lang='lat' dir='ltr'><strong>unica</strong></span> <span class='ocrx_word' id='word_1_213' title='bbox 452 2742 467 2767; x_wconf 90' lang='lat'><strong>,</strong></span> <span class='ocrx_word' id='word_1_214' title='bbox 504 2702 709 2756; x_wconf 89' lang='lat' dir='ltr'><strong>virtute</strong></span> <span class='ocrx_word' id='word_1_215' title='bbox 719 2707 775 2753; x_wconf 83' lang='lat' dir='ltr'><strong>et</strong></span> <span class='ocrx_word' id='word_1_216' title='bbox 789 2702 1056 2767; x_wconf 84' lang='lat' dir='ltr'><strong>potestate</strong></span> <span class='ocrx_word' id='word_1_217' title='bbox 1075 2705 1128 2747; x_wconf 87' lang='lat' dir='ltr'><strong>et</strong></span> <span class='ocrx_word' id='word_1_218' title='bbox 1144 2689 1426 2758; x_wconf 79' lang='lat' dir='ltr'><strong>majestate</strong></span> <span class='ocrx_word' id='word_1_219' title='bbox 1440 2684 1579 2741; x_wconf 80' lang='lat' dir='ltr'><strong>iudi-</strong></span> 
     </span>
    </p>
   </div>
   <div class='ocr_carea' id='block_1_27' title="bbox 48 2779 1578 2862">
    <p class='ocr_par' dir='ltr' id='par_1_27' title="bbox 48 2779 1578 2862">
     <span class='ocr_line' id='line_1_29' title="bbox 48 2779 1578 2862; baseline -0.007 -18"><span class='ocrx_word' id='word_1_220' title='bbox 48 2796 269 2862; x_wconf 78' lang='lat' dir='ltr'><strong>visibilem,</strong></span> <span class='ocrx_word' id='word_1_221' title='bbox 298 2794 724 2857; x_wconf 71' lang='lat' dir='ltr'><strong>indifferentem,</strong></span> <span class='ocrx_word' id='word_1_222' title='bbox 749 2798 948 2862; x_wconf 63' lang='lat' dir='ltr'><strong>praeter</strong></span> <span class='ocrx_word' id='word_1_223' title='bbox 976 2788 1116 2842; x_wconf 91' lang='lat' dir='ltr'><strong>hanc</strong></span> <span class='ocrx_word' id='word_1_224' title='bbox 1168 2782 1369 2839; x_wconf 85' lang='lat' dir='ltr'><strong>nullam</strong></span> <span class='ocrx_word' id='word_1_225' title='bbox 1397 2779 1578 2836; x_wconf 76' lang='lat' dir='ltr'><strong>credi-</strong></span> 
     </span>
    </p>
   </div>
   <div class='ocr_carea' id='block_1_28' title="bbox 49 2868 1580 2949">
    <p class='ocr_par' dir='ltr' id='par_1_28' title="bbox 49 2868 1580 2949">
     <span class='ocr_line' id='line_1_30' title="bbox 49 2868 1580 2949; baseline -0.01 -11"><span class='ocrx_word' id='word_1_226' title='bbox 49 2902 130 2941; x_wconf 85' lang='lat' dir='ltr'><strong>mus</strong></span> <span class='ocrx_word' id='word_1_227' title='bbox 145 2888 350 2943; x_wconf 76' lang='lat' dir='ltr'><strong>divinam</strong></span> <span class='ocrx_word' id='word_1_228' title='bbox 375 2900 503 2943; x_wconf 82' lang='lat' dir='ltr'><strong>esse</strong></span> <span class='ocrx_word' id='word_1_229' title='bbox 518 2893 789 2946; x_wconf 76' lang='lat' dir='ltr'><strong>naturam,</strong></span> <span class='ocrx_word' id='word_1_230' title='bbox 804 2880 890 2935; x_wconf 88' lang='lat' dir='ltr'><strong>vel</strong></span> <span class='ocrx_word' id='word_1_231' title='bbox 906 2877 1104 2949; x_wconf 73' lang='lat' dir='ltr'><strong>angeli,</strong></span> <span class='ocrx_word' id='word_1_232' title='bbox 1137 2874 1219 2930; x_wconf 88' lang='lat' dir='ltr'><strong>vel</strong></span> <span class='ocrx_word' id='word_1_233' title='bbox 1232 2873 1477 2943; x_wconf 85' lang='lat' dir='ltr'><strong>spiritus,</strong></span> <span class='ocrx_word' id='word_1_234' title='bbox 1497 2868 1580 2924; x_wconf 88' lang='lat' dir='ltr'><strong>vel</strong></span> 
     </span>
    </p>
   </div>
   <div class='ocr_carea' id='block_1_29' title="bbox 52 2962 1584 3050">
    <p class='ocr_par' dir='ltr' id='par_1_29' title="bbox 52 2962 1584 3050">
     <span class='ocr_line' id='line_1_31' title="bbox 52 2962 1584 3050; baseline -0.009 -19"><span class='ocrx_word' id='word_1_235' title='bbox 52 2978 208 3033; x_wconf 61' lang='lat' dir='ltr'><strong>\‘irtuais</strong></span> <span class='ocrx_word' id='word_1_236' title='bbox 229 2979 451 3050; x_wconf 75' lang='lat' dir='ltr'><strong>alicujus</strong></span> <span class='ocrx_word' id='word_1_237' title='bbox 480 2992 610 3047; x_wconf 64' lang='lat' dir='ltr'><strong>quae</strong></span> <span class='ocrx_word' id='word_1_238' title='bbox 637 2974 782 3030; x_wconf 87' lang='lat' dir='ltr'><strong>Deus</strong></span> <span class='ocrx_word' id='word_1_239' title='bbox 803 2972 1081 3029; x_wconf 77' lang='lat' dir='ltr'><strong>credatur.</strong></span> <span class='ocrx_word' id='word_1_240' title='bbox 1127 2967 1283 3023; x_wconf 81' lang='lat' dir='ltr'><strong>Hunc</strong></span> <span class='ocrx_word' id='word_1_241' title='bbox 1306 2978 1439 3036; x_wconf 74' lang='lat' dir='ltr'><strong>ergo</strong></span> <span class='ocrx_word' id='word_1_242' title='bbox 1492 2962 1584 3018; x_wconf 83' lang='lat' dir='ltr'><strong>Fi-</strong></span> 
     </span>
    </p>
   </div>
   <div class='ocr_carea' id='block_1_30' title="bbox 52 3054 1582 3129">
    <p class='ocr_par' dir='ltr' id='par_1_30' title="bbox 52 3054 1582 3129">
     <span class='ocr_line' id='line_1_32' title="bbox 52 3054 1582 3129; baseline -0.016 1"><span class='ocrx_word' id='word_1_243' title='bbox 52 3066 238 3127; x_wconf 70' lang='lat' dir='ltr'><strong>limnDei</strong></span> <span class='ocrx_word' id='word_1_244' title='bbox 262 3066 422 3126; x_wconf 88' lang='lat' dir='ltr'><strong>Deum</strong></span> <span class='ocrx_word' id='word_1_245' title='bbox 462 3077 659 3122; x_wconf 84' lang='lat' dir='ltr'><strong>natum</strong></span> <span class='ocrx_word' id='word_1_246' title='bbox 691 3081 721 3119; x_wconf 87' lang='lat' dir='ltr'><strong>a</strong></span> <span class='ocrx_word' id='word_1_247' title='bbox 745 3062 928 3129; x_wconf 82' lang='lat' dir='ltr'><strong>Patre,</strong></span> <span class='ocrx_word' id='word_1_248' title='bbox 983 3068 1110 3115; x_wconf 87' lang='lat' dir='ltr'><strong>ante</strong></span> <span class='ocrx_word' id='word_1_249' title='bbox 1157 3073 1318 3113; x_wconf 75' lang='lat' dir='ltr'><strong>omne</strong></span> <span class='ocrx_word' id='word_1_250' title='bbox 1358 3054 1582 3110; x_wconf 85' lang='lat' dir='ltr'><strong>omnino</strong></span> 
     </span>
    </p>
   </div>
   <div class='ocr_carea' id='block_1_31' title="bbox 52 3148 1578 3229">
    <p class='ocr_par' dir='ltr' id='par_1_31' title="bbox 52 3148 1578 3229">
     <span class='ocr_line' id='line_1_33' title="bbox 52 3148 1578 3229; baseline -0.008 -19"><span class='ocrx_word' id='word_1_251' title='bbox 52 3159 299 3229; x_wconf 79' lang='lat' dir='ltr'><strong>principium</strong></span> <span class='ocrx_word' id='word_1_252' title='bbox 322 3158 701 3225; x_wconf 76' lang='lat' dir='ltr'><strong>sanctiﬁeasse</strong></span> <span class='ocrx_word' id='word_1_253' title='bbox 725 3164 939 3211; x_wconf 84' lang='lat' dir='ltr'><strong>uterum</strong></span> <span class='ocrx_word' id='word_1_254' title='bbox 966 3152 1200 3224; x_wconf 79' lang='lat' dir='ltr'><strong>virginis</strong></span> <span class='ocrx_word' id='word_1_255' title='bbox 1232 3148 1435 3213; x_wconf 64' lang='lat' dir='ltr'><strong>Mariae,</strong></span> <span class='ocrx_word' id='word_1_256' title='bbox 1491 3155 1578 3199; x_wconf 76' lang='lat' dir='ltr'><strong>at-</strong></span> 
     </span>
    </p>
   </div>
   <div class='ocr_carea' id='block_1_32' title="bbox 54 3226 2357 3316">
    <p class='ocr_par' dir='ltr' id='par_1_32' title="bbox 54 3226 2357 3316">
     <span class='ocr_line' id='line_1_34' title="bbox 54 3226 2357 3316; baseline -0.013 -12"><span class='ocrx_word' id='word_1_257' title='bbox 54 3264 189 3316; x_wconf 81' lang='lat' dir='ltr'><strong>queex</strong></span> <span class='ocrx_word' id='word_1_258' title='bbox 216 3266 269 3307; x_wconf 89' lang='lat' dir='ltr'><strong>ea</strong></span> <span class='ocrx_word' id='word_1_259' title='bbox 291 3266 479 3306; x_wconf 88' lang='lat' dir='ltr'><strong>verum</strong></span> <span class='ocrx_word' id='word_1_260' title='bbox 522 3248 798 3303; x_wconf 88' lang='lat' dir='ltr'><strong>hominem</strong></span> <span class='ocrx_word' id='word_1_261' title='bbox 830 3245 950 3300; x_wconf 90' lang='lat' dir='ltr'><strong>sine</strong></span> <span class='ocrx_word' id='word_1_262' title='bbox 981 3242 1121 3297; x_wconf 89' lang='lat' dir='ltr'><strong>virili</strong></span> <span class='ocrx_word' id='word_1_263' title='bbox 1155 3246 1472 3312; x_wconf 76' lang='lat' dir='ltr'><strong>generatum</strong></span> <span class='ocrx_word' id='word_1_264' title='bbox 1498 3250 1581 3291; x_wconf 57' lang='lat' dir='ltr'><strong>sec</strong></span> <span class='ocrx_word' id='word_1_265' title='bbox 1607 3245 1654 3309; x_wconf 63' lang='grc' dir='ltr'><strong>(ζ</strong></span> <span class='ocrx_word' id='word_1_266' title='bbox 1685 3237 1973 3292; x_wconf 84' lang='lat' dir='ltr'><strong>ostendere</strong></span> <span class='ocrx_word' id='word_1_267' title='bbox 2005 3271 2019 3295; x_wconf 93' lang='lat'><strong>,</strong></span> <span class='ocrx_word' id='word_1_268' title='bbox 2070 3226 2357 3281; x_wconf 78' lang='lat' dir='ltr'><strong>anathema</strong></span> 
     </span>
    </p>
   </div>
   <div class='ocr_carea' id='block_1_33' title="bbox 55 3328 1587 3418">
    <p class='ocr_par' dir='ltr' id='par_1_33' title="bbox 55 3328 1587 3418">
     <span class='ocr_line' id='line_1_35' title="bbox 55 3328 1587 3418; baseline -0.008 -22"><span class='ocrx_word' id='word_1_269' title='bbox 55 3346 155 3401; x_wconf 75' lang='lat' dir='ltr'><strong>utine</strong></span> <span class='ocrx_word' id='word_1_270' title='bbox 175 3348 485 3418; x_wconf 77' lang='lat' dir='ltr'><strong>suscepisse,</strong></span> <span class='ocrx_word' id='word_1_271' title='bbox 513 3345 724 3401; x_wconf 76' lang='lat' dir='ltr'><strong>duabus</strong></span> <span class='ocrx_word' id='word_1_272' title='bbox 745 3343 1009 3396; x_wconf 78' lang='lat' dir='ltr'><strong>duntaxat</strong></span> <span class='ocrx_word' id='word_1_273' title='bbox 1030 3335 1255 3395; x_wconf 85' lang='lat' dir='ltr'><strong>naturis,</strong></span> <span class='ocrx_word' id='word_1_274' title='bbox 1281 3333 1336 3387; x_wconf 88' lang='lat' dir='ltr'><strong>id</strong></span> <span class='ocrx_word' id='word_1_275' title='bbox 1354 3342 1440 3387; x_wconf 88' lang='lat' dir='ltr'><strong>est</strong></span> <span class='ocrx_word' id='word_1_276' title='bbox 1474 3328 1587 3384; x_wconf 86' lang='lat' dir='ltr'><strong>dei-</strong></span> 
     </span>
    </p>
   </div>
   <div class='ocr_carea' id='block_1_34' title="bbox 56 3422 1589 3504">
    <p class='ocr_par' dir='ltr' id='par_1_34' title="bbox 56 3422 1589 3504">
     <span class='ocr_line' id='line_1_36' title="bbox 56 3422 1589 3504; baseline -0.01 -13"><span class='ocrx_word' id='word_1_277' title='bbox 56 3437 144 3493; x_wconf 69' lang='lat' dir='ltr'><strong>tatis</strong></span> <span class='ocrx_word' id='word_1_278' title='bbox 184 3448 231 3495; x_wconf 88' lang='lat' dir='ltr'><strong>et</strong></span> <span class='ocrx_word' id='word_1_279' title='bbox 264 3442 437 3496; x_wconf 83' lang='lat' dir='ltr'><strong>carnis</strong></span> <span class='ocrx_word' id='word_1_280' title='bbox 462 3481 483 3504; x_wconf 89' lang='lat'><strong>,</strong></span> <span class='ocrx_word' id='word_1_281' title='bbox 545 3438 599 3492; x_wconf 86' lang='lat' dir='ltr'><strong>in</strong></span> <span class='ocrx_word' id='word_1_282' title='bbox 662 3451 823 3490; x_wconf 89' lang='lat' dir='ltr'><strong>unam</strong></span> <span class='ocrx_word' id='word_1_283' title='bbox 871 3427 1320 3488; x_wconf 83' lang='lat' dir='ltr'><strong>convenientibus</strong></span> <span class='ocrx_word' id='word_1_284' title='bbox 1363 3422 1589 3479; x_wconf 84' lang='lat' dir='ltr'><strong>omnino</strong></span> 
     </span>
    </p>
   </div>
   <div class='ocr_carea' id='block_1_35' title="bbox 54 3516 1586 3599">
    <p class='ocr_par' dir='ltr' id='par_1_35' title="bbox 54 3516 1586 3599">
     <span class='ocr_line' id='line_1_37' title="bbox 54 3516 1586 3599; baseline -0.016 -8"><span class='ocrx_word' id='word_1_285' title='bbox 54 3545 291 3599; x_wconf 74' lang='lat' dir='ltr'><strong>personam,</strong></span> <span class='ocrx_word' id='word_1_286' title='bbox 321 3532 371 3587; x_wconf 90' lang='lat' dir='ltr'><strong>id</strong></span> <span class='ocrx_word' id='word_1_287' title='bbox 390 3540 481 3588; x_wconf 82' lang='lat' dir='ltr'><strong>est</strong></span> <span class='ocrx_word' id='word_1_288' title='bbox 510 3529 799 3586; x_wconf 82' lang='lat' dir='ltr'><strong>Dominum</strong></span> <span class='ocrx_word' id='word_1_289' title='bbox 821 3534 1065 3581; x_wconf 85' lang='lat' dir='ltr'><strong>nostrum</strong></span> <span class='ocrx_word' id='word_1_290' title='bbox 1082 3518 1267 3577; x_wconf 84' lang='lat' dir='ltr'><strong>Jesum</strong></span> <span class='ocrx_word' id='word_1_291' title='bbox 1287 3516 1586 3573; x_wconf 75' lang='lat' dir='ltr'><strong>Christum.</strong></span> 
     </span>
    </p>
   </div>
   <div class='ocr_carea' id='block_1_36' title="bbox 62 3602 1593 3697">
    <p class='ocr_par' dir='ltr' id='par_1_36' title="bbox 62 3602 1593 3697">
     <span class='ocr_line' id='line_1_38' title="bbox 62 3602 1593 3697; baseline -0.013 -19"><span class='ocrx_word' id='word_1_292' title='bbox 62 3621 139 3678; x_wconf 76' lang='lat' dir='ltr'><strong>Nec</strong></span> <span class='ocrx_word' id='word_1_293' title='bbox 163 3624 531 3697; x_wconf 72' lang='lat' dir='ltr'><strong>imaginariqu</strong></span> <span class='ocrx_word' id='word_1_294' title='bbox 563 3636 782 3692; x_wconf 82' lang='lat' dir='ltr'><strong>corpus,</strong></span> <span class='ocrx_word' id='word_1_295' title='bbox 814 3627 909 3673; x_wconf 87' lang='lat' dir='ltr'><strong>aut</strong></span> <span class='ocrx_word' id='word_1_296' title='bbox 930 3611 1330 3688; x_wconf 72' lang='lat' dir='ltr'><strong>phantasmatis</strong></span> <span class='ocrx_word' id='word_1_297' title='bbox 1361 3602 1593 3674; x_wconf 79' lang='lat' dir='ltr'><strong>alicujus</strong></span> 
     </span>
    </p>
   </div>
   <div class='ocr_carea' id='block_1_37' title="bbox 58 3704 1590 3779">
    <p class='ocr_par' dir='ltr' id='par_1_37' title="bbox 58 3704 1590 3779">
     <span class='ocr_line' id='line_1_39' title="bbox 58 3704 1590 3779; baseline -0.011 -12"><span class='ocrx_word' id='word_1_298' title='bbox 58 3713 157 3769; x_wconf 82' lang='lat' dir='ltr'><strong>ineo</strong></span> <span class='ocrx_word' id='word_1_299' title='bbox 177 3714 344 3779; x_wconf 79' lang='lat' dir='ltr'><strong>fuisse,</strong></span> <span class='ocrx_word' id='word_1_300' title='bbox 378 3716 476 3772; x_wconf 80' lang='lat' dir='ltr'><strong>sed</strong></span> <span class='ocrx_word' id='word_1_301' title='bbox 505 3712 737 3770; x_wconf 84' lang='lat' dir='ltr'><strong>solidum</strong></span> <span class='ocrx_word' id='word_1_302' title='bbox 768 3720 932 3779; x_wconf 85' lang='lat' dir='ltr'><strong>atque</strong></span> <span class='ocrx_word' id='word_1_303' title='bbox 964 3721 1150 3762; x_wconf 90' lang='lat' dir='ltr'><strong>verum</strong></span> <span class='ocrx_word' id='word_1_304' title='bbox 1183 3704 1328 3757; x_wconf 85' lang='lat' dir='ltr'><strong>hunc</strong></span> <span class='ocrx_word' id='word_1_305' title='bbox 1366 3707 1423 3755; x_wconf 88' lang='lat' dir='ltr'><strong>et</strong></span> <span class='ocrx_word' id='word_1_306' title='bbox 1460 3711 1590 3753; x_wconf 84' lang='lat' dir='ltr'><strong>esu-</strong></span> 
     </span>
    </p>
   </div>
   <div class='ocr_carea' id='block_1_38' title="bbox 57 3792 2105 3877">
    <p class='ocr_par' dir='ltr' id='par_1_38' title="bbox 57 3792 2105 3877">
     <span class='ocr_line' id='line_1_40' title="bbox 57 3792 2105 3877; baseline -0.014 -17"><span class='ocrx_word' id='word_1_307' title='bbox 57 3808 166 3874; x_wconf 78' lang='lat' dir='ltr'><strong>tisse,</strong></span> <span class='ocrx_word' id='word_1_308' title='bbox 190 3821 237 3866; x_wconf 89' lang='lat' dir='ltr'><strong>et</strong></span> <span class='ocrx_word' id='word_1_309' title='bbox 261 3812 461 3877; x_wconf 85' lang='lat' dir='ltr'><strong>sitisse,</strong></span> <span class='ocrx_word' id='word_1_310' title='bbox 500 3818 556 3866; x_wconf 87' lang='lat' dir='ltr'><strong>et</strong></span> <span class='ocrx_word' id='word_1_311' title='bbox 599 3807 858 3870; x_wconf 87' lang='lat' dir='ltr'><strong>doluisse,</strong></span> <span class='ocrx_word' id='word_1_312' title='bbox 904 3812 961 3859; x_wconf 89' lang='lat' dir='ltr'><strong>et</strong></span> <span class='ocrx_word' id='word_1_313' title='bbox 1008 3800 1221 3857; x_wconf 76' lang='lat' dir='ltr'><strong>ﬂevisse</strong></span> <span class='ocrx_word' id='word_1_314' title='bbox 1248 3840 1261 3864; x_wconf 97' lang='lat'><strong>,</strong></span> <span class='ocrx_word' id='word_1_315' title='bbox 1307 3804 1363 3851; x_wconf 90' lang='lat' dir='ltr'><strong>et</strong></span> <span class='ocrx_word' id='word_1_316' title='bbox 1403 3806 1597 3849; x_wconf 83' lang='lat' dir='ltr'><strong>omnes</strong></span> <span class='ocrx_word' id='word_1_317' title='bbox 1698 3804 1805 3843; x_wconf 89' lang='lat' dir='ltr'><strong>nou</strong></span> <span class='ocrx_word' id='word_1_318' title='bbox 1833 3792 2041 3868; x_wconf 82' lang='lat' dir='ltr'><strong>tantum</strong></span> <span class='ocrx_word' id='word_1_319' title='bbox 2072 3794 2105 3848; x_wconf 92' lang='lat' dir='ltr'><strong>p</strong></span> 
     </span>
    </p>
   </div>
   <div class='ocr_carea' id='block_1_39' title="bbox 58 3888 1593 3973">
    <p class='ocr_par' dir='ltr' id='par_1_39' title="bbox 58 3888 1593 3973">
     <span class='ocr_line' id='line_1_41' title="bbox 58 3888 1593 3973; baseline -0.011 -19"><span class='ocrx_word' id='word_1_320' title='bbox 58 3903 243 3971; x_wconf 74' lang='lat' dir='ltr'><strong>corporis</strong></span> <span class='ocrx_word' id='word_1_321' title='bbox 269 3902 497 3972; x_wconf 78' lang='lat' dir='ltr'><strong>injurias</strong></span> <span class='ocrx_word' id='word_1_322' title='bbox 518 3900 828 3973; x_wconf 80' lang='lat' dir='ltr'><strong>pertulisse.</strong></span> <span class='ocrx_word' id='word_1_323' title='bbox 873 3895 1159 3953; x_wconf 87' lang='lat' dir='ltr'><strong>Postremo</strong></span> <span class='ocrx_word' id='word_1_324' title='bbox 1180 3908 1208 3946; x_wconf 86' lang='lat' dir='ltr'><strong>a</strong></span> <span class='ocrx_word' id='word_1_325' title='bbox 1231 3888 1432 3946; x_wconf 69' lang='lat' dir='ltr'><strong>Iudaeis</strong></span> <span class='ocrx_word' id='word_1_326' title='bbox 1466 3899 1593 3941; x_wconf 90' lang='lat' dir='ltr'><strong>cru-</strong></span> 
     </span>
    </p>
   </div>
   <div class='ocr_carea' id='block_1_40' title="bbox 61 3983 1599 4071">
    <p class='ocr_par' dir='ltr' id='par_1_40' title="bbox 61 3983 1599 4071">
     <span class='ocr_line' id='line_1_42' title="bbox 61 3983 1599 4071; baseline -0.011 -24"><span class='ocrx_word' id='word_1_327' title='bbox 61 3995 243 4065; x_wconf 73' lang='lat' dir='ltr'><strong>tiixum,</strong></span> <span class='ocrx_word' id='word_1_328' title='bbox 268 4010 318 4054; x_wconf 87' lang='lat' dir='ltr'><strong>et</strong></span> <span class='ocrx_word' id='word_1_329' title='bbox 339 3999 636 4071; x_wconf 89' lang='lat' dir='ltr'><strong>sepultum,</strong></span> <span class='ocrx_word' id='word_1_330' title='bbox 671 4003 727 4049; x_wconf 86' lang='lat' dir='ltr'><strong>et</strong></span> <span class='ocrx_word' id='word_1_331' title='bbox 759 3992 916 4048; x_wconf 84' lang='lat' dir='ltr'><strong>tertia</strong></span> <span class='ocrx_word' id='word_1_332' title='bbox 937 3990 1025 4045; x_wconf 86' lang='lat' dir='ltr'><strong>die</strong></span> <span class='ocrx_word' id='word_1_333' title='bbox 1048 3983 1435 4046; x_wconf 80' lang='lat' dir='ltr'><strong>resurrexisse,</strong></span> <span class='ocrx_word' id='word_1_334' title='bbox 1468 3993 1599 4033; x_wconf 88' lang='lat' dir='ltr'><strong>con-</strong></span> 
     </span>
    </p>
   </div>
   <div class='ocr_carea' id='block_1_41' title="bbox 62 4077 1601 4162">
    <p class='ocr_par' dir='ltr' id='par_1_41' title="bbox 62 4077 1601 4162">
     <span class='ocr_line' id='line_1_43' title="bbox 62 4077 1601 4162; baseline -0.008 -25"><span class='ocrx_word' id='word_1_335' title='bbox 62 4100 278 4145; x_wconf 73' lang='lat' dir='ltr'><strong>versatum</strong></span> <span class='ocrx_word' id='word_1_336' title='bbox 304 4089 650 4162; x_wconf 80' lang='lat' dir='ltr'><strong>postmodum</strong></span> <span class='ocrx_word' id='word_1_337' title='bbox 681 4100 805 4142; x_wconf 88' lang='lat' dir='ltr'><strong>cum</strong></span> <span class='ocrx_word' id='word_1_338' title='bbox 849 4080 1129 4152; x_wconf 82' lang='lat' dir='ltr'><strong>discipulis</strong></span> <span class='ocrx_word' id='word_1_339' title='bbox 1184 4077 1317 4137; x_wconf 85' lang='lat' dir='ltr'><strong>suis,</strong></span> <span class='ocrx_word' id='word_1_340' title='bbox 1372 4082 1425 4128; x_wconf 83' lang='lat' dir='ltr'><strong>et</strong></span> <span class='ocrx_word' id='word_1_341' title='bbox 1470 4085 1601 4142; x_wconf 82' lang='lat' dir='ltr'><strong>qua-</strong></span> 
     </span>
    </p>
   </div>
   <div class='ocr_carea' id='block_1_42' title="bbox 64 4166 1602 4255">
    <p class='ocr_par' dir='ltr' id='par_1_42' title="bbox 64 4166 1602 4255">
     <span class='ocr_line' id='line_1_44' title="bbox 64 4166 1602 4255; baseline -0.01 -26"><span class='ocrx_word' id='word_1_342' title='bbox 64 4179 309 4250; x_wconf 75' lang='lat' dir='ltr'><strong>dragesima</strong></span> <span class='ocrx_word' id='word_1_343' title='bbox 339 4192 459 4255; x_wconf 90' lang='lat' dir='ltr'><strong>post</strong></span> <span class='ocrx_word' id='word_1_344' title='bbox 485 4176 947 4237; x_wconf 84' lang='lat' dir='ltr'><strong>resurrectionem</strong></span> <span class='ocrx_word' id='word_1_345' title='bbox 978 4172 1064 4228; x_wconf 81' lang='lat' dir='ltr'><strong>die</strong></span> <span class='ocrx_word' id='word_1_346' title='bbox 1094 4170 1162 4224; x_wconf 85' lang='lat' dir='ltr'><strong>ad</strong></span> <span class='ocrx_word' id='word_1_347' title='bbox 1184 4166 1381 4223; x_wconf 81' lang='lat' dir='ltr'><strong>coehtm</strong></span> <span class='ocrx_word' id='word_1_348' title='bbox 1414 4176 1602 4218; x_wconf 86' lang='lat' dir='ltr'><strong>ascen-</strong></span> 
     </span>
    </p>
   </div>
   <div class='ocr_carea' id='block_1_43' title="bbox 64 4257 1607 4331">
    <p class='ocr_par' dir='ltr' id='par_1_43' title="bbox 64 4257 1607 4331">
     <span class='ocr_line' id='line_1_45' title="bbox 64 4257 1607 4331; baseline -0.007 -13"><span class='ocrx_word' id='word_1_349' title='bbox 64 4272 187 4327; x_wconf 50' lang='lat' dir='ltr'><strong>disse.</strong></span> <span class='ocrx_word' id='word_1_350' title='bbox 226 4275 370 4331; x_wconf 86' lang='lat' dir='ltr'><strong>Hunc</strong></span> <span class='ocrx_word' id='word_1_351' title='bbox 420 4275 593 4331; x_wconf 85' lang='lat' dir='ltr'><strong>ﬁlium</strong></span> <span class='ocrx_word' id='word_1_352' title='bbox 636 4269 872 4327; x_wconf 79' lang='lat' dir='ltr'><strong>hominis</strong></span> <span class='ocrx_word' id='word_1_353' title='bbox 925 4266 1089 4321; x_wconf 87' lang='lat' dir='ltr'><strong>etiam</strong></span> <span class='ocrx_word' id='word_1_354' title='bbox 1139 4261 1337 4317; x_wconf 77' lang='lat' dir='ltr'><strong>Filium</strong></span> <span class='ocrx_word' id='word_1_355' title='bbox 1378 4257 1492 4319; x_wconf 82' lang='lat' dir='ltr'><strong>Dei,</strong></span> <span class='ocrx_word' id='word_1_356' title='bbox 1550 4260 1607 4309; x_wconf 90' lang='lat' dir='ltr'><strong>et</strong></span> 
     </span>
    </p>
   </div>
   <div class='ocr_carea' id='block_1_44' title="bbox 1647 535 3237 631">
    <p class='ocr_par' dir='ltr' id='par_1_44' title="bbox 1647 535 3237 631">
     <span class='ocr_line' id='line_1_46' title="bbox 1647 535 3237 631; baseline -0.025 -4"><span class='ocrx_word' id='word_1_357' title='bbox 1647 578 1795 631; x_wconf 75' lang='lat' dir='ltr'><strong>tento</strong></span> <span class='ocrx_word' id='word_1_358' title='bbox 1817 566 2073 627; x_wconf 84' lang='lat' dir='ltr'><strong>mundum</strong></span> <span class='ocrx_word' id='word_1_359' title='bbox 2107 563 2251 621; x_wconf 84' lang='lat' dir='ltr'><strong>hunc</strong></span> <span class='ocrx_word' id='word_1_360' title='bbox 2277 548 2477 615; x_wconf 74' lang='lat' dir='ltr'><strong>factum</strong></span> <span class='ocrx_word' id='word_1_361' title='bbox 2501 568 2608 609; x_wconf 87' lang='lat' dir='ltr'><strong>non</strong></span> <span class='ocrx_word' id='word_1_362' title='bbox 2636 548 2827 611; x_wconf 72' lang='lat' dir='ltr'><strong>fuisse,</strong></span> <span class='ocrx_word' id='word_1_363' title='bbox 2856 551 3020 612; x_wconf 90' lang='lat' dir='ltr'><strong>atque</strong></span> <span class='ocrx_word' id='word_1_364' title='bbox 3052 535 3237 593; x_wconf 82' lang='lat' dir='ltr'><strong>omnia</strong></span> 
     </span>
    </p>
   </div>
   <div class='ocr_carea' id='block_1_45' title="bbox 1647 623 3239 734">
    <p class='ocr_par' dir='ltr' id='par_1_45' title="bbox 1647 623 3239 734">
     <span class='ocr_line' id='line_1_47' title="bbox 1647 623 3239 734; baseline -0.025 -15"><span class='ocrx_word' id='word_1_365' title='bbox 1647 665 1765 734; x_wconf 81' lang='lat' dir='ltr'><strong>ejus</strong></span> <span class='ocrx_word' id='word_1_366' title='bbox 1791 662 2171 718; x_wconf 88' lang='lat' dir='ltr'><strong>instrumenta,</strong></span> <span class='ocrx_word' id='word_1_367' title='bbox 2210 651 2498 705; x_wconf 80' lang='lat' dir='ltr'><strong>anathema</strong></span> <span class='ocrx_word' id='word_1_368' title='bbox 2531 645 2621 699; x_wconf 88' lang='lat' dir='ltr'><strong>sit.</strong></span> <span class='ocrx_word' id='word_1_369' title='bbox 2675 639 2733 695; x_wconf 88' lang='lat' dir='ltr'><strong>Si</strong></span> <span class='ocrx_word' id='word_1_370' title='bbox 2758 636 2880 708; x_wconf 88' lang='lat' dir='ltr'><strong>quis</strong></span> <span class='ocrx_word' id='word_1_371' title='bbox 2909 629 3112 688; x_wconf 81' lang='lat' dir='ltr'><strong>dixerit</strong></span> <span class='ocrx_word' id='word_1_372' title='bbox 3153 623 3239 680; x_wconf 88' lang='lat' dir='ltr'><strong>vel</strong></span> 
     </span>
    </p>
   </div>
   <div class='ocr_carea' id='block_1_46' title="bbox 1651 899 3267 995">
    <p class='ocr_par' dir='ltr' id='par_1_46' title="bbox 1651 899 3267 995">
     <span class='ocr_line' id='line_1_48' title="bbox 1651 899 3267 995; baseline -0.027 0"><span class='ocrx_word' id='word_1_373' title='bbox 1651 922 1723 995; x_wconf 83' lang='lat' dir='ltr'><strong>rit</strong></span> <span class='ocrx_word' id='word_1_374' title='bbox 1749 939 1916 993; x_wconf 87' lang='lat' dir='ltr'><strong>Deum</strong></span> <span class='ocrx_word' id='word_1_375' title='bbox 1952 933 2171 988; x_wconf 82' lang='lat' dir='ltr'><strong>Patrem</strong></span> <span class='ocrx_word' id='word_1_376' title='bbox 2195 925 2441 982; x_wconf 89' lang='lat' dir='ltr'><strong>eumdem</strong></span> <span class='ocrx_word' id='word_1_377' title='bbox 2464 935 2584 977; x_wconf 87' lang='lat' dir='ltr'><strong>esse</strong></span> <span class='ocrx_word' id='word_1_378' title='bbox 2610 915 2832 977; x_wconf 82' lang='lat' dir='ltr'><strong>Filium,</strong></span> <span class='ocrx_word' id='word_1_379' title='bbox 2854 906 2943 964; x_wconf 91' lang='lat' dir='ltr'><strong>vel</strong></span> <span class='ocrx_word' id='word_1_380' title='bbox 2979 899 3267 977; x_wconf 87' lang='lat' dir='ltr'><strong>Paracle-_</strong></span> 
     </span>
    </p>
   </div>
   <div class='ocr_carea' id='block_1_47' title="bbox 1653 991 3248 1095">
    <p class='ocr_par' dir='ltr' id='par_1_47' title="bbox 1653 991 3248 1095">
     <span class='ocr_line' id='line_1_49' title="bbox 1653 991 3248 1095; baseline -0.026 -9"><span class='ocrx_word' id='word_1_381' title='bbox 1653 1026 2102 1095; x_wconf 88' lang='lat' dir='ltr'><strong>tum,auathcma</strong></span> <span class='ocrx_word' id='word_1_382' title='bbox 2139 1021 2229 1076; x_wconf 88' lang='lat' dir='ltr'><strong>sit.</strong></span> <span class='ocrx_word' id='word_1_383' title='bbox 2291 1017 2349 1072; x_wconf 89' lang='lat' dir='ltr'><strong>Si</strong></span> <span class='ocrx_word' id='word_1_384' title='bbox 2401 1014 2522 1085; x_wconf 87' lang='lat' dir='ltr'><strong>quis</strong></span> <span class='ocrx_word' id='word_1_385' title='bbox 2567 1007 2767 1064; x_wconf 79' lang='lat' dir='ltr'><strong>dixerit</strong></span> <span class='ocrx_word' id='word_1_386' title='bbox 2810 1001 2895 1057; x_wconf 83' lang='lat' dir='ltr'><strong>vcl</strong></span> <span class='ocrx_word' id='word_1_387' title='bbox 2953 991 3248 1067; x_wconf 77' lang='lat' dir='ltr'><strong>crediderit</strong></span> 
     </span>
    </p>
   </div>
   <div class='ocr_carea' id='block_1_48' title="bbox 1652 1085 3249 1177">
    <p class='ocr_par' dir='ltr' id='par_1_48' title="bbox 1652 1085 3249 1177">
     <span class='ocr_line' id='line_1_50' title="bbox 1652 1085 3249 1177; baseline -0.026 1"><span class='ocrx_word' id='word_1_388' title='bbox 1652 1118 1989 1177; x_wconf 83' lang='lat' dir='ltr'><strong>Paracletum</strong></span> <span class='ocrx_word' id='word_1_389' title='bbox 2016 1127 2160 1176; x_wconf 85' lang='lat' dir='ltr'><strong>esse,</strong></span> <span class='ocrx_word' id='word_1_390' title='bbox 2191 1108 2270 1162; x_wconf 83' lang='lat' dir='ltr'><strong>vel</strong></span> <span class='ocrx_word' id='word_1_391' title='bbox 2299 1107 2531 1167; x_wconf 79' lang='lat' dir='ltr'><strong>Patrem,</strong></span> <span class='ocrx_word' id='word_1_392' title='bbox 2557 1100 2638 1155; x_wconf 85' lang='lat' dir='ltr'><strong>vel</strong></span> <span class='ocrx_word' id='word_1_393' title='bbox 2688 1095 2906 1158; x_wconf 82' lang='lat' dir='ltr'><strong>Filium,</strong></span> <span class='ocrx_word' id='word_1_394' title='bbox 2960 1085 3249 1143; x_wconf 84' lang='lat' dir='ltr'><strong>anathema</strong></span> 
     </span>
    </p>
   </div>
   <div class='ocr_carea' id='block_1_49' title="bbox 1655 1174 3248 1277">
    <p class='ocr_par' dir='ltr' id='par_1_49' title="bbox 1655 1174 3248 1277">
     <span class='ocr_line' id='line_1_51' title="bbox 1655 1174 3248 1277; baseline -0.027 -8"><span class='ocrx_word' id='word_1_395' title='bbox 1655 1214 1745 1269; x_wconf 85' lang='lat' dir='ltr'><strong>sit.</strong></span> <span class='ocrx_word' id='word_1_396' title='bbox 1779 1210 1835 1265; x_wconf 76' lang='lat' dir='ltr'><strong>Si</strong></span> <span class='ocrx_word' id='word_1_397' title='bbox 1870 1206 1992 1277; x_wconf 84' lang='lat' dir='ltr'><strong>quis</strong></span> <span class='ocrx_word' id='word_1_398' title='bbox 2017 1174 2310 1259; x_wconf 85' lang='lat' dir='ltr'><strong>crediderit</strong></span> <span class='ocrx_word' id='word_1_399' title='bbox 2330 1195 2411 1251; x_wconf 78' lang='lat' dir='ltr'><strong>vel</strong></span> <span class='ocrx_word' id='word_1_400' title='bbox 2442 1189 2876 1248; x_wconf 82' lang='lat' dir='ltr'><strong>dixeritcarncm</strong></span> <span class='ocrx_word' id='word_1_401' title='bbox 2897 1186 3105 1235; x_wconf 89' lang='lat' dir='ltr'><strong>tantum</strong></span> <span class='ocrx_word' id='word_1_402' title='bbox 3128 1174 3248 1229; x_wconf 88' lang='lat' dir='ltr'><strong>sine</strong></span> 
     </span>
    </p>
   </div>
   <div class='ocr_carea' id='block_1_50' title="bbox 1658 1264 3295 1358">
    <p class='ocr_par' dir='ltr' id='par_1_50' title="bbox 1658 1264 3295 1358">
     <span class='ocr_line' id='line_1_52' title="bbox 1658 1264 3295 1358; baseline -0.028 0"><span class='ocrx_word' id='word_1_403' title='bbox 1658 1302 1837 1358; x_wconf 88' lang='lat' dir='ltr'><strong>anima</strong></span> <span class='ocrx_word' id='word_1_404' title='bbox 1926 1294 2065 1351; x_wconf 84' lang='lat' dir='ltr'><strong>Filio</strong></span> <span class='ocrx_word' id='word_1_405' title='bbox 2102 1291 2199 1347; x_wconf 88' lang='lat' dir='ltr'><strong>Dei</strong></span> <span class='ocrx_word' id='word_1_406' title='bbox 2230 1288 2399 1344; x_wconf 73' lang='lat' dir='ltr'><strong>fuisse</strong></span> <span class='ocrx_word' id='word_1_407' title='bbox 2421 1290 2752 1352; x_wconf 84' lang='lat' dir='ltr'><strong>susceptam,</strong></span> <span class='ocrx_word' id='word_1_408' title='bbox 2809 1272 3095 1330; x_wconf 84' lang='lat' dir='ltr'><strong>anathema</strong></span> <span class='ocrx_word' id='word_1_409' title='bbox 3154 1264 3246 1319; x_wconf 89' lang='lat' dir='ltr'><strong>sit.</strong></span> <span class='ocrx_word' id='word_1_410' title='bbox 3291 1307 3295 1312; x_wconf 89' lang='lat'><strong>.</strong></span> 
     </span>
    </p>
   </div>
   <div class='ocr_carea' id='block_1_51' title="bbox 1659 1353 3248 1461">
    <p class='ocr_par' dir='ltr' id='par_1_51' title="bbox 1659 1353 3248 1461">
     <span class='ocr_line' id='line_1_53' title="bbox 1659 1353 3248 1461; baseline -0.025 -14"><span class='ocrx_word' id='word_1_411' title='bbox 1659 1393 1715 1448; x_wconf 92' lang='lat' dir='ltr'><strong>Si</strong></span> <span class='ocrx_word' id='word_1_412' title='bbox 1753 1390 1877 1461; x_wconf 84' lang='lat' dir='ltr'><strong>quis</strong></span> <span class='ocrx_word' id='word_1_413' title='bbox 1905 1384 2105 1443; x_wconf 84' lang='lat' dir='ltr'><strong>dixerit</strong></span> <span class='ocrx_word' id='word_1_414' title='bbox 2154 1380 2241 1437; x_wconf 88' lang='lat' dir='ltr'><strong>vel</strong></span> <span class='ocrx_word' id='word_1_415' title='bbox 2291 1374 2585 1434; x_wconf 89' lang='lat' dir='ltr'><strong>crediderit</strong></span> <span class='ocrx_word' id='word_1_416' title='bbox 2628 1368 2902 1426; x_wconf 83' lang='lat' dir='ltr'><strong>Christum</strong></span> <span class='ocrx_word' id='word_1_417' title='bbox 2954 1353 3248 1417; x_wconf 89' lang='lat' dir='ltr'><strong>iuuascibi-</strong></span> 
     </span>
    </p>
   </div>
   <div class='ocr_carea' id='block_1_52' title="bbox 1660 1446 3253 1543">
    <p class='ocr_par' dir='ltr' id='par_1_52' title="bbox 1660 1446 3253 1543">
     <span class='ocr_line' id='line_1_54' title="bbox 1660 1446 3253 1543; baseline -0.026 -3"><span class='ocrx_word' id='word_1_418' title='bbox 1660 1486 1768 1540; x_wconf 89' lang='lat' dir='ltr'><strong>lcm</strong></span> <span class='ocrx_word' id='word_1_419' title='bbox 1789 1495 1930 1543; x_wconf 85' lang='lat' dir='ltr'><strong>esse,</strong></span> <span class='ocrx_word' id='word_1_420' title='bbox 1966 1476 2258 1532; x_wconf 87' lang='lat' dir='ltr'><strong>anathema</strong></span> <span class='ocrx_word' id='word_1_421' title='bbox 2285 1471 2374 1526; x_wconf 90' lang='lat' dir='ltr'><strong>sit.</strong></span> <span class='ocrx_word' id='word_1_422' title='bbox 2418 1466 2476 1525; x_wconf 84' lang='lat' dir='ltr'><strong>Si</strong></span> <span class='ocrx_word' id='word_1_423' title='bbox 2509 1464 2632 1537; x_wconf 90' lang='lat' dir='ltr'><strong>quis</strong></span> <span class='ocrx_word' id='word_1_424' title='bbox 2663 1458 2861 1518; x_wconf 80' lang='lat' dir='ltr'><strong>dixerit</strong></span> <span class='ocrx_word' id='word_1_425' title='bbox 2889 1451 2972 1509; x_wconf 87' lang='lat' dir='ltr'><strong>vel</strong></span> <span class='ocrx_word' id='word_1_426' title='bbox 3008 1446 3253 1506; x_wconf 86' lang='lat' dir='ltr'><strong>credide-</strong></span> 
     </span>
    </p>
   </div>
   <div class='ocr_carea' id='block_1_53' title="bbox 1663 1538 3255 1633">
    <p class='ocr_par' dir='ltr' id='par_1_53' title="bbox 1663 1538 3255 1633">
     <span class='ocr_line' id='line_1_55' title="bbox 1663 1538 3255 1633; baseline -0.026 0"><span class='ocrx_word' id='word_1_427' title='bbox 1663 1580 1732 1633; x_wconf 88' lang='lat' dir='ltr'><strong>rit</strong></span> <span class='ocrx_word' id='word_1_428' title='bbox 1770 1574 2026 1630; x_wconf 88' lang='lat' dir='ltr'><strong>deitatem</strong></span> <span class='ocrx_word' id='word_1_429' title='bbox 2062 1564 2378 1630; x_wconf 80' lang='lat' dir='ltr'><strong>nascihilem</strong></span> <span class='ocrx_word' id='word_1_430' title='bbox 2407 1575 2552 1624; x_wconf 89' lang='lat' dir='ltr'><strong>esse,</strong></span> <span class='ocrx_word' id='word_1_431' title='bbox 2581 1555 2871 1612; x_wconf 87' lang='lat' dir='ltr'><strong>anathema</strong></span> <span class='ocrx_word' id='word_1_432' title='bbox 2903 1547 2995 1603; x_wconf 90' lang='lat' dir='ltr'><strong>sit.</strong></span> <span class='ocrx_word' id='word_1_433' title='bbox 3040 1542 3098 1598; x_wconf 92' lang='lat' dir='ltr'><strong>Si</strong></span> <span class='ocrx_word' id='word_1_434' title='bbox 3132 1538 3255 1610; x_wconf 84' lang='lat' dir='ltr'><strong>quis</strong></span> 
     </span>
    </p>
   </div>
   <div class='ocr_carea' id='block_1_54' title="bbox 1663 1632 3257 1727">
    <p class='ocr_par' dir='ltr' id='par_1_54' title="bbox 1663 1632 3257 1727">
     <span class='ocr_line' id='line_1_56' title="bbox 1663 1632 3257 1727; baseline -0.028 0"><span class='ocrx_word' id='word_1_435' title='bbox 1663 1668 1857 1727; x_wconf 89' lang='lat' dir='ltr'><strong>dixerit</strong></span> <span class='ocrx_word' id='word_1_436' title='bbox 1890 1665 1973 1723; x_wconf 88' lang='lat' dir='ltr'><strong>vel</strong></span> <span class='ocrx_word' id='word_1_437' title='bbox 1994 1658 2291 1717; x_wconf 88' lang='lat' dir='ltr'><strong>crediderit</strong></span> <span class='ocrx_word' id='word_1_438' title='bbox 2313 1656 2572 1711; x_wconf 89' lang='lat' dir='ltr'><strong>deitatem</strong></span> <span class='ocrx_word' id='word_1_439' title='bbox 2601 1645 2802 1706; x_wconf 89' lang='lat' dir='ltr'><strong>Christi</strong></span> <span class='ocrx_word' id='word_1_440' title='bbox 2845 1632 3257 1698; x_wconf 89' lang='lat' dir='ltr'><strong>convertibilem</strong></span> 
     </span>
    </p>
   </div>
   <div class='ocr_carea' id='block_1_55' title="bbox 1665 1720 3261 1828">
    <p class='ocr_par' dir='ltr' id='par_1_55' title="bbox 1665 1720 3261 1828">
     <span class='ocr_line' id='line_1_57' title="bbox 1665 1720 3261 1828; baseline -0.028 -9"><span class='ocrx_word' id='word_1_441' title='bbox 1665 1764 1851 1826; x_wconf 80' lang='lat' dir='ltr'><strong>fuisse,</strong></span> <span class='ocrx_word' id='word_1_442' title='bbox 1884 1758 1966 1814; x_wconf 86' lang='lat' dir='ltr'><strong>vel</strong></span> <span class='ocrx_word' id='word_1_443' title='bbox 1999 1751 2331 1828; x_wconf 86' lang='lat' dir='ltr'><strong>passibilem,</strong></span> <span class='ocrx_word' id='word_1_444' title='bbox 2362 1746 2649 1802; x_wconf 90' lang='lat' dir='ltr'><strong>anathema</strong></span> <span class='ocrx_word' id='word_1_445' title='bbox 2684 1738 2772 1795; x_wconf 88' lang='lat' dir='ltr'><strong>sit.</strong></span> <span class='ocrx_word' id='word_1_446' title='bbox 2815 1732 2875 1790; x_wconf 88' lang='lat' dir='ltr'><strong>Si</strong></span> <span class='ocrx_word' id='word_1_447' title='bbox 2899 1729 3023 1801; x_wconf 92' lang='lat' dir='ltr'><strong>quis</strong></span> <span class='ocrx_word' id='word_1_448' title='bbox 3061 1720 3261 1781; x_wconf 84' lang='lat' dir='ltr'><strong>dixerit</strong></span> 
     </span>
    </p>
   </div>
   <div class='ocr_carea' id='block_1_56' title="bbox 2921 1812 3302 1890">
    <p class='ocr_par' dir='ltr' id='par_1_56' title="bbox 2921 1812 3302 1890">
     <span class='ocr_line' id='line_1_58' title="bbox 2921 1812 3302 1890; baseline -0.037 -14"><span class='ocrx_word' id='word_1_449' title='bbox 2921 1819 3073 1890; x_wconf 86' lang='lat' dir='ltr'><strong>legis,</strong></span> <span class='ocrx_word' id='word_1_450' title='bbox 3128 1812 3261 1868; x_wconf 84' lang='lat' dir='ltr'><strong>alte-</strong></span> <span class='ocrx_word' id='word_1_451' title='bbox 3296 1818 3302 1825; x_wconf 86' lang='lat'><strong><em>&#39;</em></strong></span> 
     </span>
    </p>
   </div>
   <div class='ocr_carea' id='block_1_57' title="bbox 1676 1899 3263 2011">
    <p class='ocr_par' dir='ltr' id='par_1_57' title="bbox 1676 1899 3263 2011">
     <span class='ocr_line' id='line_1_59' title="bbox 1676 1899 3263 2011; baseline -0.029 -9"><span class='ocrx_word' id='word_1_452' title='bbox 1676 1960 1794 2003; x_wconf 87' lang='lat' dir='ltr'><strong>rum</strong></span> <span class='ocrx_word' id='word_1_453' title='bbox 1818 1938 2257 2011; x_wconf 80' lang='lat' dir='ltr'><strong>Evangeliorum,</strong></span> <span class='ocrx_word' id='word_1_454' title='bbox 2286 1931 2575 1988; x_wconf 85' lang='lat' dir='ltr'><strong>anathema</strong></span> <span class='ocrx_word' id='word_1_455' title='bbox 2601 1899 2701 1979; x_wconf 74' lang='lat' dir='ltr'><strong>sit.</strong></span> <span class='ocrx_word' id='word_1_456' title='bbox 2728 1920 2786 1977; x_wconf 88' lang='lat' dir='ltr'><strong>Si</strong></span> <span class='ocrx_word' id='word_1_457' title='bbox 2813 1915 2936 1988; x_wconf 90' lang='lat' dir='ltr'><strong>quis</strong></span> <span class='ocrx_word' id='word_1_458' title='bbox 2961 1907 3154 1966; x_wconf 88' lang='lat' dir='ltr'><strong>dixerit</strong></span> <span class='ocrx_word' id='word_1_459' title='bbox 3176 1899 3263 1959; x_wconf 89' lang='lat' dir='ltr'><strong>vel</strong></span> 
     </span>
    </p>
   </div>
   <div class='ocr_carea' id='block_1_58' title="bbox 1672 2003 3265 2099">
    <p class='ocr_par' dir='ltr' id='par_1_58' title="bbox 1672 2003 3265 2099">
     <span class='ocr_line' id='line_1_60' title="bbox 1672 2003 3265 2099; baseline -0.029 -3"><span class='ocrx_word' id='word_1_460' title='bbox 1672 2037 1963 2099; x_wconf 85' lang='lat' dir='ltr'><strong>crediderit</strong></span> <span class='ocrx_word' id='word_1_461' title='bbox 1989 2033 2057 2089; x_wconf 88' lang='lat' dir='ltr'><strong>ab</strong></span> <span class='ocrx_word' id='word_1_462' title='bbox 2078 2032 2247 2087; x_wconf 88' lang='lat' dir='ltr'><strong>altero</strong></span> <span class='ocrx_word' id='word_1_463' title='bbox 2269 2028 2382 2083; x_wconf 88' lang='lat' dir='ltr'><strong>Deo</strong></span> <span class='ocrx_word' id='word_1_464' title='bbox 2418 2020 2677 2079; x_wconf 88' lang='lat' dir='ltr'><strong>mundum</strong></span> <span class='ocrx_word' id='word_1_465' title='bbox 2732 2015 2932 2068; x_wconf 82' lang='lat' dir='ltr'><strong>factum</strong></span> <span class='ocrx_word' id='word_1_466' title='bbox 2986 2003 3176 2063; x_wconf 83' lang='lat' dir='ltr'><strong>fuisse,</strong></span> <span class='ocrx_word' id='word_1_467' title='bbox 3207 2003 3265 2051; x_wconf 88' lang='lat' dir='ltr'><strong>et</strong></span> 
     </span>
    </p>
   </div>
   <div class='ocr_carea' id='block_1_59' title="bbox 1674 2087 3267 2192">
    <p class='ocr_par' dir='ltr' id='par_1_59' title="bbox 1674 2087 3267 2192">
     <span class='ocr_line' id='line_1_61' title="bbox 1674 2087 3267 2192; baseline -0.03 -4"><span class='ocrx_word' id='word_1_468' title='bbox 1674 2148 1780 2188; x_wconf 86' lang='lat' dir='ltr'><strong>nou</strong></span> <span class='ocrx_word' id='word_1_469' title='bbox 1811 2130 1878 2184; x_wconf 86' lang='lat' dir='ltr'><strong>ah</strong></span> <span class='ocrx_word' id='word_1_470' title='bbox 1908 2142 1973 2182; x_wconf 87' lang='lat' dir='ltr'><strong>co</strong></span> <span class='ocrx_word' id='word_1_471' title='bbox 2007 2126 2071 2180; x_wconf 90' lang='lat' dir='ltr'><strong>de</strong></span> <span class='ocrx_word' id='word_1_472' title='bbox 2121 2135 2231 2192; x_wconf 92' lang='lat' dir='ltr'><strong>quo</strong></span> <span class='ocrx_word' id='word_1_473' title='bbox 2263 2117 2527 2187; x_wconf 88' lang='lat' dir='ltr'><strong>scriptum</strong></span> <span class='ocrx_word' id='word_1_474' title='bbox 2559 2117 2644 2163; x_wconf 90' lang='lat' dir='ltr'><strong>est</strong></span> <span class='ocrx_word' id='word_1_475' title='bbox 2671 2125 2684 2161; x_wconf 90' lang='lat'><strong>:</strong></span> <span class='ocrx_word' id='word_1_476' title='bbox 2713 2104 2771 2160; x_wconf 89' lang='lat' dir='ltr'><strong>lu</strong></span> <span class='ocrx_word' id='word_1_477' title='bbox 2817 2094 3085 2174; x_wconf 88' lang='lat' dir='ltr'><strong>principio</strong></span> <span class='ocrx_word' id='word_1_478' title='bbox 3138 2087 3267 2144; x_wconf 85' lang='lat' dir='ltr'><strong>fecit</strong></span> 
     </span>
    </p>
   </div>
   <div class='ocr_carea' id='block_1_60' title="bbox 1674 2180 3301 2282">
    <p class='ocr_par' dir='ltr' id='par_1_60' title="bbox 1674 2180 3301 2282">
     <span class='ocr_line' id='line_1_62' title="bbox 1674 2180 3301 2282; baseline -0.03 -1"><span class='ocrx_word' id='word_1_479' title='bbox 1674 2227 1817 2282; x_wconf 82' lang='lat' dir='ltr'><strong>Deus</strong></span> <span class='ocrx_word' id='word_1_480' title='bbox 1839 2220 2035 2276; x_wconf 80' lang='lat' dir='ltr'><strong>coelum</strong></span> <span class='ocrx_word' id='word_1_481' title='bbox 2068 2224 2123 2271; x_wconf 91' lang='lat' dir='ltr'><strong>et</strong></span> <span class='ocrx_word' id='word_1_482' title='bbox 2154 2222 2379 2275; x_wconf 89' lang='lat' dir='ltr'><strong>terram,</strong></span> <span class='ocrx_word' id='word_1_483' title='bbox 2407 2204 2696 2261; x_wconf 84' lang='lat' dir='ltr'><strong>anathema</strong></span> <span class='ocrx_word' id='word_1_484' title='bbox 2729 2197 2819 2253; x_wconf 90' lang='lat' dir='ltr'><strong>sit.</strong></span> <span class='ocrx_word' id='word_1_485' title='bbox 2868 2190 2931 2247; x_wconf 86' lang='lat' dir='ltr'><strong>Si</strong></span> <span class='ocrx_word' id='word_1_486' title='bbox 2969 2187 3092 2259; x_wconf 90' lang='lat' dir='ltr'><strong>quis</strong></span> <span class='ocrx_word' id='word_1_487' title='bbox 3115 2180 3301 2238; x_wconf 81' lang='lat' dir='ltr'><strong>dixe-&#39;</strong></span> 
     </span>
    </p>
   </div>
   <div class='ocr_carea' id='block_1_61' title="bbox 1674 2284 3269 2381">
    <p class='ocr_par' dir='ltr' id='par_1_61' title="bbox 1674 2284 3269 2381">
     <span class='ocr_line' id='line_1_63' title="bbox 1674 2284 3269 2381; baseline -0.031 -8"><span class='ocrx_word' id='word_1_488' title='bbox 1674 2320 1764 2381; x_wconf 91' lang='lat' dir='ltr'><strong>rit,</strong></span> <span class='ocrx_word' id='word_1_489' title='bbox 1798 2313 1881 2368; x_wconf 80' lang='lat' dir='ltr'><strong>vel</strong></span> <span class='ocrx_word' id='word_1_490' title='bbox 1907 2305 2197 2366; x_wconf 85' lang='lat' dir='ltr'><strong>crediderit</strong></span> <span class='ocrx_word' id='word_1_491' title='bbox 2254 2311 2482 2368; x_wconf 85' lang='lat' dir='ltr'><strong>corpora</strong></span> <span class='ocrx_word' id='word_1_492' title='bbox 2532 2294 2770 2349; x_wconf 87' lang='lat' dir='ltr'><strong>humana</strong></span> <span class='ocrx_word' id='word_1_493' title='bbox 2822 2300 2927 2339; x_wconf 89' lang='lat' dir='ltr'><strong>non</strong></span> <span class='ocrx_word' id='word_1_494' title='bbox 2984 2284 3269 2344; x_wconf 75' lang='lat' dir='ltr'><strong>resurgere</strong></span> 
     </span>
    </p>
   </div>
   <div class='ocr_carea' id='block_1_62' title="bbox 1676 2366 3273 2479">
    <p class='ocr_par' dir='ltr' id='par_1_62' title="bbox 1676 2366 3273 2479">
     <span class='ocr_line' id='line_1_64' title="bbox 1676 2366 3273 2479; baseline -0.031 -16"><span class='ocrx_word' id='word_1_495' title='bbox 1676 2413 1796 2479; x_wconf 86' lang='lat' dir='ltr'><strong>post</strong></span> <span class='ocrx_word' id='word_1_496' title='bbox 1827 2410 2077 2462; x_wconf 89' lang='lat' dir='ltr'><strong>mortem,</strong></span> <span class='ocrx_word' id='word_1_497' title='bbox 2104 2394 2393 2450; x_wconf 86' lang='lat' dir='ltr'><strong>anathema</strong></span> <span class='ocrx_word' id='word_1_498' title='bbox 2417 2387 2508 2443; x_wconf 88' lang='lat' dir='ltr'><strong>sit.</strong></span> <span class='ocrx_word' id='word_1_499' title='bbox 2555 2382 2612 2438; x_wconf 85' lang='lat' dir='ltr'><strong>Si</strong></span> <span class='ocrx_word' id='word_1_500' title='bbox 2635 2379 2757 2450; x_wconf 89' lang='lat' dir='ltr'><strong>quis</strong></span> <span class='ocrx_word' id='word_1_501' title='bbox 2780 2371 2999 2436; x_wconf 88' lang='lat' dir='ltr'><strong>dixerit,</strong></span> <span class='ocrx_word' id='word_1_502' title='bbox 3035 2366 3117 2422; x_wconf 80' lang='lat' dir='ltr'><strong>vel</strong></span> <span class='ocrx_word' id='word_1_503' title='bbox 3155 2376 3273 2418; x_wconf 88' lang='lat' dir='ltr'><strong>cre-</strong></span> 
     </span>
     <span class='ocr_line' id='line_1_65' title="bbox 2533 2453 3270 2479; baseline -0.024 18"><span class='ocrx_word' id='word_1_504' title='bbox 2533 2474 2565 2479; x_wconf 59' lang='grc'>“</span> <span class='ocrx_word' id='word_1_505' title='bbox 2614 2472 2625 2479; x_wconf 82' lang='grc'><strong>·</strong></span> <span class='ocrx_word' id='word_1_506' title='bbox 2777 2467 2808 2479; x_wconf 83' lang='grc'><strong><em>-⁹</em></strong></span> <span class='ocrx_word' id='word_1_507' title='bbox 2960 2478 2965 2479; x_wconf 43' lang='grc' dir='ltr'><em>γ</em></span> <span class='ocrx_word' id='word_1_508' title='bbox 3048 2456 3127 2479; x_wconf 68' lang='grc' dir='ltr'><strong>---Ι</strong></span> <span class='ocrx_word' id='word_1_509' title='bbox 3179 2453 3270 2479; x_wconf 67' lang='grc' dir='ltr'>Ιὶ..ἕ</span> 
     </span>
    </p>
   </div>
   <div class='ocr_carea' id='block_1_63' title="bbox 1677 2453 3272 2553">
    <p class='ocr_par' dir='ltr' id='par_1_63' title="bbox 1677 2453 3272 2553">
     <span class='ocr_line' id='line_1_66' title="bbox 1677 2453 2076 2479; baseline -0.028 -6"><span class='ocrx_word' id='word_1_510' title='bbox 1677 2453 1795 2479; x_wconf 55' lang='lat' dir='ltr'><strong>rw-</strong></span> <span class='ocrx_word' id='word_1_511' title='bbox 2065 2453 2076 2462; x_wconf 94' lang='lat'><strong>.</strong></span> 
     </span>
     <span class='ocr_line' id='line_1_67' title="bbox 1677 2453 3272 2553; baseline -0.03 0"><span class='ocrx_word' id='word_1_512' title='bbox 1677 2496 1873 2553; x_wconf 83' lang='lat' dir='ltr'><strong>diderit</strong></span> <span class='ocrx_word' id='word_1_513' title='bbox 1916 2492 2154 2547; x_wconf 87' lang='lat' dir='ltr'><strong>animam</strong></span> <span class='ocrx_word' id='word_1_514' title='bbox 2198 2486 2490 2541; x_wconf 89' lang='lat' dir='ltr'><strong>humanam</strong></span> <span class='ocrx_word' id='word_1_515' title='bbox 2533 2472 2628 2529; x_wconf 89' lang='lat' dir='ltr'><strong>Dei</strong></span> <span class='ocrx_word' id='word_1_516' title='bbox 2670 2467 2997 2541; x_wconf 89' lang='lat' dir='ltr'><strong>portionem,</strong></span> <span class='ocrx_word' id='word_1_517' title='bbox 3048 2456 3130 2511; x_wconf 86' lang='lat' dir='ltr'><strong>vel</strong></span> <span class='ocrx_word' id='word_1_518' title='bbox 3179 2453 3272 2508; x_wconf 85' lang='lat' dir='ltr'><strong>Dei</strong></span> 
     </span>
    </p>
   </div>
   <div class='ocr_carea' id='block_1_64' title="bbox 1677 2545 3272 2648">
    <p class='ocr_par' dir='ltr' id='par_1_64' title="bbox 1677 2545 3272 2648">
     <span class='ocr_line' id='line_1_68' title="bbox 1677 2545 3272 2648; baseline -0.032 0"><span class='ocrx_word' id='word_1_519' title='bbox 1677 2607 1798 2648; x_wconf 86' lang='lat' dir='ltr'><strong>esse</strong></span> <span class='ocrx_word' id='word_1_520' title='bbox 1818 2575 2511 2647; x_wconf 79' lang='lat' dir='ltr'><strong>stthstantiam,anathema</strong></span> <span class='ocrx_word' id='word_1_521' title='bbox 2546 2569 2636 2624; x_wconf 85' lang='lat' dir='ltr'><strong>sit.</strong></span> <span class='ocrx_word' id='word_1_522' title='bbox 2694 2561 2752 2618; x_wconf 90' lang='lat' dir='ltr'><strong>Si</strong></span> <span class='ocrx_word' id='word_1_523' title='bbox 2780 2559 2903 2630; x_wconf 91' lang='lat' dir='ltr'><strong>quis</strong></span> <span class='ocrx_word' id='word_1_524' title='bbox 2941 2551 3142 2608; x_wconf 87' lang='lat' dir='ltr'><strong>dixerit</strong></span> <span class='ocrx_word' id='word_1_525' title='bbox 3188 2545 3272 2599; x_wconf 88' lang='lat' dir='ltr'><strong>vel</strong></span> 
     </span>
    </p>
   </div>
   <div class='ocr_carea' id='block_1_65' title="bbox 1680 2639 3237 2741">
    <p class='ocr_par' dir='ltr' id='par_1_65' title="bbox 1680 2639 3237 2741">
     <span class='ocr_line' id='line_1_69' title="bbox 1680 2639 3237 2741; baseline -0.03 0"><span class='ocrx_word' id='word_1_526' title='bbox 1680 2682 1971 2741; x_wconf 84' lang='lat' dir='ltr'><strong>crediderit</strong></span> <span class='ocrx_word' id='word_1_527' title='bbox 2034 2676 2171 2732; x_wconf 90' lang='lat' dir='ltr'><strong>alias</strong></span> <span class='ocrx_word' id='word_1_528' title='bbox 2222 2671 2523 2741; x_wconf 88' lang='lat' dir='ltr'><strong>scripturas</strong></span> <span class='ocrx_word' id='word_1_529' title='bbox 2582 2668 2783 2733; x_wconf 81' lang='lat' dir='ltr'><strong>praeter</strong></span> <span class='ocrx_word' id='word_1_530' title='bbox 2843 2666 2979 2724; x_wconf 89' lang='lat' dir='ltr'><strong>quas</strong></span> <span class='ocrx_word' id='word_1_531' title='bbox 3033 2639 3237 2701; x_wconf 85' lang='lat' dir='ltr'><strong>Ecclcsi</strong></span> 
     </span>
    </p>
   </div>
   <div class='ocr_carea' id='block_1_66' title="bbox 1680 2740 3273 2838">
    <p class='ocr_par' dir='ltr' id='par_1_66' title="bbox 1680 2740 3273 2838">
     <span class='ocr_line' id='line_1_70' title="bbox 1680 2740 3273 2838; baseline -0.03 -5"><span class='ocrx_word' id='word_1_532' title='bbox 1680 2774 1945 2833; x_wconf 88' lang='lat' dir='ltr'><strong>catholica</strong></span> <span class='ocrx_word' id='word_1_533' title='bbox 1980 2768 2170 2838; x_wconf 91' lang='lat' dir='ltr'><strong>recipit</strong></span> <span class='ocrx_word' id='word_1_534' title='bbox 2200 2766 2251 2821; x_wconf 89' lang='lat' dir='ltr'><strong>in</strong></span> <span class='ocrx_word' id='word_1_535' title='bbox 2277 2759 2598 2818; x_wconf 87' lang='lat' dir='ltr'><strong>auctoritate</strong></span> <span class='ocrx_word' id='word_1_536' title='bbox 2627 2748 2906 2808; x_wconf 77' lang='lat' dir='ltr'><strong>habendas</strong></span> <span class='ocrx_word' id='word_1_537' title='bbox 2930 2740 3013 2796; x_wconf 87' lang='lat' dir='ltr'><strong>vel</strong></span> <span class='ocrx_word' id='word_1_538' title='bbox 3034 2750 3153 2793; x_wconf 86' lang='lat' dir='ltr'><strong>esse</strong></span> <span class='ocrx_word' id='word_1_539' title='bbox 3178 2747 3273 2787; x_wconf 82' lang='lat' dir='ltr'><strong>vc-</strong></span> 
     </span>
    </p>
   </div>
   <div class='ocr_carea' id='block_1_67' title="bbox 1680 2822 3276 2926">
    <p class='ocr_par' dir='ltr' id='par_1_67' title="bbox 1680 2822 3276 2926">
     <span class='ocr_line' id='line_1_71' title="bbox 1680 2822 3276 2926; baseline -0.032 -2"><span class='ocrx_word' id='word_1_540' title='bbox 1680 2865 1971 2926; x_wconf 85' lang='lat' dir='ltr'><strong>neraudas,</strong></span> <span class='ocrx_word' id='word_1_541' title='bbox 2007 2857 2298 2914; x_wconf 89' lang='lat' dir='ltr'><strong>anathema</strong></span> <span class='ocrx_word' id='word_1_542' title='bbox 2325 2851 2416 2907; x_wconf 86' lang='lat' dir='ltr'><strong>sit.</strong></span> <span class='ocrx_word' id='word_1_543' title='bbox 2457 2847 2515 2903; x_wconf 91' lang='lat' dir='ltr'><strong>Si</strong></span> <span class='ocrx_word' id='word_1_544' title='bbox 2548 2844 2671 2917; x_wconf 89' lang='lat' dir='ltr'><strong>quis</strong></span> <span class='ocrx_word' id='word_1_545' title='bbox 2715 2835 2918 2897; x_wconf 78' lang='lat' dir='ltr'><strong>dixerit</strong></span> <span class='ocrx_word' id='word_1_546' title='bbox 2966 2829 3049 2885; x_wconf 87' lang='lat' dir='ltr'><strong>vel</strong></span> <span class='ocrx_word' id='word_1_547' title='bbox 3097 2822 3276 2881; x_wconf 81' lang='lat' dir='ltr'><strong>credi-</strong></span> 
     </span>
    </p>
   </div>
   <div class='ocr_carea' id='block_1_68' title="bbox 1682 2930 3278 3016">
    <p class='ocr_par' dir='ltr' id='par_1_68' title="bbox 1682 2930 3278 3016">
     <span class='ocr_line' id='line_1_72' title="bbox 1682 2930 3278 3016; baseline -0.031 1"><span class='ocrx_word' id='word_1_548' title='bbox 1682 2959 1821 3016; x_wconf 85' lang='lat' dir='ltr'><strong>derit</strong></span> <span class='ocrx_word' id='word_1_549' title='bbox 1842 2953 2056 3012; x_wconf 88' lang='lat' dir='ltr'><strong>deitatis</strong></span> <span class='ocrx_word' id='word_1_550' title='bbox 2080 2958 2134 3006; x_wconf 89' lang='lat' dir='ltr'><strong>et</strong></span> <span class='ocrx_word' id='word_1_551' title='bbox 2159 2945 2341 3003; x_wconf 88' lang='lat' dir='ltr'><strong>carnis</strong></span> <span class='ocrx_word' id='word_1_552' title='bbox 2369 2956 2530 2997; x_wconf 89' lang='lat' dir='ltr'><strong>unam</strong></span> <span class='ocrx_word' id='word_1_553' title='bbox 2559 2939 2612 2992; x_wconf 90' lang='lat' dir='ltr'><strong>in</strong></span> <span class='ocrx_word' id='word_1_554' title='bbox 2636 2932 2856 2990; x_wconf 81' lang='lat' dir='ltr'><strong>Christo</strong></span> <span class='ocrx_word' id='word_1_555' title='bbox 2873 2940 2991 2982; x_wconf 85' lang='lat' dir='ltr'><strong>esse</strong></span> <span class='ocrx_word' id='word_1_556' title='bbox 3009 2930 3278 2981; x_wconf 87' lang='lat' dir='ltr'><strong>naturam,</strong></span> 
     </span>
    </p>
   </div>
   <div class='ocr_carea' id='block_1_69' title="bbox 1684 3012 3283 3109">
    <p class='ocr_par' dir='ltr' id='par_1_69' title="bbox 1684 3012 3283 3109">
     <span class='ocr_line' id='line_1_73' title="bbox 1684 3012 3283 3109; baseline -0.031 -1"><span class='ocrx_word' id='word_1_557' title='bbox 1684 3053 1972 3107; x_wconf 87' lang='lat' dir='ltr'><strong>anathema</strong></span> <span class='ocrx_word' id='word_1_558' title='bbox 2011 3045 2102 3100; x_wconf 89' lang='lat' dir='ltr'><strong>sit.</strong></span> <span class='ocrx_word' id='word_1_559' title='bbox 2147 3039 2205 3096; x_wconf 85' lang='lat' dir='ltr'><strong>Si</strong></span> <span class='ocrx_word' id='word_1_560' title='bbox 2233 3037 2357 3109; x_wconf 90' lang='lat' dir='ltr'><strong>quis</strong></span> <span class='ocrx_word' id='word_1_561' title='bbox 2382 3030 2620 3093; x_wconf 85' lang='lat' dir='ltr'><strong>dixerit,</strong></span> <span class='ocrx_word' id='word_1_562' title='bbox 2667 3024 2752 3080; x_wconf 85' lang='lat' dir='ltr'><strong>vel</strong></span> <span class='ocrx_word' id='word_1_563' title='bbox 2813 3012 3108 3075; x_wconf 88' lang='lat' dir='ltr'><strong>crediderit</strong></span> <span class='ocrx_word' id='word_1_564' title='bbox 3162 3021 3283 3062; x_wconf 83' lang='lat' dir='ltr'><strong>esse</strong></span> 
     </span>
    </p>
   </div>
   <div class='ocr_carea' id='block_1_70' title="bbox 1685 3099 3325 3214">
    <p class='ocr_par' dir='ltr' id='par_1_70' title="bbox 1685 3099 3325 3214">
     <span class='ocr_line' id='line_1_74' title="bbox 1685 3099 3325 3214; baseline -0.03 -14"><span class='ocrx_word' id='word_1_565' title='bbox 1685 3143 1887 3214; x_wconf 88' lang='lat' dir='ltr'><strong>aliquid</strong></span> <span class='ocrx_word' id='word_1_566' title='bbox 1943 3140 2089 3210; x_wconf 85' lang='lat' dir='ltr'><strong>quod</strong></span> <span class='ocrx_word' id='word_1_567' title='bbox 2138 3149 2197 3189; x_wconf 90' lang='lat' dir='ltr'><strong>se</strong></span> <span class='ocrx_word' id='word_1_568' title='bbox 2250 3099 2405 3187; x_wconf 75' lang='lat' dir='ltr'><strong>extra</strong></span> <span class='ocrx_word' id='word_1_569' title='bbox 2455 3124 2690 3181; x_wconf 78' lang='lat' dir='ltr'><strong>divinam</strong></span> <span class='ocrx_word' id='word_1_570' title='bbox 2741 3114 3063 3171; x_wconf 87' lang='lat' dir='ltr'><strong>Trinitatem</strong></span> <span class='ocrx_word' id='word_1_571' title='bbox 3115 3099 3325 3177; x_wconf 62' lang='lat' dir='ltr'><strong>possit</strong></span> 
     </span>
     <span class='ocr_line' id='line_1_75' title="bbox 2579 3190 3283 3214; baseline -0.03 0"><span class='ocrx_word' id='word_1_572' title='bbox 2579 3213 2588 3214; x_wconf 59' lang='lat'><strong><em>,</em></strong></span> <span class='ocrx_word' id='word_1_573' title='bbox 2754 3208 2765 3214; x_wconf 90' lang='lat'><strong>_</strong></span> <span class='ocrx_word' id='word_1_574' title='bbox 2916 3212 2922 3214; x_wconf 97' lang='lat'>_</span> <span class='ocrx_word' id='word_1_575' title='bbox 2996 3199 3009 3214; x_wconf 83' lang='lat'><em>_</em></span> <span class='ocrx_word' id='word_1_576' title='bbox 3088 3198 3145 3214; x_wconf 28' lang='grc' dir='ltr'><strong>,ᾼ</strong></span> <span class='ocrx_word' id='word_1_577' title='bbox 3203 3190 3283 3214; x_wconf 44' lang='grc' dir='ltr'><strong>Μ,</strong></span> 
     </span>
    </p>
   </div>
   <div class='ocr_carea' id='block_1_71' title="bbox 2410 3190 3284 3281">
    <p class='ocr_par' dir='ltr' id='par_1_71' title="bbox 2410 3190 3284 3281">
     <span class='ocr_line' id='line_1_76' title="bbox 2410 3190 3284 3281; baseline -0.034 -7"><span class='ocrx_word' id='word_1_578' title='bbox 2410 3219 2500 3274; x_wconf 89' lang='lat' dir='ltr'><strong>sit.</strong></span> <span class='ocrx_word' id='word_1_579' title='bbox 2569 3213 2629 3269; x_wconf 90' lang='lat' dir='ltr'><strong>Si</strong></span> <span class='ocrx_word' id='word_1_580' title='bbox 2676 3208 2800 3281; x_wconf 88' lang='lat' dir='ltr'><strong>quis</strong></span> <span class='ocrx_word' id='word_1_581' title='bbox 2846 3198 3151 3270; x_wconf 68' lang='lat' dir='ltr'><strong>astrologia:</strong></span> <span class='ocrx_word' id='word_1_582' title='bbox 3203 3190 3284 3247; x_wconf 85' lang='lat' dir='ltr'><strong>vel</strong></span> 
     </span>
    </p>
   </div>
   <div class='ocr_carea' id='block_1_72' title="bbox 1694 3280 3285 3385">
    <p class='ocr_par' dir='ltr' id='par_1_72' title="bbox 1694 3280 3285 3385">
     <span class='ocr_line' id='line_1_77' title="bbox 1694 3280 3285 3385; baseline -0.031 -1"><span class='ocrx_word' id='word_1_583' title='bbox 1694 3325 1923 3385; x_wconf 84' lang='lat' dir='ltr'><strong>mathesi</strong></span> <span class='ocrx_word' id='word_1_584' title='bbox 1955 3320 2233 3378; x_wconf 85' lang='lat' dir='ltr'><strong>existimat</strong></span> <span class='ocrx_word' id='word_1_585' title='bbox 2253 3327 2374 3369; x_wconf 85' lang='lat' dir='ltr'><strong>esse</strong></span> <span class='ocrx_word' id='word_1_586' title='bbox 2402 3306 2755 3367; x_wconf 89' lang='lat' dir='ltr'><strong>credendum,</strong></span> <span class='ocrx_word' id='word_1_587' title='bbox 2785 3295 3075 3353; x_wconf 88' lang='lat' dir='ltr'><strong>anathema</strong></span> <span class='ocrx_word' id='word_1_588' title='bbox 3094 3288 3182 3341; x_wconf 85' lang='lat' dir='ltr'><strong>sit.</strong></span> <span class='ocrx_word' id='word_1_589' title='bbox 3226 3280 3285 3336; x_wconf 88' lang='lat' dir='ltr'><strong>Si</strong></span> 
     </span>
    </p>
   </div>
   <div class='ocr_carea' id='block_1_73' title="bbox 1691 3385 3288 3492">
    <p class='ocr_par' dir='ltr' id='par_1_73' title="bbox 1691 3385 3288 3492">
     <span class='ocr_line' id='line_1_78' title="bbox 1691 3385 3288 3492; baseline -0.029 -17"><span class='ocrx_word' id='word_1_590' title='bbox 1691 3419 1815 3492; x_wconf 89' lang='lat' dir='ltr'><strong>quis</strong></span> <span class='ocrx_word' id='word_1_591' title='bbox 1841 3414 2039 3471; x_wconf 86' lang='lat' dir='ltr'><strong>dixerit</strong></span> <span class='ocrx_word' id='word_1_592' title='bbox 2076 3409 2160 3464; x_wconf 82' lang='lat' dir='ltr'><strong>vel</strong></span> <span class='ocrx_word' id='word_1_593' title='bbox 2200 3402 2492 3463; x_wconf 88' lang='lat' dir='ltr'><strong>crediderit</strong></span> <span class='ocrx_word' id='word_1_594' title='bbox 2547 3392 2796 3465; x_wconf 74' lang='lat' dir='ltr'><strong>coniugia</strong></span> <span class='ocrx_word' id='word_1_595' title='bbox 2846 3385 3127 3442; x_wconf 88' lang='lat' dir='ltr'><strong>hominum</strong></span> <span class='ocrx_word' id='word_1_596' title='bbox 3168 3389 3288 3447; x_wconf 64' lang='lat' dir='ltr'><strong>quas</strong></span> 
     </span>
     <span class='ocr_line' id='line_1_79' title="bbox 2530 3465 3284 3492; baseline -0.024 18"><span class='ocrx_word' id='word_1_597' title='bbox 2530 3489 2559 3492; x_wconf 79' lang='lat'>“</span> <span class='ocrx_word' id='word_1_598' title='bbox 2690 3485 2704 3492; x_wconf 76' lang='grc'><strong><em>⁵</em></strong></span> <span class='ocrx_word' id='word_1_599' title='bbox 2766 3483 2777 3492; x_wconf 90' lang='grc'>·</span> <span class='ocrx_word' id='word_1_600' title='bbox 3007 3465 3284 3492; x_wconf 55' lang='grc' dir='ltr'><strong>-.Α-...ΙΑΗΑ</strong></span> 
     </span>
    </p>
   </div>
   <div class='ocr_carea' id='block_1_74' title="bbox 1694 3465 3288 3573">
    <p class='ocr_par' dir='ltr' id='par_1_74' title="bbox 1694 3465 3288 3573">
     <span class='ocr_line' id='line_1_80' title="bbox 1694 3465 2037 3492; baseline -0.02 -18"><span class='ocrx_word' id='word_1_601' title='bbox 1694 3465 1814 3492; x_wconf 58' lang='grc' dir='ltr'><strong>γ..-</strong></span> 
     </span>
     <span class='ocr_line' id='line_1_81' title="bbox 1694 3465 3288 3573; baseline -0.031 -5"><span class='ocrx_word' id='word_1_602' title='bbox 1694 3507 1989 3568; x_wconf 88' lang='lat' dir='ltr'><strong>secundum</strong></span> <span class='ocrx_word' id='word_1_603' title='bbox 2032 3503 2203 3573; x_wconf 80' lang='lat' dir='ltr'><strong>legem</strong></span> <span class='ocrx_word' id='word_1_604' title='bbox 2243 3495 2481 3550; x_wconf 86' lang='lat' dir='ltr'><strong>divinam</strong></span> <span class='ocrx_word' id='word_1_605' title='bbox 2529 3489 2654 3543; x_wconf 89' lang='lat' dir='ltr'><strong>licet</strong></span> <span class='ocrx_word' id='word_1_606' title='bbox 2690 3483 2893 3540; x_wconf 77' lang='lat' dir='ltr'><strong>habere</strong></span> <span class='ocrx_word' id='word_1_607' title='bbox 2931 3465 3288 3531; x_wconf 81' lang='lat' dir='ltr'><strong>exsecrabilia</strong></span> 
     </span>
    </p>
   </div>
   <div class='ocr_carea' id='block_1_75' title="bbox 1694 3556 3291 3661">
    <p class='ocr_par' dir='ltr' id='par_1_75' title="bbox 1694 3556 3291 3661">
     <span class='ocr_line' id='line_1_82' title="bbox 1694 3556 3291 3661; baseline -0.031 -2"><span class='ocrx_word' id='word_1_608' title='bbox 1694 3556 2155 3661; x_wconf 60' lang='lat' dir='ltr'><strong>esse,anathet;a</strong></span> <span class='ocrx_word' id='word_1_609' title='bbox 2182 3590 2273 3645; x_wconf 90' lang='lat' dir='ltr'><strong>sit.</strong></span> <span class='ocrx_word' id='word_1_610' title='bbox 2325 3586 2384 3640; x_wconf 89' lang='lat' dir='ltr'><strong>Si</strong></span> <span class='ocrx_word' id='word_1_611' title='bbox 2416 3582 2536 3652; x_wconf 90' lang='lat' dir='ltr'><strong>quis</strong></span> <span class='ocrx_word' id='word_1_612' title='bbox 2583 3575 2806 3640; x_wconf 84' lang='lat' dir='ltr'><strong>dixerit,</strong></span> <span class='ocrx_word' id='word_1_613' title='bbox 2861 3567 2944 3623; x_wconf 86' lang='lat' dir='ltr'><strong>vel</strong></span> <span class='ocrx_word' id='word_1_614' title='bbox 2998 3556 3291 3619; x_wconf 85' lang='lat' dir='ltr'><strong>crediderit</strong></span> 
     </span>
    </p>
   </div>
   <div class='ocr_carea' id='block_1_76' title="bbox 1698 3658 3293 3753">
    <p class='ocr_par' dir='ltr' id='par_1_76' title="bbox 1698 3658 3293 3753">
     <span class='ocr_line' id='line_1_83' title="bbox 1698 3658 3293 3753; baseline -0.03 -2"><span class='ocrx_word' id='word_1_615' title='bbox 1698 3706 1889 3751; x_wconf 85' lang='lat' dir='ltr'><strong>carnes</strong></span> <span class='ocrx_word' id='word_1_616' title='bbox 1907 3689 2085 3744; x_wconf 86' lang='lat' dir='ltr'><strong>avium</strong></span> <span class='ocrx_word' id='word_1_617' title='bbox 2115 3700 2210 3740; x_wconf 87' lang='lat' dir='ltr'><strong>seu</strong></span> <span class='ocrx_word' id='word_1_618' title='bbox 2237 3680 2502 3753; x_wconf 89' lang='lat' dir='ltr'><strong>pecudum</strong></span> <span class='ocrx_word' id='word_1_619' title='bbox 2524 3688 2643 3745; x_wconf 78' lang='lat' dir='ltr'><strong>quae</strong></span> <span class='ocrx_word' id='word_1_620' title='bbox 2668 3669 2735 3724; x_wconf 85' lang='lat' dir='ltr'><strong>ad</strong></span> <span class='ocrx_word' id='word_1_621' title='bbox 2763 3678 2944 3722; x_wconf 87' lang='lat' dir='ltr'><strong>escam</strong></span> <span class='ocrx_word' id='word_1_622' title='bbox 2975 3659 3113 3715; x_wconf 70' lang='lat' dir='ltr'><strong>data:</strong></span> <span class='ocrx_word' id='word_1_623' title='bbox 3141 3658 3293 3717; x_wconf 89' lang='lat' dir='ltr'><strong>sunt,</strong></span> 
     </span>
    </p>
   </div>
   <div class='ocr_carea' id='block_1_77' title="bbox 2112 3742 3288 3843">
    <p class='ocr_par' dir='ltr' id='par_1_77' title="bbox 2112 3742 3288 3843">
     <span class='ocr_line' id='line_1_84' title="bbox 2112 3742 3288 3843; baseline -0.031 -13"><span class='ocrx_word' id='word_1_624' title='bbox 2112 3793 2170 3832; x_wconf 90' lang='lat' dir='ltr'><strong>ro</strong></span> <span class='ocrx_word' id='word_1_625' title='bbox 2201 3769 2559 3843; x_wconf 82' lang='lat' dir='ltr'><strong>castigatione</strong></span> <span class='ocrx_word' id='word_1_626' title='bbox 2589 3760 2868 3818; x_wconf 91' lang='lat' dir='ltr'><strong>hominum</strong></span> <span class='ocrx_word' id='word_1_627' title='bbox 2914 3742 3288 3808; x_wconf 80' lang='lat' dir='ltr'><strong>ahstincudas,</strong></span> 
     </span>
    </p>
   </div>
   <div class='ocr_carea' id='block_1_78' title="bbox 1699 3840 3295 3934">
    <p class='ocr_par' dir='ltr' id='par_1_78' title="bbox 1699 3840 3295 3934">
     <span class='ocr_line' id='line_1_85' title="bbox 1699 3840 3295 3934; baseline -0.03 0"><span class='ocrx_word' id='word_1_628' title='bbox 1699 3894 1793 3934; x_wconf 89' lang='lat' dir='ltr'><strong>seu</strong></span> <span class='ocrx_word' id='word_1_629' title='bbox 1827 3853 2191 3930; x_wconf 74' lang='lat' dir='ltr'><strong>exsecrandas</strong></span> <span class='ocrx_word' id='word_1_630' title='bbox 2218 3878 2362 3928; x_wconf 83' lang='lat' dir='ltr'><strong>esse,</strong></span> <span class='ocrx_word' id='word_1_631' title='bbox 2387 3857 2679 3916; x_wconf 88' lang='lat' dir='ltr'><strong>anathema</strong></span> <span class='ocrx_word' id='word_1_632' title='bbox 2706 3852 2796 3907; x_wconf 90' lang='lat' dir='ltr'><strong>sit.</strong></span> <span class='ocrx_word' id='word_1_633' title='bbox 2821 3847 2881 3903; x_wconf 85' lang='lat' dir='ltr'><strong>Si</strong></span> <span class='ocrx_word' id='word_1_634' title='bbox 2898 3843 3018 3915; x_wconf 85' lang='lat' dir='ltr'><strong>quis</strong></span> <span class='ocrx_word' id='word_1_635' title='bbox 3035 3840 3086 3894; x_wconf 92' lang='lat' dir='ltr'><strong>iu</strong></span> <span class='ocrx_word' id='word_1_636' title='bbox 3110 3847 3295 3892; x_wconf 88' lang='lat' dir='ltr'><strong>errore</strong></span> 
     </span>
    </p>
   </div>
   <div class='ocr_carea' id='block_1_79' title="bbox 1702 3923 3297 4028">
    <p class='ocr_par' dir='ltr' id='par_1_79' title="bbox 1702 3923 3297 4028">
     <span class='ocr_line' id='line_1_86' title="bbox 1702 3923 3297 4028; baseline -0.031 -1"><span class='ocrx_word' id='word_1_637' title='bbox 1702 3965 2023 4028; x_wconf 81' lang='lat' dir='ltr'><strong>Prisciiiiaui</strong></span> <span class='ocrx_word' id='word_1_638' title='bbox 2054 3970 2257 4018; x_wconf 84' lang='lat' dir='ltr'><strong>sectam</strong></span> <span class='ocrx_word' id='word_1_639' title='bbox 2290 3954 2555 4026; x_wconf 89' lang='lat' dir='ltr'><strong>sequitur,</strong></span> <span class='ocrx_word' id='word_1_640' title='bbox 2586 3946 2672 4002; x_wconf 92' lang='lat' dir='ltr'><strong>vcl</strong></span> <span class='ocrx_word' id='word_1_641' title='bbox 2698 3941 3006 4021; x_wconf 79' lang='lat' dir='ltr'><strong>proﬁtetur,</strong></span> <span class='ocrx_word' id='word_1_642' title='bbox 3053 3940 3113 3987; x_wconf 94' lang='lat' dir='ltr'><strong>ut</strong></span> <span class='ocrx_word' id='word_1_643' title='bbox 3151 3923 3297 3981; x_wconf 85' lang='lat' dir='ltr'><strong>aliud</strong></span> 
     </span>
    </p>
   </div>
   <div class='ocr_carea' id='block_1_80' title="bbox 1704 4019 3293 4125">
    <p class='ocr_par' dir='ltr' id='par_1_80' title="bbox 1704 4019 3293 4125">
     <span class='ocr_line' id='line_1_87' title="bbox 1704 4019 3293 4125; baseline -0.031 -6"><span class='ocrx_word' id='word_1_644' title='bbox 1704 4047 1985 4119; x_wconf 81' lang='lat' dir='ltr'><strong>iusaluhri</strong></span> <span class='ocrx_word' id='word_1_645' title='bbox 2006 4054 2276 4125; x_wconf 86' lang='lat' dir='ltr'><strong>baptismo</strong></span> <span class='ocrx_word' id='word_1_646' title='bbox 2301 4055 2492 4104; x_wconf 81' lang='lat' dir='ltr'><strong>contra</strong></span> <span class='ocrx_word' id='word_1_647' title='bbox 2524 4019 2708 4097; x_wconf 88' lang='lat' dir='ltr'><strong>sedem</strong></span> <span class='ocrx_word' id='word_1_648' title='bbox 2734 4030 2910 4090; x_wconf 89' lang='lat' dir='ltr'><strong>sancti</strong></span> <span class='ocrx_word' id='word_1_649' title='bbox 2937 4023 3081 4082; x_wconf 86' lang='lat' dir='ltr'><strong>Petri</strong></span> <span class='ocrx_word' id='word_1_650' title='bbox 3110 4019 3293 4082; x_wconf 78' lang='lat' dir='ltr'><strong>faciat,</strong></span> 
     </span>
    </p>
   </div>
   <div class='ocr_carea' id='block_1_81' title="bbox 1706 4147 2126 4208">
    <p class='ocr_par' dir='ltr' id='par_1_81' title="bbox 1706 4147 2126 4208">
     <span class='ocr_line' id='line_1_88' title="bbox 1706 4147 2126 4208; baseline -0.021 0"><span class='ocrx_word' id='word_1_651' title='bbox 1706 4155 1993 4208; x_wconf 85' lang='lat' dir='ltr'><strong>anathema</strong></span> <span class='ocrx_word' id='word_1_652' title='bbox 2034 4147 2126 4201; x_wconf 89' lang='lat' dir='ltr'><strong>sit.</strong></span> 
     </span>
    </p>
   </div>
   <div class='ocr_carea' id='block_1_82' title="bbox 1779 4199 3301 4315">
    <p class='ocr_par' dir='ltr' id='par_1_82' title="bbox 1779 4199 3301 4315">
     <span class='ocr_line' id='line_1_89' title="bbox 1779 4199 3301 4315; baseline -0.033 -13"><span class='ocrx_word' id='word_1_653' title='bbox 1779 4199 2013 4315; x_wconf 64' lang='lat' dir='ltr'><strong>Explicin</strong></span> <span class='ocrx_word' id='word_1_654' title='bbox 2037 4199 2219 4309; x_wconf 78' lang='lat' dir='ltr'><strong>regula</strong></span> <span class='ocrx_word' id='word_1_655' title='bbox 2247 4232 2373 4289; x_wconf 87' lang='lat' dir='ltr'><strong>lidei</strong></span> <span class='ocrx_word' id='word_1_656' title='bbox 2413 4224 2698 4285; x_wconf 83' lang='lat' dir='ltr'><strong>catholicae</strong></span> <span class='ocrx_word' id='word_1_657' title='bbox 2761 4217 3020 4273; x_wconf 85' lang='lat' dir='ltr'><strong>adversus</strong></span> <span class='ocrx_word' id='word_1_658' title='bbox 3083 4199 3301 4260; x_wconf 83' lang='lat' dir='ltr'><strong>Priscil-</strong></span> 
     </span>
    </p>
   </div>
   <div class='ocr_carea' id='block_1_83' title="bbox 67 4296 3298 4430">
    <p class='ocr_par' dir='ltr' id='par_1_83' title="bbox 67 4296 3298 4430">
     <span class='ocr_line' id='line_1_90' title="bbox 67 4296 2126 4331; baseline -0.014 1"><span class='ocrx_word' id='word_1_659' title='bbox 67 4296 187 4327; x_wconf 54' lang='grc' dir='ltr'>Μδδῧο</span> <span class='ocrx_word' id='word_1_660' title='bbox 228 4296 370 4331; x_wconf 74' lang='lat' dir='ltr'><strong>nunc</strong></span> <span class='ocrx_word' id='word_1_661' title='bbox 420 4296 593 4331; x_wconf 79' lang='lat' dir='ltr'><strong>&quot;Ilum</strong></span> <span class='ocrx_word' id='word_1_662' title='bbox 637 4296 872 4327; x_wconf 71' lang='grc' dir='ltr'><strong>ιιυιιηιιιυ</strong></span> <span class='ocrx_word' id='word_1_663' title='bbox 925 4296 1089 4321; x_wconf 67' lang='lat' dir='ltr'><strong>Cllillll</strong></span> <span class='ocrx_word' id='word_1_664' title='bbox 1144 4296 1337 4317; x_wconf 78' lang='grc' dir='ltr'><strong>ιιιιυιιι</strong></span> <span class='ocrx_word' id='word_1_665' title='bbox 1380 4296 1492 4319; x_wconf 75' lang='grc' dir='ltr'><strong>υνι,</strong></span> <span class='ocrx_word' id='word_1_666' title='bbox 1551 4296 1607 4309; x_wconf 73' lang='grc' dir='ltr'><strong>νν</strong></span> <span class='ocrx_word' id='word_1_667' title='bbox 1780 4296 1981 4315; x_wconf 45' lang='grc' dir='ltr'><strong>--ινηη</strong></span> <span class='ocrx_word' id='word_1_668' title='bbox 2100 4296 2126 4309; x_wconf 66' lang='grc' dir='ltr'><strong>ι.</strong></span> 
     </span>
     <span class='ocr_line' id='line_1_91' title="bbox 67 4296 3298 4430; baseline -0.021 -11"><span class='ocrx_word' id='word_1_669' title='bbox 67 4362 216 4422; x_wconf 73' lang='lat' dir='ltr'><strong>Filium</strong></span> <span class='ocrx_word' id='word_1_670' title='bbox 242 4369 331 4426; x_wconf 89' lang='lat' dir='ltr'><strong>Dei</strong></span> <span class='ocrx_word' id='word_1_671' title='bbox 380 4380 436 4426; x_wconf 90' lang='lat' dir='ltr'><strong>ct</strong></span> <span class='ocrx_word' id='word_1_672' title='bbox 462 4366 704 4424; x_wconf 87' lang='lat' dir='ltr'><strong>hominis</strong></span> <span class='ocrx_word' id='word_1_673' title='bbox 739 4364 906 4419; x_wconf 80' lang='lat' dir='ltr'><strong>ﬁlium</strong></span> <span class='ocrx_word' id='word_1_674' title='bbox 947 4356 1298 4430; x_wconf 85' lang='lat' dir='ltr'><strong>appellamus.</strong></span> <span class='ocrx_word' id='word_1_675' title='bbox 1338 4351 1608 4406; x_wconf 74' lang='lat' dir='ltr'><strong>Resurre-</strong></span> <span class='ocrx_word' id='word_1_676' title='bbox 1710 4340 1980 4396; x_wconf 78' lang='lat' dir='ltr'><strong>lianistas.</strong></span> <span class='ocrx_word' id='word_1_677' title='bbox 2028 4334 2298 4389; x_wconf 84' lang='lat' dir='ltr'><strong>Patronus</strong></span> <span class='ocrx_word' id='word_1_678' title='bbox 2333 4324 2618 4394; x_wconf 88' lang='lat' dir='ltr'><strong>episc0pus</strong></span> <span class='ocrx_word' id='word_1_679' title='bbox 2645 4307 2935 4380; x_wconf 75' lang='lat' dir='ltr'><strong>subscripsi</strong></span> <span class='ocrx_word' id='word_1_680' title='bbox 2957 4323 2972 4373; x_wconf 88' lang='lat'><strong>;</strong></span> <span class='ocrx_word' id='word_1_681' title='bbox 2997 4296 3298 4359; x_wconf 83' lang='lat' dir='ltr'><strong>Marcellia-</strong></span> 
     </span>
     <span class='ocr_line' id='line_1_92' title="bbox 2242 4389 3298 4430; baseline 0 0"><span class='ocrx_word' id='word_1_682' title='bbox 2242 4421 2255 4430; x_wconf 87' lang='lat'><strong>.</strong></span> <span class='ocrx_word' id='word_1_683' title='bbox 2371 4417 2381 4428; x_wconf 87' lang='lat'><strong>.</strong></span> <span class='ocrx_word' id='word_1_684' title='bbox 2457 4415 2469 4428; x_wconf 75' lang='grc' dir='ltr'>ι</span> <span class='ocrx_word' id='word_1_685' title='bbox 2583 4409 2684 4430; x_wconf 50' lang='grc' dir='ltr'><strong>ιρμε</strong></span> <span class='ocrx_word' id='word_1_686' title='bbox 2709 4407 2810 4430; x_wconf 69' lang='grc' dir='ltr'><strong>ιε.--</strong></span> <span class='ocrx_word' id='word_1_687' title='bbox 2847 4401 3129 4430; x_wconf 64' lang='grc' dir='ltr'><strong>Αηὲηηηηιια</strong></span> <span class='ocrx_word' id='word_1_688' title='bbox 3174 4389 3298 4430; x_wconf 66' lang='grc' dir='ltr'><strong>ωηι-</strong></span> 
     </span>
    </p>
   </div>
   <div class='ocr_carea' id='block_1_84' title="bbox 63 4446 1608 4517">
    <p class='ocr_par' dir='ltr' id='par_1_84' title="bbox 63 4446 1608 4517">
     <span class='ocr_line' id='line_1_93' title="bbox 63 4446 1608 4517; baseline -0.007 -12"><span class='ocrx_word' id='word_1_689' title='bbox 63 4456 247 4513; x_wconf 76' lang='lat' dir='ltr'><strong>ctionem</strong></span> <span class='ocrx_word' id='word_1_690' title='bbox 292 4477 421 4517; x_wconf 83' lang='lat' dir='ltr'><strong>vero</strong></span> <span class='ocrx_word' id='word_1_691' title='bbox 479 4458 718 4513; x_wconf 80' lang='lat' dir='ltr'><strong>futuram</strong></span> <span class='ocrx_word' id='word_1_692' title='bbox 771 4456 1022 4510; x_wconf 68' lang='lat' dir='ltr'><strong>humanm</strong></span> <span class='ocrx_word' id='word_1_693' title='bbox 1074 4446 1350 4505; x_wconf 87' lang='lat' dir='ltr'><strong>credimus</strong></span> <span class='ocrx_word' id='word_1_694' title='bbox 1402 4450 1608 4505; x_wconf 75' lang='lat' dir='ltr'><strong>carnis,</strong></span> 
     </span>
    </p>
   </div>
   <div class='ocr_carea' id='block_1_85' title="bbox 64 4515 2381 4612">
    <p class='ocr_par' dir='ltr' id='par_1_85' title="bbox 64 4515 2381 4612">
     <span class='ocr_line' id='line_1_94' title="bbox 64 4515 2381 4612; baseline -0.017 -10"><span class='ocrx_word' id='word_1_695' title='bbox 64 4535 1503 4612; x_wconf 49' lang='lat' dir='ltr'><strong>annutautemhominisnondivinaﬁessesubstantim,</strong></span> <span class='ocrx_word' id='word_1_696' title='bbox 1520 4537 1614 4585; x_wconf 90' lang='lat' dir='ltr'><strong>aut</strong></span> <span class='ocrx_word' id='word_1_697' title='bbox 1714 4523 1943 4593; x_wconf 88' lang='lat' dir='ltr'><strong>scripsi;</strong></span> <span class='ocrx_word' id='word_1_698' title='bbox 1993 4515 2167 4574; x_wconf 88' lang='lat' dir='ltr'><strong>sancti</strong></span> <span class='ocrx_word' id='word_1_699' title='bbox 2243 4519 2297 4567; x_wconf 89' lang='lat' dir='ltr'><strong>et</strong></span> <span class='ocrx_word' id='word_1_700' title='bbox 2352 4526 2381 4563; x_wconf 88' lang='lat' dir='ltr'><strong>a</strong></span> 
     </span>
    </p>
   </div>
   <div class='ocr_carea' id='block_1_86' title="bbox 68 4607 1957 4710">
    <p class='ocr_par' dir='ltr' id='par_1_86' title="bbox 68 4607 1957 4710">
     <span class='ocr_line' id='line_1_95' title="bbox 68 4607 1957 4710; baseline -0.02 -6"><span class='ocrx_word' id='word_1_701' title='bbox 68 4635 133 4690; x_wconf 70' lang='grc' dir='ltr'><strong>υθί</strong></span> <span class='ocrx_word' id='word_1_702' title='bbox 152 4638 328 4710; x_wconf 74' lang='lat' dir='ltr'><strong>Patris,</strong></span> <span class='ocrx_word' id='word_1_703' title='bbox 366 4643 461 4699; x_wconf 85' lang='lat' dir='ltr'><strong>sed</strong></span> <span class='ocrx_word' id='word_1_704' title='bbox 489 4648 801 4698; x_wconf 86' lang='lat' dir='ltr'><strong>creaturam</strong></span> <span class='ocrx_word' id='word_1_705' title='bbox 857 4635 953 4691; x_wconf 87' lang='lat' dir='ltr'><strong>Dei</strong></span> <span class='ocrx_word' id='word_1_706' title='bbox 1016 4607 1295 4688; x_wconf 81' lang='lat' dir='ltr'><strong>voluntate</strong></span> <span class='ocrx_word' id='word_1_707' title='bbox 1336 4630 1599 4681; x_wconf 88' lang='lat' dir='ltr'><strong>creatam.</strong></span> <span class='ocrx_word' id='word_1_708' title='bbox 1632 4607 1681 4668; x_wconf 77' lang='grc' dir='ltr'><strong>Β</strong></span> <span class='ocrx_word' id='word_1_709' title='bbox 1706 4614 1957 4673; x_wconf 88' lang='lat' dir='ltr'><strong>concilio.</strong></span> 
     </span>
    </p>
   </div>
   <div class='ocr_carea' id='block_1_87' title="bbox 75 4742 3281 4836">
    <p class='ocr_par' dir='ltr' id='par_1_87' title="bbox 75 4742 3281 4836">
     <span class='ocr_line' id='line_1_96' title="bbox 75 4742 3281 4836; baseline -0.021 -4"><span class='ocrx_word' id='word_1_710' title='bbox 75 4742 3281 4836; x_wconf 54' lang='lat' dir='ltr'><strong>MM</strong></span> 
     </span>
    </p>
   </div>
   <div class='ocr_carea' id='block_1_88' title="bbox 736 4947 2558 5043">
    <p class='ocr_par' dir='ltr' id='par_1_88' title="bbox 736 4947 2558 5043">
     <span class='ocr_line' id='line_1_97' title="bbox 736 4947 2558 5043; baseline -0.021 0"><span class='ocrx_word' id='word_1_711' title='bbox 736 4978 1082 5043; x_wconf 82' lang='lat' dir='ltr'><strong>lNClPlUNT</strong></span> <span class='ocrx_word' id='word_1_712' title='bbox 1122 4973 1468 5036; x_wconf 76' lang='lat' dir='ltr'><strong>CAPITULA</strong></span> <span class='ocrx_word' id='word_1_713' title='bbox 1514 4966 1812 5028; x_wconf 77' lang='lat' dir='ltr'><strong>CONClLll</strong></span> <span class='ocrx_word' id='word_1_714' title='bbox 1848 4957 2145 5020; x_wconf 73' lang='lat' dir='ltr'><strong>SECUNDI</strong></span> <span class='ocrx_word' id='word_1_715' title='bbox 2190 4947 2558 5013; x_wconf 80' lang='lat' dir='ltr'><strong>TOLETANI.</strong></span> 
     </span>
    </p>
   </div>
   <div class='ocr_carea' id='block_1_89' title="bbox 128 5176 1618 5265">
    <p class='ocr_par' dir='ltr' id='par_1_89' title="bbox 128 5176 1618 5265">
     <span class='ocr_line' id='line_1_98' title="bbox 128 5176 1618 5265; baseline -0.014 -15"><span class='ocrx_word' id='word_1_716' title='bbox 128 5190 168 5245; x_wconf 79' lang='grc'><strong>1.</strong></span> <span class='ocrx_word' id='word_1_717' title='bbox 201 5192 272 5249; x_wconf 86' lang='lat' dir='ltr'><strong>De</strong></span> <span class='ocrx_word' id='word_1_718' title='bbox 293 5193 378 5252; x_wconf 90' lang='lat' dir='ltr'><strong>his</strong></span> <span class='ocrx_word' id='word_1_719' title='bbox 405 5208 542 5265; x_wconf 89' lang='lat' dir='ltr'><strong>quos</strong></span> <span class='ocrx_word' id='word_1_720' title='bbox 566 5197 822 5264; x_wconf 89' lang='lat' dir='ltr'><strong>parentes</strong></span> <span class='ocrx_word' id='word_1_721' title='bbox 851 5189 917 5243; x_wconf 89' lang='lat' dir='ltr'><strong>ab</strong></span> <span class='ocrx_word' id='word_1_722' title='bbox 951 5182 1177 5240; x_wconf 77' lang='lat' dir='ltr'><strong>infantia</strong></span> <span class='ocrx_word' id='word_1_723' title='bbox 1227 5180 1280 5235; x_wconf 91' lang='lat' dir='ltr'><strong>in</strong></span> <span class='ocrx_word' id='word_1_724' title='bbox 1329 5176 1618 5233; x_wconf 85' lang='lat' dir='ltr'><strong>clericatus</strong></span> 
     </span>
    </p>
   </div>
   <div class='ocr_carea' id='block_1_90' title="bbox 75 5269 1617 5359">
    <p class='ocr_par' dir='ltr' id='par_1_90' title="bbox 75 5269 1617 5359">
     <span class='ocr_line' id='line_1_99' title="bbox 75 5269 1617 5359; baseline -0.008 -25"><span class='ocrx_word' id='word_1_725' title='bbox 75 5279 215 5339; x_wconf 76' lang='lat' dir='ltr'><strong>cilicio</strong></span> <span class='ocrx_word' id='word_1_726' title='bbox 238 5286 693 5359; x_wconf 83' lang='lat' dir='ltr'><strong>maneipaverunt,</strong></span> <span class='ocrx_word' id='word_1_727' title='bbox 717 5283 761 5338; x_wconf 87' lang='lat' dir='ltr'><strong>si</strong></span> <span class='ocrx_word' id='word_1_728' title='bbox 791 5287 978 5352; x_wconf 87' lang='lat' dir='ltr'><strong>postea</strong></span> <span class='ocrx_word' id='word_1_729' title='bbox 1006 5275 1338 5332; x_wconf 89' lang='lat' dir='ltr'><strong>voluntatem</strong></span> <span class='ocrx_word' id='word_1_730' title='bbox 1382 5269 1617 5325; x_wconf 86' lang='lat' dir='ltr'><strong>habeant</strong></span> 
     </span>
    </p>
   </div>
   <div class='ocr_carea' id='block_1_91' title="bbox 78 5376 289 5436">
    <p class='ocr_par' dir='ltr' id='par_1_91' title="bbox 78 5376 289 5436">
     <span class='ocr_line' id='line_1_100' title="bbox 78 5376 289 5436; baseline 0.052 -11"><span class='ocrx_word' id='word_1_731' title='bbox 78 5376 289 5436; x_wconf 84' lang='lat' dir='ltr'><strong>nubendi.</strong></span> 
     </span>
    </p>
   </div>
   <div class='ocr_carea' id='block_1_92' title="bbox 132 5484 1623 5569">
    <p class='ocr_par' dir='ltr' id='par_1_92' title="bbox 132 5484 1623 5569">
     <span class='ocr_line' id='line_1_101' title="bbox 132 5484 1623 5569; baseline -0.011 -18"><span class='ocrx_word' id='word_1_732' title='bbox 132 5486 176 5543; x_wconf 72' lang='grc'><strong>2-</strong></span> <span class='ocrx_word' id='word_1_733' title='bbox 208 5490 276 5550; x_wconf 87' lang='lat' dir='ltr'><strong>De</strong></span> <span class='ocrx_word' id='word_1_734' title='bbox 300 5495 495 5553; x_wconf 68' lang='lat' dir='ltr'><strong>clerico</strong></span> <span class='ocrx_word' id='word_1_735' title='bbox 517 5495 609 5569; x_wconf 90' lang='lat' dir='ltr'><strong>qui</strong></span> <span class='ocrx_word' id='word_1_736' title='bbox 653 5494 724 5551; x_wconf 75' lang='lat' dir='ltr'><strong>ad</strong></span> <span class='ocrx_word' id='word_1_737' title='bbox 759 5492 921 5550; x_wconf 89' lang='lat' dir='ltr'><strong>aliam</strong></span> <span class='ocrx_word' id='word_1_738' title='bbox 960 5489 1156 5546; x_wconf 87' lang='lat' dir='ltr'><strong>transit</strong></span> <span class='ocrx_word' id='word_1_739' title='bbox 1202 5484 1519 5548; x_wconf 89' lang='lat' dir='ltr'><strong>ecclesiam,</strong></span> <span class='ocrx_word' id='word_1_740' title='bbox 1568 5487 1623 5537; x_wconf 90' lang='lat' dir='ltr'><strong>et</strong></span> 
     </span>
    </p>
   </div>
   <div class='ocr_carea' id='block_1_93' title="bbox 83 5578 582 5662">
    <p class='ocr_par' dir='ltr' id='par_1_93' title="bbox 83 5578 582 5662">
     <span class='ocr_line' id='line_1_102' title="bbox 83 5578 582 5662; baseline -0.008 -13"><span class='ocrx_word' id='word_1_741' title='bbox 83 5578 156 5649; x_wconf 71' lang='lat' dir='ltr'><strong>qui</strong></span> <span class='ocrx_word' id='word_1_742' title='bbox 171 5596 279 5641; x_wconf 78' lang='lat' dir='ltr'><strong>eum</strong></span> <span class='ocrx_word' id='word_1_743' title='bbox 304 5590 582 5662; x_wconf 88' lang='lat' dir='ltr'><strong>receperit.</strong></span> 
     </span>
    </p>
   </div>
   <div class='ocr_carea' id='block_1_94' title="bbox 1787 5124 3309 5205">
    <p class='ocr_par' dir='ltr' id='par_1_94' title="bbox 1787 5124 3309 5205">
     <span class='ocr_line' id='line_1_103' title="bbox 1787 5124 3309 5205; baseline -0.024 0"><span class='ocrx_word' id='word_1_744' title='bbox 1787 5150 1844 5205; x_wconf 77' lang='grc' dir='ltr'><strong>ὅ.</strong></span> <span class='ocrx_word' id='word_1_745' title='bbox 1885 5146 1957 5204; x_wconf 88' lang='lat' dir='ltr'><strong>Ut</strong></span> <span class='ocrx_word' id='word_1_746' title='bbox 1981 5142 2212 5200; x_wconf 88' lang='lat' dir='ltr'><strong>nullusa</strong></span> <span class='ocrx_word' id='word_1_747' title='bbox 2238 5135 2630 5196; x_wconf 85' lang='lat' dir='ltr'><strong>subdiaconatu</strong></span> <span class='ocrx_word' id='word_1_748' title='bbox 2676 5134 2735 5185; x_wconf 89' lang='lat' dir='ltr'><strong>et</strong></span> <span class='ocrx_word' id='word_1_749' title='bbox 2778 5136 2940 5194; x_wconf 86' lang='lat' dir='ltr'><strong>supra</strong></span> <span class='ocrx_word' id='word_1_750' title='bbox 2989 5124 3309 5176; x_wconf 83' lang='lat' dir='ltr'><strong>extraneam</strong></span> 
     </span>
    </p>
   </div>
   <div class='ocr_carea' id='block_1_95' title="bbox 1718 5238 2246 5302">
    <p class='ocr_par' dir='ltr' id='par_1_95' title="bbox 1718 5238 2246 5302">
     <span class='ocr_line' id='line_1_104' title="bbox 1718 5238 2246 5302; baseline -0.027 0"><span class='ocrx_word' id='word_1_751' title='bbox 1718 5244 1917 5302; x_wconf 74' lang='lat' dir='ltr'><strong>habeat</strong></span> <span class='ocrx_word' id='word_1_752' title='bbox 1942 5238 2246 5295; x_wconf 82' lang='lat' dir='ltr'><strong>mulierem.</strong></span> 
     </span>
    </p>
   </div>
   <div class='ocr_carea' id='block_1_96' title="bbox 1789 5305 3309 5399">
    <p class='ocr_par' dir='ltr' id='par_1_96' title="bbox 1789 5305 3309 5399">
     <span class='ocr_line' id='line_1_105' title="bbox 1789 5305 3309 5399; baseline -0.024 -10"><span class='ocrx_word' id='word_1_753' title='bbox 1789 5333 1845 5388; x_wconf 76' lang='grc' dir='ltr'><strong>ι.</strong></span> <span class='ocrx_word' id='word_1_754' title='bbox 1890 5331 1959 5387; x_wconf 80' lang='lat' dir='ltr'><strong>L‘t</strong></span> <span class='ocrx_word' id='word_1_755' title='bbox 1988 5326 2250 5399; x_wconf 81' lang='lat' dir='ltr'><strong>quidquid</strong></span> <span class='ocrx_word' id='word_1_756' title='bbox 2274 5323 2341 5379; x_wconf 78' lang='lat' dir='ltr'><strong>de</strong></span> <span class='ocrx_word' id='word_1_757' title='bbox 2364 5320 2488 5392; x_wconf 82' lang='lat' dir='ltr'><strong>jure</strong></span> <span class='ocrx_word' id='word_1_758' title='bbox 2514 5312 2757 5373; x_wconf 80' lang='lat' dir='ltr'><strong>ecclesiae</strong></span> <span class='ocrx_word' id='word_1_759' title='bbox 2784 5305 2967 5367; x_wconf 89' lang='lat' dir='ltr'><strong>clerici</strong></span> <span class='ocrx_word' id='word_1_760' title='bbox 2997 5308 3309 5364; x_wconf 86' lang='lat' dir='ltr'><strong>tenuerunt,</strong></span> 
     </span>
    </p>
   </div>
   <div class='ocr_carea' id='block_1_97' title="bbox 1720 5407 3062 5499">
    <p class='ocr_par' dir='ltr' id='par_1_97' title="bbox 1720 5407 3062 5499">
     <span class='ocr_line' id='line_1_106' title="bbox 1720 5407 3062 5499; baseline -0.025 -16"><span class='ocrx_word' id='word_1_761' title='bbox 1720 5435 1846 5499; x_wconf 77' lang='lat' dir='ltr'><strong>post</strong></span> <span class='ocrx_word' id='word_1_762' title='bbox 1872 5424 2081 5479; x_wconf 75' lang='lat' dir='ltr'><strong>obitum</strong></span> <span class='ocrx_word' id='word_1_763' title='bbox 2107 5432 2296 5476; x_wconf 89' lang='lat' dir='ltr'><strong>eorum</strong></span> <span class='ocrx_word' id='word_1_764' title='bbox 2319 5417 2386 5471; x_wconf 90' lang='lat' dir='ltr'><strong>ad</strong></span> <span class='ocrx_word' id='word_1_765' title='bbox 2413 5408 2705 5469; x_wconf 84' lang='lat' dir='ltr'><strong>ecclesiam</strong></span> <span class='ocrx_word' id='word_1_766' title='bbox 2740 5407 3062 5459; x_wconf 88' lang='lat' dir='ltr'><strong>revertatur.</strong></span> 
     </span>
    </p>
   </div>
   <div class='ocr_carea' id='block_1_98' title="bbox 1794 5472 3375 5581">
    <p class='ocr_par' dir='ltr' id='par_1_98' title="bbox 1794 5472 3375 5581">
     <span class='ocr_line' id='line_1_107' title="bbox 1794 5472 3375 5581; baseline -0.025 -7"><span class='ocrx_word' id='word_1_767' title='bbox 1794 5517 1849 5575; x_wconf 87' lang='lat'><strong>5.</strong></span> <span class='ocrx_word' id='word_1_768' title='bbox 1892 5517 1966 5571; x_wconf 89' lang='lat' dir='ltr'><strong>De</strong></span> <span class='ocrx_word' id='word_1_769' title='bbox 2014 5514 2100 5569; x_wconf 90' lang='lat' dir='ltr'><strong>his</strong></span> <span class='ocrx_word' id='word_1_770' title='bbox 2137 5511 2227 5581; x_wconf 91' lang='lat' dir='ltr'><strong>qui</strong></span> <span class='ocrx_word' id='word_1_771' title='bbox 2270 5523 2330 5564; x_wconf 87' lang='lat' dir='ltr'><strong>se</strong></span> <span class='ocrx_word' id='word_1_772' title='bbox 2379 5500 2641 5578; x_wconf 88' lang='lat' dir='ltr'><strong>proximis</strong></span> <span class='ocrx_word' id='word_1_773' title='bbox 2690 5497 2804 5554; x_wconf 89' lang='lat' dir='ltr'><strong>suis</strong></span> <span class='ocrx_word' id='word_1_774' title='bbox 2848 5490 3139 5565; x_wconf 79' lang='lat' dir='ltr'><strong>capulant,</strong></span> <span class='ocrx_word' id='word_1_775' title='bbox 3200 5490 3312 5557; x_wconf 76' lang='lat' dir='ltr'><strong>uta</strong></span> <span class='ocrx_word' id='word_1_776' title='bbox 3368 5472 3375 5487; x_wconf 75' lang='grc'><em>’</em></span> 
     </span>
    </p>
   </div>
   <div class='ocr_carea' id='block_1_99' title="bbox 1727 5598 2688 5669">
    <p class='ocr_par' dir='ltr' id='par_1_99' title="bbox 1727 5598 2688 5669">
     <span class='ocr_line' id='line_1_108' title="bbox 1727 5598 2688 5669; baseline -0.025 0"><span class='ocrx_word' id='word_1_777' title='bbox 1727 5606 2110 5669; x_wconf 81' lang='lat' dir='ltr'><strong>commtntione</strong></span> <span class='ocrx_word' id='word_1_778' title='bbox 2131 5598 2332 5659; x_wconf 81' lang='lat' dir='ltr'><strong>Christi</strong></span> <span class='ocrx_word' id='word_1_779' title='bbox 2367 5603 2688 5654; x_wconf 76' lang='lat' dir='ltr'><strong>separentur</strong></span> 
     </span>
    </p>
   </div>
  </div>
