3910 6436
641 335 748 404 I39
774 319 776 322 ’

1451 357 1742 427 APPEND.
1772 349 1891 453 ao
1914 368 2087 435 saec.
2117 343 2119 345 ’
2144 373 2235 439 1x.
2275 415 2346 428 —
2383 385 2634 450 ISIDORI
2658 380 3103 464 MERCATORIS
3397 388 3421 406 “
3461 389 3495 391 ”

3760 429 3831 494 450

1087 499 1485 593 INCIPIT
1559 517 2132 608 CONCILIUM
2193 535 2838 629 TOLETANUM
2899 555 3460 645 SECUNDUM

1588 695 1845 758 Habitant
1875 722 1984 762 tera
2019 724 2181 780 anv,
2203 729 2343 772 anno
2370 720 2552 791 quinto
2580 723 2838 783 Amalrici
2859 734 3016 805 regis.

639 949 952 996 sanctorum
995 947 1374 1021 episcoporum
1429 965 1716 1028 praesentia
1761 973 2123 1044 convenisset,
2168 989 2224 1034 et

632 1032 700 1087 de
723 1033 986 1095 institutis
1015 1055 1324 1104 sanctorum
1350 1051 1570 1110 Patrum
1616 1075 1993 1137 canonumque
2035 1072 2222 1131 decre-

632 1126 702 1180 tis
723 1139 1168 1195 commemoratio
1211 1142 1526 1215 haberetur,
1579 1154 1734 1210 nobis
1773 1158 1826 1212 in
1868 1175 2033 1218 unum
2077 1169 2223 1236 posi-

630 1217 701 1273 tis
730 1220 948 1292 placuit,
983 1232 1107 1285 utsi
1151 1249 1253 1303 qua
1283 1235 1338 1291 in
1379 1242 1619 1312 antiquis
1662 1253 1960 1310 canonibus
1999 1259 2220 1318 minime

627 1322 1053 1375 commemorata
1082 1335 1207 1380 sunt
1234 1329 1437 1386 salubri
1488 1343 1716 1394 tractatu
1740 1356 1804 1397 ac
1823 1344 2066 1417 diligenti
2091 1366 2220 1406 con-

627 1399 954 1462 sideratione
984 1409 1354 1474 instituantur.
1386 1421 1442 1476 Si
1469 1441 1573 1494 qua
1604 1443 1732 1485 vero
1755 1431 1808 1486 in
1851 1438 2218 1499 anterioribus

631 1489 790 1563 106
815 1506 938 1552 sunt
957 1501 1219 1572 neglecta,
1239 1511 1532 1569 redivivam
1549 1519 1911 1581 ordinationis
1925 1543 2216 1588 censuram

628 1582 931 1657 obtineant,
971 1607 1238 1664 quatenus
1265 1602 1392 1658 dum
1443 1607 1528 1663 his
1578 1627 1698 1681 qua:
1720 1614 1774 1669 in
1802 1620 2050 1676 conciliis
2088 1633 2217 1681 sunt

625 1671 971 1743 decreta,sed
988 1686 1565 1766 ahusionetemporum
1594 1703 1856 1763 hactenus
1882 1712 2130 1782 dimissa,
2159 1726 2215 1773 et

625 1765 694 1816 ad
716 1767 917 1825 cultum
943 1775 1064 1832 fidei
1087 1765 1388 1853 pertinent,
1422 1791 1658 1848 studium
1691 1798 1958 1870 religiosae
1999 1806 2211 1878 impen-

857 1865 867 1878 _
1077 1872 1087 1878 ,
1170 1875 1180 1878 ,

1793 1856 1823 1870 ν
2000 1856 2179 1878 ___-,--.

617 1856 795 1916 dimus
819 1865 1234 1942 observationis,
1260 1879 1355 1934 Dei
1383 1883 1816 1948 misericordiam
1847 1893 2058 1955 facilius
2105 1901 2208 1957 im-

612 1959 906 2016 petremus.

685 2044 812 2101 CAP.
839 2047 880 2103 Ι.
906 2051 981 2108 De
1011 2055 1094 2112 his
1123 2076 1258 2128 quos
1283 2065 1531 2126 voluntas
1559 2084 1841 2142 parentum
1863 2095 1890 2133 a
1914 2082 2107 2151 primis
2128 2086 2211 2142 in-

1559 2131 1575 2142 _
1866 2131 1890 2133 __
1914 2131 2106 2151 ru"..-

614 2131 799 2192 fantia:
821 2143 977 2198 annis
1003 2146 1054 2201 in
1084 2150 1370 2212 clericatus
1391 2159 1566 2217 otIicio
1590 2166 1673 2220 vel
1697 2173 2001 2228 monachali
2028 2180 2208 2246 posuit

1915 2226 1920 2227 ,
1988 2226 2200 2246 _,___"

615 2226 819 2292 pariter
849 2235 1135 2294 statuimus
1157 2242 1578 2317 observandum,
1610 2263 1955 2317 utmoxcum
1987 2265 2200 2324 detonsi

615 2315 696 2368 vel
727 2320 1030 2383 ministerio
1055 2329 1352 2392 electorum
1383 2345 1677 2402 contraditi
1704 2348 1926 2421 fuerint,
1954 2355 2007 2411 in
2039 2359 2200 2418 domo

611 2407 856 2466 ecclesiae
885 2416 986 2472 sub
1035 2421 1326 2496 episcopali
1369 2438 1661 2501 praesentia
1689 2455 1720 2494 a
1755 2449 2054 2517 prmposito
2091 2453 2199 2510 sibi

1369 2496 1388 2501 _
1755 2496 2050 2517 (στα---
2091 2496 2198 2510 -..η

610 2496 843 2557 debeant
885 2510 1106 2566 erudiri.
1149 2515 1221 2571 At
1265 2521 1356 2576 ubi
1388 2533 1638 2583 octavum
1691 2532 1962 2593 decimum
2018 2546 2198 2602 aetatis

607 2604 718 2647 sum
746 2598 1134 2668 compleverint
1170 2623 1394 2680 annum,
1419 2631 1604 2675 coram
1638 2625 1801 2682 totius
1824 2628 1955 2685 cleri
1996 2634 2199 2703 plebis-

605 2695 710 2749 que
732 2698 1022 2757 conspectu
1063 2695 1314 2755 voluntas
1353 2716 1542 2760 eorum
1595 2709 1662 2764 de
1708 2720 2012 2784 expetendo
2063 2739 2194 2782 con-

596 2767 751 2840 jugto
807 2777 875 2832 ab
927 2783 1184 2855 episcopo
1230 2803 1635 2865 perscrutetur;
1687 2767 1884 2872 quibus
1927 2810 1974 2865 si
2019 2816 2194 2882 gratia

600 2863 866 2920 castitatis
896 2867 1006 2925 Deo
1036 2871 1335 2944 inspirante
1372 2882 1656 2956 placuerit,
1682 2901 1737 2947 et
1763 2898 2186 2963 promissionem

603 2955 940 3016 castimonia:
989 2979 1102 3021 suae
1143 2970 1349 3043 absque
1415 2979 1683 3053 conjugali
1727 2993 2056 3052 necessitate
2105 3016 2190 3056 re-

600 3049 918 3115 sponderint
963 3069 1307 3132 servaturos,
1334 3067 1389 3122 hi
1424 3049 1681 3142 tanquam
1722 3083 2056 3152 appetitores
2094 3108 2187 3147 ar-

595 3138 853 3200 ctissima:
878 3146 978 3204 vize
1021 3150 1298 3213 lenissimo
1339 3161 1705 3242 Dominijugo
1751 3176 2082 3252 subdantur,
2120 3204 2186 3245 ac

599 3233 778 3301 primo
806 3240 1226 3305 subdiaconatus
1255 3253 1618 3315 ministerium
1655 3266 1975 3333 probatione
1999 3276 2183 3335 habita

597 3324 951 3392 professionis
976 3350 1089 3392 sua:
1115 3354 1144 3394 a
1186 3343 1444 3411 vicesimo
1473 3364 1616 3408 anno
1658 3359 1977 3430 suscipiant.
2029 3367 2184 3436 Quod

1803 3415 1821 3430 ι
2035 3415 2180 3436 ww...

592 3415 637 3470 si
667 3417 1069 3495 inculpabililer
1089 3447 1152 3488 ac
1182 3435 1456 3496 inoffensa:
1488 3444 1804 3507 vicesimum
1837 3465 1894 3511 et
1933 3462 2180 3529 quintum

592 3521 792 3567 annum
824 3520 1000 3576 aetatis
1046 3539 1158 3580 sua:
1201 3534 1546 3604 peregerint,
1597 3541 1664 3595 ad
1710 3520 2029 3608 diaconatus
2061 3554 2178 3609 otii-

589 3602 755 3672 cium,
801 3611 845 3664 si
889 3613 1124 3673 scientes
1173 3619 1398 3693 implere
1439 3645 1599 3700 posse
1628 3634 1696 3690 ab
1743 3641 1997 3714 episcopo
2023 3662 2175 3704 com-
2205 3613 2250 3676 ϐ

587 3697 906 3768 probentur,
971 3715 1277 3777 promoveri
1340 3718 1576 3788 debent,
1637 3731 1936 3787 cavendum
1993 3745 2173 3796 tamen

584 3793 667 3838 est
718 3786 802 3844 his
838 3807 905 3848 ne
945 3801 1162 3864 quando
1197 3819 1309 3860 sua:
1349 3811 1654 3878 sponsionis
1707 3818 2052 3882 immemores
2105 3832 2174 3886 ad

589 3882 836 3937 terrenas
899 3889 1115 3958 nuptias
1180 3905 1271 3949 aut
1336 3898 1611 3958 abortivos
1654 3912 1974 3972 concubitus
2024 3920 2166 3980 ultra

583 3983 888 4030 recurrant.
941 3978 1093 4047 Quod
1125 3985 1171 4040 si
1221 3987 1359 4046 forte
1386 3991 1644 4064 fecerint,
1693 4011 1750 4056 ut
1795 4010 2064 4083 sacrilegii
2094 4019 2173 4074 rei

585 4058 650 4083 Α,
883 4069 893 4080 .
975 4072 987 4083 .
1050 4075 1060 4083 .

585 4058 653 4115 ab
688 4061 927 4123 Ecclesia
973 4072 1279 4134 habeantur
1321 4090 1583 4143 extranei.
1632 4090 1724 4149 IIis
1759 4058 2172 4173 autemjtruibus

583 4154 836 4215 voluntas
852 4168 1072 4236 propria
1104 4169 1546 4246 interrogationis
1579 4190 1817 4257 tempore
1839 4192 2166 4257 desiderium

589 4245 823 4304 nubendi
865 4262 1232 4328 persuaserit,
1281 4245 1594 4326 concessam
1640 4276 1708 4331 ab
1748 4280 2015 4355 episcopis
2048 4305 2169 4346 sen-

583 4339 808 4396 tentiam
871 4347 1088 4408 auferre
1140 4371 1243 4410 non
1285 4375 1614 4434 possumus,
1669 4369 1741 4425 ita
1791 4384 1850 4429 ut
1895 4392 2164 4448 provecta:

579 4432 754 4489 aetatis
783 4435 834 4490 in
862 4441 1109 4514 conjugio
1139 4451 1301 4518 positi
1349 4459 1756 4520 renuntiaturos
1789 4483 1848 4522 se
1880 4473 1998 4539 pari
2030 4491 2162 4532 con-

578 4534 740 4579 sensu
777 4531 1028 4599 Oper-ibus
1074 4541 1253 4597 carnis
1308 4549 1726 4620 spoponderint,
1789 4560 1858 4613 ad
1915 4576 2158 4623 sacratos

574 4618 775 4685 gradus
799 4625 1059 4694 aspirent.

643 4708 707 4764 II.
749 4711 1014 4775 Similiter
1044 4723 1248 4794 placuit
1278 4735 1553 4792 custodire
1585 4755 1653 4796 ne
1686 4743 1808 4812 quis
1853 4762 1918 4803 ex
1948 4751 2028 4806 eis
2058 4754 2151 4823 qui

1702 4798 1719 4812 ι
1791 4798 1800 4800 ν
1859 4798 1918 4803 -τ-
1953 4798 2027 4806 τ’*
2059 4798 2149 4823 ··ι“··

572 4798 664 4853 tali
713 4804 1034 4869 educatione
1075 4816 1394 4878 imbuuntur
1437 4829 1674 4898 qualibet
1722 4839 2009 4897 occasione
2055 4860 2149 4899 co-

567 4904 724 4961 gente
768 4904 1040 4972 pr0priam
1097 4909 1462 4984 relinquentes
1499 4923 1826 4993 ecclesiam,
1878 4932 1945 4986 ad
1985 4935 2146 4991 aliam

567 4989 800 5045 transire
827 5010 1187 5067 praesumant.
1217 5007 1503 5080 episcopus
1538 5032 1666 5071 vero
1696 5022 1786 5090 qui
1822 5037 1945 5080 eum
1971 5031 2146 5085 susci-

562 5087 692 5142 pere
721 5081 923 5153 absque
953 5096 1290 5153 conscientia
1337 5107 1539 5176 proprii
1593 5113 1888 5170 sacerdotis
1917 5117 2148 5179 fortasse

559 5178 979 5246 praesumpserit,
1017 5187 1180 5244 totius
1207 5190 1564 5254 fraternitatis
1593 5217 1652 5256 se
1694 5220 1846 5260 reum
1890 5225 2012 5267 esse
2043 5231 2142 5270 no-

557 5258 740 5326 verit,
794 5268 918 5335 quia
952 5273 1144 5332 durum
1193 5292 1276 5336 est
1326 5294 1385 5339 ut
1429 5302 1551 5344 eum
1583 5306 1743 5361 quem
1793 5297 1930 5355 alius
1973 5307 2141 5363 rurali

559 5363 720 5407 sensu
747 5370 812 5412 ac
839 5362 1042 5421 scelere
1074 5368 1315 5430 infantiae
1343 5379 1525 5448 exuit,
1568 5383 1706 5441 alius
1761 5391 2036 5461 suscipere
2074 5411 2139 5454 ac

559 5441 638 5461 _._
662 5441 727 5461 ..,

553 5441 830 5502 vindicare
858 5467 1168 5522 praesumat.

623 5535 709 5591 IlI.
751 5539 885 5598 Illud
915 5561 1042 5602 vero
1072 5563 1336 5620 praetcrea
1376 5565 1597 5632 speciali
1649 5570 1994 5631 ordinatione
2041 5578 2125 5634 de-

552 5630 822 5692 crevimus
851 5679 866 5704 ,
898 5644 1041 5710 quod
1089 5663 1188 5703 nec
1240 5655 1461 5726 antiqua
1501 5665 1730 5720 concilia
1779 5667 1833 5722 in
1865 5671 2134 5732 universis

551 5728 852 5787 canonihus
884 5735 1179 5808 siluerunt,
1231 5756 1290 5800 ut
1318 5752 1496 5808 nullus
1542 5757 1866 5817 clericorum
1896 5779 1925 5818 a
1959 5768 2129 5833 gradu

551 5817 976 5888 subdiaconatns
1023 5842 1080 5890 et
1123 5852 1286 5909 supra
1333 5842 1388 5899 in
1423 5853 1704 5909 consortio
1746 5853 2134 5919 familiaritatis

2325 893 2520 953 habeat
2554 901 2836 962 mulierem
2865 911 2952 966 vel
2980 913 3264 986 ingenuam
3289 961 3306 988 ,
3359 923 3447 981 vel
3489 924 3745 1002 libertam,
3773 940 3829 997 vel

2325 987 2601 1054 ancillam,
2639 995 2732 1049 sed
2769 997 2813 1052 si
2841 1011 2967 1056 sunt
2990 1005 3039 1059 ei
3070 1007 3380 1080 hujusmodi
3423 1019 3660 1088 servitia,
3687 1031 3826 1098 matri,

2321 1079 2407 1134 vel
2435 1085 2632 1152 sorori,
2665 1089 2748 1143 vel
2770 1091 2860 1147 alii
2890 1079 3208 1170 propinquae
3233 1110 3539 1178 contradat,
3564 1079 3828 1191 et

2321 1171 2434 1226 suis
2464 1177 2712 1234 manibus
2739 1183 3062 1256 perfecerit,
3101 1197 3322 1265 proprio
3366 1201 3580 1259 domino
3602 1171 3825 1270 deferatur.

2319 1258 2427 1317 Aut
2451 1264 2496 1319 si
2526 1270 2944 1342 propinquitatis
2969 1258 3232 1340 memoria
3258 1288 3436 1358 deest,
3467 1293 3673 1355 alterius
3692 1305 3826 1362 domus

2320 1354 2644 1417 adhaerentis
2690 1363 3059 1428 habitaculum
3116 1354 3466 1450 requiratur,
3516 1388 3634 1444 dum
3673 1392 3716 1447 in
3751 1405 3826 1454 toto

2319 1449 2481 1504 modo
2509 1452 2654 1508 nulla
2681 1461 2898 1518 occasio
2929 1464 3236 1525 introeundi
3275 1473 3498 1532 domum
3526 1478 3688 1538 clerici
3721 1485 3826 1542 femi-

2311 2282 2507 2338 abrasa
2551 2287 2743 2358 rubigo
2784 2290 2838 2344 in
2867 2296 3100 2362 posteris
3143 2301 3349 2357 radicis
3393 2320 3503 2361 suae
3528 2322 3706 2365 veneno
3737 2326 3816 2366 ser-

2303 2388 2434 2444 pere
2458 2391 2562 2432 non
2592 2381 2784 2449 possit.

2371 2466 2457 2522 IV.
2498 2469 2554 2526 Si
2583 2473 2704 2542 quis
2731 2490 2863 2533 sane
2896 2479 3223 2540 clericorum
3247 2489 3454 2560 agellos
3474 2531 3491 2558 ,
3527 2493 3604 2548 vel
3628 2493 3811 2551 vineolas

2301 2558 2355 2614 in
2389 2562 2548 2618 terris
2588 2565 2832 2623 ecclesia:
2859 2569 2962 2626 sibi
3002 2571 3196 2632 fecisse
3223 2558 3490 2648 probatur
3524 2586 3812 2641 sustentanda

2298 2653 2425 2708 vitae
2453 2670 2642 2724 causa,
2670 2675 2843 2732 usque
2868 2665 2935 2718 ad
2960 2665 3101 2721 diem
3129 2669 3314 2727 obitus
3342 2673 3426 2728 sui
3451 2677 3712 2745 possideat,
3729 2687 3810 2747 post

2297 2762 2454 2802 suum
2485 2765 2614 2806 vero
2641 2754 2708 2810 de
2730 2755 2833 2811 hac
2858 2755 2978 2814 luce
3009 2759 3296 2822 decessum
3334 2764 3486 2835 juxta
3515 2769 3722 2839 priorum
3747 2785 3808 2824 ca-

2297 2851 2500 2894 nonum
2545 2843 2990 2904 constitutiones
3015 2848 3107 2919 jus
3163 2868 3322 2910 suum
3380 2859 3614 2915 ecclesia:
3663 2869 3809 2916 sancta

2296 2929 2571 2998 restituat,
2605 2949 2706 2991 nec
2727 2942 3108 2997 testamentum
3127 2949 3468 3004 successorio
3482 2949 3597 3019 jure
3619 2953 3805 3021 cuiquam

2296 3021 2573 3078 haeredum
2606 3033 2702 3080 aut
2747 3029 3125 3098 prohaeredum
3158 3036 3466 3109 relinquat,
3513 3042 3604 3098 nisi
3640 3041 3803 3097 foritaa

2291 3113 2378 3167 cui
2409 3114 2695 3186 episcopus
2730 3134 2829 3189 pro
2863 3124 3104 3182 servitiis
3134 3143 3200 3184 ac
3244 3133 3586 3200 praestatione
3621 3133 3803 3189 ecclesia

2290 3203 2474 3275 largiri
2504 3207 2758 3266 voluerit.

2362 3298 2425 3353 V.
2469 3299 2606 3356 Nam
2638 3311 2693 3358 et
2715 3304 2832 3361 haec
2871 3313 3229 3376 prmcavenda
3258 3315 3546 3373 salubriter
3565 3316 3800 3378 sancimus,

2286 3403 2354 3443 ne
2382 3391 2504 3460 quis
2534 3392 2770 3450 fidelium
2791 3400 3151 3472 propinquam
3179 3408 3462 3479 sanguinis
3482 3409 3560 3464 sui
3589 3422 3800 3479 usquequo

2286 3485 2562 3546 afﬁnitatis
2601 3491 2925 3553 lineamenta
2978 3503 3194 3571 generis
3215 3509 3556 3564 successione
3587 3505 3798 3576 cognoscit

2285 3579 2338 3631 in
2366 3580 2712 3639 matrimonio
2733 3587 2835 3642 sibi
2863 3589 3134 3648 desideret
3163 3597 3430 3666 copulari,
3455 3600 3683 3670 quoniam
3703 3596 3798 3652 scri-

2279 3676 2432 3738 ptum
2459 3681 2543 3726 est
2569 3691 2582 3727 :
2611 3673 2800 3732 Omnis
2827 3679 2990 3736 homo
3013 3683 3080 3738 ad
3124 3689 3431 3756 proximam
3461 3691 3702 3764 sanguinis
3737 3687 3796 3790 sui

2280 3773 2385 3790 nnn
2416 3765 2638 3790 ηηηΛΛΑι
2705 3777 2758 3790 ..ι
2797 3771 2939 3790 ..----ι
2981 3782 2994 3790 .
3028 3782 3040 3790 .
3157 3777 3189 3790 ι-
3255 3779 3288 3790 ι.
3481 3781 3492 3790 .

2279 3773 2386 3814 non
2415 3765 2670 3831 accedat,
2705 3777 2761 3822 ut
2796 3771 3000 3827 revelet
3027 3777 3420 3846 turpitudinem
3447 3781 3585 3852 ejus,
3613 3797 3694 3836 nec
3713 3779 3796 3834 siue

2279 3848 2686 3911 denuntiatione
2707 3858 2779 3913 sit
2806 3865 3110 3932 sententia,
3137 3883 3262 3923 nam
3285 3873 3449 3941 paulo
3467 3882 3580 3956 post
3606 3871 3736 3927 infert
3752 3879 3789 3924 et

2278 3940 2666 4001 dicit:Anima
2697 3965 2815 4018 quae
2860 3950 3047 4010 fecerit
3090 3959 3156 4013 de
3201 3940 3673 4020 abotninaiioiiibus
3705 3961 3792 4017 istis

2274 4032 2573 4104 quidpiam,
2603 4040 2801 4108 peribit
2837 4043 2905 4099 de
2935 4049 3115 4103 medio
3142 4053 3327 4122 populi
3353 4056 3454 4111 sui.
3487 4056 3539 4112 Si
3567 4057 3672 4154 quis
3691 4069 3784 4154 ergo

2274 4122 2430 4154 Ιιηζηα
2464 4127 2664 4154 Λίδη-,ιιι
2703 4140 2956 4154 ιΑ-.---.,
2988 4153 2991 4154 ,
3261 4145 3272 4154 .

2274 4122 2434 4194 hujus
2463 4127 2664 4184 decreti
2703 4140 2998 4190 temerator
3027 4143 3341 4211 exstiterit,
3388 4163 3452 4202 ac
3486 4147 3682 4202 vetitum
3707 4144 3785 4197 viu-

2268 4213 2384 4271 lare
2409 4225 2848 4292 praesumpserit,
2876 4235 3027 4285 tanto
3051 4235 3286 4302 graviori
3312 4241 3570 4294 sententia
3605 4236 3784 4335 multa»:

2271 4308 2392 4335 ,1....η
2431 4326 2486 4335 ιη.
2516 4329 2705 4335 ----μμ
2731 4334 2736 4335 ,
2760 4333 2798 4335 -,
2853 4328 2864 4335 .
3076 4333 3081 4335 _

2269 4308 2394 4364 dum
2424 4326 2488 4366 se
2516 4328 2890 4386 recognoscat,
2920 4333 3124 4390 quanto
3147 4341 3268 4383 eam
3293 4333 3695 4402 propinquiorem
3720 4323 3780 4381 cui

2265 4401 2502 4471 copulari
2532 4419 2591 4459 se
2619 4409 2809 4464 maluit
2849 4414 2992 4470 serie
3032 4418 3260 4489 originis
3301 4437 3424 4479 esse
3450 4439 3547 4478 non
3585 4419 3777 4489 ambigil.

2264 4500 2524 4564 tantoque
2567 4501 2875 4558 annosioris
2909 4512 3484 4570 excommunicationis
3533 4523 3730 4582 tempore
3756 4522 3777 4559 ³

2259 4579 2464 4638 Christi
2516 4601 2743 4656 corpore
2808 4601 2864 4646 et
2934 4593 3294 4656 fraternitatis
3343 4603 3598 4658 consortio
3635 4610 3776 4667 sequi“

2256 4683 2487 4742 stretur,
2513 4692 2718 4748 quanto
2742 4682 2903 4739 fuerit
2927 4688 3332 4761 pr0pinq'uioris
3356 4694 3613 4764 sanguinis
3637 4699 3774 4746 conla-

2255 4766 2413 4834 gione
2437 4770 2691 4839 pollutus.
2723 4774 2890 4844 Hujus
2928 4779 3284 4841 institutionis
3329 4785 3556 4858 regulam
3576 4783 3652 4854 qui
3680 4777 3770 4836 sub-

2252 4856 2568 4927 scripsimus
2612 4863 2971 4936 irrefragabili
3019 4874 3342 4932 auctoritate
3379 4856 3475 4932 uos
3506 4873 3769 4945 spondemtts

2176 4984 2224 5043 ο
2251 4961 2581 5008 servaturos.
2633 4954 2690 5010 Si
2719 4958 2840 5026 quis
2869 4971 3049 5017 autem
3094 4960 3203 5021 tam
3252 4979 3485 5024 nostram
3530 4965 3603 5021 vel
3625 4972 3764 5019 eorum

2253 5041 2344 5110 qui
2370 5059 2513 5100 nunc
2543 5057 2746 5104 sanctae
2775 5051 2981 5121 synodo
3008 5069 3073 5109 ex
3098 5055 3200 5112 hac
3227 5059 3495 5127 provincia
3517 5053 3761 5147 defueruttl.

2251 5131 2377 5188 huic
2412 5143 2518 5189 tam
2548 5137 2748 5193 salubri
2776 5141 3106 5200 ordinationi
3136 5147 3358 5204 obviare
3401 5144 3758 5218 praesumpserit,

2205 5271 2207 5273 .
2249 5225 2590 5290 velsolerter
2639 5231 2935 5301 adimplere
2977 5237 3311 5308 neglexerit,
3354 5240 3612 5296 convictus
3635 5229 3758 5288 totius

2249 5314 2505 5374 fraternae
2548 5320 2834 5379 charitatis
2857 5324 3168 5397 aliquandiu
3217 5333 3474 5388 habeatur
3503 5334 3752 5384 extraneas.

2245 5404 2388 5462 Sane
2405 5409 2559 5480 juxta
2581 5413 2823 5482 priorum
2847 5431 3115 5474 canonum
3136 5419 3350 5477 decreta
3375 5419 3631 5523 concilium
3649 5406 3752 5523 ξρυίξ

2245 5497 2465 5523 Ρ..,.ι..--..
2502 5511 2686 5523 --‘-.___
2712 5521 2740 5523 η
2775 5504 2822 5523 Il
2903 5515 2915 5523 ι
3201 5514 3214 5523 .
3629 5515 3738 5523 Α---...

2241 5497 2468 5555 fratrem
2502 5511 2748 5559 nostrum
2773 5504 3089 5565 Montanum
3128 5514 3433 5584 episcopum
3476 5512 3516 5566 si
3547 5507 3750 5609 Do'mttttls

2240 5593 2473 5648 voluerit
2517 5596 2754 5652 futurum
2784 5603 3221 5670 pronuntiamus.
3267 5607 3445 5676 Itaque
3485 5598 3744 5695 statuimus.

2239 5693 2299 5739 ut
2354 5685 2524 5742 frater
2567 5698 2623 5744 et
2672 5693 3022 5763 coepiscopus
3071 5705 3259 5752 noster
3307 5685 3744 5784 Μοηῑτιηυε-ᾳιιῐοῖιξ

2239 5779 2522 5850 metropoli
2569 5790 2653 5836 est
2697 5784 2764 5839 ad
2813 5786 3299 5856 comprovinciales
3340 5795 3550 5886 nostros.

2232 5871 2548 5928 sacerdotes
2607 5872 2817 5932 litteras
2867 5876 2935 5934 de
2976 5881 3348 5953 congreganda
3399 5873 3581 5950 synodo
3618 5865 3738 5923 adte-
