3910 6480
48 307 125 365 Mi

1101 294 1593 355 DECRETALIUM
1631 294 2032 354 COLLECTIO.

3134 312 3242 370 442

48 429 187 484 niente
212 429 428 492 tempore
453 414 642 473 debeat
667 412 965 471 destinare.
1019 410 1172 468 Nunc
1211 429 1339 483 ergo
1371 414 1426 468 in
1458 428 1554 470 no.
1581 419 1629 477 Α
1657 413 1819 469 nibus
1846 413 2122 484 acquievi,
2156 422 2212 472 et
2257 415 2454 489 relegi,
2500 426 2558 474 et
2604 420 2920 500 subscripsi.
2970 393 3246 489 Canonius

49 519 156 576 mine
177 511 366 568 Domini
392 509 551 565 ﬁnitis
573 508 661 564 his
682 522 802 578 quae
831 507 885 561 in
902 505 1359 562 consultationem
1392 521 1557 562 vene-

1661 509 1950 578 episcopus
1976 509 2292 581 subscripsi.
2343 511 2541 566 Paulus
2589 516 2875 587 episcopus
2921 522 3242 593 subscripsi.

47 615 170 672 runt,
223 604 409 676 gratias
471 601 676 672 agimus
743 601 1104 672 omnipotenti
1156 600 1312 666 Deo,
1363 601 1580 670 deinde,
1660 599 1998 656 Domitianus
2045 602 2330 673 episcopus
2382 605 2698 677 subscripsi.
2755 608 3089 670 Marracinus
3131 616 3246 688 epi-

45 698 222 755 Domino
257 703 431 750 nostro
460 691 690 765 glorioso
716 691 990 748 Amalrico
1016 691 1131 763 regi
1179 692 1418 746 divinam
1451 691 1559 748 cle-

1661 707 1858 762 scopus
1904 695 2222 766 subscripsi.
2274 694 2549 754 Nihridius
2595 700 2883 773 episcopus
2928 697 3245 778 subscripsi.

46 788 247 847 nentiam
268 784 605 858 postulantes,
633 792 693 838 ut
719 782 1021 838 innumeris
1045 782 1195 854 regni
1222 781 1340 852 ejus
1359 797 1556 852 eaquae
1658 782 1845 840 Justus
1869 785 1922 839 in
1945 784 2147 840 Christi
2179 788 2398 843 nomine
2423 788 2679 846 Ecclesiae
2707 793 2988 850 catholicae
3015 796 3244 869 Urgelli-

49 881 96 936 ad
111 878 279 936 cultum
306 876 421 931 ﬁdei
446 874 766 946 perveniunt
784 874 1080 945 peragendi
1103 873 1259 929 nobis
1281 874 1556 929 licentiam

47 982 228 1049 prastet.
272 970 544 1026 Montanus
584 970 638 1025 in
667 969 869 1024 Christi
919 969 1136 1024 nomine
1162 967 1446 1038 episcopus
1471 967 1560 1022 his

1663 881 1803 929 tanae
1828 875 2132 946 episcopus,
2159 877 2301 932 hanc
2334 881 2775 937 constitutionem
2798 887 3245 948 consacerdotum

1663 981 1906 1021 meorum
1954 967 2007 1022 in
2050 967 2309 1024 Toletana
2356 972 2489 1027 urbe
2523 973 2792 1043 habitam,
2841 992 2962 1033 cum
3002 990 3125 1049 post
3150 981 3250 1037 ali-

49 1065 754 1137 constitutionibusgacquievi,
794 1063 960 1137 reiegi
983 1071 1039 1120 et
1066 1061 1363 1134 subscripsi
1392 1062 1480 1117 die
1507 1069 1562 1116 et
1663 1073 1924 1133 quantum
1981 1063 2237 1133 temporis
2283 1064 2660 1135 advenissem,
2717 1069 2865 1126 salva
2927 1074 3247 1137 auctoritate

49 1176 150 1216 anno
169 1174 260 1232 quo
281 1173 456 1232 supra.
479 1157 778 1216 Pancarius
794 1156 1078 1234 episcopus
1101 1155 1188 1212 his
1217 1153 1557 1211 constitutio-

67 1327 1779 1367 I—‘H—M—m

1662 1153 1966 1226 priscorum
1994 1168 2264 1210 canonum
2293 1155 2480 1230 relegi,
2508 1159 2733 1231 probavi
2760 1169 2815 1216 et
2839 1163 3153 1239 subscripsi.

1791 1328 3241 1361 mm

318 1517 778 1613 INCIPIT
845 1447 1516 1654 CO‘NCILIUM
1559 1512 2326 1654 .TOLETANUM
2399 1519 2947 1616 TERTIUM

898 1691 968 1749 In
993 1689 1242 1763 quoiArii
1276 1690 1488 1746 heresis
1512 1689 1567 1743 in
1603 1687 1868 1761 Hispania
1897 1703 2295 1751 condemnatur.

96 1863 138 1920 In
161 1861 351 1921 nomine
378 1859 595 1918 Domini
625 1859 799 1917 nostri
827 1857 956 1917 Jesu
985 1857 1188 1914 Christi
1213 1871 1356 1912 anno
1382 1855 1439 1921 4,
1471 1868 1559 1910 re-
1589 1809 1640 1872 Β

53 1963 192 2026 gnante
204 1953 579 2026 gloriosissimo
591 1961 754 2023 atque
768 1949 1035 2022 piissimo,
1056 1957 1112 2005 et
1126 1948 1237 2004 Deo
1251 1947 1564 2004 ﬁdelissimo

54 2045 208 2102 domino
227 2044 480 2102 Richardo
505 2059 656 2139 rege,
687 2043 775 2100 die
793 2059 900 2139 vui
921 2041 1111 2139 ldunm
1136 2040 1426 2139 piaiarum,
1451 2053 1562 2139 tera

54 2150 278 2191 MJXYII.
320 2133 441 2192 Haec
498 2129 690 2191 sancta
732 2132 970 2204 synodus
1025 2129 1208 2186 habita
1260 2130 1315 2184 in
1376 2137 1564 2186 sancta

54 2225 208 2280 civitate
230 2225 362 2298 regia
389 2225 655 2282 Toletana
685 2225 754 2281 ab
775 2223 1052 2294 episcopis
1081 2222 1247 2278 totius
1267 2219 1564 2294 Hispaniae,

52 2317 106 2372 vel
126 2318 322 2375 Gallicis:
348 2319 439 2391 qui
465 2318 612 2375 infra
655 2317 842 2388 scripti
873 2326 1022 2374 sunt.
1431 2357 1434 2360 .

97 2410 192 2466 Cir.
214 2413 251 2468 l.
285 2412 412 2469 Cum
437 2428 542 2484 pro
567 2411 691 2468 ﬁdei
719 2427 833 2467 sua:
853 2410 1174 2467 sinceritate
1200 2409 1342 2466 idem
1365 2408 1566 2480 glorio-

51 2503 230 2560 sissimus
249 2504 489 2576 princeps
532 2518 722 2561 omnes
762 2503 1042 2575 regiminis
1083 2502 1165 2558 sui
1205 2501 1487 2573 pontiﬁces
1512 2501 1567 2556 in

51 2608 166 2646 unum
181 2595 443 2650 convenire
465 2594 827 2658 mandasset,
862 2601 920 2646 Iit
959 2601 1068 2648 tam
1099 2593 1166 2648 de
1202 2591 1320 2662 ejus
1340 2606 1566 2646 conver-

51 2681 157 2737 sione
197 2699 343 2754 quam
393 2685 458 2741 de
520 2683 699 2754 gentis
760 2682 1060 2739 Gothorum
1111 2681 1463 2738 innovatione
1513 2681 1569 2738 in

53 2771 214 2829 Domino
236 2773 566 2831 exsultarent
589 2813 607 2840 ,
658 2783 709 2828 τι
731 2773 925 2829 divina:
948 2772 1248 2845 dignationi
1277 2787 1376 2842 pro
1418 2781 1572 2829 tanto

54 2878 213 2920 uenere
251 2868 446 2938 gratias
500 2874 768 2937 agerent,
821 2871 1154 2944 memoratus
1193 2863 1570 2919 sanctissimus

53 2955 234 3026 princeps
271 2958 346 3014 sic
371 2957 751 3034 venerandum
779 2955 1068 3012 concilium
1113 2953 1437 3025 alloquitur,
1483 2953 1568 3008 di-

54 3060 167 3104 cens:
200 3049 302 3108 Non
328 3051 672 3122 incognitum
711 3065 838 3106 reor
859 3064 980 3106 esse
1009 3047 1164 3104 vobis
1189 3088 1204 3113 ,
1234 3047 1571 3103 reverendis-

53 3137 466 3210 δίιιιίεπεηιοιεε,
523 3143 666 3214 quod
708 3151 930 3213 propter
971 3141 1382 3196 instaurandam
1412 3139 1573 3196 disci-
1596 3163 1645 3230 α

52 3230 160 3300 ptime
179 3235 542 3294 ecclesiasticae
583 3236 816 3292 formam
842 3275 858 3302 ,
905 3235 971 3291 ad
1000 3242 1199 3290 nostrae
1241 3249 1338 3291 vos
1365 3235 1567 3290 sereni-
1591 3285 1594 3288 .

53 3325 138 3380 tatis
153 3330 464 3397 praesentiam
497 3328 842 3386 evocaverim
867 3368 882 3394 ,
925 3337 981 3383 et
1000 3328 1125 3398 quia
1155 3325 1394 3382 recursis
1419 3333 1568 3381 retro

53 3419 309 3486 temporibus
335 3421 566 3478 haeresis
602 3419 894 3475 imminens
941 3417 994 3473 in
1049 3427 1159 3473 tota
1205 3415 1446 3473 Ecclesia
1477 3431 1570 3470 ca-

53 3505 192 3566 tholica
215 3528 357 3585 agere
379 3514 648 3588 synodica
669 3513 886 3585 negotia
911 3511 1245 3584 denegabat,
1271 3511 1436 3578 Deus,
1473 3510 1565 3566 cui

51 3597 194 3664 Placuit
217 3619 302 3674 per
330 3622 428 3662 nos
478 3605 723 3676 ejusdem
766 3604 993 3661 haeresis
1021 3603 1233 3660 obicem
1264 3602 1564 3674 depellere,

50 3690 258 3750 admonuit
291 3698 354 3754 de
380 3710 541 3754 more
584 3697 956 3753 ecclesiastico
995 3710 1276 3767 reparare.
1324 3695 1467 3766 Ergo
1496 3695 1569 3750 sit

52 3781 513 3856 vobisjucunditati,
563 3789 610 3846 si
678 3789 874 3862 gaudio
915 3789 1061 3860 quod
1110 3804 1230 3846 mos
1275 3787 1567 3844 canonicus

48 3887 264 3946 Prospectu
307 3882 402 3940 Dei
445 3895 552 3955 per
601 3894 847 3940 nostram
907 3882 1138 3954 gloriam
1184 3882 1252 3937 ad
1309 3889 1568 3952 paternos

49 3965 269 4026 reducetur
296 3976 582 4031 terminos.
609 3975 770 4032 Prius
787 3983 967 4030 tamen
1003 3975 1271 4031 admoneo
1289 3975 1495 4046 pariter
1513 3982 1569 4030 et

46 4057 241 4118 exhortor
271 4065 495 4136 jejuniis
547 4083 646 4125 vos
691 4076 748 4124 et
788 4067 986 4139 vigiliis
1029 4076 1192 4139 atque
1231 4069 1568 4125 orationibus

47 4162 211 4218 Operam
234 4159 353 4217 dare
377 4172 437 4218 ut
471 4163 609 4220 ordo
637 4161 936 4219 canonicus
969 4177 1130 4233 quem
1173 4179 1205 4218 a
1253 4163 1566 4220 sacerdota-

47 4237 144 4299 linus
164 4251 389 4309 sensibus
414 4254 734 4309 detraxerat
785 4253 945 4325 longa
983 4268 1049 4310 ac
1069 4253 1324 4309 diuturna
1345 4253 1568 4320 oblivio,

46 4346 162 4397 quam
186 4350 305 4399 Ietas
351 4355 542 4402 nostra
574 4361 634 4403 se
679 4347 893 4402 nescire
935 4347 1164 4414 fatetur,
1213 4349 1397 4406 divino
1426 4349 1569 4405 dono

47 4425 156 4482 vobis
197 4447 370 4492 rursus
417 4437 665 4508 pateﬁat.
719 4437 802 4493 Ad
847 4439 963 4494 haec
1004 4448 1184 4495 autem
1213 4440 1416 4509 gratias
1458 4440 1568 4496 Deo

48 4528 212 4603 agentes
232 4568 246 4590 ,
269 4536 322 4583 et
349 4529 760 4600 religiosissime
785 4531 1020 4603 principi
1049 4534 1304 4588 universo
1334 4532 1565 4589 concilio
1589 4527 1644 4590 D

46 4602 82 4658 in
104 4607 314 4673 laudibus
340 4619 679 4676 acclamante
702 4661 717 4687 ,
751 4602 1062 4676 triduanum
1093 4631 1179 4678 est
1216 4623 1412 4678 exinde
1434 4640 1572 4694 prae-

45 4693 226 4770 dicatum
248 4705 535 4776 jejunium.
561 4708 670 4776 Sed
697 4725 820 4766 cum
849 4711 937 4768 die
959 4721 1150 4768 octava
1181 4712 1370 4768 iduum
1399 4693 1570 4769 Maia-

48 4797 130 4844 rum
155 4793 198 4848 in
240 4814 400 4854 unum
440 4811 643 4856 coetum
689 4803 786 4859 Dei
823 4805 1138 4861 sacerdotes
1179 4807 1464 4873 adessent,
1514 4815 1572 4862 et

45 4884 233 4942 oratione
257 4893 554 4960 praemissa,
587 4896 963 4968 unusquisque
992 4898 1335 4953 sacerdotum
1349 4913 1570 4968 compe-

47 4978 144 5029 tenti
168 4979 271 5038 loco
294 4987 619 5053 resedisset,
661 5004 788 5045 ecce
837 4991 890 5046 in
938 4991 1116 5047 medio
1158 5007 1346 5048 eorum
1394 4991 1570 5048 adiuit

46 5070 362 5132 serenissimus
389 5078 649 5150 princeps
690 5095 858 5151 seque
899 5096 1021 5136 cum
1059 5081 1154 5137 Dei
1194 5083 1568 5138 sacerdotibus

45 5157 223 5242 orationi
244 5168 650 5225 communicaris
667 5208 683 5235 ,
708 5170 890 5226 divino
915 5169 1131 5228 ﬁamine
1168 5173 1360 5242 plenus
1394 5173 1473 5229 sic
1499 5173 1565 5227 ad

45 5236 311 5312 [uiuendum
365 5273 591 5315 exorsus
645 5268 766 5328 est,
824 5261 1009 5317 dicens
1053 5279 1066 5315 :
1119 5261 1237 5318 Non
1292 5262 1569 5320 credimus

45 5347 230 5400 Vestram
271 5347 442 5408 latere
469 5354 815 5410 sanctitatem
863 5365 1070 5424 quanto
1116 5366 1360 5429 tempore
1389 5357 1442 5411 in
1484 5371 1574 5411 er-

46 5439 136 5485 rore
154 5434 461 5514 Arianorum
496 5443 798 5501 laborasset
825 5444 1082 5518 Hispania
1101 5488 1116 5512 ,
1152 5457 1206 5503 et
1236 5464 1342 5504 non
1373 5449 1572 5504 Inuitos

46 5529 138 5583 Post
173 5526 439 5588 decessum
485 5536 746 5606 genitoris
802 5540 972 5595 nostri
1025 5540 1173 5606 dies,
1219 5543 1418 5613 quibus
1472 5559 1572 5599 nos

47 5621 497 5684 vestrabeatitudo
555 5630 680 5686 ﬁdei
735 5634 1272 5691 sanctmcatholicae
1319 5637 1574 5706 cognovit

47 5713 138 5758 esse
175 5713 413 5776 sociatos.
462 5718 746 5784 Credimus
798 5725 1124 5794 generaliter
1173 5742 1426 5798 magnum
1453 5769 1469 5794 ,
1520 5738 1600 5784 et‘

47 5800 262 5860 alernum
286 5809 534 5878 gaudium
567 5814 841 5886 habuisse,
871 5825 926 5874 et
971 5817 1115 5888 ideo,
1139 5822 1434 5884 venerandi
1476 5837 1574 5908 pa-

1666 1855 1807 1915 tres,
1827 1849 1896 1905 ad
1943 1850 2087 1906 hanc
2121 1867 2220 1908 vos
2244 1852 2600 1927 peragendam
2634 1857 3078 1929 congregavimus
3121 1874 3250 1933 syn-

1665 1939 1852 2006 odum,
1885 1949 1946 1996 ut
1971 1942 2038 1998 de
2071 1943 2322 2000 omnibus
2349 1961 2521 2015 nuper
2545 1947 2956 2006 advenientibus
2984 1951 3050 2007 ad
3087 1951 3247 2008 Chri-

1665 2039 1810 2088 stum
1841 2033 1942 2104 ipsi
1971 2043 2210 2091 aeternas
2260 2036 2492 2092 Domino
2518 2039 2720 2108 gratias
2747 2039 3024 2098 deieratis.
3075 2043 3242 2112 Quid-

1666 2122 1796 2192 quid
1833 2138 1962 2179 vero
1990 2124 2174 2182 verbis
2211 2128 2353 2197 apud
2402 2129 2762 2186 sacerdotium
2811 2141 3047 2188 vestrum
3098 2136 3252 2193 nobis

1668 2215 1936 2285 agendum
1961 2226 2080 2272 erat
2103 2219 2168 2275 de
2195 2218 2300 2275 ﬁde
2323 2228 2483 2292 atque
2508 2237 2602 2292 spe
2629 2233 2808 2279 vestra
2829 2241 2992 2296 quam
3015 2227 3268 2298 gerimus,

1668 2307 1724 2363 in
1755 2309 1860 2365 hoc
1889 2318 2032 2366 tomo
2053 2313 2384 2384 conscripta,
2411 2322 2574 2386 atque
2595 2316 2823 2388 allegata
2844 2329 2972 2375 nota
3001 2321 3250 2390 facimus,

1670 2399 1947 2471 relegatur
1973 2402 2116 2458 enim
2149 2403 2203 2459 in
2245 2405 2424 2461 medio
2451 2408 2652 2471 vestri,
2687 2418 2743 2464 et
2786 2410 2838 2464 in
2871 2411 3077 2482 judicio
3119 2428 3248 2486 syn-

1667 2489 1812 2545 odali
1824 2493 2131 2548 examinata
2142 2509 2241 2565 per
2251 2510 2411 2553 omne
2423 2499 2784 2555 successivum
2800 2509 3010 2574 tempus
3023 2503 3258 2575 gloriosa

1669 2589 1856 2637 nostra
1886 2582 2129 2654 ejusdem
2156 2587 2280 2642 ﬁdei
2310 2589 2617 2646 testimonio
2657 2590 2935 2649 declarata
2960 2595 3252 2654 clarescat.

1671 2671 1968 2746 Susceptus
1995 2687 2078 2734 est
2122 2685 2305 2734 autem
2335 2681 2404 2736 ab
2443 2681 2696 2738 omnibus
2744 2685 2839 2741 Dei
2862 2669 3253 2745 sacerdotibus

1670 2767 1932 2826 offerente
1959 2786 2086 2844 rege
2129 2783 2492 2830 sacrosancta:
2537 2773 2664 2832 ﬁdei
2691 2784 2898 2846 tomus,
2935 2787 2993 2836 et
3013 2793 3254 2850 pronun-

1670 2860 1841 2916 tiante
1873 2863 2083 2919 notario
2105 2863 2253 2920 clara
2284 2881 2417 2922 voce
2449 2867 2750 2924 recensitns
2782 2878 2884 2926 est.

1739 2951 1805 3006 il.
1845 2951 2103 3021 Quamvis
2127 2955 2268 3012 Deus
2299 2956 2641 3028 omnipotens
2681 2975 2778 3031 pro
2802 2961 3127 3020 utilitatibus
3159 2977 3257 3036 po-

1670 3042 1921 3125 pulorum
1973 3048 2125 3118 regni
2175 3047 2332 3104 nobis
2380 3048 2584 3105 cultum
2631 3053 2814 3110 subire
2861 3055 3151 3124 tribuerit,
3200 3067 3259 3115 et

1674 3137 2019 3194 moderamen
2065 3141 2308 3211 gentium
2355 3158 2464 3199 non
2513 3160 2809 3214 paucarum
2855 3149 3018 3220 regiae
3056 3158 3257 3206 nostra:

1673 3244 1820 3284 curae
1847 3230 2208 3297 commiserit,
2243 3234 2591 3292 meminimus
2618 3245 2797 3294 tamen
2826 3255 2926 3296 nos
2948 3243 3254 3299 mortalium

1673 3322 1984 3379 conditione
2011 3325 2304 3397 perstringi
2329 3365 2345 3391 ,
2395 3342 2496 3382 nec
2522 3343 2680 3398 posse
2723 3330 3034 3388 felicitatem
3062 3333 3258 3391 futurae

1674 3415 2030 3471 beatitudinis
2067 3415 2226 3471 aliter
2250 3420 2586 3487 promereri,
2620 3420 2724 3476 nisi
2775 3437 2875 3479 nos
2929 3424 3076 3480 cultu
3113 3441 3256 3481 verae

1672 3505 1797 3561 ﬁdei
1828 3515 2171 3577 reputemus,
2202 3516 2258 3564 et
2281 3508 2561 3566 Conditori
2607 3521 2796 3568 nostro
2818 3514 3010 3571 salutis
3043 3516 3256 3573 confes-

1671 3599 1824 3654 sione
1870 3614 1976 3669 qua
2015 3600 2208 3671 dignus
2237 3610 2323 3656 est
2368 3602 2484 3672 ipse
2524 3603 2850 3674 placeamus.
2897 3607 3005 3664 Pro
3047 3624 3154 3680 qua
3194 3626 3255 3666 re

1671 3699 1877 3762 quanto
1906 3692 2245 3749 subditorum
2275 3694 2450 3766 gloria
2491 3697 2658 3768 regali
2707 3699 3051 3768 extollimnr,
3103 3711 3257 3761 tanto

1668 3783 1884 3854 providi
1913 3800 2033 3840 esse
2077 3785 2337 3843 debemus
2365 3787 2420 3843 in
2451 3788 2538 3844 his
2578 3804 2699 3859 quat
2750 3807 2782 3845 a
2812 3792 2924 3847 Deo
2967 3801 3126 3860 sunt,
3173 3795 3255 3852 vel

1670 3884 1916 3932 nostram
1965 3893 2116 3948 spem
2162 3894 2403 3950 augere,
2453 3879 2540 3935 vel
2583 3881 2837 3953 gentibus
2883 3884 3040 3940 nobis
3085 3900 3116 3940 a
3147 3886 3258 3942 Deo

1671 3969 1893 4026 creditis
1918 3971 2223 4028 consulere.
2268 3971 2540 4030 Caeterum
2565 3975 2698 4044 quid
2742 3990 2842 4045 pro
2886 3977 3052 4032 tantis
3095 3977 3260 4032 bene-

1671 4063 1919 4120 ficiorum
1950 4064 2330 4122 collationibus
2359 4066 2765 4138 omnipotentiae
2799 4067 2994 4124 divinae
3018 4068 3258 4125 valemus

1673 4154 1949 4222 tribuere,
1988 4157 2206 4226 quando
2254 4157 2435 4212 omnia
2481 4158 2650 4228 ipsius
2693 4168 2850 4226 sunt,
2899 4167 2955 4214 et
2989 4161 3256 4217 bonorum

1673 4258 1988 4305 nostrorum
2013 4249 2149 4305 nihil
2177 4257 2366 4320 egeat,
2401 4250 2505 4306 nisi
2530 4261 2586 4306 ut
2611 4251 2662 4306 in
2700 4267 2825 4307 eum
2854 4252 2935 4309 sic
2961 4262 3071 4308 tota
3098 4255 3260 4311 devo-

1674 4341 1819 4396 tione
1883 4343 2206 4406 credamus,
2274 4343 2731 4412 quemadmodum
2788 4360 2886 4416 per
2954 4343 3261 4417 Scripturas

1674 4447 1859 4489 sacras
1890 4449 1949 4489 se
1979 4434 2094 4503 ipse
2123 4433 2349 4504 intelligi
2379 4434 2580 4499 voluit,
2623 4443 2677 4489 et
2706 4437 2853 4492 credi
2887 4438 3174 4508 praecepit,
3207 4438 3261 4492 id

1669 4535 1783 4588 est,
1831 4534 1892 4580 ut
1928 4524 2284 4580 conﬁteamur
2314 4539 2434 4580 esse
2478 4525 2695 4581 Patrem
2739 4527 2832 4598 qui
2881 4529 3134 4600 genuerit
3188 4541 3256 4582 ex

1677 4617 1979 4674 substantia
2007 4632 2104 4672 sua
2138 4615 2334 4673 Filium
2365 4617 2468 4673 sibi
2495 4625 2551 4674 et
2577 4618 2906 4689 coaequaicm
2937 4630 2992 4677 et
3029 4630 3257 4678 coaeter-

1677 4727 1828 4766 nuni.
1865 4709 1982 4764 Non
2033 4718 2212 4764 tamen
2253 4718 2315 4764 ut
2361 4711 2501 4766 idem
2530 4711 2645 4782 ipse
2674 4712 2744 4767 sit
2771 4722 2927 4768 natus
2956 4712 3256 4784 ingenitus,

1678 4804 1770 4859 sed
1800 4818 2030 4872 persona
2064 4801 2199 4857 alius
2223 4803 2294 4857 sit
2321 4804 2480 4858 Pater
2519 4804 2611 4874 qui
2644 4805 2859 4873 genuit,
2903 4804 3040 4859 alius
3072 4807 3143 4859 sit
3172 4805 3262 4860 Fi—

1679 4893 1784 4948 lius
1812 4894 1902 4963 qui
1932 4892 2092 4946 fuerit
2120 4902 2430 4963 generatus,
2461 4895 2621 4950 unius
2653 4903 2830 4950 tamen
2873 4908 3102 4964 utraque
3129 4896 3259 4952 sub-

1678 4987 1960 5042 stantimin
1976 4987 2254 5040 divinitate
2276 4988 2557 5053 subsistat,
2574 4987 2734 5043 Pater
2757 5003 2824 5042 ex
2849 5004 2955 5057 quo
2977 4989 3046 5043 sit
3068 4988 3258 5055 Filius,

1677 5084 1794 5153 ipse
1823 5098 1951 5138 vero
1975 5099 2042 5137 ex
2079 5081 2222 5136 nullo
2251 5081 2320 5136 sit
2339 5082 2463 5136 alio.
2495 5081 2664 5136 Filius
2689 5082 2778 5152 qui
2801 5082 2996 5137 habeat
3019 5081 3262 5149 Patrem,

1677 5175 1768 5229 scd
1783 5174 1909 5229 'sinc
1937 5174 2090 5229 initio
2101 5182 2155 5228 et
2171 5174 2524 5228 diminutione
2541 5173 2592 5227 in
2609 5188 2671 5228 ea
2693 5188 2796 5243 qua
2815 5173 2957 5228 l’atri
2972 5175 3263 5244 cozequalis

1649 5319 1654 5326 .
1673 5276 1730 5323 et
1755 5276 2058 5322 coaeternus
2083 5274 2167 5322 est
2190 5267 2473 5322 divinitate
2489 5265 2765 5321 subsistat.
2785 5264 3024 5334 Spiritus
3045 5283 3262 5338 quoque

1674 5371 1898 5416 sanctus
1928 5358 2269 5415 conﬁtendus
2305 5375 2336 5412 a
2359 5358 2515 5414 nobis
2545 5366 2600 5412 et
2631 5357 3008 5427 praedicandus
3042 5375 3072 5413 a
3098 5359 3262 5415 Patre

1675 5467 1814 5518 esse,
1837 5462 1894 5507 et
1920 5450 2056 5506 Filio
2096 5450 2411 5520 procedere,
2444 5457 2645 5505 etcum
2670 5448 2831 5504 Patre
2858 5458 2912 5504 et
2936 5449 3075 5505 Filio
3103 5451 3265 5506 unius

1676 5562 1796 5604 esse
1823 5545 2160 5602 substantiae.
2210 5543 2452 5600 Tertiam
2486 5558 2616 5599 vero
2648 5543 2702 5597 in
2751 5544 2994 5599 trinitate
3025 5543 3260 5614 Spiritus

1677 5639 1851 5692 sancti
1902 5651 2023 5691 esse
2070 5649 2396 5704 personam,
2457 5633 2548 5702 qui
2601 5641 2778 5689 tamen
2827 5632 3264 5688 communionem

1679 5729 1844 5784 habet
1879 5741 2001 5781 cum
2045 5725 2207 5781 Patre
2246 5733 2303 5780 et
2329 5723 2469 5780 Filio
2507 5723 2802 5780 divinitatis
2834 5724 3089 5779 essentia.
3139 5721 3265 5778 llaec

1679 5837 1824 5890 cum
1888 5830 2075 5899 sancta
2125 5819 2366 5905 Trinitas
2434 5834 2576 5878 unus
2619 5827 2702 5881 est
2767 5818 2941 5886 Deus,
2991 5815 3154 5886 Pater
3208 5825 3267 5874 et
