3910 6484
525 335 628 392 4ἇῖ

1349 329 1641 390 APPEND.
1670 331 1764 388 AD
1803 328 1975 388 διο.
2009 328 2102 388 ΙΧ.

2235 328 2488 388 lSlDORI
2513 331 2958 392 MERCATORIS
3712 347 3798 408 ΜΒ

526 465 626 506 nos
680 446 939 513 erudivit,
975 453 1031 502 et
1082 445 1304 502 Patrum
1336 445 1490 500 nobis
1538 444 1760 500 tradidit
1807 422 2107 515 symbolum
2137 443 2192 505 Α
2216 442 2565 508 conscientia,
2599 444 2674 500 ita
2705 455 2760 500 et
2786 446 3064 516 proximos
3091 460 3186 504 vos
3208 445 3438 504 Christi
3473 461 3597 505 esse
3633 467 3799 529 carpo.

500 543 626 600 ~His
651 543 832 614 itaque
857 557 980 597 cum
1006 540 1154 596 omni
1177 539 1476 595 subtilitate
1507 547 1563 593 et
1592 538 1868 610 diligentia
1893 553 1924 591 a
1949 538 2103 593 nobis

525 637 816 702 ordinatis,
868 635 1059 691 statuit
1117 641 1305 689 sancta
1357 640 1412 688 et
1462 631 1788 688 universalis
1842 631 2103 697 svnodus,

528 727 692 782 aliam
729 726 885 783 ﬁdem
917 725 1046 781 nulli
1076 724 1240 780 licere
1264 722 1527 796 proferre,
1561 732 1655 778 aut
1707 722 1966 787 scribere,
2014 727 2110 776 aut

526 819 774 886 credere,
803 828 896 874 aut
917 833 1187 889 separare,
1225 827 1319 873 aut
1341 818 1537 874 docere
1584 816 1760 873 aliter.
1795 815 1898 883 Qui
1923 824 2106 870 autem

526 911 726 966 audent
751 919 845 966 aut
873 911 1158 981 disponere
1196 909 1356 964 aliam
1381 908 1564 975 ﬁdem,
1593 906 1970 978 autproferre,
2014 915 2109 963 aut

523 1003 744 1060 tradere
805 1002 952 1057 aliud
1003 1001 1309 1074 symbolum
1369 999 1674 1056 volentibus
1735 999 1978 1054 converti
2039 997 2108 1053 ad

524 1093 810 1151 scientiam
859 1093 1127 1160 veritatis,
1158 1091 1243 1148 vel
1268 1107 1336 1148 ex
1365 1091 1634 1165 gentibus,
1665 1091 1750 1147 vel
1779 1091 2000 1158 Iudaeis,
2024 1089 2111 1147 vel

513 1188 801 1245 haereticis
829 1188 1266 1259 quibuscunque,
1292 1188 1336 1243 si
1367 1187 1585 1258 quidem
1632 1195 1725 1242 aut
1751 1187 1987 1258 episcopi
2017 1194 2113 1242 aut

525 1282 709 1339 clerici
761 1281 984 1348 fuerint,
1009 1283 1214 1338 alienos
1235 1297 1356 1339 esse
1376 1283 1656 1354 episcopos
1680 1283 1750 1337 ab
1771 1281 2108 1351 episcopatu,

526 1384 582 1432 et
602 1373 831 1430 clericos
865 1391 897 1430 a
921 1374 1067 1431 clero
1097 1375 1260 1446 108
1286 1373 1650 1445 przecipimus.
1686 1371 1744 1428 Si
1773 1387 1903 1428 vero
1926 1386 2113 1426 mona-

527 1466 635 1532 chi,
677 1474 771 1521 aut
791 1465 938 1532 laici,
970 1467 1265 1522 autclerici
1295 1465 1514 1531 fuerint,
1546 1465 1893 1520 anathemate
1935 1464 2109 1520 feriri.

525 1555 641 1628 Ego
656 1556 1000 1612 Beccaredus
1017 1572 1113 1612 rex
1135 1557 1294 1613 ﬁdem
1318 1557 1459 1612 hanc
1479 1564 1798 1637 sanctamet
1817 1555 2114 1611 confessio-

528 1661 654 1701 nem
680 1661 844 1716 quam
867 1662 975 1702 una
998 1661 1095 1718 per
1116 1655 1284 1703 totum
1310 1647 1497 1703 orbem
1526 1646 1791 1703 catholica
1826 1646 2116 1702 conﬁtetur

528 1735 795 1803 Ecclesia,
838 1737 1002 1793 corde
1045 1737 1305 1803 retinens,
1336 1752 1432 1793 ore
1459 1737 1808 1804 conﬁrmans,
1837 1751 1956 1792 mea
1984 1737 2114 1792 dex-

2210 533 2285 588 ris
2326 535 2567 590 membra
2629 536 2966 607 signiﬁcetis,
3021 548 3076 593 et
3129 550 3330 596 nostra
3378 543 3658 613 exiguitas
3690 550 3800 607 nihil

2209 622 2452 689 dubium,
2483 625 2617 679 nihil
2649 627 2872 683 inﬁdum
2900 645 3138 702 unquam
3167 633 3239 687 de
3289 642 3490 687 vestra
3521 638 3800 706 suspicetur

2208 710 2550 771 fraternitate
2583 757 2598 784 ,
2663 718 2790 772 dum
2846 720 3084 790 patuerit
3141 737 3244 778 vos
3323 731 3547 793 pestem
3610 727 3796 790 Arianz

2207 807 2448 878 perﬁdiae
2479 824 2603 864 cum
2631 811 2884 868 omnibus
2911 812 3285 884 dogmatibus,
3342 814 3579 886 regulis,
3617 817 3796 892 ofﬁciis,

2210 901 2609 964 communione,
2655 903 2930 960 codicibus
2958 907 3364 971 condemnare,
3399 922 3468 962 ac
3498 908 3796 972 detestandae

2212 992 2484 1048 haereseos
2511 994 2795 1066 exspoliati
2846 998 3185 1068 contagione,
3253 999 3521 1054 innovati
3566 1004 3798 1071 quodam-

2211 1083 2372 1139 modo
2401 1084 2543 1140 intra
2589 1085 2889 1142 Ecclesiam
2937 1087 3033 1143 Dei
3081 1088 3386 1160 Splendida
3444 1091 3632 1147 habitu
3684 1110 3798 1154 verte

2211 1175 2338 1230 ﬁdei
2366 1175 2647 1232 claritatis.
2680 1177 2832 1234 Tunc
2856 1179 3095 1251 episcopi
3127 1195 3330 1236 omnes
3366 1197 3482 1238 una
3507 1199 3631 1238 cum
3666 1185 3796 1242 deri-

2212 1267 2291 1323 cis
2326 1268 2440 1324 suis
2479 1269 2853 1341 primoresque
2891 1273 3065 1344 gentis
3093 1272 3355 1329 Gothica:
3418 1276 3546 1346 pari
3595 1292 3792 1335 consen-

2213 1359 2367 1415 sione
2393 1360 2678 1416 dixerunt:
2710 1361 2862 1419 Licet
2889 1364 2989 1420 hoc
3009 1367 3151 1435 quod
3180 1369 3510 1438 paternitas
3534 1379 3688 1441 atque
3712 1373 3797 1429 fra-

2215 1453 2443 1509 ternitas
2469 1462 2648 1509 vestra
2693 1470 2725 1509 a
2773 1456 2927 1512 nobis
2976 1459 3125 1528 cupit
3167 1460 3394 1524 audire,
3431 1459 3521 1516 vel
3551 1461 3792 1534 ﬁeri,jam

2214 1544 2344 1600 olim
2369 1547 2742 1603 conversionis
2767 1557 2966 1605 nostrae
2997 1558 3244 1621 tempore
3267 1553 3584 1625 egerimus.
3609 1559 3790 1625 quando

2217 1637 2386 1693 secuti
2426 1637 2874 1709 gloriosissimum
2905 1642 3183 1698 dominum
3226 1655 3517 1714 nostrum,
3562 1647 3792 1708 Reccare-

2218 1727 2346 1782 dum
2374 1743 2574 1799 regem,
2611 1729 2715 1785 hac
2750 1732 2836 1786 die
2883 1733 2950 1787 ad
2996 1733 3304 1790 Ecclesiam
3355 1738 3720 1808 transivimus,
3753 1753 3792 1798 et

530 1837 646 1883 tera
675 1827 787 1882 Deo
809 1837 1128 1900 protegente
1167 1829 1490 1900 subscripsi.
1516 1829 1628 1899 Ego
1649 1828 1832 1884 Badda
1882 1827 2115 1898 gloriosa

2221 1818 2503 1888 perﬁdiam
2561 1819 2821 1875 Arianam
2879 1837 3002 1877 cum
3049 1826 3315 1881 omnibus
3343 1830 3788 1899 superstitionibus

527 1919 713 1992 regina
737 1920 876 1976 hanc
932 1919 1092 1975 ﬁdem
1121 1920 1328 1976 credidi
1359 1932 1414 1976 οι
1435 1921 1671 1992 suscepi,
1714 1935 1878 1975 manu
1906 1935 2026 1974 mea
2052 1919 2118 1975 de
2218 1911 2332 1966 suis
2355 1912 2954 1983 anathematizavimus,
2977 1919 3298 1990 pariterque
3323 1919 3647 1990 abiecimus.
3670 1924 3790 1981 Nunc

528 2021 645 2069 toto
693 2013 858 2069 corde
900 2014 1218 2085 subscripsi.
1250 2014 1403 2070 Tunc
1431 2013 1791 2070 acclamatum
1818 2022 1903 2069 est
1938 2011 2115 2067 landi-
2216 2018 2349 2059 vero
2391 2005 2714 2060 charilalem
2743 2015 2798 2061 et
2842 2008 3183 2065 devotionem
3231 2025 3412 2081 quam
3451 2011 3541 2067 vel
3585 2013 3686 2069 Deo
3724 2015 3787 2070 vel

526 2103 630 2159 bus
667 2104 766 2159 Dei
794 2112 850 2159 et
875 2104 931 2159 in
961 2103 1147 2160 favore
1179 2105 1440 2176 principis
1468 2106 1535 2160 ab
1564 2105 1817 2159 universo
1838 2103 2070 2160 concilio
2100 2118 2116 2157 :
2220 2096 2477 2152 Ecclesia:
2500 2098 2782 2154 catholicae
2827 2110 3028 2156 sanctae
3073 2102 3438 2159 meminimus
3467 2119 3569 2159 nos
3605 2103 3787 2174 debere,

528 2193 716 2252 Gloria
768 2196 881 2252 Deo
933 2196 1112 2261 Patri,
1152 2205 1205 2251 et
1234 2197 1394 2264 Filio,
1423 2207 1480 2253 et
1509 2196 1735 2267 Spiritui
1784 2204 2000 2260 sancto,
2032 2195 2119 2251 cui
2220 2204 2329 2245 non
2382 2199 2590 2245 tantum
2646 2193 2763 2248 haec
2792 2195 2978 2248 eadem
3018 2209 3138 2264 quae
3184 2195 3381 2266 petitis
3431 2197 3790 2268 promptissime

529 2302 660 2344 cura
688 2296 772 2343 est
797 2303 986 2358 pacem
1017 2298 1074 2344 et
1099 2289 1364 2345 unitatem
1407 2288 1666 2345 Ecclesiae
1694 2296 1896 2344 sancta-
1926 2288 2119 2343 catho—

528 2379 650 2435 licae
676 2379 963 2450 providere
989 2396 1004 2447 ;
1036 2379 1210 2452 gloria
1243 2380 1471 2436 Domino
1505 2389 1694 2435 nostro
1722 2378 1850 2434 Jesu
1879 2379 2118 2444 Christo,

529 2473 623 2543 qui
670 2473 847 2542 pretio
900 2473 1180 2545 sanguinis
1228 2473 1312 2528 sui
1343 2472 1643 2528 Ecclesiam
1699 2471 2026 2527 catholicam
2053 2486 2122 2526 ex

530 2563 784 2620 omnibus
834 2564 1084 2636 gentibus
1123 2564 1473 2636 congregavit
1509 2580 1524 2630 ;
1565 2563 1736 2634 gloria
1768 2562 1996 2617 Domino
2024 2576 2124 2616 no-

531 2664 646 2712 stro
681 2654 810 2711 Jesu
837 2654 1056 2711 Christo
1082 2655 1175 2726 qui
1209 2663 1316 2710 tam
1349 2655 1610 2710 illustrem
1657 2663 1872 2726 gentem
1923 2653 2122 2708 unitati

532 2749 659 2806 fidei
712 2765 857 2805 verae
903 2748 1199 2819 copulavit,
1259 2755 1316 2802 et
1364 2763 1531 2802 unum
1587 2761 1803 2818 gregem
1853 2757 1908 2800 et
1956 2759 2122 2799 unum

531 2852 811 2916 pastorem
861 2842 1116 2898 instituit.
1171 2841 1270 2897 Cui
1309 2856 1339 2895 a
1369 2840 1480 2896 Deo
1526 2847 1788 2894 aeternum
1845 2837 2122 2902 meritum,

534 2935 641 2991 nisi
698 2949 830 2991 vero
883 2933 1150 2990 catholico
1203 2932 1516 2989 Reccaredo
1563 2931 1727 3002 regi?
1778 2929 1877 2987 Cui
1932 2946 1963 2986 a
2013 2929 2124 2986 Deo

541 3035 748 3084 aeterna
802 3041 1043 3092 corona,
1095 3025 1202 3082 nisi
1259 3039 1390 3082 vero
1437 3026 1742 3082 orthodoxo
1812 3024 2124 3080 Reccaredo

533 3119 690 3192 regi?
741 3116 844 3175 Cui
896 3132 1137 3190 praesens
1199 3117 1372 3190 gloria
1437 3127 1494 3174 et
1545 3127 1770 3184 aeterna,
1817 3117 1924 3172 nisi
1962 3132 2116 3172 ama-

534 3177 765 3266 toriDei
825 3177 1135 3264 Reccaredo
1187 3177 1496 3280 reginse
1562 3177 1825 3262 novarum
1880 3177 2198 3276 plebiumc

534 3297 592 3355 in
644 3299 886 3355 Eccle’sia
934 3299 1303 3369 conquisitor,
1366 3299 1481 3370 ipse
1523 3307 1798 3354 mereatur
1847 3298 2122 3354 veraciter

536 3389 892 3461 apostolicum
949 3391 1227 3457 meritum,
1290 3389 1383 3461 qui
1451 3390 1804 3462 apostolicum
1876 3391 2124 3462 implevit

535 3483 793 3552 ofﬁcium,
846 3484 962 3556 ipse
1017 3484 1089 3540 sit
1150 3484 1262 3540 Deo
1303 3492 1360 3541 et
1412 3485 1666 3541 omnibus
1702 3485 1970 3550 amabilis,
2029 3485 2124 3556 qui

535 3583 649 3632 tam
710 3576 1032 3634 mirabiliter
1084 3576 1252 3632 Deum
1309 3576 1632 3649 gloriﬁcavit
1674 3578 1728 3632 in
1777 3578 1955 3645 terris,
1986 3594 2126 3649 prae-

536 3676 718 3725 stante
742 3667 970 3724 Domino
1000 3676 1207 3734 nostro,
1247 3670 1340 3740 qui
1380 3684 1502 3725 cum
1550 3669 1712 3725 Patre
1754 3669 1866 3726 Deo
1905 3671 2040 3726 vivit
2069 3678 2126 3726 et

537 3769 728 3832 regnat
753 3760 811 3818 in
836 3761 1045 3818 unitate
1071 3760 1306 3834 Spiritus
1337 3763 1514 3818 sancti
1565 3762 1620 3818 in
1661 3763 1859 3820 saecula
1897 3763 2124 3820 szeculo-

537 3867 678 3907 τυιθ.

537 4008 698 4084 Item,
757 4009 882 4084 ﬁdei
933 4011 1190 4084 confessio
1246 4012 1624 4082 episcoporum,
1683 4014 2124 4084 presbyterorum,

607 4079 685 4204 rei
707 4081 996 4205 primorum
1033 4079 1282 4138 Gothiae
1294 4079 1479 4154 gentis,
1513 4084 1602 4154 qui
1626 4079 1770 4154 infra
1806 4079 2126 4156 subst-ripae;

638 4167 707 4206 un
735 4188 752 4206 .

608 4281 967 4356 Praecipiente
1017 4294 1196 4342 autem
1247 4289 1500 4345 universo
1552 4291 1850 4349 venerabili
1893 4293 2123 4351 concilio

538 4382 705 4445 atque
744 4375 993 4448 jubente,
1039 4395 1179 4436 unus
1205 4381 1579 4454 episcoporum
1620 4386 2008 4443 catholicorum
2056 4390 2126 4444 ad

535 4467 820 4542 episcopos
841 4478 897 4526 et
930 4471 1211 4543 religiosos
1244 4475 1472 4532 clericos
1506 4477 1591 4534 vel
1619 4479 1849 4550 majores
1888 4491 2017 4538 natu
2054 4483 2122 4538 ab

2223 2296 2384 2352 agere
2431 2298 2804 2354 properamus,
2858 2286 2954 2341 sed
2988 2295 3043 2340 et
3099 2286 3143 2342 si
3190 2303 3306 2358 qua
3355 2289 3540 2344 adhuc
3589 2306 3786 2362 congrua

2224 2372 2349 2428 ﬁdei
2379 2387 2499 2430 esse
2523 2375 2850 2445 perspicitis,
2881 2392 2946 2432 ac
2976 2377 3132 2432 nobis
3159 2379 3448 2435 charitate
3469 2382 3784 2452 persuadetis,

2225 2459 2506 2519 faciemus.
2535 2464 2643 2519 Nos
2670 2467 2871 2522 ctenim
2895 2467 3061 2523 semel
3093 2479 3260 2525 recta:
3285 2470 3417 2526 ﬁdei
3450 2487 3601 2529 amor
3621 2473 3668 2528 in
3689 2489 3782 2528 ea.

2225 2556 2348 2612 ﬁdei
2376 2560 2714 2615 devotionem
2738 2561 2975 2628 advexit,
3003 2571 3061 2616 ut
3090 2579 3255 2620 omne
3285 2566 3439 2635 quod
3467 2567 3618 2622 nobis
3642 2568 3786 2623 verius

2224 2647 2569 2707 fraternitate
2615 2662 2796 2708 vestra
2843 2654 3151 2724 patefacitis
3201 2665 3518 2725 teneamus,
3556 2668 3608 2714 et
3650 2659 3782 2714 libera

2226 2740 2496 2798 fateamur
2548 2744 2912 2802 confessione.
2983 2746 3172 2804 Omnis
3221 2764 3363 2820 ergo
3417 2752 3512 2822 qui
3567 2751 3704 2806 ﬁdem
3745 2759 3785 2805 et

2227 2835 2664 2890 communionem
2689 2837 2758 2891 ab
2787 2837 2919 2892 Ario
2951 2841 3287 2907 venientem,
3312 2851 3370 2897 et
3400 2856 3570 2913 usque
3618 2843 3676 2897 ad
3703 2857 3776 2897 nos

2227 2931 2494 2979 retentam
2522 2926 2700 2982 adhuc
2726 2935 2910 2982 tenere
2933 2928 3228 2994 desiderat,
3281 2941 3342 2986 et
3384 2931 3453 2988 de
3491 2940 3597 2987 tota
3641 2931 3780 2987 cordis

2227 3016 2526 3074 intentione
2576 3033 2684 3074 non
2730 3020 2970 3085 damnat,
3024 3024 3318 3078 anathema
3363 3025 3454 3079 sit.
3509 3024 3776 3093 Quicunque

2227 3107 2424 3164 Filium
2479 3110 2574 3164 Dei
2607 3111 2892 3168 Dominum
2942 3113 3127 3169 Jesum
3179 3116 3471 3188 negaverit
3517 3132 3546 3171 a
3594 3127 3775 3187 paterna

2227 3200 2531 3257 substantia
2579 3203 2698 3260 sine
2745 3205 2901 3260 initio
2945 3216 3210 3276 genitum,
3260 3217 3320 3263 et
3365 3208 3621 3279 aequalem
3661 3207 3773 3263 Patri

2225 3307 2348 3349 esse
2380 3294 2467 3349 vel
2493 3296 3036 3364 consubstantialem,
3060 3299 3357 3356 anathema
3385 3301 3477 3356 sit.
3504 3301 3774 3368 Quicunque

2228 3382 2493 3454 Spiritum
2518 3395 2765 3442 sanctum
2797 3403 2906 3443 non
2939 3389 3115 3445 credit
3146 3400 3240 3446 aut
3271 3407 3383 3446 non
3409 3391 3623 3448 credita
3648 3390 3772 3446 Patre

2225 3486 2281 3534 et
2303 3477 2441 3535 Filio
2468 3481 2786 3550 procedere,
2812 3498 3046 3553 eumque
3081 3500 3191 3541 non
3240 3487 3446 3542 dixerit
3491 3496 3771 3541 cozeternum

2225 3584 2346 3626 esse
2383 3571 2535 3627 Patri
2577 3581 2633 3628 et
2656 3573 2814 3640 Filio,
2846 3583 2900 3630 et
2930 3577 3372 3645 coessentialem,
3403 3578 3667 3634 anathema
3702 3575 3768 3630 sit.

2227 3659 2547 3734 Quicunque
2569 3663 2623 3718 in
2646 3663 2810 3722 Patre
2837 3674 2893 3721 et
2918 3667 3058 3723 Filio
3079 3677 3133 3724 et
3164 3667 3376 3739 Spiritu
3401 3677 3582 3727 sancto
3608 3675 3655 3724 et
3677 3681 3770 3738 per-

2227 3767 2390 3810 sonas
2417 3770 2524 3810 non
2547 3757 2848 3828 distinguit,
2872 3767 2928 3814 et
2950 3761 3108 3816 unius
3135 3761 3442 3818 divinitatis
3465 3758 3767 3816 substantiam

2227 3861 2336 3902 non
2377 3849 2642 3919 agnoscit,
2672 3851 2962 3908 anathema
2991 3853 3080 3908 sit.
3129 3855 3458 3926 Quicunque
3483 3853 3658 3910 Filium
3695 3847 3766 3902 Dei

2225 3936 2516 3994 Dominum
2540 3950 2785 3997 nostrum
2809 3941 2990 4000 Jesum
3029 3953 3086 3999 et
3116 3945 3386 4015 Spiritum
3410 3954 3640 4003 sanctum
3672 3952 3764 3997 esse

2221 4030 2377 4102 juxta
2399 4032 2655 4088 deitatem
2705 4033 2865 4091 Patre
2915 4036 3181 4092 minorem
3207 4040 3526 4104 asseruerit,
3552 4045 3600 4092 et
3623 4031 3764 4108 gradi-

2226 4121 2331 4176 bus
2377 4125 2732 4193 separaverit,
2780 4133 3196 4198 creaturamque
3251 4145 3379 4185 esse
3426 4128 3630 4192 dixerit,
3670 4136 3764 4178 ana-

2228 4215 2411 4287 thema
2439 4217 2531 4271 sit.
2567 4217 2888 4289 Quicunque
2916 4221 3133 4278 Patrem
3161 4232 3216 4279 et
3238 4224 3439 4280 Filium
3469 4231 3523 4278 et
3546 4219 3758 4291 Spiritum
3822 4275 3825 4279 λ

2228 4317 2480 4364 sanctum
2503 4311 2663 4368 unius
2690 4313 3032 4382 substantiae,
3049 4317 3473 4387 omnipotentiae,
3492 4309 3760 4371 aeternitatis

2228 4415 2349 4457 esse
2377 4417 2483 4457 non
2504 4404 2820 4470 crediderit,
2849 4408 3137 4463 anathema
3155 4409 3245 4464 sit.
3262 4409 3570 4478 Quicunque
3589 4400 3755 4460 nescire

2229 4491 2425 4549 Filium
2472 4497 2616 4565 quod
2647 4496 2789 4552 Deus
2820 4498 2982 4554 Pater
3003 4500 3139 4555 sciat
3160 4501 3382 4565 dixerit,
3403 4498 3662 4554 anathema
3687 4490 3753 4545 sit.

537 4559 744 4616 haerese
815 4562 1017 4663 Aria‘na
1097 4580 1388 4663 conversos
1461 4569 1722 4638 ejusmodi
1797 4573 2120 4632 allocutione
2145 4541 2201 4603 D
2226 4541 2542 4656 Quicunque
2563 4587 2773 4642 initium
2806 4589 2941 4644 Filio
2971 4590 3066 4645 Dei
3086 4600 3142 4646 et
3163 4542 3389 4663 Spiritui
3422 4596 3596 4646 sancto
3622 4584 3750 4652 depu-

536 4665 765 4707 exorsus
791 4661 894 4718 est,
921 4654 1106 4712 dicens
1137 4656 1345 4714 :Oﬁicii
1377 4662 1545 4716 nostri
1573 4677 1703 4717 cura
1729 4674 1784 4719 et
1821 4666 2120 4724 ﬁdelissimi

535 4747 592 4795 et
617 4741 989 4812 gloriosissimi
1024 4747 1287 4820 principis
1315 4751 1682 4811 admonitione
1720 4759 2119 4830 compellimur,

537 4831 823 4927 diligenter
855 4853 886 4892 a
934 4849 1113 4896 vestra
1155 4843 1420 4898 charitate
1477 4851 1812 4918 perquirere,
1863 4854 1945 4908 vel
1990 4856 2121 4927 quid

538 4924 806 4982 damnetis
837 4928 891 4983 in
931 4929 1162 4999 luerese,
1209 4943 1300 4987 aut
1338 4937 1466 5004 quid
1499 4938 1638 4994 intra
1664 4953 1906 4999 sanctam
1935 4924 2122 5003 catho-

538 5013 699 5070 licam
729 5018 966 5077 credatis
994 5021 1331 5092 Ecclesium;
1380 5043 1505 5082 nam
1557 5031 1769 5088 dicente
1810 5034 2116 5104 Psalmista,

537 5104 787 5173 dicimus,
811 5108 1102 5182 incipiente
1120 5114 1348 5172 Domino
1376 5118 1430 5173 in
1457 5120 1812 5180 confessione.
1843 5125 2120 5197 Optimum

537 5206 730 5292 est,ret
747 5210 942 5259 vestra:
969 5206 1129 5262 saluti
1149 5212 1474 5268 conveniens
1494 5215 1673 5284 palam
1703 5219 1947 5275 conﬁteri
1978 5223 2122 5292 quod

540 5291 782 5359 creditis,
814 5303 869 5350 et
897 5298 998 5353 sub
1026 5301 1212 5357 auditu
1243 5305 1617 5364 universorum
1656 5291 2121 5374 anathematiiare

541 5385 684 5454 quod
747 5389 1048 5457 respuistis.
1117 5393 1269 5450 Tunc
1336 5413 1558 5467 prorsus
1619 5404 1822 5472 optime
1876 5409 2121 5476 poteritis

539 5478 865 5551 evangelicae
887 5489 943 5536 et
966 5485 1274 5554 apostolicae
1302 5490 1446 5545 sedis
1484 5492 1606 5547 ﬁdei
1656 5497 1948 5568 participes
1979 5501 2119 5568 fieri,

539 5571 587 5628 si
617 5574 861 5630 eamdem
906 5576 1066 5633 ﬁdem
1106 5581 1425 5640 catholicam
1462 5601 1526 5641 ex
1559 5590 1900 5647 confessione
1933 5595 2122 5652 catho-

539 5663 643 5718 lica
695 5666 984 5738 incipiatis,
1034 5671 1117 5726 vel
1171 5677 1388 5745 propria
1442 5677 1837 5752 subscriptione
1869 5685 2116 5754 ﬁrmctis,

539 5762 598 5812 et
626 5756 783 5814 sicuti
817 5757 931 5818 Deo
947 5759 1060 5832 jam
1094 5763 1160 5822 de
1208 5766 1343 5824 bona
1374 5770 1712 5832 confessione
1748 5777 1948 5850 cogniti
1987 5780 2119 5838 estis

2225 4677 2443 4742 taverit,
2475 4680 2762 4734 anathema
2788 4681 2877 4735 sit.
2909 4681 3229 4754 Quicunque
3265 4684 3457 4739 Filium
3489 4679 3572 4735 Dei
3601 4687 3752 4731 secun-

2225 4769 2353 4825 dum
2407 4770 2744 4826 divinitatem
2807 4789 2960 4828 suam
3025 4775 3292 4831 visibilem
3355 4783 3444 4830 aut
3492 4763 3746 4843 passibilem

2226 4875 2390 4915 ausus
2419 4861 2582 4916 fuerit
2603 4863 2865 4932 proﬁteri,
2897 4866 3186 4922 anathema
3213 4868 3302 4922 sit.
3333 4866 3628 4935 Quicunque
3655 4852 3747 4922 slli‘

2226 4953 2389 5007 ritum
2418 4963 2662 5008 sanctum
2695 4956 2837 5010 sicut
2867 4955 3081 5012 Patrem
3109 4968 3164 5014 et
3189 4959 3382 5015 Filium
3411 4968 3580 5011 verum
3614 4949 3742 5002 Deum

2222 5045 2645 5116 omnipotentem
2693 5062 2811 5104 esse
2855 5064 2962 5105 non
2991 5051 3184 5117 credit,
3215 5052 3491 5108 anathema
3527 5045 3606 5099 sit.
3641 5035 3740 5104 Ql'i‘

2224 5155 2439 5210 cunque
2496 5140 2625 5196 alibi
2677 5142 2836 5198 ﬁdem
2891 5152 2946 5198 et
2996 5146 3428 5201 communionem
3475 5133 3737 5195 catholicam

2223 5240 2422 5302 praeter
2467 5232 2521 5286 in
2545 5232 2786 5288 Ecclesia
2809 5249 2972 5304 quam
3007 5235 3210 5291 Nicaeni
3235 5245 3290 5292 et
3317 5217 3736 5291 Constantinopoli—

2227 5325 2337 5379 tani
2369 5334 2424 5380 et
2476 5326 2636 5395 primi
2688 5327 2964 5398 Ephesini,
3023 5337 3080 5384 et
3111 5323 3545 5385 Chalcedonensis
3569 5306 3734 5372 concilii

2225 5414 2438 5470 decreta
2480 5423 2683 5481 tenent,
2714 5419 2916 5488 pariter
2954 5428 3010 5475 et
3049 5420 3334 5486 honorant,
3376 5414 3629 5471 anathema

2225 5505 2540 5578 Quicunque
2569 5508 2783 5565 Patrem
2822 5520 2874 5565 et
2908 5510 3101 5565 Filimn
3135 5512 3337 5568 honore
3356 5518 3407 5565 et
3431 5502 3580 5577 gloria
3602 5503 3644 5551 et
3672 5491 3731 5542 di-

2224 5598 2450 5653 vinitate
2471 5609 2686 5670 separat
2711 5611 2805 5656 aut
2831 5601 2926 5672 disj
2937 5604 3107 5674 ungit,
3137 5605 3417 5659 anathema
3437 5597 3518 5652 sit.
3540 5585 3726 5657 Quicun-

2224 5704 2328 5758 que
2374 5689 2569 5745 Filium
2631 5691 2722 5746 Dei
2768 5701 2823 5747 et
2872 5691 3130 5762 Spiritum
3182 5703 3417 5751 sanctum
3456 5697 3561 5741 eum
3608 5675 3726 5729 Patre

2224 5800 2330 5841 non
2381 5785 2670 5844 crediderit
2723 5801 2844 5844 esse
2901 5787 3278 5852 qloriﬁcandos
3330 5797 3380 5844 ct
3422 5763 3719 5838 honorandos,
