3910 6470
112 403 211 461 ηε)

1270 367 1757 459 osculantium
1788 399 2188 460 COLLECTIO.

3250 399 3358 456 459

113 521 388 579 anathema
431 518 522 575 sit.
568 519 885 590 Quicunque
916 532 1023 574 non
1053 515 1275 582 dixerit,
1329 516 1500 588 gloria
1527 516 1677 570 Patri
1708 526 1754 583 Α
1783 532 1879 588 per
1898 532 2114 573 omnem
2140 516 2395 573 mundum
2419 514 2763 587 paeatissime
2778 520 2835 568 et
2850 511 3359 573 emineatdoctrine

113 621 165 668 et
188 609 319 667 Filio
352 617 405 665 et
424 609 646 679 Spiritui
670 617 879 675 sancto,
914 608 1203 662 anathema
1231 606 1322 662 sit.
1365 604 1683 674 Quicunque

112 701 470 774 rebaptizandi
521 701 864 771 sacrilegium
919 713 1053 769 opus
1105 712 1225 753 csse
1276 696 1475 750 bonum
1510 694 1684 749 credit

111 803 198 849 aut
223 791 514 849 crediderit
543 805 725 863 agere,
761 799 816 845 et
855 788 1052 861 egerit,
1101 788 1386 841 anathema
1427 784 1516 839 sit.
1550 784 1681 850 Qui—

111 898 314 954 cunque
344 881 583 938 lihellum
614 880 989 938 detestabilem
1014 878 1333 934 duodecimo
1361 890 1502 930 anno
1544 873 1684 928 Leo—

110 972 286 1043 higildi
349 972 492 1042 regis
538 985 570 1025 a
622 968 776 1026 nobis
831 969 1056 1035 editum,
1106 967 1164 1022 in
1224 980 1331 1036 quo
1382 963 1687 1020 continetur

113 1062 468 1117 Romanorum
516 1061 584 1116 ad
626 1060 884 1115 Arianam
926 1057 1175 1113 haeresim
1207 1053 1498 1120 traductio,
1527 1061 1583 1109 et
1631 1052 1684 1107 in

113 1168 212 1225 quo
235 1153 406 1224 gloria
434 1151 583 1207 Patri
605 1165 702 1222 per
732 1149 926 1204 Filium
968 1149 1025 1204 in
1055 1146 1258 1220 Spiritu
1297 1154 1504 1208 sancto,
1536 1152 1591 1198 et
1631 1143 1683 1196 iu

113 1256 209 1313 quo
248 1242 392 1298 male
428 1256 459 1296 a
500 1241 658 1297 nobis
702 1239 952 1294 instituta
1001 1236 1364 1299 continentur,
1412 1233 1685 1299 habuerit,

116 1334 395 1388 anathema
420 1332 489 1387 sit
506 1332 562 1387 in
590 1339 873 1387 aeternum.

173 1422 510 1478 Conﬁtemur
572 1421 718 1478 enim
768 1435 868 1476 nos
914 1435 983 1475 ex
1051 1417 1246 1474 haeresi
1307 1415 1512 1470 Ariana
1572 1422 1685 1469 toto

115 1516 284 1581 corde,
316 1523 427 1570 tota
452 1514 653 1579 anima,
696 1521 749 1567 et
787 1513 853 1567 de
886 1519 996 1566 tota
1044 1517 1225 1565 mente
1256 1516 1439 1563 nostra
1479 1507 1546 1560 ad
1598 1520 1686 1560 ec-

116 1607 318 1664 clesiam
342 1605 666 1661 catholicam
715 1603 881 1658 fuisse
917 1616 1227 1658 conversos.
1278 1598 1418 1653 Nulli
1464 1597 1686 1653 dubium

114 1699 197 1764 sit,
244 1712 344 1752 nos
391 1703 713 1765 nostrosque
747 1706 1088 1750 successores
1142 1703 1355 1747 errasse
1400 1690 1452 1742 in
1494 1686 1683 1742 haeresi

115 1790 301 1844 Ariana
356 1796 414 1842 et
461 1788 619 1841 ﬁdem
677 1784 1069 1877 evangelicarnj
1095 1793 1259 1853 atque
1333 1778 1684 1851 apostolicam:

115 1894 244 1935 nunc
264 1878 415 1933 intra
456 1876 752 1931 Ecclesiam
783 1867 1107 1929 catholic'am
1152 1869 1426 1926 didicisse.
1451 1867 1685 1924 Proinde

115 1969 258 2024 ﬁdem
293 1976 542 2024 sanctam
569 1978 731 2036 quam
758 1962 1197 2034 religiosissimus
1225 1959 1473 2015 dominus
1506 1966 1691 2013 noster

114 2057 359 2129 patefecit
390 2058 444 2111 in
469 2056 645 2111 medio
681 2053 930 2118 concilio,
958 2061 1014 2108 et
1042 2065 1200 2105 manu
1223 2064 1321 2105 sua
1349 2048 1689 2118 subscripsit,

119 2153 245 2207 hanc
294 2160 354 2207 et
402 2164 502 2207 nos
542 2159 805 2216 tenemus,
856 2148 1000 2202 hanc
1046 2143 1368 2201 conﬁtemur
1404 2141 1612 2212 pariter
1638 2146 1694 2194 et

118 2242 451 2312 suscipimus,
479 2240 621 2295 hanc
649 2239 704 2294 in
733 2236 945 2309 populis
987 2234 1284 2307 prmdicare
1314 2241 1477 2303 atque
1499 2232 1692 2287 docere

120 2333 489 2402 permittimus.
519 2330 644 2386 Haec
666 2339 749 2385 est
773 2342 902 2385 vera
929 2329 1064 2383 lides
1089 2324 1273 2397 (quam
1299 2325 1478 2379 omnis
1510 2322 1693 2378 Eccle-

122 2424 190 2478 sia
232 2423 367 2478 dum
404 2436 506 2493 per
555 2429 726 2476 totum
756 2419 1015 2474 mundum
1046 2418 1216 2487 tenet)
1259 2414 1525 2470 catholica
1571 2426 1693 2468 esse

121 2517 348 2571 creditur
379 2524 435 2570 et
460 2514 740 2584 probatur.
768 2510 867 2567 Cui
903 2510 1021 2566 haec
1065 2508 1199 2564 ﬁdes
1238 2522 1347 2563 non
1398 2506 1574 2578 placet
1601 2512 1695 2560 aut

123 2622 217 2663 non
256 2607 546 2678 placuerit,
587 2606 876 2660 anathema
903 2603 975 2660 sit
1016 2600 1334 2657 maranatha
1365 2599 1419 2654 iu
1459 2599 1692 2654 adventu

123 2698 319 2754 Domini
346 2700 517 2754 nostri
541 2695 667 2753 Jesu
691 2696 913 2753 Christi.
938 2694 1042 2763 Qui
1070 2694 1229 2750 ﬁdem
1259 2691 1463 2764 spernit
1491 2690 1702 2778 Nicaeai

123 2790 321 2846 concilii
341 2799 399 2845 et
427 2787 1012 2858 Constantinopolitani
1039 2796 1255 2843 centum
1303 2783 1693 2856 quinquaginta

125 2880 487 2952 episcoporum
507 2893 802 2948 veramque
836 2891 959 2932 esse
1005 2891 1111 2931 non
1142 2874 1360 2940 dixerit,
1409 2871 1694 2927 anathema

126 2971 204 3026 sit.
232 2970 334 3039 Qui
362 2969 524 3026 ﬁdem
550 2970 835 3040 Ephesium
858 2966 1049 3041 synodi
1083 2967 1277 3040 prima;
1317 2973 1375 3020 et
1392 2962 1693 3021 Chalcedo-

128 3067 296 3122 nensis
348 3082 455 3122 non
488 3073 656 3132 tenet,
699 3073 752 3119 et
778 3078 842 3118 ea
878 3077 984 3117 non
1032 3060 1351 3126 delectatur,
1402 3057 1693 3114 anathema

128 3158 204 3213 sit.
222 3156 328 3224 Qui
347 3156 572 3213 concilia
593 3155 838 3211 omnium
858 3154 1286 3210 orthodoxorum
1315 3149 1692 3221 episcoporum

129 3263 350 3303 consona
370 3247 614 3305 conciliis
629 3245 866 3311 Nicamo,
890 3240 1488 3315 Constantinopolitano
1499 3240 1694 3311 primo,
1724 3243 1769 3305 (ι

128 3336 386 3408 Ephesino
403 3346 460 3393 et
483 3335 908 3393 Chalcedonensi
931 3350 1037 3390 non
1056 3333 1267 3404 recipit,
1282 3332 1571 3387 anathema
1597 3330 1689 3385 sit.

128 3426 349 3486 Proinde
372 3437 429 3486 et
448 3428 848 3484 damnationem
877 3427 1019 3483 hanc
1036 3425 1279 3498 perﬁdiae
1298 3424 1695 3480 communionis

129 3519 332 3576 Arianae
355 3527 410 3575 et
453 3518 696 3575 omnium
739 3515 1092 3573 conciliorum
1137 3516 1397 3571 luerescm
1425 3513 1685 3569 Arianam

130 3609 418 3667 foventium
477 3626 603 3666 cum
645 3609 988 3665 anathemate
1034 3622 1224 3664 eorum
1273 3620 1437 3661 manu
1476 3603 1696 3677 propria

132 3703 529 3758 subscribimus.
552 3700 976 3757 Constitutiones
1006 3713 1135 3755 vero
1163 3706 1473 3755 sanctorum
1511 3696 1695 3752 conci-

132 3792 316 3850 liorum
361 3793 599 3859 Nicaeui,
645 3791 936 3863 Ephesini,
994 3787 1569 3859 Constantinopolitani
1613 3784 1696 3842 vel

134 3883 576 3941 Chalcedonensis
596 3898 734 3953 quas
755 3882 1059 3953 gratissima
1080 3895 1212 3936 aure
1227 3879 1550 3944 audivimus,
1568 3892 1697 3933 con—

133 3975 370 4032 sensione
391 3983 576 4032 nostra
589 3988 744 4031 veras
765 3987 885 4029 esse
899 3971 1269 4044 probavimus,
1292 3970 1361 4026 de
1384 3978 1495 4025 toto
1507 3969 1694 4034 corde,

136 4074 186 4118 et
212 4064 272 4119 de
294 4075 401 4122 tota
431 4066 636 4130 anima,
678 4064 825 4120 etde
859 4071 968 4118 tota
1011 4069 1194 4118 mente
1241 4069 1424 4119 nostra
1455 4061 1695 4118 subscri-

137 4156 346 4224 psimus,
374 4156 509 4212 nihil
530 4158 598 4212 ad
630 4155 991 4226 cognitionem
1015 4152 1261 4210 veritatis
1289 4152 1519 4208 lucidius
1549 4152 1698 4208 arbi-

138 4251 331 4301 trantes
353 4261 514 4316 quam
544 4259 665 4315 quae
690 4242 1123 4313 supradictorum
1145 4241 1497 4298 conciliorum
1519 4240 1696 4297 conti-

139 4344 260 4391 nent
309 4337 675 4393 auctoritates.
730 4335 806 4390 De
859 4334 1103 4390 trinitate
1149 4341 1327 4388 autem
1390 4341 1447 4387 et
1490 4333 1700 4389 unitate

141 4424 302 4481 Patris
326 4435 381 4481 et
406 4425 532 4480 Filii
584 4433 638 4479 et
679 4422 914 4495 Spiritus
956 4421 1127 4478 sancti
1182 4421 1317 4476 nihil
1368 4421 1451 4476 his
1492 4421 1695 4488 verius,

142 4516 261 4570 nihil
281 4517 505 4572 lucidius
530 4530 767 4585 unquam
789 4522 971 4584 potest
993 4512 1076 4568 vel
1094 4512 1296 4583 poterit
1318 4512 1696 4577 demonstrari,

1713 1869 1761 1931 B

1785 608 2070 663 sanctitate
2115 617 2172 663 et
2207 616 2489 677 potestate.
2534 606 2590 661 Si
2630 606 2720 677 qui
2772 606 2915 665 intra
2954 619 3077 661 eam
3126 603 3356 671 fuerint,

1784 699 2428 768 communicaverintque,
2468 699 2521 753 lii
2564 698 2803 761 audient,
2836 697 2905 752 ad
2933 697 3214 752 dexteram
3256 695 3360 751 Pa-

1785 790 1883 845 tris
1912 787 2072 859 positi
2101 801 2116 840 :
2144 786 2356 854 Venite,
2404 787 2670 842 benedicti
2718 785 2895 841 Patris
2936 785 3066 851 mei,
3096 785 3363 857 percipite

1785 895 2009 952 regnum
2039 879 2182 950 quod
2214 879 2366 934 vobis
2413 886 2659 949 paratum
2687 886 2770 933 est
2808 877 2876 932 ab
2912 877 3120 948 origine
3150 875 3359 931 mundi.

1788 973 1845 1029 Si
1875 973 1967 1043 qui
2014 980 2192 1026 autem
2221 970 2289 1025 ab
2309 985 2373 1024 ea
2403 969 2749 1035 recesserint,
2781 967 3001 1038 ejusque
3026 967 3365 1023 detraxerint

1787 1065 1934 1131 ﬁdei,
1962 1072 2018 1119 et
2063 1062 2498 1119 communionem
2543 1061 2868 1131 spreverint,
2918 1061 2973 1115 hi
3020 1060 3241 1117 audient
3267 1074 3364 1115 ore

1786 1155 1967 1211 divino
2006 1154 2060 1209 in
2107 1152 2451 1223 diejudicii:
2514 1153 2783 1208 Discedite
2832 1167 2862 1205 a
2903 1167 3007 1216 me,
3064 1150 3362 1215 maledicti,

1787 1246 1968 1300 nescio
2001 1260 2115 1300 vos.
2149 1244 2226 1299 lte
2276 1244 2329 1298 in
2374 1244 2552 1314 ignem
2581 1251 2840 1297 aeternum
2893 1242 2987 1312 qui
3030 1249 3249 1310 paratus
3280 1248 3367 1295 est

1788 1335 1999 1390 diabolo
2026 1344 2083 1389 et
2113 1334 2316 1405 angelis
2343 1333 2476 1403 ejus.
2512 1334 2634 1390 Sint
2671 1348 2801 1404 ergo
2847 1334 3098 1388 damnata
3128 1332 3185 1386 in
3229 1331 3367 1387 coelo

1788 1436 1844 1483 et
1872 1428 1923 1481 in
1965 1435 2132 1493 terra,
2177 1442 2507 1495 quaecunque
2537 1440 2633 1496 per
2675 1425 2814 1480 hanc
2853 1422 3175 1479 catholicam
3206 1422 3364 1479 ﬁdem

1789 1516 2132 1581 damnantur,
2156 1524 2212 1572 et
2239 1516 2348 1570 sint
2369 1526 2591 1586 accepta
2620 1516 2673 1571 in
2702 1516 2841 1571 cmlo
2869 1523 2924 1569 et
2948 1514 3001 1568 in
3032 1523 3196 1577 terra,
3223 1528 3371 1581 qum—

1789 1623 2003 1678 cunque
2031 1622 2126 1678 per
2166 1608 2311 1662 hanc
2347 1607 2505 1663 ﬁdem
2546 1608 2905 1678 accipiuntur,
2956 1614 3216 1678 regnante
3263 1605 3368 1661 Do-

1792 1700 1939 1754 mino
1961 1709 2146 1754 nostro
2173 1697 2301 1754 Jesu
2324 1697 2558 1764 Christo,
2587 1699 2673 1753 cui
2723 1714 2847 1754 cum
2879 1696 3040 1751 Patre
3076 1705 3133 1751 et
3162 1696 3370 1766 Spiritu

1792 1799 1978 1846 Structo
2000 1799 2082 1845 est
2103 1786 2274 1862 gloria
2310 1789 2365 1844 in
2392 1789 2587 1845 saecula
2612 1790 2949 1846 saeculorum.

1797 1923 2102 1997 Symbolum
2130 1934 2476 1979 trecentorum
2496 1926 2671 1997 decem
2695 1934 2743 1979 et
2768 1934 2881 1978 octo
2908 1921 3130 1978 Patrum
3161 1925 3377 1981 Nicteui'

2466 1996 2695 2049 concilii.

1864 2108 2148 2163 Credimus
2169 2108 2224 2162 in
2249 2123 2417 2162 unum
2445 2107 2729 2162 Dominum
2761 2108 2927 2162 Deum
2952 2105 3170 2163 Patrem
3196 2107 3375 2163 omnia

1794 2207 2095 2268 potentem,
2124 2197 2366 2253 omnium
2408 2196 2703 2252 visibilium
2741 2206 2797 2253 et
2841 2198 3191 2253 iuvisibilium
3235 2213 3372 2262 con-

1794 2289 2046 2345 ditorem.
2095 2289 2157 2345 Et
2198 2290 2253 2344 in
2303 2305 2468 2344 unum
2516 2290 2803 2345 Dominum
2859 2288 3044 2347 Iesum
3096 2291 3374 2348 Christum

1794 2379 1990 2434 Filium
2017 2380 2111 2434 Dei
2135 2380 2202 2434 de
2223 2379 2385 2435 Patre
2419 2388 2603 2434 natum
2636 2381 2993 2451 unigenitum,
3034 2382 3135 2438 hoc
3175 2389 3259 2436 est
3309 2380 3378 2434 de

1794 2472 2096 2528 substantia
2120 2471 2318 2538 Patris,
2351 2472 2518 2527 Deum
2563 2488 2629 2527 ex
2665 2473 2795 2537 Deo,
2826 2473 3007 2527 lumen
3048 2474 3117 2528 de
3141 2472 3397 2537 lumine,

1793 2563 1964 2619 Deum
2007 2576 2196 2618 verum
2232 2578 2300 2619 ex
2348 2563 2460 2619 Deo
2516 2577 2663 2626 vero,
2717 2572 2927 2630 natum,
2984 2578 3092 2618 non
3144 2562 3370 2627 factum,

1793 2654 2077 2712 omousion
2101 2653 2269 2719 Patri,
2296 2653 2398 2709 hoc
2416 2661 2502 2708 est
2523 2653 2765 2724 ejusdem
2793 2669 2915 2710 cum
2936 2653 3097 2709 Patre
3119 2653 3374 2710 substan-

1795 2745 1902 2813 tiae,
1924 2759 2023 2816 per
2042 2759 2203 2815 quem
2231 2744 2413 2799 omnia
2442 2742 2583 2799 facta
2611 2751 2757 2811 sunt,
2781 2758 2903 2814 quae
2924 2744 2978 2799 in
2999 2742 3150 2798 caelis
3171 2752 3226 2798 et
3245 2758 3370 2812 quae

1792 2834 1849 2890 in
1873 2835 2051 2900 terris,
2065 2834 2158 2905 qui
2180 2842 2399 2904 propter
2423 2848 2521 2890 nos
2546 2843 2603 2890 et
2624 2844 2845 2904 propter
2871 2842 3112 2889 nostram
3132 2833 3369 2890 salutem

1794 2927 2073 2985 descendit
2105 2936 2163 2985 et
2190 2930 2503 2986 incarnatus
2528 2940 2631 2996 est,
2650 2930 2812 2986 homo
2838 2929 3030 2996 factus;
3058 2945 3248 3000 passus
3268 2939 3374 2997 est,

1795 3029 1855 3075 et
1870 3019 2170 3076 resurrexit
2200 3020 2358 3076 tertia
2383 3021 2492 3085 dte,
2521 3020 2766 3077 ascendit
2788 3020 2844 3075 in
2875 3020 3058 3085 caelos,
3091 3021 3216 3076 inde
3238 3034 3376 3075 veno

1797 3119 1953 3167 turus
1978 3119 2056 3167 est
2078 3108 2326 3183 judicare
2365 3111 2513 3167 vivos
2553 3119 2609 3167 et
2637 3121 2903 3178 mortuos,
2930 3122 2987 3166 ct
3015 3111 3068 3166 in
3113 3112 3375 3183 Spiritum

1799 3210 2073 3267 sanctum,
2096 3216 2191 3258 eos
2216 3210 2397 3257 autem
2443 3202 2535 3272 qui
2579 3202 2790 3268 dicunt,
2818 3210 2958 3268 erat,
3008 3203 3228 3273 quando
3265 3216 3376 3258 non

1799 3300 1935 3357 erat,
1965 3300 2024 3348 et
2046 3300 2337 3361 antequam
2367 3301 2684 3348 nasceretur
2723 3308 2833 3348 non
2883 3303 3025 3358 erat,
3050 3301 3109 3348 et
3152 3292 3283 3364 quia
3306 3308 3378 3349 ex

1795 3384 1958 3440 nullis
1993 3383 2334 3440 exstantibus
2362 3382 2541 3439 factus
2579 3394 2682 3451 est,
2727 3395 2823 3439 aut
2855 3398 2922 3440 ex
2958 3384 3062 3439 alia
3125 3385 3379 3441 substan-

1798 3476 1872 3531 tia
1897 3474 1985 3531 vel
2004 3462 2372 3540 subsistentia,
2412 3474 2599 3530 dicunt
2636 3489 2777 3541 esse,
2819 3483 2913 3530 aut
2941 3475 3391 3540 convertibilem,-

1797 3570 1891 3621 aut
1919 3563 2355 3619 commutabilem
2382 3563 2580 3618 Filium
2600 3564 2719 3630 Dei,
2742 3564 3166 3619 anathematizat
3191 3565 3385 3620 catho-

1796 3656 1900 3712 lica
1926 3664 1983 3711 et
2002 3654 2295 3727 apostolica
2332 3655 2594 3712 Ecclesia.

1800 3784 2105 3858 Symbolum
2176 3783 2263 3840 CL
2318 3783 3171 3858 Patrum”Conslantmopolitam
3248 3804 3374 3843 con-

2514 3856 2644 3911 cilii.

1871 3968 2151 4025 Credimus
2196 3970 2248 4024 in
2275 3984 2441 4024 unum
2464 3970 2634 4024 Deum
2686 3969 2899 4024 Patrem
2928 3969 3377 4040 omnipotentem,

1800 4059 2058 4117 factorem
2084 4061 2207 4116 coeli
2236 4069 2291 4116 et
2325 4068 2506 4127 terrae,
2534 4060 2824 4116 visibilium
2849 4061 3094 4115 omnium
3135 4068 3190 4116 et
3238 4060 3377 4116 invi-

1802 4152 2033 4207 sibilium
2070 4151 2424 4207 conditorem.
2474 4152 2539 4207 Et
2578 4152 2632 4207 iu
2678 4167 2844 4213 unum
2875 4152 3161 4206 Dominum
3187 4149 3371 4209 Iesum

1801 4245 1995 4300 Filium
2036 4246 2129 4301 Dei
2157 4246 2490 4315 unigenitum
2537 4259 2602 4300 ex
2631 4244 2795 4300 Patre
2824 4252 3008 4298 natum
3038 4252 3163 4299 ante
3192 4243 3376 4298 omnia

1802 4337 2018 4403 saecula,
2062 4337 2231 4392 Deum
2283 4352 2351 4391 ex
2400 4336 2531 4402 Deo,
2579 4336 2762 4393 lumen
2818 4352 2885 4391 ex
2929 4336 3154 4402 lumine,
3210 4336 3379 4390 Deum

1804 4440 1989 4480 verum
2029 4440 2095 4482 ex
2138 4426 2247 4481 Deo
2284 4441 2445 4490 vero,
2492 4435 2695 4490 natum,
2752 4440 2859 4480 nou
2916 4426 3140 4490 factum,
3190 4440 3381 4479 omou-

1803 4516 1921 4572 sion
1956 4517 2127 4583 Patri,
2170 4517 2273 4572 hoc
2298 4526 2382 4571 est
2426 4516 2664 4588 ejusdem
2696 4532 2818 4571 cum
2845 4515 3001 4571 Patre
3046 4515 3379 4573 substaulim.

143 4604 202 4659 de
220 4603 873 4677 mysteriolucarnationis
895 4602 1157 4673 unigeniti
1178 4602 1299 4656 Filii
1329 4602 1424 4657 Dei
1471 4618 1572 4674 pro
1603 4619 1694 4659 sa-
1728 4597 1775 4656 D
1801 4623 1899 4678 per
1935 4623 2094 4678 quem
2122 4608 2302 4661 omnia
2343 4608 2484 4664 facta
2531 4616 2676 4673 sunt,
2719 4624 2838 4680 qua:
2868 4609 2923 4664 iu
2963 4608 3114 4663 caelis
3162 4617 3216 4662 et
3260 4621 3381 4677 qua!

147 4692 243 4747 tute
272 4694 493 4749 humani
548 4693 762 4764 generis
808 4708 917 4763 quo
955 4707 1085 4748 vera
1132 4692 1394 4764 probatur
1448 4691 1700 4747 humanae

149 4793 333 4840 natura:
356 4786 474 4841 sine
500 4768 1058 4855 peccati'coutagione
1081 4783 1371 4855 susceptio,
1408 4792 1463 4838 et
1488 4798 1701 4853 perma-

149 4879 652 4949 nentisineorrupta:
699 4878 752 4932 in
804 4891 870 4933 eo
904 4876 1201 4933 divinitatis
1247 4875 1538 4946 plenitudo,
1573 4875 1698 4930 dum

149 4965 245 5024 hac
266 4979 454 5025 natura
484 4980 714 5038 utraque
740 4982 847 5023 non
877 4967 1106 5038 deperit,
1136 4974 1193 5021 et
1216 4981 1321 5020 una
1355 4964 1427 5020 sit
1455 4980 1523 5021 ex
1549 4973 1700 5020 utra-

149 5072 237 5127 que
271 5060 479 5116 Domini
511 5061 680 5116 nostri
720 5057 848 5115 Jesu
889 5058 1089 5114 Christi
1119 5072 1344 5128 persona
1372 5056 1505 5112 satis
1540 5055 1698 5127 plane

149 5147 194 5201 in
220 5151 297 5206 his
345 5151 589 5207 conciliis
638 5154 902 5222 probatur
947 5148 1193 5220 pateﬁeri
1239 5149 1464 5215 veritas,
1503 5164 1625 5219 quae
1668 5164 1698 5203 a

150 5240 284 5296 nobis
311 5242 581 5308 credatur,
613 5240 759 5296 omni
789 5250 998 5295 remota
1041 5240 1398 5296 dubitatione.
1448 5240 1549 5308 Qui
1605 5258 1703 5296 un-

150 5345 290 5399 quam
317 5336 455 5389 hanc
488 5333 649 5388 ﬁdem
675 5343 919 5388 sanctam
967 5330 1281 5402 depravare,
1327 5347 1698 5402 corrumpere,

151 5432 337 5479 mutare
359 5423 667 5488 tentaverit,
699 5429 792 5478 aut
831 5422 899 5477 ab
951 5422 1137 5478 eadem
1191 5422 1298 5478 ﬁde
1339 5423 1425 5478 vel
1460 5439 1701 5479 commuo

153 5510 293 5568 nione
328 5515 592 5570 catholica
619 5513 805 5585 (quam
836 5528 1008 5582 nuper
1035 5529 1220 5569 sumus
1256 5513 1366 5569 Deo
1410 5515 1701 5571 miserante

155 5602 330 5676 adepti)
359 5621 477 5663 sese
502 5620 757 5676 separare
784 5604 867 5659 vel
890 5605 1184 5660 dissociare
1209 5605 1461 5674 voluerit,
1491 5607 1564 5662 sit
1592 5607 1701 5662 Deo

155 5699 199 5744 et
237 5694 473 5750 universo
516 5694 715 5749 mundo
745 5694 957 5748 crimini
992 5693 1324 5750 inﬁdelitatis
1354 5695 1407 5750 iu
1437 5706 1698 5752 aeternum

152 5782 411 5842 obnoxius.
442 5784 659 5841 Floreat
701 5794 878 5840 autem
930 5793 1116 5840 sancta
1166 5786 1430 5842 catholica
1455 5787 1698 5844 Ecclesia

483 5901 754 5961 Penee.
800 5898 1038 5959 CXXX
1081 5939 1098 5956 ρ

1803 4698 1859 4752 in
1896 4700 2055 4754 terris
2079 4708 2222 4755 sunt.
2254 4700 2354 4767 Qui
2376 4707 2595 4771 propter
2617 4711 2858 4756 nostram
2884 4701 3112 4756 salutem
3148 4699 3377 4753 descen-

1802 4778 1901 4855 dit,
1930 4798 1986 4845 et
2012 4791 2325 4846 incarnatus
2371 4799 2456 4846 est
2500 4791 2568 4847 de
2615 4791 2818 4863 Spiritu
2872 4800 3063 4846 sancto
3098 4805 3167 4846 ex
3211 4788 3379 4843 Maria

1801 4879 2032 4951 virgine,
2070 4880 2237 4935 homo
2272 4880 2469 4948 factus,
2499 4897 2690 4953 passus
2712 4892 2795 4938 est
2831 4882 2929 4936 sub
2954 4880 3148 4935 Pontio
3180 4878 3378 4944 Pilato,

1800 4971 2061 5040 sepultus,
2096 4971 2255 5027 tertia
2303 4972 2391 5027 die
2440 4974 2759 5028 resurrexit.
2806 4971 3064 5026 Ascendit
3106 4970 3158 5024 in
3190 4969 3375 5035 crelos,

1800 5064 1949 5117 sedet
1990 5063 2059 5118 ad
2092 5066 2368 5119 dexteram
2405 5063 2500 5119 Dei
2545 5062 2742 5129 Patris,
2786 5062 2982 5117 iterum
3026 5070 3284 5116 venturus
3326 5061 3379 5114 in

1802 5154 1973 5226 gloria
2011 5153 2260 5223 judicare
2297 5156 2448 5210 vivos
2483 5164 2539 5210 et
2572 5163 2831 5209 mortuos.
2877 5150 3041 5220 Cujus
3070 5153 3220 5224 regni
3272 5167 3379 5207 non

1802 5244 1905 5300 erit
1948 5244 2090 5309 ﬁnis,
2112 5254 2167 5299 et
2195 5245 2249 5299 iu
2279 5244 2542 5314 Spiritum
2565 5244 2853 5299 Dominum
2896 5253 2951 5299 et
2994 5245 3380 5306 viviﬁcantem,

1802 5348 1870 5388 ex
1906 5333 2073 5389 Patre
2096 5335 2495 5404 procedentem,
2537 5350 2660 5389 cum
2694 5332 2853 5390 Patre
2883 5343 2937 5389 et
2981 5334 3117 5391 Filio
3147 5335 3382 5390 adoran—

1806 5425 1933 5479 dum
1962 5436 2017 5479 ct
2070 5425 2499 5496 gloriticandum,
2528 5427 2622 5496 qui
2666 5425 2873 5482 locutus
2906 5435 2989 5482 est
3021 5441 3116 5495 per
3153 5426 3382 5495 prophe-

1809 5524 1912 5581 tas,
1930 5531 2113 5580 unam,
2128 5516 2448 5571 catholicam
2469 5525 2523 5571 et
2545 5516 2891 5586 apostolicam
2905 5516 3221 5573 Ecclesiam.
3248 5512 3381 5568 Con-

1808 5607 1965 5664 ﬁteor
1994 5624 2156 5662 unum
2196 5609 2460 5678 baptisma
2499 5608 2553 5662 in
2599 5610 2969 5665 remissionem
3010 5614 3377 5677 peccatorum.

1808 5698 2194 5770 Exspectamus
2253 5700 2701 5756 resurrectionem
2765 5708 3097 5754 mortuorum
3128 5735 3143 5759 ,
3212 5695 3389 5750 vitam»

1809 5792 1973 5847 futuri
2003 5790 2201 5847 saeculi.
2238 5790 2428 5847 Amen.
3074 5776 3083 5783 ’
3234 5776 3237 5783 ἱ

2875 5907 2949 5970 15
