3910 6470
138 448 226 504 i5;
519 423 525 429 ‘
589 421 594 425 ‘
859 433 862 436 ί
1239 427 1682 486 DECRETALIU

1813 392 2182 483 :OLLECTIO.
2417 441 2421 444 ~
2515 444 2518 448 λ
3255 419 3357 474 tat

195 565 274 617 :20.
314 557 379 614 Ut
405 556 680 626 episcopus
706 550 959 621 angat-ias
984 546 1068 603 vel
1091 545 1415 602 indictioncs
1438 546 1489 599 in
1529 544 1665 598 dim-
1700 553 1744 605 Α
1774 537 2058 594 mzmifesta
2085 539 2155 593 sit
2182 546 2237 593 et
2277 535 2646 626 testimonium
2693 534 2910 626 habeat,
2951 543 3007 590 et
3051 536 3119 590 ad
3159 535 3362 591 Christi

137 624 612 716 ρυδίηοηίιηροιωι,
1777 643 1972 699 corpus
1995 636 2051 683 et
2069 627 2384 697 sanguinem
2432 624 2822 696 pralibandum
2867 633 3086 695 pectora
3138 626 3362 696 populo-

193 742 272 801 21.
313 736 376 794 Ut
412 752 513 792 non
537 735 697 789 liceat
711 731 981 800 iudicibus
1009 727 1235 783 clericos
1259 727 1342 782 vel
1373 741 1561 782 servos
1589 742 1676 781 ec-
1776 735 1895 774 rum
1926 718 2031 773 ﬁde
2054 717 2335 787 puriﬁcata
2363 717 2642 772 accedam.

138 832 291 889 desim
320 829 372 885 in
408 827 518 883 suis
545 822 782 893 angariis
807 834 1097 889 occupare.
1847 809 1929 864 lll.
1990 809 2118 865 Hac
2169 817 2356 866 sancta
2409 809 2646 879 synodus
2693 807 2823 862 nulli
2875 809 3250 879 episcoporum
3296 810 3364 864 lt-

193 922 271 978 2'2.
309 918 374 976 Ut
438 916 808 988 religiosorum
860 925 1091 980 corpora
1135 907 1413 980 psallendo
1465 914 1674 962 tantum
1777 902 2007 958 centiam
2025 900 2574 958 tribuitresalienare
2595 899 3125 970 ecclesia,quoniam
3148 910 3203 958 et
3221 901 3365 957 anti-

139 1015 460 1069 deducam“.
1777 991 2057 1062 quioribns
2081 991 2383 1048 canonibus
2426 992 2527 1046 hoc
2570 989 2904 1062 prohibetur.
2963 989 3019 1045 Si
3062 991 3192 1061 quid
3240 1007 3370 1046 vero

195 1101 270 1155 25.
309 1097 375 1154 Ut
397 1097 450 1150 in
478 1100 784 1150 sanctorum
815 1087 1079 1145 natalitiis
1107 1086 1457 1144 ballimathia
1487 1085 1676 1156 prohi-
1779 1087 1920 1157 quod
1968 1087 2259 1144 utilitatem
2315 1103 2424 1144 non
2477 1095 2666 1158 gravet
2707 1087 2950 1143 ecclesia
2992 1103 3090 1158 pro
3116 1087 3368 1158 suﬁ‘ragic

139 1196 360 1252 beantur.
1779 1183 2172 1239 monachorum
2196 1182 2284 1240 vel
2311 1182 2560 1240 ecclesiis
2580 1181 2649 1238 ad
2673 1196 2826 1238 suam
2883 1182 3192 1250 parochiam
3248 1191 3376 1251 pecu

381 1274 721 1334 INCIPIUNT
759 1274 1079 1330 DECRETA
1113 1269 1428 1330 CONCILIL
1781 1275 2067 1331 tinentium
2096 1275 2366 1340 dederint,
2399 1273 2617 1328 ﬁrmum
2655 1281 2891 1328 maneat.
2950 1272 3370 1342 Peregrinorun.

195 1377 308 1428 Car.
337 1371 373 1428 ι.
415 1371 548 1426 POSt
599 1367 1001 1425 damnationem
1054 1365 1276 1422 haresis
1318 1363 1568 1427 Δι’ἱθηω,
1627 1369 1684 1416 ει
1781 1369 1869 1425 vel
1920 1369 2242 1425 clericorum
2271 1378 2328 1425 et
2373 1383 2668 1440 egenorum
2707 1369 3019 1424 necessitati
3062 1367 3208 1424 salvo
3251 1367 3374 1437 jure

140 1467 241 1522 ﬁdei
267 1472 458 1520 sancta
505 1460 789 1518 catholica
826 1458 1243 1530 expositionem,
1292 1457 1396 1512 hoc
1435 1462 1683 1510 sanctum
1782 1458 2039 1516 Ecclesia:
2067 1468 2325 1530 ριιωειειιιε
2374 1459 2764 1531 permittuntur
2807 1473 2907 1530 pro
2955 1469 3199 1530 tempore
3255 1473 3374 1529 qua:

138 1557 359 1628 pracepit
382 1554 671 1611 concilium
695 1572 709 1608 :
733 1551 805 1608 Ut
823 1551 950 1623 quia
975 1566 1006 1605 a
1035 1549 1306 1606 nonnullis
1330 1547 1414 1604 vel
1442 1544 1684 1610 haeresis,
1783 1559 2095 1622 potuerunt.

140 1645 521 1720 velgentilitatis
546 1644 870 1701 necessitate
895 1657 993 1714 per
1019 1641 1402 1712 Hispaniarum
1430 1636 1687 1694 ecclesias
1857 1643 1948 1698 IV.
1987 1643 2044 1698 Si
2091 1642 2374 1713 episcopus
2419 1658 2582 1698 unam
2630 1644 2699 1701 de
2742 1645 3090 1715 parochianis
3132 1645 3377 1701 ecclesiis

140 1741 400 1797 canonicos
423 1736 822 1809 praetermissus
865 1746 948 1790 εει
997 1734 1152 1798 ordo.
1205 1733 1332 1788 dum
1373 1736 1430 1785 θι
1471 1727 1688 1784 “Genua
1788 1735 1902 1791 suis
1928 1734 2318 1790 monasterium
2342 1735 2524 1790 dicare
2547 1736 2799 1803 voluerit,
2827 1747 2885 1793 ut
2909 1739 2964 1793 in
2993 1755 3055 1793 ea
3083 1740 3375 1795 monacho-

141 1833 403 1888 abundaret
434 1827 891 1901 transgrediendi,
918 1834 973 1882 et
998 1824 1300 1896 disciplinae
1345 1821 1495 1892 optio
1520 1832 1685 1890 nega-

1831 1842 1908 1882 um
1932 1826 2252 1899 regulariter
2277 1827 2624 1899 congregatio
2645 1829 2813 1896 vivat,
2844 1831 2946 1887 hoc
2992 1831 3058 1887 de
3107 1847 3375 1888 consensu

143 1933 282 1986 retur.
313 1921 432 1978 dum
457 1920 640 1975 omnis
664 1933 920 1974 excessus
947 1914 1172 1972 haresis
1221 1913 1546 1985 probaretur
1591 1924 1687 1980 pa-

1829 1919 2006 1974 oncilii
2035 1918 2117 1974 sui
2143 1917 2344 1974 habeat
2368 1919 2644 1976 licentiam
2671 1921 2926 1988 faciendi,
2974 1925 3064 1993 qui
3117 1923 3282 1978 etiam
3334 1925 3373 1978 si

143 2013 356 2080 trocinio,
379 2021 433 2068 et
461 2009 797 2068 abundantia
840 2007 965 2063 mali
1018 2005 1276 2075 temporis
1319 2002 1504 2075 procul
1547 2008 1687 2056 esset

1817 2010 1859 2066 le
1891 2010 2049 2066 rebus
2074 2008 2316 2068 ecclesia:
2349 2025 2447 2081 pro
2474 2024 2659 2066 eorum
2699 2012 2998 2069 substantia
3043 2014 3245 2086 aliquid
3273 2031 3361 2084 qu.

143 2103 373 2158 districtio
401 2100 721 2170 disciplina.
751 2098 820 2154 At
848 2113 990 2153 nunc
1010 2111 1146 2168 pace
1188 2093 1436 2152 ecclesia
1486 2091 1691 2148 Christi
1791 2098 2176 2154 detrimentum
2200 2098 2444 2155 ecclesiae
2465 2116 2571 2155 non
2593 2101 2852 2158 exhibeat
2877 2143 2891 2168 ,
2927 2104 3100 2160 eidem
3137 2105 3256 2160 ιορο
3278 2106 3348 2159 (ιο

143 2193 478 2249 misericordia
542 2199 793 2262 reparata
822 2230 837 2256 ,
883 2188 1026 2258 Quod
1075 2188 1375 2258 priscorum
1423 2197 1692 2240 canonum
1794 2189 2026 2258 naverit,
2055 2189 2131 2246 s‘it
2161 2189 2373 2246 stabile.
2422 2189 2522 2247 Rei
2573 2191 2730 2249 bona
2781 2198 3081 2252 statuenda:
3136 2208 3356 2252 sanetur.

144 2284 400 2340 auctoritas
436 2281 712 2355 prohibet,
739 2280 811 2336 sit
836 2285 1152 2350 resurgente
1180 2274 1466 2346 disciplina
1495 2271 1695 2329 inhibi-
1795 2282 2084 2340 concilium
2118 2283 2210 2338 dat
2235 2297 2580 2339 consensum,

147 2385 254 2441 tum,
278 2385 328 2430 et
347 2382 541 2446 agatur
559 2388 718 2428 omne
739 2371 878 2441 quod
892 2368 1170 2440 pracepit,
1184 2374 1496 2436 permaneat
1521 2365 1574 2420 in
1597 2378 1696 2420 suo
1868 2373 1932 2430 ν,
1948 2373 2294 2444 Compertum
2313 2381 2399 2429 est
2412 2389 2443 2429 a
2462 2382 2651 2430 sancto
2673 2376 2924 2443 concilio,
2947 2376 3249 2448 episcopos,
3263 2394 3372 2449 pm

144 2469 297 2540 vigore
315 2467 673 2540 conciliorum!
693 2463 932 2519 omnium
955 2461 1246 2518 constituta
1274 2458 1435 2514 simul
1461 2468 1516 2514 et
1536 2473 1698 2530 syno-
1797 2464 2042 2535 sbyteros
2093 2473 2149 2518 et
2174 2463 2452 2530 diaconos,
2495 2465 2776 2522 venientes
2831 2482 2896 2521 ex
2951 2468 3142 2525 haeresi
3178 2471 3364 2525 carnM

146 2538 254 2613 dica
295 2566 609 2614 sanctorum
661 2538 955 2625 prasulum
1003 2551 1371 2606 Romanorum
1435 2547 1694 2619 epistolae.
1797 2553 1974 2609 adhuc
1995 2553 2262 2610 desiderio
2290 2553 2548 2612 uxoribus
2581 2555 2842 2626 copulari.
2870 2556 2949 2614 Ne
2989 2574 3121 2631 ergo
3166 2560 3233 2616 de
3276 2577 3351 2617 ea

145 2648 300 2705 Nullus
319 2649 577 2718 deinceps
605 2647 674 2702 ad
691 2643 1081 2718 promerendos
1109 2644 1345 2698 honores
1367 2639 1698 2698 ecclesiasti-
1800 2652 1918 2700 tero
1946 2645 2050 2700 hoc
2082 2643 2173 2699 ﬁat
2199 2644 2530 2716 pracipitur,
2552 2647 2694 2716 quod
2742 2657 2793 2702 et
2836 2651 3135 2706 canonibus
3182 2651 3350 2722 priori

145 2758 218 2798 eos
245 2751 419 2799 contra
439 2755 714 2797 canonum
751 2746 955 2809 statuta
1009 2737 1212 2808 aspiret
1242 2735 1510 2805 indignus,
1564 2732 1699 2788 nihil
1798 2740 1900 2796 bus
1927 2738 2258 2803 continetur,
2287 2745 2347 2791 ut
2375 2753 2483 2793 non
2527 2736 2690 2793 liceat
2737 2739 2818 2796 eis
2869 2741 3051 2797 vivere
3099 2741 3352 2804 libidines

145 2850 197 2888 ex
241 2834 334 2890 hoc
385 2834 482 2889 ﬁat
532 2832 674 2903 quod
709 2831 882 2887 sancti
927 2830 1118 2885 Patres
1163 2827 1369 2899 Spiritu
1411 2825 1507 2882 Dei
1555 2826 1699 2897 pleni
1800 2831 2083 2895 societate,
2123 2827 2217 2884 sed
2243 2837 2498 2884 manente
2520 2827 2664 2884 inter
2687 2843 2781 2885 eos
2800 2828 3068 2903 coniugali
3088 2831 3204 2904 lege
3232 2848 3354 2888 com

146 2934 402 2980 sanxerunt
424 2925 630 2981 debere
654 2937 760 2977 non
787 2920 927 2988 ﬁeri,
953 2929 1006 2975 et
1030 2919 1122 2990 qui
1161 2918 1567 2990 prasumpserit
1617 2931 1702 2972 ser
1800 2936 2017 2978 munem
2074 2919 2359 2974 utilitatem
2408 2919 2665 2986 habeant,
2721 2928 2906 2976 etnon
2950 2921 3050 2977 sub
3099 2938 3208 2979 uno
3255 2940 3380 2979 con-

145 3018 337 3074 veritate
360 3019 608 3090 priorum
639 3031 906 3071 canonum
939 3013 1314 3085 distringatur.
1801 3013 1939 3070 clavi
1965 3020 2238 3078 maneant,
2269 3011 2355 3070 vel
2377 3021 2527 3069 certe
2555 3014 2601 3068 si
2621 3012 2947 3085 suffragatur
2967 3017 3135 3072 virtus
3180 3016 3234 3073 in
3286 3016 3388 3073 alia

200 3109 253 3163 ll.
274 3111 371 3166 Pro
395 3107 704 3164 reverentia
730 3115 786 3162 et
805 3105 1135 3162 exaltatione
1157 3104 1515 3161 sanctissima
1535 3111 1702 3173 atque
1803 3105 1963 3161 domo
1999 3118 2156 3159 suam
2180 3118 2402 3160 uxorem
2428 3102 2597 3161 faciat
2625 3105 2895 3172 habitare,
2919 3116 2976 3162 ut
2999 3108 3222 3164 castitas
3248 3110 3386 3178 apud

149 3198 614 3255 intemeratissima
646 3196 847 3252 Christi
875 3195 997 3251 ﬁdei
1028 3202 1247 3266 prepter
1271 3192 1702 3250 corroborandas
1804 3195 1974 3252 Deum
1995 3203 2050 3250 et
2083 3194 2225 3266 apud
2255 3196 2502 3253 homines
2528 3196 2728 3253 habeat
2764 3198 3131 3257 testimonium
3161 3199 3382 3254 bonum.

148 3300 192 3344 et
213 3291 498 3348 fulciendas
526 3290 806 3346 hominum
849 3287 1112 3344 invalidas
1159 3294 1388 3352 mentes,
1435 3300 1556 3354 qua:
1598 3284 1704 3338 fre-
1731 3276 1776 3339 C
1809 3287 1865 3342 Si
1896 3287 1988 3358 qui
2011 3301 2141 3342 vero
2166 3297 2290 3358 post
2342 3287 2483 3344 hanc
2523 3289 2935 3345 conventionem
2983 3289 3216 3346 obscene
3265 3305 3391 3346 cum

149 3391 346 3449 quenter
377 3381 586 3452 partim
619 3378 937 3450 ignorantia
972 3376 1106 3431 vitio
1138 3373 1268 3447 (quo
1293 3373 1612 3429 naturaliter
1637 3371 1706 3427 ab
1805 3393 1974 3434 uxore
2003 3377 2228 3448 elegerit
2252 3377 2460 3444 vivere,
2488 3386 2548 3434 ut
2595 3395 2696 3435 nec
2743 3379 2916 3436 lector
2972 3379 3258 3446 habeatur,
3295 3381 3390 3451 qui

149 3473 255 3542 ipsis
273 3474 388 3528 vita
414 3472 683 3542 auspiciis
712 3471 991 3526 nascimur
1019 3467 1380 3537 obtenebrati)
1403 3482 1434 3521 a
1456 3466 1541 3521 via
1567 3465 1708 3522 veri-
1804 3483 1936 3525 vero
1963 3483 2179 3540 semper
2222 3470 2323 3525 sub
2349 3485 2559 3526 canone
2604 3471 2974 3528 ecclesiastico
3020 3472 3311 3543 jacuerint,
3348 3475 3395 3530 si

151 3563 253 3616 tatis
277 3563 534 3618 aberrare
561 3561 756 3626 solent,
784 3561 979 3630 partim
1001 3557 1338 3614 educationis
1370 3555 1567 3611 infelici
1590 3570 1701 3610 cor-
1806 3572 1998 3618 contra
2030 3571 2275 3618 veterum
2315 3563 2578 3634 imperata
2616 3565 2670 3618 in
2718 3565 2830 3621 suis
2877 3564 3084 3620 cellulis
3140 3564 3396 3620 mulieres

150 3653 326 3724 '"Plela
347 3653 660 3724 depravata?
685 3664 1070 3720 nonnunquam
1095 3649 1237 3720 (Ιιιοά
1261 3656 1408 3703 nec“!
1439 3646 1578 3701 ι’θῑίο
1601 3659 1712 3700 ωο·
1808 3670 1929 3726 qua
1961 3654 2198 3711 infamia
2234 3656 2597 3726 suspicionem
2643 3665 2871 3728 possunt
2923 3671 3206 3729 generare,
3261 3672 3392 3712 con—

148 3755 221 3799 net
237 3754 284 3800 et
314 3744 588 3801 naturalis
610 3743 769 3798 docet
812 3741 1124 3804 instinctus.
1173 3748 1230 3794 et
1264 3737 1416 3809 sequi
1464 3735 1692 3792 veritati:

1853 3746 2036 3802 mium
2067 3745 2375 3812 habuerint,
2405 3746 2480 3801 illi
2501 3747 2762 3804 canonice
2800 3745 3018 3817 quidem
3071 3747 3397 3817 distringan-

150 3839 328 3908 purilas
349 3839 698 3903 exhortatur.
729 3852 835 3891 ῐιοη
868 3835 987 3892 sine
1011 3835 1160 3907 gravi
1205 3833 1398 3889 anima
1425 3830 1712 3903 dispendio
1812 3847 1922 3903 tur,
1961 3837 2252 3893 mulierum
2275 3852 2404 3893 vero
2431 3852 2520 3893 res
2543 3837 2611 3894 ab
2629 3837 2898 3910 episcopis
2919 3837 3318 3903 venundentur,
3344 3848 3400 3891 et

154 3929 495 4000 despieantur.
523 3930 660 3985 Hinc
701 3928 793 3985 ubi
836 3928 1015 3982 anima
1063 3926 1347 3982 rationalis
1393 3923 1573 3979 nobile
1617 3923 1712 3979 Dei
1811 3932 2044 4004 pretium
2073 3933 2248 4003 ipsum
2269 3932 2599 4005 pauperibus
2622 3938 2894 4004 erogatur,

155 4023 334 4094 plasma
369 4036 424 4082 et
446 4025 727 4097 egregium
767 4023 1060 4079 artiﬁcium
1090 4022 1448 4078 sanctissima
1481 4021 1716 4076 Trinita-
1888 4023 1974 4081 Vl.
2015 4024 2092 4079 De
2117 4023 2328 4080 libertis
2351 4032 2532 4080 autem
2563 4025 2666 4080 hoc
2693 4025 2950 4096 pracepit
2999 4031 3186 4079 sancta
3233 4038 3397 4095 syno-

158 4115 216 4170 tis
230 4116 418 4174 habens
443 4119 498 4173 in
532 4132 592 4172 se
617 4115 846 4186 vestigia
873 4115 939 4170 ad
961 4115 1044 4170 sui
1063 4113 1339 4170 Creatoris
1357 4127 1596 4167 amorem
1620 4127 1718 4183 per
1816 4113 1938 4179 dus,
1968 4120 2027 4168 ut
2052 4113 2097 4168 si
2122 4113 2213 4184 qni
2250 4112 2548 4186 presbyteri
2573 4113 2656 4168 vel
2679 4113 2888 4168 diaconi
2919 4112 2988 4168 ab
3022 4112 3288 4184 episcopis
3319 4114 3401 4165 t'a-
3460 4104 3462 4106 ’

157 4218 315 4262 veram
335 4206 746 4278 intelligentiam
771 4205 991 4261 deberet
1013 4203 1208 4259 elevari
1230 4203 1546 4274 ignorantia
1573 4210 1719 4256 tene-
1817 4205 1890 4260 cti
1913 4211 2041 4258 sunt
2067 4203 2362 4259 secundum
2385 4203 2602 4258 modum
2636 4195 2746 4273 quo
2775 4218 3013 4260 canones
3044 4203 3248 4273 antiqui
3275 4203 3405 4257 dant

159 4297 253 4352 bris
276 4296 550 4364 obvoluta,
596 4297 665 4351 ad
705 4296 930 4352 haresis
979 4295 1299 4366 pravitatem
1337 4291 1544 4349 deﬂexa
1567 4332 1583 4360 ,
1635 4290 1720 4347 sui
1819 4295 2118 4360 licentiam,
2150 4294 2260 4349 sint
2282 4293 2462 4358 liberi,
2488 4302 2544 4349 et
2572 4303 2752 4349 tamen
2779 4310 2810 4349 a
2832 4295 3135 4365 patrocinio
3162 4295 3407 4350 ecclesia

159 4384 406 4445 Creatoris
427 4404 620 4445 verum
654 4386 858 4442 cultum
899 4385 1102 4442 deserit
1144 4385 1249 4440 diis
1303 4383 1496 4439 alienis
1548 4383 1721 4438 inser-
1823 4397 1930 4442 tam
1961 4386 2143 4443 clerici
2165 4400 2325 4456 quam
2350 4384 2419 4440 ab
2446 4385 2526 4443 eis
2547 4386 2815 4459 progeniti
2865 4402 2972 4443 non
3013 4385 3288 4450 recedant,
3340 4384 3408 4440 ab

159 4479 310 4536 viens.
332 4480 428 4536 llis
455 4483 624 4554 igitur
659 4479 1016 4535 incommodis
1049 4476 1373 4534 occurrendi
1423 4491 1608 4544 causa,
1663 4483 1724 4530 ut
1823 4479 1942 4536 aliis
1965 4495 2181 4551 quoque
2204 4479 2443 4536 libertati
2475 4478 2658 4534 traditi
2693 4489 2747 4533 et
2765 4479 3012 4536 ecclesiis
3041 4477 3406 4534 commendati

160 4572 338 4627 erroris
359 4574 533 4629 nubes
551 4571 710 4643 longe
732 4570 1082 4642 repellantur,
1109 4578 1165 4624 et
1187 4568 1435 4625 veritatis
1457 4583 1524 4624 ac
1548 4567 1721 4624 unica
1748 4627 1797 4643 ﬂ
1824 4570 2126 4642 patrocinio
2157 4570 2393 4641 episcopi
2425 4569 2764 4641 colligantur,
2799 4578 2856 4626 et
2894 4585 2964 4626 ne
3015 4569 3265 4642 cuiquam
3316 4568 3410 4622 do-

160 4661 265 4718 tidei
286 4627 537 4736 splendor
566 4627 810 4731 illuvceat:
846 4627 1233 4732 hominumque
1266 4661 1535 4717 mentibus
1576 4660 1724 4732 puri—
1748 4627 1800 4686 Β
1826 4627 2025 4719 nentur
2046 4678 2075 4716 a
2098 4627 2470 4732 principe-hoc
2492 4627 2776 4732 episcopus
2795 4660 3053 4733 postulet.

163 4757 274 4812 tatis
325 4768 382 4813 et
428 4760 532 4814 via
560 4756 854 4813 infallibilis
899 4756 1244 4828 pulchritudo
1277 4755 1569 4819 inseratur,
1624 4769 1724 4827 per
1899 4751 2008 4808 VII.
2049 4751 2155 4808 Pro
2183 4751 2484 4807 reverentia
2515 4752 2609 4808 Dei
2631 4760 2685 4807 et
2713 4752 3054 4807 sacerdotum
3083 4748 3136 4804 id
3162 4748 3412 4804 universa

162 4861 304 4915 quam
327 4857 468 4905 totus
491 4845 927 4904 animaaffectus
959 4847 1013 4902 in
1045 4847 1215 4902 Deum
1249 4861 1407 4902 suum
1457 4843 1722 4912 elcvetur,
1824 4852 2011 4902 sancta
2055 4843 2336 4899 constituit
2386 4843 2624 4914 synodus
2656 4883 2671 4908 ,
2717 4851 2776 4897 ut
2827 4841 2952 4914 quia
3000 4841 3177 4896 solent
3221 4840 3414 4895 crebro

165 4945 213 4991 et
233 4939 366 4996 illius
387 4949 544 5012 rapta
565 4939 835 4996 desiderio
856 4939 1109 5010 prudenti
1132 4938 1388 5010 indagine
1439 4936 1720 4993 oculorum
1825 4937 2031 4994 mensis
2059 4937 2247 4992 otiosa
2270 4935 2464 4991 fabula
2486 4936 2775 5008 interponi,
2801 4936 2852 4990 in
2892 4934 3036 4990 omni
3087 4931 3413 4989 sacerdotali

166 5031 293 5086 acies
365 5033 433 5087 ad
498 5032 678 5087 lumen
748 5031 995 5087 veritatis
1074 5029 1511 5101 inexstinguibile
1577 5029 1721 5101 (qua
1823 5029 2072 5086 convivio
2098 5028 2256 5083 lectio
2299 5022 2704 5099 Scripturarum
2757 5026 3060 5080 divinarum
3098 5024 3414 5086 misceatur,

167 5117 294 5176 Deus
322 5123 422 5192 est)
451 5137 674 5192 prorsus
695 5130 978 5177 convertat
997 5163 1010 5186 ,
1039 5121 1156 5176 sine
1175 5118 1328 5190 cujus
1342 5120 1565 5176 obtentu
1589 5119 1725 5175 nihil
1832 5135 1931 5192 per
1956 5120 2058 5174 hoc
2078 5119 2220 5174 enim
2251 5127 2306 5172 et
2331 5119 2526 5173 anima
2545 5116 2881 5172 adiﬁcantur
2908 5117 2976 5170 ad
3005 5115 3228 5181 bonum,
3251 5124 3306 5170 et
3340 5113 3409 5168 fac

121 5201 126 5270 ἦ
167 5205 294 5263 aliud
312 5211 423 5282 agit
439 5227 591 5267 mens
605 5226 766 5283 quam
782 5211 1056 5276 cacutire,
1078 5224 1240 5280 quam
1254 5209 1533 5276 aberrare,
1562 5225 1726 5280 quam
1834 5211 1974 5270 bula
1999 5227 2105 5266 non
2137 5211 2456 5267 necessaria
2482 5210 2858 5281 prohibentur.

169 5297 465 5358 afelicitatis
482 5318 643 5374 scopo
659 5302 1200 5368 dimoveri,consultu
1223 5301 1730 5375 piissimietglorio-
1907 5307 2040 5363 VIII.
2079 5305 2310 5364 Juhente
2352 5314 2532 5362 autem
2574 5315 2737 5376 atque
2782 5307 3154 5363 consentiente
3194 5307 3423 5362 Domino

170 5386 371 5446 sissimi.
421 5392 713 5449 Reccaredi
764 5393 906 5464 regis
934 5393 1214 5450 constituit
1254 5395 1513 5466 synodus,
1536 5405 1596 5450 ut
1633 5409 1732 5464 per
1838 5399 2152 5456 Beccaredo
2201 5400 2253 5454 id
2303 5399 2560 5470 pracepit
2601 5399 2936 5454 sacerdotale
2976 5401 3268 5456 concilium
3297 5442 3312 5465 ,
3363 5411 3422 5454 ut

172 5494 342 5540 omnes
368 5485 624 5542 ecclesias
645 5485 916 5557 Hispania
949 5496 1004 5542 et
1025 5486 1288 5544 Gallacia
1301 5488 1597 5544 secundum
1625 5486 1733 5543 for-
1841 5489 2073 5546 clericos
2093 5503 2159 5544 ex
2186 5487 2390 5543 familia
2413 5487 2531 5544 ﬁsci
2559 5488 2738 5544 nullus
2767 5489 2967 5545 audeat
2991 5507 3020 5546 a
3052 5491 3293 5562 principe
3320 5491 3420 5544 do-

173 5586 300 5630 mam
320 5579 659 5635 orientalium
686 5580 1035 5637 ecclesiarum
1057 5581 1270 5638 concilii
1293 5581 1741 5652 Constantinopo-
1842 5591 2000 5638 natos
2044 5590 2297 5651 expetere
2324 5621 2338 5646 ,
2371 5582 2466 5636 sed
2487 5582 2668 5637 traditi
2699 5583 2894 5653 capitis
2914 5584 2994 5638 sui
3031 5585 3290 5637 tributum
3331 5597 3423 5637 ec-

173 5659 307 5720 litani
335 5708 351 5733 ,
400 5669 502 5726 hoc
553 5680 635 5728 est
679 5681 894 5728 centum
935 5673 1322 5744 quinquaginta
1365 5674 1740 5746 episcoporum
1842 5675 2018 5730 clesia
2050 5673 2166 5738 Dei,
2199 5675 2282 5728 cui
2306 5681 2433 5728 sunt
2460 5673 2662 5744 alligati
2703 5689 2872 5745 usque
2919 5677 3045 5730 dum
3087 5675 3297 5741 vivunt,
3341 5688 3426 5728 re-

174 5755 458 5823 symbolum
508 5762 628 5818 ﬁdei
677 5764 935 5820 recitetur
985 5772 1040 5819 et
1085 5763 1400 5835 priusquam
1459 5764 1737 5820 Dominica
1841 5767 2100 5838 gulariter
2120 5764 2522 5821 administrent.

175 5841 366 5901 dicatur
387 5853 576 5920 oratio,
607 5870 736 5911 voce
757 5855 902 5910 clara
924 5855 1266 5926 pradicetur,
1294 5871 1403 5929 quo
1445 5854 1578 5914 ﬁdes
1608 5871 1738 5912 vera
1913 5854 2003 5914 IX.
2045 5855 2272 5912 Decreto
2299 5853 2459 5927 hujus
2485 5857 2698 5913 concilii
2719 5857 2820 5913 hoc
2842 5856 3120 5926 statuitur,
3144 5866 3210 5915 ut
3252 5856 3430 5914 aedon
