3910 6438
549 413 657 471 455

1294 434 1299 441 ν
1366 411 1653 469 APPEND.
1692 409 1783 468 AD
1813 408 1985 470 εις.
2017 410 2108 469 IX.

2252 412 2502 473 ISIDORI
2533 412 2976 475 MERCATORIS
3686 422 3769 483 856

555 529 650 585 sia:
695 543 816 601 qua:
859 528 1080 584 fuerunt
1122 526 1179 582 in
1230 527 1423 582 haeresi
1465 526 1688 593 Ariana,
1758 541 1902 583 nunc
1947 534 2127 581 autem
2158 531 2204 590 Α
2233 530 2428 599 pretio,
2479 530 2547 585 ad
2597 529 2907 588 libertatem
2945 539 2999 588 et
3033 530 3345 602 religionem
3396 532 3615 590 redeant
3634 535 3767 595 Chri-

555 630 678 677 sunt
699 620 982 678 catholica:
1012 620 1079 676 ad
1109 633 1202 674 eos
1229 618 1512 690 episcopos
1535 633 1658 674 cum
1691 617 1806 673 suis
1824 618 1985 672 rebus
2010 630 2132 689 per-

554 714 780 781 tineant,
808 715 873 768 ad
896 727 1032 785 quos
1065 711 1335 791 parochias
1378 710 1508 781 ipsa:
1552 709 1607 764 in
1647 707 1844 781 quibus
1882 708 2011 780 ipsa:
2045 723 2135 765 ee-

553 807 728 863 clesize
753 806 985 861 fundatae
1005 812 1153 871 sunt,
1186 801 1462 873 pertinere
1482 800 1753 885 videntur.

625 919 785 991 110
825 918 890 972 Χ.
930 917 1034 972 Pro
1078 916 1339 991 consulto
1364 912 1651 980 castitatis,
1684 902 1843 983 quod
1892 910 2131 965 maxime

546 1013 896 1086 hortamento
939 1010 1153 1068 concilii
1179 1007 1445 1081 proﬁcere
1481 1007 1695 1074 debeat,
1725 1013 1994 1060 annuente
2018 1002 2135 1075 glo-

550 1103 696 1159 rioso
731 1102 949 1157 domino
990 1108 1178 1156 nostro
1205 1098 1518 1154 Reccaredo
1563 1112 1713 1169 rege,
1744 1097 1849 1151 hoc
1886 1103 2131 1150 sanctum

549 1194 782 1249 aliirmat
824 1191 1133 1265 concilium,
1176 1199 1237 1246 ut
1278 1190 1455 1246 viduae
1500 1189 1696 1260 quibus
1740 1188 2025 1260 placuerit,
2056 1195 2135 1242 te-

546 1294 716 1342 neant
751 1284 1083 1351 castitatem,
1119 1292 1175 1339 et
1203 1282 1346 1338 nulla
1383 1282 1546 1338 vidua
1582 1283 1649 1337 ad
1680 1281 1894 1351 nuptias
1922 1280 2133 1335 intran-

547 1378 644 1434 das
668 1378 853 1433 venire
879 1385 1125 1448 cogatur,
1160 1375 1306 1445 quod
1340 1375 1387 1429 si
1416 1373 1730 1445 priusquam
1768 1370 2135 1443 proﬁteantur

547 1467 937 1522 continentiam
984 1466 1186 1521 nubere
1237 1463 1529 1537 elegerint,
1582 1463 1686 1519 illis
1734 1463 1942 1518 nubant
1998 1477 2136 1533 quos

556 1558 773 1629 propria
810 1557 1089 1613 voluntate
1116 1555 1385 1611 voluerint
1414 1554 1616 1610 habere
1662 1553 1906 1617 maritos,
1936 1551 2133 1609 similis

550 1648 790 1704 conditio
822 1656 877 1704 et
906 1647 972 1703 de
1003 1646 1299 1718 virginibus
1328 1644 1610 1712 habeatur,
1644 1659 1745 1700 nec
1768 1654 1920 1698 extra
1946 1643 2135 1700 volun-

548 1747 716 1794 tatem
763 1746 1069 1811 parentum,
1110 1745 1166 1794 et
1208 1751 1382 1801 suam,
1424 1735 1650 1791 maritos
1683 1745 1945 1806 cogantur
1986 1735 2132 1791 acci-

554 1844 705 1900 pere.
739 1828 798 1885 Si
831 1830 953 1900 quis
989 1843 1120 1903 vero
1148 1828 1481 1900 propositum
1528 1825 1794 1883 castitatis
1830 1826 2007 1881 vidua:
2047 1825 2132 1881 vel

2238 618 2492 674 stianam.

2302 705 2420 761 XV.
2463 705 2521 762 Si
2549 708 2638 778 qui
2672 723 2739 764 ex
2785 710 2959 765 servis
2986 709 3258 766 ﬁscalibus
3284 709 3516 767 fortasse
3552 713 3770 775 ecclesias

2233 797 2657 865 construxerint,
2682 813 2885 869 easque
2913 799 2981 853 de
3017 814 3111 855 sua
3140 809 3457 871 paupertate
3485 801 3769 875 dotaverint,

2233 886 2333 942 has
2367 896 2623 957 procuret
2672 890 2959 961 episcopus
2985 906 3147 961 prece
3176 906 3273 947 sua
3308 893 3627 952 auctoritate
3650 901 3768 972 regia

2234 978 2568 1034 conﬁrmari.

2303 1068 2442 1126 XVI.
2481 1070 2747 1141 Quoniam
2774 1088 2913 1144 pene
2947 1089 3046 1147 per
3084 1074 3301 1131 omnem
3336 1075 3658 1149 Hispaniam,
3683 1082 3772 1140 sive

2235 1157 2542 1216 Gallmciam
2573 1162 2889 1219 idololatria:
2912 1165 3258 1235 sacrilegium
3296 1165 3518 1223 inolevit
3556 1169 3651 1227 hoc
3676 1187 3769 1228 cum

2234 1265 2501 1308 consensu
2521 1252 2890 1324 gloriosissimi
2916 1257 3177 1328 principis
3197 1267 3386 1314 sancta
3405 1262 3633 1332 synodus
3652 1265 3768 1319 ordi-

2235 1343 2403 1409 navit,
2431 1353 2492 1399 ut
2515 1348 2693 1403 omnis
2716 1349 2969 1405 sacerdos
2997 1350 3052 1405 in
3078 1350 3195 1407 loco
3217 1366 3317 1408 suo
3342 1368 3449 1408 una
3470 1368 3589 1410 cum
3604 1355 3766 1426 judice,

2236 1434 2495 1489 territorii
2516 1434 2855 1508 sacrilegium
2877 1450 3233 1496 momentum
3256 1442 3499 1498 studiose
3516 1447 3765 1516 pcrquirat,

2234 1525 2598 1581 exterminare
2634 1527 2908 1583 inventum
2946 1529 3315 1597 nondill‘erat,
3352 1547 3542 1591 omnes
3567 1549 3679 1591 vero
3699 1539 3767 1608 qui

2236 1617 2303 1669 ad
2334 1614 2496 1670 talem
2527 1630 2770 1673 errorem
2798 1629 3161 1687 concurrunt,
3190 1621 3309 1677 sine
3336 1622 3668 1692 discrimine,
3689 1640 3766 1696 qua

2236 1710 2526 1774 potuerunt
2568 1707 3065 1777 animadversione,
3105 1720 3426 1780 coerceant,
3465 1715 3601 1784 quod
3627 1717 3667 1772 si
3693 1732 3764 1772 ne-

2238 1796 2521 1868 glexerint,
2553 1799 2729 1857 sciant
2751 1815 2811 1857 se
2837 1802 3051 1872 utrique
3076 1806 3638 1865 excommunicationis
3658 1810 3767 1882 peri.

544 1888 773 1992 virginis
799 1888 1185 1991 impedierit,a
1212 1888 1399 1972 sancta
1436 1915 1817 1972 communione
1841 1923 1897 1971 et
1928 1929 1959 1969 a
1987 1913 2125 1969 limi-
2159 1890 2205 1951 Β
2232 1888 2556 1992 f’mumfsse
2584 1892 2880 1992 δξὼίιυνοθ·
2909 1893 2965 1992 si
3001 1895 3093 1966 qui
3118 1911 3250 1953 νοτο
3276 1896 3489 1954 Domini
3517 1901 3768 1973 exstirpare

543 2010 704 2066 nibus
738 2008 980 2066 ecclesiae
1003 2009 1269 2065 habeatur
1297 2014 1610 2062 extraneus.
1778 2031 1801 2057 ο

462 2178 469 2185 ,
557 2167 565 2174 .
613 2124 706 2180 XI.
746 2123 1016 2193 Quoniam
1061 2120 1425 2193 comperimus
1470 2135 1570 2191 per
1627 2118 1890 2191 quasdam
1929 2118 2127 2192 Hispa-

544 2216 763 2272 niarum
804 2214 1062 2272 ecclesias
1106 2228 1214 2270 non
1236 2211 1529 2268 secundum
1574 2224 1859 2279 canonem,
1890 2210 1986 2267 sed
2023 2209 2127 2265 foe-

551 2309 775 2366 dissime
817 2323 917 2380 pro
960 2307 1075 2364 suis
1102 2305 1338 2378 peccatis
1378 2303 1626 2359 homines
1665 2317 1827 2374 agere
1857 2303 2125 2374 poeniten-

546 2399 699 2467 tiam,
727 2407 783 2454 et
807 2398 1058 2468 quotiens
1083 2408 1311 2468 peccare
1345 2393 1585 2460 libuerit,
1616 2392 1817 2449 tetiens
1847 2407 1877 2447 a
1902 2393 2129 2465 presby-

542 2490 675 2546 teris
700 2487 1046 2545 reconciliari
1073 2484 1434 2558 expostulent,
1465 2491 1520 2540 et
1544 2483 1666 2540 ideo
1693 2498 1795 2555 pro
1825 2483 2127 2540 coercenda

540 2593 654 2639 tam
683 2582 1003 2640 exsecrabili
1029 2579 1479 2655 praesumptione,
1520 2578 1576 2635 id
1614 2595 1645 2636 a
1675 2586 1865 2636 sancto
1898 2576 2128 2634 concilio

538 2676 776 2748 iubetur,
800 2688 860 2734 ut
885 2677 1178 2733 secundum
1207 2673 1441 2733 formam
1469 2689 1741 2731 canonum
1778 2673 2125 2745 antiquorum

542 2771 706 2827 detur
731 2769 1075 2840 paenitentia,
1105 2769 1209 2826 hoc
1242 2777 1359 2836 est,
1404 2775 1475 2823 ut'
1490 2767 1643 2838 prius
1684 2781 1808 2822 eum
1842 2781 2004 2837 quem
2043 2765 2127 2821 sui

538 2861 771 2933 pmnitet
806 2860 936 2918 facti
965 2876 996 2916 a
1021 2860 1402 2917 communione
1434 2874 1758 2931 suspensum
1793 2858 1956 2915 faciat
1985 2859 2129 2915 inter

540 2950 781 3021 reliquos
819 2950 1144 3022 poenitentes
1169 2948 1237 3004 ad
1265 2964 1457 3005 manus
1491 2949 1893 3020 impositionem
1930 2949 2126 3004 crebro

540 3058 847 3110 recurrere,
881 3043 1096 3115 expleto
1125 3051 1307 3100 autem
1336 3041 1725 3099 satisfactionis
1754 3051 2016 3115 tempore,
2051 3044 2124 3099 si-

541 3130 654 3190 cuti
679 3132 1033 3191 sacerdotalis
1066 3134 1446 3206 contemplatio
1465 3134 1798 3206 probaverit,
1825 3148 1948 3191 eum
1979 3149 2127 3190 com-

541 3224 786 3280 munioni
817 3225 1085 3280 restituat.
1116 3223 1220 3293 Qui
1247 3239 1376 3281 vero
1405 3226 1476 3281 ad
1500 3224 1717 3296 propria
1746 3224 1902 3293 vitia,
1928 3225 2011 3281 vel
2041 3226 2127 3282 in-

541 3313 622 3370 fra
674 3315 1006 3386 poenitentia:
1042 3308 1284 3387 tempus,
1331 3315 1414 3373 vel
1459 3325 1584 3387 post
1629 3315 2124 3373 reconciliationem

540 3406 881 3473 relabuntur,
905 3407 1201 3465 secundum
1223 3407 1466 3479 priorum
1490 3423 1757 3465 canonum
1781 3408 2127 3466 severitatem

541 3498 885 3556 damnentur.
1146 3548 1149 3549 ν

613 3589 726 3645 XII.
768 3589 1085 3662 Quicunque
1111 3591 1179 3647 ab
1210 3588 1485 3664 episcopo,
1510 3591 1597 3646 vel
1622 3590 1940 3664 presbytero
1964 3606 2129 3648 sanus

541 3679 628 3735 vel
676 3679 920 3735 inlirmus
963 3680 1338 3751 ptenitentiam
1387 3681 1655 3753 postulat,
1693 3682 1750 3737 id
1789 3691 1916 3737 ante
1944 3681 2127 3739 omnia

539 3773 825 3844 episcopus
851 3781 1036 3829 servet
1059 3781 1116 3829 et
1138 3775 1449 3844 presbyter,
1475 3783 1534 3829 ut
1564 3775 1608 3831 si
1644 3773 1728 3830 vir
1756 3783 1862 3843 est,
1886 3775 1999 3831 sive
2036 3789 2127 3830 sa-

541 3882 666 3934 nus,
696 3867 812 3923 sive
845 3862 1090 3923 inﬁrmus
1117 3867 1269 3937 prius
1297 3881 1422 3923 eum
1456 3868 1700 3935 tondeat,
1733 3879 1828 3923 aut
1864 3868 1916 3923 in
1948 3868 2129 3924 cinere

542 3966 599 4013 et
626 3956 802 4014 cilicio
831 3955 1078 4013 habitum
1113 3966 1325 4014 mutare
1351 3957 1539 4027 faciat,
1566 3967 1621 4016 et
1649 3962 1728 4017 sic
1751 3958 2127 4030 paenitentiam

543 4049 595 4104 ci
627 4051 824 4106 tradat.
851 4048 911 4105 Si
940 4065 1073 4106 vero
1099 4051 1294 4106 mulier
1329 4050 1515 4118 fuerit,
1543 4066 1651 4107 non
1678 4051 1912 4122 accipiat
1944 4052 2125 4124 pmni-

543 4141 789 4208 tentiam,
822 4141 924 4197 nisi
951 4142 1104 4212 prius
1142 4149 1237 4196 aut
1264 4141 1444 4198 velata
1482 4141 1681 4211 fuerit,
1722 4152 1815 4198 aut
1839 4145 2129 4200 mutaverit

542 4230 786 4287 habitum
806 4273 820 4299 ,
851 4233 1044 4303 saepius
1074 4233 1216 4289 enim
1256 4233 1409 4290 laicis
1435 4248 1556 4289 cum
1587 4233 1806 4290 feminis
1838 4235 2122 4292 tribuendo

542 4324 812 4381 desidiose
857 4324 1258 4397 pmnitentiam,
1289 4325 1357 4382 ad
1382 4316 1724 4383 lamentanda
1762 4343 1949 4384 rursus
1988 4328 2124 4383 faci-

538 4430 678 4472 nora
701 4416 1135 4493 postoacceplam
1169 4415 1548 4488 paenitentiam
1581 4415 1917 4473 relabuntur.

614 4529 748 4585 XIII.
788 4529 988 4585 Inoleta
1015 4538 1361 4600 prmsumptro
1386 4545 1557 4601 usque
1584 4530 1720 4586 adeo
1748 4530 1953 4586 illicitis
1978 4533 2125 4588 ausi-

543 4620 644 4675 bus
692 4621 903 4691 aditum
940 4620 1232 4690 patefecit,
1278 4630 1339 4675 ut
1389 4620 1573 4676 clerici
1623 4620 1962 4678 conclericos
1999 4636 2125 4678 suos
2153 4594 2203 4655 θ

540 4713 742 4768 relicto
773 4713 1034 4783 pontilice
1074 4726 1174 4768 suo
1200 4711 1489 4782 adjudicia
1526 4712 1737 4784 publica
1785 4714 2122 4784 pertrahant.

535 4803 779 4861 Proinde
820 4804 1123 4870 statuimus,
1155 4813 1215 4858 ut
1239 4804 1342 4871 hoc
1370 4803 1439 4859 de
1468 4812 1666 4860 caetero
1691 4818 1797 4859 non
1828 4820 2125 4875 praesuma-

543 4902 655 4949 tur.
703 4893 761 4950 Si
811 4893 933 4965 quis
974 4894 1083 4958 hoc
1124 4894 1527 4964 praesumpserit
1569 4892 1772 4960 facere,
1812 4902 1867 4949 et
1907 4909 2126 4951 causam

543 4985 756 5056 perdat,
790 4998 821 5037 a
843 4982 1225 5039 communione
1253 4981 1519 5040 eiliciatur
1544 4991 1855 5039 extraneus.

617 5101 759 5157 XIV.
799 5102 1112 5159 Conventus
1158 5111 1345 5159 noster
1388 5103 1492 5158 hoc
1536 5102 1838 5159 canonibus
1883 5103 2130 5158 inseren-

548 5193 677 5248 dum
723 5194 1021 5264 praecepit,
1078 5201 1142 5248 ut
1181 5192 1384 5250 Iudaeis
1435 5208 1542 5249 non
1593 5192 1754 5248 liceat
1795 5192 2134 5249 Christianas

542 5286 752 5342 habere
798 5299 1014 5354 uxores,
1055 5286 1142 5342 vel
1185 5286 1543 5352 concubinas,
1579 5300 1760 5356 neque
1799 5282 2131 5357 mancipium

542 5377 922 5435 Christianum
946 5377 1000 5431 in
1024 5393 1154 5433 usus
1173 5378 1421 5448 proprios
1439 5391 1775 5447 comparare.
1798 5377 1892 5433 sed
1918 5386 1974 5432 et
1996 5375 2134 5433 ﬁlios

544 5470 641 5541 qui
670 5487 739 5526 ex
768 5470 860 5526 tali
887 5469 1135 5540 coniugio
1159 5471 1270 5530 nati
1310 5480 1467 5536 sunt,
1506 5471 1859 5526 assumendos
1898 5484 2021 5526 esse
2063 5470 2131 5527 ad

544 5566 900 5639 baptismum.
972 5565 1126 5621 Nulla
1173 5564 1347 5621 ofﬁcia
1394 5565 1607 5637 publica
1656 5567 1738 5621 eis
1783 5565 2134 5637 iniungantur

547 5671 650 5728 per
695 5675 815 5730 quae
852 5658 934 5715 eis
976 5657 1196 5714 occasio
1240 5656 1507 5712 tribuatur
1538 5656 1867 5713 Christianis
1915 5672 2130 5729 poenam

553 5749 774 5807 inferre.
809 5751 867 5808 Si
903 5751 995 5824 qui
1027 5766 1156 5807 vero
1177 5749 1467 5806 Christiani
1514 5751 1580 5805 ab
1617 5750 1699 5804 eis
1724 5749 1987 5807 Judaismi
2029 5752 2132 5808 ritu

555 5849 683 5897 sunt
728 5841 999 5907 maculati,
1048 5840 1133 5897 vel
1181 5840 1343 5896 etiam
1386 5839 1718 5905 circumcisi,
1771 5855 1878 5895 non
1929 5841 2135 5898 reddito

2232 1982 2335 2037 hoc
2368 1974 2569 2039 malum
2598 1985 2665 2042 de
2688 1988 3030 2057 possessione
3075 2005 3171 2045 sua
3222 1991 3588 2062 neglexerint,
3624 2001 3673 2051 et
3705 1993 3766 2048 fa-

2230 2064 2395 2128 miliae
2448 2074 2742 2146 prohibere
2777 2076 3083 2145 noluerint,
3141 2080 3210 2137 ab
3249 2082 3506 2153 episcopo
3552 2090 3605 2139 et
3630 2082 3715 2153 ipsi
3742 2099 3765 2137 ι

2231 2173 2611 2251 communione
2637 2154 2930 2244 pellantur.

2297 2265 2459 2323 XVII.
2499 2265 2632 2322 Cum
2673 2268 2854 2324 multae
2893 2269 3127 2341 querelae
3159 2258 3429 2328 ad'aures
3472 2273 3632 2329 sancti
3665 2287 3763 2327 con-

2229 2355 2336 2412 cilii
2359 2354 2723 2426 deferrentur,
2750 2358 2892 2414 inter
2920 2368 3112 2417 caetera
3142 2369 3305 2419 tantae
3325 2361 3644 2418 crudelitatis
3662 2376 3764 2432 opus

2227 2449 2530 2517 nuntiatur,
2562 2459 2823 2521 quantum
2853 2452 3240 2509 conﬁdentium
3282 2470 3443 2511 aures
3472 2457 3760 2513 sacerdotum

2228 2558 2335 2599 non
2386 2554 2605 2614 possent
2657 2544 2948 2614 sustinere,
2988 2553 3049 2600 ut
3094 2546 3147 2601 in
3195 2546 3762 2618 quibusdamﬂispanizc

2226 2636 2473 2708 partibus
2506 2635 2646 2694 ﬁlios
2671 2652 2797 2694 suos
2825 2647 3075 2709 parentes
3100 2638 3419 2695 interimant
3445 2639 3761 2695 fornicationis

2227 2728 2389 2795 avidi,
2417 2728 2638 2799 pietatis
2674 2728 2856 2797 alieni,
2886 2729 3081 2802 quibus
3103 2729 3149 2786 si
3186 2730 3408 2785 taedium
3437 2739 3519 2786 est
3544 2729 3663 2785 ﬁlios
3684 2744 3759 2783 nu-

2232 2818 2499 2875 merosius
2544 2833 2737 2891 agere,
2784 2819 2937 2891 prius
2983 2819 3197 2890 ,seipsos
3245 2820 3447 2876 debent
3487 2820 3758 2891 castigarea

2229 2908 2606 2978 fornicatione,
2652 2925 2778 2966 nam
2830 2912 2956 2967 dum
2998 2928 3160 2968 causa
3229 2913 3585 2987 propagandae
3625 2912 3754 2984 prolis

2231 3002 2508 3058 sociantur
2533 3001 2779 3074 conjugia
2798 3044 2813 3071 ,
2841 3005 3132 3075 parricidio
3163 3014 3219 3061 et
3241 3004 3588 3061 fornicatione
3613 3015 3757 3059 tenen-

2228 3102 2318 3149 tur
2350 3092 2568 3150 obnoxii
2597 3093 2691 3164 qui
2720 3091 2860 3150 ﬁlios
2908 3096 3152 3151 necando
3182 3096 3464 3168 proprios,
3514 3098 3682 3152 docent
3716 3106 3759 3147 se

2227 3200 2333 3241 non
2360 3200 2460 3256 pro
2490 3184 2634 3254 ﬁliis,
2665 3186 2761 3241 sed
2783 3200 2884 3257 pro
2912 3186 3136 3242 libidine
3172 3202 3377 3244 uxores
3405 3188 3624 3245 duxisse.
3659 3184 3757 3240 Pro-

2150 3244 2196 3310 C
2227 3244 2575 3334 inde-tamen
2617 3244 2879 3335 nefas.ad
2905 3277 3274 3351 cognitionem
3301 3276 3657 3351 gloriosissimi
3679 3275 3755 3330 Do-

2224 3368 2356 3425 mini
2385 3368 2558 3424 nostri
2583 3367 2883 3425 Reccaredi
2912 3370 3056 3442 regis
3091 3370 3363 3441 perlatum
3390 3383 3486 3435 est,
3521 3368 3655 3440 cujus
3672 3364 3756 3438 glo-

2225 3460 2306 3516 ria
2333 3460 2551 3531 dignata
2588 3470 2673 3517 est
2709 3460 2985 3531 iudicibus
3012 3462 3332 3519 earumdem
3362 3463 3587 3536 partium
3625 3461 3754 3531 impe-

2228 3566 2375 3619 rare,
2411 3562 2471 3608 ut
2503 3552 2865 3609 amovendum
2908 3562 3120 3610 tantum
3143 3553 3359 3612 facinus
3382 3554 3643 3626 diligenter
3662 3564 3752 3606 cum

2226 3644 2506 3699 sacerdote
2526 3653 2842 3714 procurent,
2869 3650 2923 3699 et
2946 3643 3132 3700 habita
3156 3646 3447 3701 severitate
3470 3642 3751 3715 prohibeant.

2227 3734 2370 3806 Ergo
2382 3743 2434 3790 et
2448 3735 2755 3792 sacerdotes
2775 3734 3016 3791 locorum
3034 3737 3351 3793 eorumdem
3366 3738 3418 3792 in
3433 3735 3612 3807 quibus
3623 3729 3753 3788 scele-

2228 3826 2305 3884 ris
2334 3827 2496 3899 hujus
2520 3827 2830 3883 immanitas
2859 3828 3156 3899 peragitur,
3184 3839 3375 3884 sancta
3409 3826 3625 3900 synodus
3649 3834 3751 3893 prat-

2226 3918 2477 3989 cipiendo
2524 3918 2799 3984 convenit,
2852 3928 2914 3974 ut
2959 3917 3098 3974 idem
3146 3917 3325 3975 scelus
3367 3914 3664 3986 cumjudice
3685 3924 3753 3966 cu-

2226 4010 2423 4067 riosius
2449 4020 2715 4081 quaerant,
2739 4019 2795 4066 et
2821 4011 2940 4067 sine
2980 4010 3203 4081 capitali
3243 4010 3480 4068 vindicta
3505 4003 3674 4063 acriori
3697 3999 3752 4056 di.

2227 4103 2451 4174 sciplina
2475 4104 2818 4175 prohibeant.
3580 4163 3587 4171 ,

2297 4195 2480 4251 XVIII.
2515 4194 2784 4269 Praecepit
2803 4199 2920 4253 haec
2934 4206 3120 4254 sancta
3134 4208 3188 4254 et
3201 4196 3513 4255 universalis
3528 4188 3743 4266 synodus.

2225 4296 2287 4345 ut
2311 4296 2489 4344 stante
2514 4289 2763 4358 priorum
2814 4290 3137 4345 auctoritate
3164 4304 3454 4353 canonum,
3480 4299 3586 4357 qua:
3609 4280 3678 4336 bis
3706 4276 3744 4330 in

2227 4396 2370 4437 anno
2410 4381 2666 4452 praecepit
2697 4380 3012 4452 congregari
3063 4380 3292 4437 concilia
3338 4378 3538 4435 itineris
3567 4369 3748 4441 longitu-

2227 4472 2374 4539 dine,
2405 4479 2460 4526 et
2483 4480 2800 4543 paupertate
2832 4464 3193 4529 ecclesiarum
3216 4471 3502 4542 Hispanias,
3532 4461 3672 4524 semel
3708 4459 3746 4511 in

2229 4580 2369 4621 anno
2402 4566 2455 4619 in
2488 4564 2608 4622 loco
2632 4580 2791 4637 quem
2832 4566 3279 4637 metropolitanus
3302 4563 3533 4637 elegerit,
3560 4548 3745 4629 epistol)i

2228 4667 2658 4730 congregemur,
2711 4658 2920 4731 judices
2964 4673 3092 4715 vero
3137 4659 3378 4715 locorum
3423 4664 3509 4712 aut
3548 4654 3746 4707 auctores

2229 4746 2492 4805 ﬁscalium
2538 4750 2987 4821 patrimoniorum
3022 4764 3090 4805 ex
3129 4750 3346 4806 decreto
3388 4742 3575 4804 domini
3598 4731 3744 4793 nostri

2228 4839 2388 4897 simul
2432 4856 2554 4896 cum
2587 4840 2924 4896 sacerdotum
2958 4840 3188 4896 concilio
3224 4836 3513 4896 autumnali
3557 4837 3745 4896 tempore

2230 4931 2319 4987 die
2346 4928 2707 4988 Calendarum
2739 4931 3121 4988 Novembrium
3164 4932 3219 4987 in
3260 4946 3422 4988 unum
3463 4920 3740 4984 conveniant.

2231 5035 2292 5078 ut
2334 5018 2568 5089 discant,
2618 5039 2781 5094 quam
2830 5026 2963 5095 pie,‘
2996 5026 3164 5097 juste,
3210 5036 3267 5081 et
3319 5020 3617 5081 humaniter,
3648 5019 3740 5065 cum

2230 5113 2442 5184 populis
2495 5128 2657 5183 agere
2710 5113 2972 5177 debeant,
3026 5129 3126 5170 nec
3170 5112 3382 5184 injustis
3432 5102 3739 5178 vectigalibus.

2230 5216 2287 5262 et
2338 5206 2706 5262 immoderatis
2755 5206 3127 5264 exactionibus
3172 5209 3317 5278 ipsos
3370 5207 3633 5278 premant.
3664 5187 3739 5289 ἐξά

2231 5298 2409 5368 potius
2433 5311 2530 5367 per
2559 5297 2959 5353 miserationem
3007 5298 3391 5370 compatientcs
3418 5310 3446 5350 a
3471 5283 3738 5364 gravamini-

2232 5388 2334 5443 bus
2360 5379 2669 5451 defendant,
2702 5396 2761 5442 ut
2790 5387 2962 5443 bonos
2991 5387 3183 5459 populi
3204 5397 3403 5444 tutores
3422 5384 3584 5440 facere
3605 5375 3736 5431 demi:

2233 5492 2334 5534 nec
2360 5479 2414 5533 in
2442 5478 2700 5549 angariis,
2731 5486 2825 5532 aut
2852 5477 2906 5532 in
2932 5479 3335 5549 operationibus
3363 5470 3632 5548 superﬂuis.
3655 5462 3739 5518 Si"

2231 5570 2503 5640 privatum
2530 5580 2779 5636 onerent,
2816 5570 2930 5626 sive
2954 5570 3190 5628 ﬁscalem
3223 5576 3461 5644 gravent.
3490 5564 3609 5621 Sunl
3628 5552 3734 5652 θξιξιη

2236 5670 2666 5732 perspectatores
2711 5661 2947 5732 episcopi
2979 5663 3273 5732 secundum
3306 5662 3439 5733 regis
3464 5645 3736 5712 anim‘onitio'

2237 5769 2392 5819 nem,
2424 5754 2655 5824 qualiter
2691 5753 2903 5824 judices
2940 5770 3064 5812 cum
3104 5754 3314 5827 populis
3349 5757 3515 5825 agant,
3549 5749 3595 5798 ut
3628 5738 3733 5833 ἕρξοδ

2240 5846 2583 5916 praemonitos
2621 5846 2896 5917 corrigam
2923 5888 2937 5913 ,
2976 5856 3066 5902 aut
3104 5846 3409 5903 insolentias
3440 5846 3599 5898 eorum
3626 5834 3732 5896 ΡΜ·
