3834 5428
84 333 195 390 4⁵7

1286 320 1771 379 DECRETALIUM
1810 321 2212 385 COLLECTIO.

3234 338 3340 392 45$

83 454 269 522 cipum
344 446 573 504 auribus
634 448 989 503 innotescant.
1070 442 1222 512 Quod
1286 444 1353 503 si.
1393 436 2056 512 correptosAReligiosis
2109 453 2313 502 tantum
2363 445 2682 504 Christianis
2749 449 2968 507 omnino
3021 450 3180 507 aliter
3230 454 3328 510 fier

86 542 383 601 emendare
429 541 806 613 nequiverint,
834 548 888 595 et
923 539 991 594 ab
1023 537 1249 594 ecclesia
1278 547 1331 594 et
1361 555 1390 592 a
1422 552 1663 593 commu-

80 636 249 690 nione
290 633 654 703 suspendant,
710 647 740 685 a
772 631 1051 686 sacerdote
1090 643 1220 688 vero
1265 637 1319 684 et
1362 624 1663 683 senioribus

79 722 433 787 deliberetur,
478 720 606 791 quid
649 735 745 791 per
776 719 1083 789 provincias
1123 720 1175 773 in
1210 733 1306 774 suo
1339 718 1663 773 detrimento

76 822 345 885 praestare
379 813 614 867 debeant
638 809 881 880 judiccs,
922 811 966 865 si
1000 810 1066 865 ad
1101 809 1387 866 concilium
1432 825 1540 864 non
1567 824 1661 864 ve—

77 905 286 960 nerint.
336 903 636 960 Concilium
664 917 791 957 vero
821 917 926 957 non
962 901 1225 966 solvatur,
1266 899 1367 954 nisi
1406 899 1553 969 prius
1589 897 1664 953 lo-

74 1009 203 1048 cum
239 993 507 1065 elegerint
541 1008 647 1062 quo
679 992 999 1047 succedente
1045 1000 1317 1062 tempore,
1353 989 1548 1043 iterum
1597 989 1664 1044 ad

74 1083 372 1139 concilium
415 1084 803 1148 conveniatur,
850 1090 909 1136 ut
935 1080 1047 1151 jam
1074 1096 1178 1136 non
1210 1095 1429 1136 necesse
1471 1079 1666 1135 habeat

74 1176 536 1246 metmpolitanus
563 1173 847 1245 episcopus
872 1188 970 1244 pro
1015 1171 1390 1244 congregando
1436 1170 1667 1226 concilio

71 1264 295 1320 litteras
323 1266 614 1332 destinare,
642 1266 687 1321 si
718 1266 771 1320 in
794 1265 973 1334 priore
1006 1264 1232 1320 concilio
1257 1272 1465 1335 tempus
1488 1263 1665 1320 omni-

72 1358 172 1412 bus
195 1358 559 1413 denuntiatur
583 1365 637 1412 et
662 1357 832 1413 locus.

137 1444 296 1502 XIX.
354 1447 583 1516 Quidam
635 1456 822 1504 contra
864 1463 1080 1505 omnem
1133 1447 1549 1515 auctoritatem,
1588 1448 1668 1504 sic

72 1538 346 1594 ecclesias
385 1552 521 1609 quas
564 1539 986 1606 aedificaverint,
1033 1540 1308 1609 postulant
1336 1540 1665 1605 consecrari,

72 1638 130 1682 ut
156 1629 352 1684 dotem
382 1645 544 1700 quam
574 1631 747 1686 eidem
777 1630 1020 1686 ecclesia:
1058 1630 1386 1686 contulerint
1413 1639 1671 1686 censeant

72 1719 138 1772 ad
187 1719 440 1789 episcopi
476 1704 871 1776 ordinationem
922 1735 1027 1775 non
1068 1719 1372 1788 pertinere,
1407 1712 1550 1791 quod
1591 1718 1667 1773 fa-

72 1816 227 1862 ctum
254 1805 341 1864 e'st
365 1809 563 1874 taliter,
598 1810 649 1864 in
672 1810 948 1881 praeterito
966 1809 1292 1880 corrigatur,
1322 1818 1376 1863 et
1404 1809 1457 1863 in
1491 1809 1669 1865 futuro

72 1913 140 1953 ne
174 1897 303 1964 ﬁat,
332 1898 704 1968 prohibeatur,
741 1900 835 1955 sed
870 1896 1049 1954 omnia
1077 1898 1372 1954 secundum
1402 1901 1667 1955 constitu-

72 1991 285 2046 tionem
333 1992 610 2061 antiquam
641 1992 706 2046 ad
736 1992 971 2063 episcopi
1008 1991 1402 2048 ordinationem
1427 2000 1483 2048 et
1511 2000 1667 2065 pote-

72 2074 282 2136 s'tatem
318 2082 645 2152 pertineant.

144 2171 281 2228 XX.
342 2172 478 2240 Quia
527 2173 877 2244 cognovimus
922 2173 1204 2246 episcopos
1242 2188 1341 2245 per
1380 2173 1670 2244 parochias

72 2276 209 2318 suas
260 2276 370 2318 non
416 2262 827 2319 sacerdotaliter
872 2263 1182 2328 deservire,
1233 2264 1325 2318 sed
1379 2262 1672 2319 crudeliter

71 2350 383 2418 deservire,
421 2362 475 2408 et
499 2353 625 2407 dum
647 2353 906 2423 scriptum
939 2352 1028 2409 sit.
1070 2352 1264 2407 Forma
1296 2361 1467 2409 estote
1496 2353 1668 2425 gregi,

70 2455 188 2495 non
222 2450 287 2496 ut
316 2443 656 2498 dominantes
691 2444 745 2498 in
776 2442 944 2507 clero,
972 2444 1387 2514 cxactiouesque
1422 2443 1671 2499 dioecesis

78 2546 218 2597 sure,
250 2531 336 2587 vel
364 2533 559 2588 damna
587 2531 848 2604 infligant,
880 2534 1104 2604 ideoque
1139 2548 1421 2590 censemus
1445 2544 1671 2607 excepto

71 2623 223 2692 quod
248 2632 495 2679 veterum
525 2625 941 2681 constitutiones
968 2626 1241 2695 parochiis
1264 2626 1465 2682 habere
1480 2625 1672 2696 jubent

68 2716 390 2787 episcopos,
436 2728 496 2773 ut
542 2717 646 2773 alia
688 2718 792 2774 illis
841 2734 962 2789 qum
1013 2720 1290 2789 hucusque
1343 2729 1669 2790 praesumpta

69 2820 205 2866 sunt
230 2812 591 2882 denegentur,
618 2813 720 2867 hoc
741 2821 847 2879 est,
893 2826 1071 2885 neque
1100 2812 1155 2868 in
1188 2813 1424 2884 angariis
1449 2814 1670 2884 presby-

70 2906 177 2961 teri
225 2914 327 2961 aut
373 2905 658 2968 diacones,
718 2919 896 2975 neque
949 2905 1002 2960 in
1058 2904 1328 2975 aliquibus
1376 2890 1677 2977 fatigentur

73 2997 431 3066 ajudicibus,
480 3014 547 3053 ne
588 2999 869 3054 videamur
914 2998 967 3053 in
1006 2997 1238 3054 ecclesia
1264 2997 1360 3054 Dei
1388 3007 1671 3053 exactores

73 3093 265 3163 potius
297 3107 457 3162 quam
489 3092 584 3148 Dei
619 3090 1221 3162 pontificeS'nominari,
1248 3091 1305 3145 hi
1331 3105 1460 3147 vero
1487 3089 1669 3146 clerici

69 3195 186 3238 tam
232 3182 470 3248 locales,
511 3199 673 3253 quam
717 3182 1009 3238 dicecesani
1057 3181 1150 3253 qui
1195 3196 1255 3237 se
1301 3182 1370 3237 ab
1411 3183 1665 3254 episcopo

72 3277 303 3349 gravari
341 3276 710 3348 cognoverint,
741 3274 991 3345 querelas
1035 3288 1160 3331 suas
1203 3274 1271 3330 ad
1293 3272 1664 3344 metmpolita-

69 3385 206 3423 num
251 3367 467 3424 deferre
514 3381 622 3421 non
671 3363 939 3429 differant,
984 3372 1044 3420 ut
1091 3363 1534 3434 metropolitanus
1560 3377 1667 3418 non

70 3470 331 3518 moretur
362 3460 623 3531 ejusmodi
652 3458 1102 3530 praesumptiones
1139 3470 1413 3513 coercere.

143 3552 297 3607 XXI.
361 3551 726 3607 Ecclesiarum
776 3564 965 3605 servos
989 3592 1005 3615 ,
1054 3558 1111 3604 et
1157 3549 1533 3619 episcoporum
1580 3548 1665 3602 vel

67 3645 322 3699 omnium
356 3643 677 3698 clericorum
720 3657 748 3695 a
781 3639 1053 3709 iudicibus
1080 3640 1163 3696 vel
1196 3640 1469 3695 actoribus
1498 3639 1668 3709 publi-

68 3740 156 3793 cis
208 3738 266 3791 in
313 3736 545 3791 diversis
582 3734 820 3811 angariis
861 3733 1077 3804 fatigari
1122 3732 1399 3796 dolemus,
1447 3741 1668 3802 propter

69 3829 224 3899 quod
253 3842 415 3881 omne
444 3826 734 3882 concilium
775 3841 804 3879 a
830 3824 1032 3896 pietate
1059 3823 1433 3895 gloriosissimi
1465 3822 1665 3877 domini

70 3922 252 3977 nostri
285 3921 531 3991 poposcit
559 3928 616 3974 nt
646 3919 779 3974 tales
808 3919 1062 3987 deinceps
1089 3932 1253 3971 ausus
1282 3915 1540 3978 inhibeat,
1573 3915 1668 3970 sed

70 4015 223 4070 servi
274 4012 770 4081 suprascriptorum
813 4008 1110 4064 ofﬁciorum
1158 4008 1210 4062 in
1252 4021 1438 4062 eorum
1484 4006 1669 4061 usibus

68 4106 163 4159 vel
213 4104 458 4168 ecclesiae
515 4103 779 4159 laborent.
838 4101 895 4157 Si
943 4100 1034 4170 qui
1081 4114 1211 4155 vero
1255 4097 1518 4168 iudicum,
1576 4106 1668 4152 aut

69 4205 328 4251 actorum
358 4194 644 4259 clericum,
665 4201 757 4247 aut
783 4206 998 4247 servum
1025 4189 1207 4246 clerici
1231 4189 1316 4244 vel
1341 4187 1583 4244 ecclesias
1612 4188 1666 4242 in

70 4287 314 4358 publicis
365 4301 430 4341 ac
478 4286 706 4356 privatis
748 4283 979 4355 negotiis
1021 4295 1287 4350 occupare
1331 4280 1591 4344 voluerit,
1636 4294 1666 4333 a

68 4379 462 4435 communione
494 4377 861 4435 ecclesiastica
892 4376 1005 4448 (cui
1040 4374 1478 4444 impedimentum
1517 4370 1665 4442 facit)

68 4470 347 4525 efﬁciatur
370 4478 681 4524 extraneus.

145 4562 323 4619 XXII.
365 4563 463 4632 Qui
493 4564 675 4620 divina
705 4561 988 4618 vocatione
1016 4560 1085 4615 ab
1120 4559 1226 4614 hac
1252 4558 1361 4613 vita
1406 4556 1665 4612 recedunt

70 4676 205 4716 cum
235 4657 459 4729 psalmis
513 4655 906 4722 tantummodo,
962 4661 1018 4710 et
1045 4651 1390 4723 psallentium
1443 4649 1666 4705 vocibus

70 4753 287 4809 debere
312 4750 379 4806 ad
414 4749 659 4821 sepulcra
704 4746 926 4812 deferri,
970 4761 1094 4800 nam
1144 4743 1350 4798 funeris
1378 4755 1664 4812 precamen

68 4843 231 4913 quod
262 4840 417 4913 vulgo
443 4839 710 4896 defunctis
735 4835 941 4891 cantari
971 4834 1126 4899 solet,
1155 4832 1245 4888 vel
1273 4832 1581 4903 pectoribus
1606 4845 1667 4885 se

71 4941 175 4988 aut
205 4933 501 5001 proximos,
534 4938 631 4985 aut
676 4927 909 4982 familias
954 4925 1195 4982 ecclesia:
1234 4920 1667 4992 omninoprohi-

71 5026 300 5078 bemus.
348 5019 587 5078 Sulliciat
628 5026 809 5073 autem
841 5015 984 5085 quod
1028 5016 1083 5070 in
1115 5029 1213 5083 spe
1256 5011 1667 5069 resurrectionis

74 5112 512 5169 Christianorum
550 5108 872 5180 corporibus
920 5106 1210 5161 famulatus
1236 5105 1538 5159 divinorum
1570 5102 1667 5157 im-

790 5200 831 5218 I'\
873 5200 968 5218 μιιι
1001 5209 1037 5218 μ.
1081 5199 1209 5218 ,ηε-4
1248 5212 1341 5218 ᾗ---
1389 5194 1663 5218 Δ..--.-1---

1763 548 1868 587 non
1908 534 2105 590 debere
2140 551 2443 595 censemus.
2495 540 2586 597 Sic
2611 543 2754 597 enim
2785 543 3212 601 Christianorum
3242 563 3341 618 per

1761 635 1975 678 omnem
2019 627 2273 683 mundum
2321 629 2531 686 humari
2586 641 2799 703 oportet
2849 647 3072 704 corpora
3137 635 3333 692 defun-

1760 719 1993 770 ctorum.

1831 801 2020 859 XXIII.
2057 804 2359 876 Irreligiosa
2404 815 2734 871 consuetudo
2777 824 2891 879 est.
2940 832 3100 888 quam
3144 818 3336 890 vulgus

1761 906 1861 961 per
1887 903 2194 953 sanctorum
2223 902 2589 959 solemnitates
2618 921 2776 974 agerc
2806 910 3102 964 consuevit.
3137 908 3341 980 Populi

1763 981 1854 1051 qui
1895 983 2093 1040 debent
2134 986 2305 1043 ofﬁcia
2351 991 2528 1047 divina
2583 998 2879 1064 attendere,
2929 998 3341 1055 salutationibus

1766 1072 2013 1141 turpibus
2046 1074 2356 1146 invigilant,
2399 1083 2606 1142 cantica
2637 1100 2742 1140 non
2770 1087 2938 1143 solum
2972 1091 3111 1145 mala
3142 1105 3341 1146 canen-

1767 1171 1865 1229 tes,
1898 1166 1992 1244 sed
2025 1177 2080 1224 et
2109 1169 2483 1242 religiosorum
2521 1175 2709 1233 omciis
2756 1190 3175 1252 perstrepentes.
3228 1182 3343 1238 lloc

1766 1255 1910 1310 enim
1947 1266 2006 1312 ut
2033 1260 2101 1314 ab
2130 1264 2278 1317 omni
2311 1263 2568 1335 Hispania
2606 1268 2922 1339 depellatur,
2979 1272 3340 1336 sacerdotum,

1767 1354 1821 1399 et
1836 1345 2097 1416 judicium
2136 1366 2164 1405 a
2195 1354 2425 1409 concilio
2451 1365 2649 1411 sanctae
2670 1373 2813 1414 cura}
2843 1361 3217 1415 committitur.

1981 1439 2225 1495 Edictum
2263 1445 2395 1513 regis
2420 1445 2483 1499 de
2508 1446 2899 1513 conﬁrmatione
2926 1449 3153 1504 concilii.

1839 1527 2272 1588 Gloriosissimus
2296 1533 2555 1590 Dominus
2580 1535 2921 1592 Rcccaredus
2954 1553 3045 1591 rex
3078 1538 3347 1593 universis

1771 1619 1871 1673 sub
1902 1622 2161 1692 regimine
2188 1633 2384 1682 nostrae
2407 1628 2692 1698 potestatis
2722 1629 3160 1686 consistentibus.
3191 1631 3348 1686 Ama-

1777 1719 1921 1768 tores
1958 1728 2055 1770 nos
2094 1716 2176 1771 sui
2217 1716 2398 1772 divina
2443 1718 2649 1776 faciens
2672 1721 2874 1778 veritas
2915 1723 3113 1779 nostris
3140 1722 3365 1794 princi-'

1698 1780 1745 1840 B
1774 1801 1966 1872 paliter
2016 1804 2264 1863 sensibus
2310 1808 2614 1878 inspiravit,
2664 1820 2724 1865 ut
2769 1826 2933 1867 causa
2983 1811 3351 1867 instauranda:

1771 1895 1917 1963 fidei,
1951 1911 2016 1953 ac
2050 1898 2345 1971 disciplina:
2383 1902 2793 1971 ecclesiasticae,
2841 1905 3122 1975 episcopos
3161 1919 3350 1959 omnes

1769 1984 2039 2058 Hispaniae
2101 1999 2286 2047 nostro
2345 1994 2658 2063 praesentari
2725 1996 2944 2051 culmini
3000 1994 3338 2065 juberemus.

1768 2077 2111 2138 Przecedente
2148 2092 2329 2139 autem
2368 2086 2611 2158 diligenti
2640 2096 2695 2143 et
2741 2097 2899 2144 cauta
2940 2088 3347 2154 deliberatione,

1769 2169 1882 2225 sive
1909 2185 2030 2241 quae
2063 2173 2131 2228 ad
2159 2173 2320 2231 fidem
2362 2177 2710 2246 conveniunt,
2754 2192 2847 2235 seu
2878 2194 2996 2249 quae
3033 2180 3100 2235 ad
3139 2172 3348 2235 morum

1770 2260 2167 2332 correptionem
2212 2265 2536 2336 respiciunt,
2580 2282 2772 2324 sensus
2815 2269 3132 2326 maturitate
3179 2277 3233 2325 et
3271 2269 3352 2323 in-

1771 2351 2078 2424 telligentia:
2122 2358 2389 2425 gravitate
2433 2369 2683 2419 constant
2732 2378 2856 2421 esse
2894 2365 3119 2435 digesta.
3155 2364 3350 2421 Nostra

1769 2446 1997 2515 proinde
2044 2454 2342 2507 auctoritas
2387 2451 2492 2508 hoc
2532 2455 2782 2510 omnibus
2818 2455 3130 2512 hominibus
3157 2455 3225 2512 ad
3264 2470 3351 2510 re-

1771 2550 1934 2607 gnum
1965 2548 2210 2595 nostrum
2243 2542 2640 2611 pertinentibus
2672 2545 2853 2616 jubet,
2885 2554 2947 2601 ut
2990 2547 3036 2603 si
3076 2562 3180 2617 qua
3211 2547 3349 2601 deti-

1771 2630 1884 2686 nita
1913 2640 2058 2699 sunt,
2089 2633 2143 2687 in
2180 2634 2285 2691 hoc
2319 2644 2508 2693 sancto
2534 2638 2764 2695 concilio
2793 2630 2925 2696 acto
2952 2641 3006 2695 in
3035 2641 3169 2697 urbe
3194 2639 3351 2698 Tole-

1773 2732 2095 2803 tanaanno
2139 2726 2290 2797 regni
2320 2728 2490 2782 nostri
2543 2726 2774 2786 feliciter
2819 2740 3014 2801 quarto
3063 2732 3194 2788 nulli
3227 2747 3351 2790 con-

1775 2821 2017 2870 temnere
2038 2813 2221 2883 liceat,
2251 2816 2429 2874 nullus
2456 2819 2733 2889 praeterire
2756 2830 3063 2891 praesumat.
3104 2822 3349 2893 Capitula

1771 2905 1916 2960 enim
1963 2921 2083 2977 qua:
2131 2907 2333 2963 nostris
2386 2910 2636 2966 sensibus
2678 2910 2908 2983 placita,
2952 2919 3009 2969 et
3054 2912 3351 2984 disciplinas

1775 3011 2033 3068 congrua,
2059 3012 2123 3054 ac
2136 3000 2386 3070 praesenti
2404 3001 2708 3072 conscripta
2730 3011 2856 3057 sunt
2878 3003 3101 3075 synodo,
3129 3004 3181 3058 in
3200 3005 3348 3059 omni

1775 3086 2118 3154 auctoritate,
2168 3089 2282 3145 sive
2336 3089 2680 3160 clericorum,
2721 3093 2835 3149 sive
2884 3109 3348 3166 quorumcumque

1774 3179 2016 3234 omnium
2068 3179 2443 3252 observentur,
2474 3193 2529 3240 et
2555 3195 2833 3253 maneant,
2863 3186 2918 3244 id
2940 3197 3044 3254 est,
3075 3190 3140 3245 de
3165 3191 3351 3246 obser-

1767 3274 1987 3331 vatione
2035 3274 2279 3345 priorum
2328 3292 2619 3347 canonum,
2662 3278 2732 3335 de
2758 3280 3001 3352 symbolo
3026 3282 3353 3354 proferendo

1768 3383 1799 3423 a
1820 3368 2033 3440 populis
2072 3368 2125 3424 in
2150 3368 2404 3437 ecclesia,
2435 3371 2500 3426 de
2529 3372 2798 3442 episcopis
2837 3381 2898 3427 ut
2927 3375 3007 3429 eis
3038 3389 3145 3429 non
3190 3374 3350 3431 liceat

1768 3473 1882 3515 rem
1913 3461 2152 3517 alienare
2194 3461 2470 3529 ecclesiae,
2501 3470 2560 3517 ut
2587 3464 2843 3534 episcopo
2885 3464 3047 3520 liceat
3089 3480 3254 3521 unam
3285 3467 3351 3521 de

1766 3552 2112 3620 parochianis
2136 3551 2380 3608 ecclesiis
2408 3553 2796 3609 monasterium
2826 3553 3026 3621 facere,
3057 3562 3115 3610 ut
3142 3555 3350 3625 episco-

1768 3643 1870 3712 pis,
1905 3651 1959 3697 et
1985 3643 2340 3716 presbyteris,
2367 3651 2422 3700 et
2448 3643 2765 3701 diaconibus
2799 3659 2867 3701 ex
2890 3645 3084 3702 haeresi
3131 3660 3351 3702 conver-

1769 3735 1844 3790 sis
1865 3732 1977 3802 jam
2013 3748 2119 3789 non
2144 3733 2309 3789 liceat
2342 3734 2558 3790 misceri
2581 3734 2868 3803 uxoribus,
2897 3734 2981 3791 vel
3005 3735 3147 3805 quod
3173 3735 3227 3790 hi
3257 3737 3347 3807 qui

1770 3840 1982 3896 semper
2007 3824 2257 3880 catholici
2306 3823 2508 3880 fuerint
2535 3825 2588 3879 in
2617 3824 2827 3880 cellulis
2865 3826 2979 3882 suis
2999 3841 3122 3881 cum
3150 3824 3340 3881 mulie-

1768 3916 1919 3972 ribus
1949 3916 2227 3972 extraneis
2258 3931 2365 3972 non
2411 3925 2715 3983 morentur,
2743 3918 2887 3989 quod
2916 3916 3096 3972 liberti
3137 3915 3206 3972 ab
3231 3916 3347 3987 cpiL

1767 4006 1946 4077 scopis
1985 4006 2069 4062 vel
2118 4007 2187 4063 ab
2225 4005 2346 4062 aliis
2386 4005 2516 4062 facti
2542 4047 2557 4074 ,
2599 4015 2654 4060 et
2694 4005 2939 4062 ecclesiis
2985 4007 3357 4062 commendati

1767 4110 2087 4170 permanere
2131 4096 2365 4153 debeant
2411 4096 2585 4164 liberi,
2632 4095 2774 4168 quod
2820 4096 2976 4152 lectio
3020 4096 3072 4151 in
3100 4096 3350 4152 omnibus

1769 4182 2193 4240 sacerdotalibus
2242 4183 2446 4240 mensis
2471 4183 2600 4255 {legi
2648 4183 2893 4249 debeat,‘
2931 4184 3076 4255 quod
3124 4184 3350 4241 clericos

1768 4290 1835 4331 ex
1882 4274 2102 4331 familiis
2136 4275 2253 4330 ﬁsci
2287 4275 2458 4331 nostri
2502 4290 2743 4346 unquam
2784 4275 2941 4347 ιιι
2967 4275 3148 4332 nullus
3188 4290 3351 4348 agere

1766 4374 2075 4439 praesumat,
2111 4375 2168 4424 et
2203 4367 2294 4439 qui
2327 4368 2597 4439 acceperit
2634 4367 2790 4422 irrita
2828 4368 2949 4423 talis
2983 4367 3203 4423 donatio
3236 4383 3349 4422 ma-

1690 4485 1747 4548 Ῑ)
1771 4469 1913 4527 neat,
1942 4462 2008 4516 de
2036 4460 2282 4516 ecclesiis
2309 4461 2379 4516 ab
2405 4461 2597 4517 haeresi
2637 4461 2913 4517 translatis
2942 4471 3000 4516 ut
3037 4462 3104 4517 ad
3140 4461 3348 4532 episco.

1768 4567 1864 4625 pos
1896 4552 1951 4607 in
1973 4566 2202 4622 quorum
2232 4560 2358 4607 sunt
2384 4551 2657 4622 parochiis
2697 4553 3029 4622 pertineant,
3072 4553 3139 4607 de
3172 4553 3348 4607 viduis

1767 4644 1909 4713 quod
1949 4655 2070 4713 qua:
2107 4641 2379 4697 voluerint
2425 4642 2814 4698 continentiam
2870 4650 3117 4705 teneant,
3146 4648 3213 4695 et
3229 4656 3349 4711 qua:

1766 4735 1970 4790 nubere
2019 4732 2303 4805 elegerint,
2334 4733 2532 4803 quibus
2579 4732 2873 4797 voluerint,
2916 4734 3143 4795 nubant,
3196 4745 3348 4800 aeque

1768 4826 1835 4881 de
1867 4824 2175 4896 virginibus
2217 4823 2364 4893 quod
2408 4822 2739 4895 penitentes
2785 4820 3081 4877 secundum
3131 4820 3349 4875 modum

1766 4912 2036 4972 canonum
2086 4914 2441 4984 antiquorum
2474 4910 2702 4968 debeant
2750 4923 2909 4978 agere
2948 4908 3351 4980 pmuitentiam,

1766 5007 1912 5076 quod
1951 5005 2043 5078 qui
2081 5003 2356 5062 voluerint
2412 5015 2570 5076 agere
2606 4998 2978 5069 paenitentiam
3025 4998 3179 5070 prius
3238 5008 3357 5055 tono

1767 5097 2023 5165 deantur,
2061 5106 2157 5153 aut
2192 5093 2455 5157 habitum
2482 5096 2701 5153 mutent,
2724 5091 2867 5157 quod
2900 5106 3009 5147 non
3056 5088 3222 5145 liceat
3266 5090 3360 5146 Ju-

2057 5185 2406 5218 Ρι-..ξι-ιεηηξ..
2466 5187 2650 5218 Annam
2674 5193 2872 5218 Iuni-nc
2899 5183 2979 5218 ναι
3006 5183 3339 5218 nnnnnhinnc

1768 5188 1896 5218 Ilm:ﬂ
1943 5189 2009 5218 11⁸
