3910 6444
548 390 656 452 459
1287 371 1575 443 APPEND.
1615 385 1706 440 AD
1739 383 1912 440 SEC.
1939 377 2030 437 IX.
2067 412 2135 422 —-
2161 379 2408 438 ISIDORI
2437 376 2876 436 MERCATORIS
3681 378 3762 439 460

553 507 872 572 necaverit,
929 520 958 560 a
1021 502 1394 559 sacerdotibus
1437 502 1516 556 vel
1570 500 1842 572 jndicibus
1899 499 2116 556 distrin-
2148 515 2194 572 Α
2222 499 2560 555 sanctionum
2608 497 2866 553 obediens
2913 495 3230 551 observator
3267 507 3391 549 esse
3428 491 3666 560 noluerit,
3686 512 3760 552 su-

547 609 723 670 gatur,
749 597 890 668 quod
924 594 1088 651 semel
1119 594 1172 648 in
1205 608 1345 648 anno
1372 593 1438 646 ad
1468 592 1752 647 concilium
1791 591 2118 654 sacerdotes,
2224 591 2388 663 perba
2419 589 2593 647 fronte
2620 589 2884 659 majorum
2915 590 3132 644 statutis
3164 604 3489 659 repugnans,
3520 589 3563 644 si
3589 590 3763 660 episcoo

545 696 601 743 et
626 686 857 758 judices,
895 695 1058 755 atque
1096 692 1309 738 actores
1342 681 1652 751 patrimonii
1683 680 1853 736 nostri
1890 679 2124 735 debeant
2221 699 2342 754 pus,
2366 675 2664 752 presbyter,
2691 681 2973 745 diaconus,
3004 688 3097 735 aut
3124 678 3354 736 clericus
3379 679 3553 743 fuerit,
3571 679 3762 736 abomni

544 781 835 836 convenire
858 777 1003 848 quod
1042 775 1390 832 ecclesiarum
1443 775 1685 829 omnium
1717 789 1879 829 causa
1909 773 1976 827 ad
2007 772 2122 842 epi-
2222 772 2457 829 concilio
2494 771 3040 829 excommunicationi
3072 771 3364 841 subjaccat,
3403 771 3446 825 si
3474 785 3596 826 vero
3625 771 3762 828 laicus

543 872 689 943 scopi
737 870 1128 926 ordinationem
1170 867 1445 939 pertinere
1485 867 1699 931 debeat,
1756 865 1896 936 quod
1942 880 2122 920 sacer-
2222 864 2403 929 fuerit,
2430 872 2484 919 et
2512 863 2837 919 honestioris
2865 862 2964 917 loci
2993 877 3221 932 persona
3253 862 3437 926 fuerit,
3462 862 3759 918 medietatem

539 962 693 1016 dotes
757 960 1101 1014 moderanter
1150 973 1310 1028 agere
1377 957 1607 1012 debeant
1655 971 1751 1026 per
1807 955 2116 1026 parochias,
2221 957 2534 1012 facultatum
2569 971 2792 1012 suarum
2821 955 3033 1010 amittat
3060 952 3412 1024 ﬁscijuribus
3443 953 3757 1023 profuturam.

541 1052 682 1120 quod
731 1051 869 1105 servi
923 1049 1168 1104 ecclesia:
1213 1048 1328 1102 sive
1368 1045 1688 1101 clericorum
1740 1061 1846 1100 non
1891 1045 2121 1099 debeant
2222 1047 2281 1103 Si
2317 1061 2447 1104 vero
2484 1046 2711 1102 minoris
2747 1045 2851 1102 loci
2885 1061 3116 1117 persona
3160 1055 3245 1102 est
3280 1045 3568 1100 amissione
3612 1059 3757 1100 rerum

539 1160 566 1194 ιι
599 1141 800 1196 nostris
825 1139 1100 1194 actoribus
1131 1139 1182 1192 in
1212 1139 1431 1207 angaria
1470 1137 1648 1205 aliqua
1674 1135 1910 1206 fatigari.
1959 1135 2110 1202 Quod
2221 1155 2440 1195 suarum
2497 1138 2756 1194 multatus
2803 1137 2856 1193 in
2901 1137 3148 1194 exsilium
3201 1137 3513 1206 deputetur.
3581 1136 3759 1192 Flavius

541 1231 914 1300 religiosorum
941 1244 1174 1299 corpora
1196 1244 1316 1283 eum
1344 1228 1558 1298 hymnis
1573 1235 1625 1282 et
1653 1226 1878 1281 canticis
1910 1234 2115 1280 tantum
2219 1229 2560 1286 Boccaredus
2613 1245 2710 1286 rex
2767 1229 2907 1284 hanc
2965 1227 3410 1282 deliberationem
3473 1241 3625 1296 quam
3663 1242 3758 1282 cum

539 1319 829 1376 deferenda
883 1320 993 1374 sint
1039 1319 1104 1372 ad
1149 1318 1413 1388 sepulcra.
1465 1317 1616 1385 Quod
1667 1315 2017 1371 Ballimathiae
2064 1324 2120 1370 et
2219 1329 2410 1377 sancta
2467 1319 2811 1376 definivimus
2855 1320 3059 1392 synodo
3090 1319 3422 1376 confirmans
3477 1320 3754 1389 subscripsi.

541 1414 717 1481 turpia
765 1411 972 1466 czmtica
1023 1410 1354 1480 prohibenda
1404 1425 1432 1463 a
1476 1418 1786 1464 sanctorum
1820 1407 2115 1463 solemniis.
2219 1412 2474 1468 Mausona
2500 1411 2552 1466 in
2579 1409 2781 1467 Christi
2811 1411 3027 1466 nomine
3053 1410 3296 1466 ccclesize
3336 1410 3607 1465 catholica
3629 1410 3756 1464 Eme-

540 1500 649 1555 llas
689 1515 878 1555 omnes
919 1500 1330 1554 constitutiones
1371 1499 1770 1555 ecclesiasticas
1803 1513 1939 1569 quas
1967 1514 2133 1558 sum-_
2220 1500 2461 1556 recensis
2487 1500 2932 1571 metropolitanus
2967 1500 3247 1570 episcopos
3271 1499 3558 1570 provincia:
3585 1497 3755 1553 Lusita-

538 1593 725 1646 matim
773 1592 1118 1661 breviterque
1161 1591 1576 1662 perstrinximus
1627 1590 1792 1660 (sicut
1818 1589 2026 1660 plenius
2063 1588 2116 1643 in
2217 1591 2322 1646 nia:
2368 1590 2454 1646 his
2503 1589 2974 1646 constitutionibus
3015 1591 3209 1661 quibus
3261 1591 3316 1645 in
3368 1591 3501 1645 urbe
3541 1589 3757 1644 Toletana

535 1697 743 1736 canone
813 1681 1182 1752 continentur)
1259 1694 1478 1734 manere
1533 1680 1753 1751 perenni
1828 1678 2118 1735 stabilitate
2219 1681 2458 1746 interfui,
2493 1697 2658 1737 manu
2683 1696 2804 1737 mea
2829 1682 3144 1753 subscripsi.
3191 1681 3462 1737 Similiter
3484 1690 3536 1737 et
3567 1681 3649 1737 alii
3671 1683 3756 1753 cpi-

535 1771 830 1826 sancimus.
877 1769 932 1825 Si
982 1772 1105 1840 quis
1154 1770 1384 1826 clericus
1429 1787 1556 1842 ergo
1600 1779 1692 1826 aut
1728 1769 1896 1826 laicus
1925 1771 2116 1825 harum
2219 1773 2369 1846 scopi
2396 1772 2852 1843 subscripserunt.

538 1912 2904 1938 W

1349 2025 1693 2083 INCIPIUNT
1729 2025 2069 2083 CAPITULA
2097 1995 2389 2083 CONélLll
2416 2022 2678 2094 QUARTI
2709 2020 3072 2079 TOLETAM.

594 2160 656 2219 1.
698 2165 772 2220 De
799 2164 1046 2220 oratione
1069 2172 1125 2220 et
1151 2163 1272 2220 fidei
1309 2163 1648 2220 confessione
1674 2179 1796 2235 quae
1838 2164 1891 2220 in
1924 2171 2112 2220 sancta
2141 2168 2188 2228 Β
2286 2161 2372 2216 19.
2401 2160 2554 2228 Quod
2584 2160 2638 2215 in
2670 2159 2840 2215 veteri
2874 2158 2989 2231 lege
3021 2159 3089 2215 ab
3129 2173 3275 2214 anno
3322 2158 3574 2229 vigesimo
3601 2160 3752 2230 quinto

533 2253 628 2307 Dei
669 2252 908 2308 Ecclesia
940 2253 1285 2323 praedicatur.
1587 2263 1589 2265 '
2218 2251 2394 2308 levitas
2426 2251 2666 2307 ordinari
2697 2249 3040 2304 mandantur.

599 2347 654 2402 2.
683 2345 836 2401 Nulla
863 2363 999 2418 pene
1029 2363 1116 2403 res
1144 2348 1316 2418 magis
1361 2347 1656 2418 disciplinae
1694 2361 1872 2403 mores
1915 2347 1983 2402 ab
2011 2347 2116 2403 Ec-
2161 2409 2164 2416 1
2286 2344 2375 2399 20.
2427 2343 2579 2412 Quod
2618 2342 2929 2398 sacerdotes
2980 2341 3074 2398 Dei
3123 2343 3614 2413 trreprchensibiles
3657 2359 3750 2399 esse

533 2437 697 2492 clesia
743 2437 943 2494 Christi
990 2437 1210 2508 depulit,
1255 2453 1416 2508 quam
1471 2437 1777 2493 inordinata
1829 2435 2114 2491 diversitas
2213 2435 2430 2490 debent.

529 2529 715 2586 oﬂlcii.
2281 2524 2370 2578 21.
2405 2522 2557 2591 Quod
2581 2521 2722 2594 apud
2755 2521 2919 2576 Deum
2951 2521 3343 2576 conscientiam
3373 2537 3554 2592 puram
3577 2533 3624 2578 et
3641 2523 3747 2593 apud

597 2625 651 2679 5.
679 2624 754 2678 De
780 2622 1011 2679 formula
1041 2626 1335 2680 secundum
1363 2641 1525 2698 quam
1557 2625 1751 2682 debeat
1788 2633 1976 2682 sancta
2016 2640 2109 2696 sy-
2210 2614 2458 2670 homines
2489 2612 2689 2667 famam
2718 2613 2978 2682 optimam
3011 2628 3108 2668 nos
3131 2613 3336 2670 habere
3365 2625 3600 2686 oporteat

527 2715 700 2769 nodus
725 2715 776 2768 in
801 2713 895 2768 Dei
922 2715 1140 2768 nomine
1163 2713 1304 2770 fieri.
2285 2706 2374 2760 22.
2399 2705 2864 2774 Quemadmodum
2895 2705 3165 2761 antistites
3191 2706 3266 2761 ita
3310 2707 3596 2778 presbyteri
3623 2715 3668 2759 et
3689 2720 3745 2759 te-

596 2803 652 2856 ι.
685 2803 740 2856 1η
779 2803 1121 2859 solemnitate
1147 2804 1387 2874 paschali
1409 2805 1645 2876 qualiter
1666 2817 1804 2864 sole;
1832 2805 1887 2861 in
1909 2803 2106 2877 Hispa-
2207 2797 2330 2852 vita:
2356 2797 2497 2852 sicut
2519 2797 2753 2862 nomine,
2787 2796 2859 2850 ita
2887 2806 2940 2851 et
2993 2797 3200 2852 meritis
3250 2799 3418 2853 vitam
3467 2807 3664 2853 teneant
3704 2807 3744 2851 ct

526 2894 634 2949 niis
658 2894 896 2948 varietas
923 2893 1180 2950 existere.
2207 2888 2569 2945 testimonium
2599 2889 2744 2944 vitm.
2975 2889 2979 2892 ’

595 2983 650 3038 5.
676 2984 754 3038 De
781 2984 1034 3053 baptismi
1063 2995 1425 3042 sacramento.
2272 2979 2362 3036 25.
2391 2979 2543 3048 Quod
2574 2993 2744 3051 prona
2775 2979 2844 3033 sit
2873 2977 3049 3034 omnis
3069 2987 3202 3034 tetas
3241 2979 3311 3034 ab
3335 2980 3670 3036 adolescentia
3694 2981 3733 3033 in

595 3074 648 3129 6.
678 3074 1050 3144 Comperimus
1080 3077 1223 3145 quod
1263 3092 1358 3146 per
1402 3077 1689 3134 nonnullas
1740 3077 2000 3136 ecclesias
2050 3080 2104 3137 in
2178 3067 2425 3126 ’ωθιυωο

525 3164 612 3219 die
660 3175 824 3221 sextae
875 3166 1022 3223 feriae
1050 3169 1319 3238 passionis
1373 3170 1585 3226 Domini
1635 3171 1836 3228 clausis
1857 3173 2105 3231 basilica-
2270 3164 2364 3219 24.
2387 3163 2538 3232 Quod
2569 3163 2804 3219 maxime
2832 3164 2882 3218 in
2907 3163 3282 3220 sacerdotibus
3320 3164 3414 3220 Dei
3439 3165 3637 3220 vitanda
3669 3172 3731 3218 est

526 3269 646 3310 rum
672 3255 880 3313 foribus
915 3273 1019 3313 non
1045 3259 1347 3316 celebretur
1375 3260 1633 3316 officium.
2200 3271 2445 3314 errorum
2477 3257 2798 3329 ignorantia.

595 3346 648 3399 7.
677 3345 903 3413 Quidam
937 3349 988 3402 in
1029 3349 1114 3404 die
1142 3349 1383 3420 ejusdem
1407 3352 1690 3408 dominica:
1726 3353 1993 3425 passionis
2035 3355 2103 3409 ad
2270 3350 2361 3405 25.
2388 3351 2462 3406 De
2485 3350 2817 3422 presbyteris
2863 3350 3232 3420 parocbitanis
3273 3351 3401 3406 dum
3453 3351 3724 3406 ordinantur

525 3437 716 3526 horam
747 3454 941 3493 nonam
967 3439 1230 3511 jejunium
1268 3444 1499 3500 solvunt.
1683 3513 1686 3516 Ι
2203 3443 2346 3512 quod
2375 3441 2614 3496 libellum
2668 3440 2955 3496 ofﬁcialem
3004 3456 3035 3496 a
3087 3443 3371 3498 sacerdote
3419 3456 3512 3497 suo
3537 3440 3739 3508 accipere

595 3529 647 3584 8.
681 3529 927 3586 Lucerna
950 3542 1004 3588 et
1026 3550 1216 3591 cereus
1257 3536 1395 3592 infra
1426 3540 1636 3610 vigilias
1676 3543 1814 3611 apud
1845 3543 2104 3613 quasdam
2135 3545 2179 3606 C
2212 3533 2429 3587 debem-

526 3619 786 3678 ecclesias
811 3638 916 3678 non
956 3624 1366 3692 benedicuntur,
1403 3638 1457 3683 et
1483 3645 1581 3684 cur
1623 3646 1652 3684 a
1695 3631 1851 3686 nobis
1889 3631 2107 3688 benedi-
2281 3623 2370 3677 96.
2409 3622 2635 3690 Quando
2663 3624 2990 3696 presbyteri.
3016 3633 3110 3679 aut
3139 3625 3354 3681 diaconi
3406 3627 3456 3680 in
3497 3620 3735 3696 ρπυειιῐειε

526 3721 740 3778 cantur,
768 3713 1065 3784 inquirunt.
2207 3716 2632 3780 constituuntur,
2691 3725 2906 3787 oportet
2962 3731 3056 3772 eos
3100 3717 3489 3787 professionem
3535 3715 3738 3785 episcopo

597 3802 650 3858 9.
681 3802 932 3858 Nonnulli
960 3807 1300 3863 sacerdotum
1327 3824 1426 3879 per
1454 3810 1738 3881 Hispanias
1759 3814 2106 3882 reperiuntur
2209 3821 2307 3862 suo
2332 3805 2530 3862 facere-

526 3891 618 3960 qui
643 3891 975 3948 Dominicam
1000 3897 1303 3952 orationem
1331 3912 1492 3967 quam
1521 3901 1759 3955 salvator
1783 3913 1970 3958 noster
2007 3905 2106 3958 do-
2278 3897 2446 3968 27.,Si
2468 3899 2792 3970 episcopins,
2817 3899 3126 3970 presbyter,
3151 3899 3434 3965 diaconus,
3456 3907 3542 3953 aut
3559 3894 3733 3951 subdia-

527 3981 641 4034 cuit
671 3989 724 4035 et
745 3983 1001 4052 praecepit
1027 4001 1132 4039 non
1159 3987 1420 4056 quotidie,
1447 3991 1542 4045 sed
1573 4000 1776 4046 tantum
1805 3994 1889 4048 die
1928 3995 2109 4050 Domi-
2209 4004 2378 4046 conus
2400 4005 2431 4045 a
2455 3991 2623 4061 gradu
2652 4005 2750 4045 suo
2779 3991 2972 4060 dejecti
3012 3991 3230 4054 fuerint,
3261 4001 3318 4047 et
3357 3993 3409 4047 in
3437 3989 3642 4046 secunda
3671 4000 3736 4053 sy-

527 4071 650 4126 nieo
681 4071 886 4128 dicunt.
2172 4083 2350 4138 'nodo
2385 4083 2700 4139 innocentes
2743 4083 3120 4150 inveniantur,
3182 4085 3416 4155 qualiter
3471 4081 3618 4152 recipi
3666 4076 3734 4130 dc-

605 4163 691 4218 10.
722 4164 874 4232 Quod
896 4169 1206 4225 sacerdotes
1228 4168 1498 4240 Hispaniae
1524 4175 1716 4231 diebus
1753 4176 2107 4248 quadragesi-
2209 4175 2389 4232 beant.

529 4269 628 4309 ma:
651 4255 863 4310 alleluia
891 4257 1200 4314 decantent.
2279 4266 2367 4323 28.
2403 4265 2459 4320 Si
2497 4267 2802 4339 episcopus,
2827 4268 3131 4340 presbyter,
3164 4283 3259 4324 seu
3295 4269 3560 4329 diaconus,
3592 4259 3660 4315 vel
3684 4271 3732 4310 ex

601 4347 686 4400 11.
717 4346 872 4414 Quod
900 4348 954 4401 in
978 4350 1297 4418 quibusdam
1327 4349 1703 4424 Hispaniarum
1727 4361 1974 4417 ecclesus
1993 4375 2112 4417 tau.
2209 4356 2399 4410 Ordine
2425 4355 2747 4412 clericorum
2779 4373 2988 4430 magos,
3017 4360 3313 4429 aruspices,
3353 4357 3558 4419 ariolos.
3597 4363 3729 4419 ηυειι·

529 4439 620 4492 des
643 4447 772 4508 post
798 4440 1112 4509 Apostolum
1143 4444 1452 4502 decantent.
2215 4465 2300 4505 res
2339 4449 2424 4505 vel
2452 4452 2736 4521 sortilegos
2760 4455 3045 4510 consulere
3069 4455 3271 4512 fuerint
3298 4439 3730 4527 deprehensi.’quid

599 4535 686 4590 12.
713 4536 788 4592 De
812 4539 1027 4609 hymnis
1057 4543 1220 4595 etiam
1243 4543 1518 4599 canendis.
2210 4542 2278 4598 de
2299 4543 2378 4597 eis
2405 4544 2670 4614 agendum
2695 4545 2783 4599 sit.

597 4627 684 4684 15.
709 4628 782 4685 De
807 4631 1009 4702 hymno
1034 4648 1246 4702 quoque
1271 4635 1433 4690 trium
1461 4648 1750 4704 puerorum
1779 4638 1831 4693 in
1860 4654 1968 4706 quo
1988 4641 2107 4696 uni-

2278 4635 2369 4690 29.
2407 4634 2738 4690 Confinitimi
2779 4638 3014 4693 hostium
3077 4639 3386 4694 sacerdotes
3429 4641 3626 4706 propter
3659 4637 3727 4679 eos

526 4733 679 4773 versa
706 4722 827 4776 caeli
865 4731 1128 4791 terraeque
1149 4731 1400 4780 creatura
1431 4726 1598 4780 Deum
1628 4727 1918 4784 collaudat.
2211 4723 2300 4794 qui
2324 4739 2354 4777 τι
2387 4725 2531 4792 regia
2557 4734 2825 4794 potestate
2849 4726 3122 4782 licentiam
3161 4728 3462 4799 acceperint
3483 4725 3531 4779 in
3570 4711 3728 4790 synod°

595 4807 682 4862 14.
719 4807 872 4876 Quod
918 4812 971 4865 in
1020 4812 1181 4866 finem
1224 4812 1552 4883 psalmorum
1601 4831 1707 4871 non
1739 4819 1878 4874 sicut
1929 4835 1960 4873 a
1987 4822 2112 4890 qui-
2211 4818 2503 4872 mundandi
2531 4829 2677 4873 sunt.

523 4896 749 4952 busdam
781 4899 950 4966 gloria
991 4900 1158 4967 Patri,
1191 4903 1287 4958 sed
1317 4903 1490 4958 honor
1523 4911 1580 4958 et
1623 4905 1794 4978 gloria
1828 4907 1973 4964 Patri
2018 4910 2103 4966 di-
2131 4907 2184 4966 D
2278 4907 2366 4962 50.
2397 4907 2549 4974 Quod
2585 4923 2724 4978 saepe
2776 4909 3048 4980 principes
3092 4922 3279 4966 contra
3312 4906 3561 4980 quoslibet
3599 4893 3724 4962 maie‘

523 4994 695 5039 εδιυνσ
2209 4998 2366 5052 statis
2392 4999 2657 5055 obnoxios
2703 5001 3073 5057 sacerdotibus
3120 5019 3215 5058 sua
3269 5000 3474 5072 negotia
3522 4987 3722 5050 commit-

596 5078 684 5132 15.
720 5077 862 5132 Sunt
886 5080 1104 5148 quidam
1127 5083 1218 5153 qui
1261 5083 1314 5140 in
1341 5083 1449 5140 fine
1491 5088 1954 5157 responsoriorum
1985 5092 2099 5163 διο·
2209 5099 2350 5145 ιυηι.

524 5165 659 5258 riattl
689 5181 795 5258 non
821 5170 1022 5258 dicunt.
2281 5182 2369 5236 5|.
2424 5181 2494 5238 ιιι
2542 5184 2782 5254 episcopi
2835 5185 2890 5240 in
2937 5187 3284 5258 protegendis
3329 5180 3524 5254 populis
3561 5187 3615 5229 ac
3655 5167 3720 5258 δέ·

595 5255 683 5308 to.
726 5256 798 5312 De
821 5257 1141 5332 Apocalypsi
1171 5262 1329 5332 libro,
1374 5274 1434 5321 ut
1481 5274 1750 5337 teneatur,
1786 5281 1840 5326 et
1889 5276 2105 5343 quando
2213 5275 2496 5332 fendendis
2522 5277 2828 5346 impositam
2881 5294 2912 5333 a
2941 5255 3070 5334 iDeo
3101 5255 3214 5334 sibi
3258 5290 3437 5333 curam
3468 5285 3561 5326 non
3584 5257 3717 5320 ambi'

523 5345 752 5442 Ῑθῧξίξωίζ
847 5438 860 5442 Δ
973 5441 1017 5442 η
2215 5378 2359 5442 gant.

595 5437 680 5490 17-
709 5437 862 5505 QIlOd
892 5441 1108 5508 Quidam
1132 5446 1444 5504 sacerdotes
1475 5465 1581 5505 non
1607 5453 1708 5506 rite
1741 5463 1863 5523 post
1900 5455 2103 5510 dictam
2215 5437 2238 5442 ⁷
2279 5459 2368 5514 52.
2395 5459 2547 5527 Quod
2573 5461 2800 5516 avaritia
2831 5461 2984 5517 radix
3030 5472 3344 5518 cunctorum
3385 5456 3617 5514 malorum
3647 5439 3714 5495 ali-

522 5528 826 5583 orationem
887 5531 1225 5589 Dominicam
1296 5539 1480 5594 statim
1539 5545 1983 5612 communicant,
2051 5555 2107 5602 et
2205 5564 2434 5618 quorum
2462 5552 2800 5605 sacerdotum
2829 5560 3038 5608 mentes
3066 5553 3319 5608 obtineat.

523 5629 708 5684 poSIea
734 5623 1165 5680 benedictionem
1197 5629 1248 5683 in
1285 5631 1482 5701 populo
1513 5634 1657 5689 dant.

2277 5641 2368 5696 55.
2405 5641 2722 5712 Quicunque
2748 5645 3034 5714 episcopus
3062 5644 3282 5699 alterius
3310 5633 3528 5712 episcopi
3553 5629 3709 5684 ἀίωοεσ

589 5708 684 5810 13-
713 5709 864 5810 Quod
907 5716 1204 5784 perniciosa
1255 5723 1588 5779 consuetudo
1633 5740 1972 5796 nequaquam
2021 5737 2103 5782 est
2208 5730 2308 5784 sim
2341 5747 2436 5800 per
2485 5708 2699 5802 triginta
2749 5708 3084 5791 anuos-sine
3127 5737 3298 5807 aliqua
3341 5708 3707 5796 interpellatione

526 5803 824 5855 retinenda.
2211 5819 2528 5887 possederit,
2553 5830 2612 5875 ut
2635 5830 2812 5877 teneat
2831 5839 2974 5879 eam.
