3910 6494
125 359 220 415 Ml

1186 341 1677 404 DECRETALIUM
1714 343 2115 406 COLLECTIO.

2481 239 2504 270 κ

3293 355 3401 412 462

191 467 278 524 54.
332 465 404 522 Ut
459 466 608 521 sicut
649 464 928 520 dioecesim
967 461 1196 519 alienam
1240 461 1552 518 tricennalis
1592 472 1715 530 pos-
1743 467 1799 524 Α
1893 463 1980 518 55.
2016 463 2172 530 Quod
2199 464 2305 520 duo
2328 474 2455 522 sunt
2494 480 2692 538 genera
2720 468 3022 536 viduarum,
3053 470 3400 530 smculareset

127 559 289 613 sessio
324 556 492 622 tollit,
520 558 593 610 ita
629 557 884 612 territorii
913 565 1236 626 conventum
1265 569 1369 609 non
1402 554 1625 608 amittit.

189 648 276 702 55.
313 647 473 715 Quod
506 649 788 718 episcopos
838 664 935 717 per
974 656 1198 702 cunctas
1249 647 1512 702 dimceses
1560 660 1720 716 paro-

127 742 375 810 chiasque
395 756 532 795 suas
561 741 636 795 ire
664 749 912 810 oporteat
943 757 1037 811 per
1064 740 1303 811 singulos
1331 754 1520 794 annos.

189 833 272 887 56.
302 833 633 902 Quicunque
659 833 894 904 episcopi
921 832 1175 904 suffragio
1196 831 1488 902 cujuslibet
1517 828 1718 899 aliquid

127 926 186 980 de
215 925 617 981 ecclesiasticis
646 923 968 979 utilitatibus
998 922 1336 995 providerint
1378 921 1507 991 quid
1556 934 1718 991 agen«

126 1015 240 1070 dum
272 1014 363 1069 sit.

189 1106 274 1160 57.
307 1104 677 1160 Przehendum
710 1120 740 1159 a
767 1105 1143 1161 sacerdotibus
1175 1105 1296 1159 vitm
1345 1103 1597 1159 solatium
1639 1117 1719 1155 tn-

127 1195 443 1264 digentibus,
474 1203 536 1249 et
572 1193 804 1248 maxime
833 1194 920 1248 his
949 1195 1145 1265 quibus
1185 1191 1523 1248 restituenda
1557 1189 1722 1245 vicis-
1747 1212 1759 1221 ’

130 1287 293 1344 situdo
323 1295 427 1341 est.

188 1376 270 1431 58.
296 1375 562 1431 Nonnulli
595 1375 846 1432 diacones
876 1374 928 1430 in
972 1383 1176 1430 tantam
1213 1383 1501 1446 erumpunt
1530 1387 1719 1445 super-

128 1465 278 1529 biam,
307 1473 369 1519 ut
392 1465 740 1537 presbyteris
768 1481 825 1521 se
856 1463 1163 1536 praeferant.

187 1559 271 1615 59.
305 1558 363 1614 Si
396 1574 507 1613 non
535 1559 665 1613 licet
694 1559 982 1629 episcopis,
1022 1556 1122 1614 nec
1152 1555 1489 1629 presbyteris
1535 1552 1714 1609 oraria

131 1651 223 1707 duo
276 1651 466 1717 indui,
529 1661 736 1709 quanto
786 1653 960 1724 magis
1015 1652 1259 1709 diaconis
1317 1651 1410 1722 qui
1480 1647 1716 1705 ministri

133 1760 298 1800 eorum
335 1754 493 1800 sunt.

1819 554 2279 610 sanctimoniales.

1891 643 1986 698 5'6.
2009 644 2083 699 De
2107 645 2304 701 Iudaeis
2337 661 2406 701 ne
2439 648 2492 702 vi
2519 648 2585 702 ad
2617 648 2942 705 credendum
2979 660 3259 724 cogantur.

1891 733 1979 789 57.
2018 735 2094 791 De
2114 739 2412 806 cupiditate
2438 741 2702 812 episc0pi,
2731 745 3046 816 presbyteri,
3085 746 3169 802 vel
3190 747 3403 803 diaconi

1819 825 1933 881 sive
1958 827 2278 883 clericorum
2309 831 2418 900 qui
2456 842 2644 888 contra
2693 834 2851 892 ﬁdem
2905 836 3270 894 Christianam
3311 837 3406 895 Ju-

1819 915 1949 970 daeis
1973 915 2287 988 suﬂ'ragium
2320 930 2600 991 praestant.

1889 1007 1977 1064 58.
2006 1009 2082 1064 De
2105 1011 2549 1079 pnevaricaﬁone
2572 1027 2760 1068 eorum
2790 1013 2884 1084 qui
2911 1014 3112 1069 dudum
3143 1017 3212 1072 ad
3242 1017 3401 1073 Chri-

1819 1101 2048 1157 stianam
2082 1102 2243 1158 ﬁdem
2268 1105 2504 1174 promuti
2542 1115 2686 1161 sunt.

1890 1189 1978 1248 59.
2007 1191 2082 1250 De
2115 1192 2426 1251 Iudaeorum
2459 1196 2582 1251 ﬁliis
2624 1196 2708 1253 vel
2731 1197 2947 1254 ﬁliabus
2968 1239 2982 1264 ,
3020 1215 3087 1254 ne
3117 1210 3404 1271 parentum

1817 1280 1959 1337 ultra
1989 1282 2331 1338 involvantur
2365 1286 2660 1340 erroribus.

1889 1374 1978 1429 69.
2028 1374 2102 1430 De
2147 1374 2347 1431 Judrcis
2397 1377 2700 1447 baptizatis,
2743 1377 2788 1434 si
2833 1387 3021 1449 postea
3064 1383 3413 1451 praevaricatl.

1817 1465 2018 1522 fuerint
2043 1465 2096 1519 in
2123 1466 2362 1522 Christo.

1888 1557 1976 1612 6i.
2016 1557 2092 1612 De
2144 1558 2406 1614 malorum
2458 1563 2773 1630 consortiis,
2816 1565 2958 1635 quod
3002 1566 3170 1622 etiam
3232 1567 3403 1624 bonos

1816 1658 2191 1719 corrumpunt.

1887 1739 1976 1794 62.
2007 1741 2081 1795 De
2115 1739 2316 1798 Judaeis
2343 1740 2435 1815 q'ui
2467 1742 2804 1803 Christianas
2829 1747 3086 1805 mulieres
3118 1749 3170 1804 in
3213 1749 3401 1820 conju-

190 1837 272 1891 40.
303 1837 374 1893 Ut
394 1852 599 1895 omnes
639 1839 820 1896 clerici
873 1838 959 1893 vel
1005 1837 1237 1894 lectores
1283 1837 1421 1892 sicut
1459 1833 1635 1890 levita:
1660 1835 1716 1885 et
1817 1830 1904 1902 gio
1925 1833 2146 1887 habent.

136 1929 426 1984 sacerdotes
488 1911 725 1986 detonsa
775 1929 1024 2001 superius
1065 1929 1243 2000 capite
1293 1926 1519 1982 inferius
1539 1924 1708 1981 solam
1739 1902 1808 1962 θ’
1885 1925 1974 1979 65.
2004 1924 2118 1980 Νοη
2161 1935 2341 1996 potest
2366 1943 2492 2000 erga
2523 1928 2768 1985 homines
2791 1945 2912 1988 esse
2936 1932 3130 1998 ﬁdelis,
3163 1933 3254 2002 qui
3297 1947 3393 1990 ex-

134 2021 296 2076 circuli
325 2038 596 2078 coronam
625 2023 948 2094 relinquant.

192 2113 272 2166 4|.
303 2111 375 2169 Ut
403 2123 687 2171 extraneae
733 2114 946 2170 feminae
995 2129 1116 2169 cum
1159 2113 1375 2170 clericis
1410 2125 1515 2166 non
1553 2109 1710 2165 habi-

137 2211 248 2259 teut.

194 2294 274 2349 42.
307 2295 383 2350 De
404 2294 635 2350 clericis
665 2294 757 2364 qui
795 2310 901 2349 non
943 2295 1204 2350 habentes
1249 2293 1546 2366 legitimum
1579 2306 1712 2348 con-

135 2382 315 2457 jugium
340 2395 742 2441 extranearum
770 2385 1080 2451 mulierum,
1105 2384 1191 2439 vel
1219 2384 1538 2441 ancillarum
1583 2400 1710 2440 sna-

141 2490 260 2538 rum,
280 2476 582 2532 interdicta
613 2475 714 2531 sibi
744 2475 1020 2530 consortia
1047 2483 1323 2545 appetunt.

195 2567 274 2622 45.
309 2569 384 2624 De
427 2569 654 2626 clericis
705 2568 798 2640 qui
852 2569 969 2624 sine
1015 2567 1262 2624 consultu
1327 2565 1563 2638 episcopi
1629 2565 1712 2622 sui

145 2673 336 2714 uorem
367 2661 670 2715 duxerunt.

195 2751 275 2805 Η.
309 2753 380 2808 De
422 2751 649 2807 clericis
679 2750 772 2824 qui
810 2749 865 2806 in
888 2764 1212 2822 quacunque
1255 2748 1517 2806 seditione
1562 2761 1713 2802 arma

142 2842 355 2899 volentes
382 2853 762 2915 sumpserunt.

200 2934 279 2989 45.
310 2936 364 2991 Si
393 2937 526 3008 quis
554 2935 785 2992 clericus
816 2935 871 2991 in
914 2932 1270 2990 demoliendis
1300 2931 1563 3004 sepulcris
1591 2929 1712 2985 fue-

147 3026 207 3080 rit
227 3027 611 3098 deprehensus.

203 3117 282 3173 46.
328 3119 400 3175 Dc
455 3129 734 3190 praecepto
785 3117 988 3174 domini
1047 3117 1219 3174 nostri
1282 3114 1564 3188 Sisenangi
1626 3129 1712 3172 re.

149 3210 230 3280 gis.

202 3301 277 3358 47.
312 3305 384 3360 De
407 3305 674 3378 eligendis
703 3305 1022 3362 meonomis.

206 3390 281 3448 48.
307 3394 381 3450 De
422 3395 768 3467 professione
807 3395 1080 3462 monachi,
1124 3403 1184 3450 ut
1234 3394 1496 3466 quidquid
1543 3392 1709 3451 fuerit

150 3480 428 3551 allegatum,
462 3496 668 3543 teneat.

203 3571 280 3626 49.
305 3574 377 3630 De
401 3576 621 3632 clericis
649 3577 770 3648 quis
801 3577 1193 3633 monachorum
1235 3575 1570 3647 propositum
1613 3589 1705 3631 ao-

150 3668 325 3727 petunt.

205 3751 280 3804 50.
310 3755 472 3821 Quale
495 3755 590 3827 jus
621 3757 856 3830 episcopi
888 3758 941 3813 in
977 3757 1322 3814 monasteriis
1358 3757 1562 3814 habere
1607 3757 1704 3812 de-

150 3837 303 3898 beant.

206 3933 282 3987 5l.
315 3937 385 3993 De
411 3941 698 3997 monachis
739 3943 828 4010 qui
872 3943 1206 4014 egredientes
1261 3943 1330 3999 de
1373 3941 1706 3998 monasterio

153 4039 240 4080 non
265 4029 424 4086 solum
455 4034 526 4087 ad
554 4034 809 4089 szeculum
840 4044 1208 4102 revertuntur,
1240 4033 1336 4091 sed
1361 4034 1527 4090 etiam
1567 4049 1703 4089 uxo-

153 4130 223 4172 res
246 4125 524 4195 accipiunt.

209 4208 286 4264 5'2.
314 4214 385 4271 De
420 4219 688 4290 religiosis
713 4219 946 4289 propria;
1000 4221 1236 4292 regionis
1277 4220 1372 4292 qui
1417 4235 1519 4277 nec
1563 4219 1707 4276 inter

157 4301 372 4375 clericos,
399 4329 500 4369 nec
524 4314 668 4370 inter
696 4315 990 4370 monachos
1021 4316 1310 4371 habentur.

177 4396 286 4491 '53.
315 4404 484 4461 Deeis
515 4407 609 4478 qui
659 4405 713 4461 in
763 4407 1077 4464 discrimine
1121 4407 1402 4465 constituti
1437 4407 1707 4478 poeniten-

159 4488 264 4539 liam
282 4493 564 4563 accipiunt.

1817 2015 1985 2071 titerit
2009 2016 2208 2086 impius
2243 2018 2296 2072 in
2327 2019 2518 2074 Deum.

1884 2109 1970 2164 64.
2023 2108 2376 2180 Praecipiente
2429 2110 2678 2178 Domino,
2727 2120 2887 2184 atque
2943 2114 3396 2172 excellentissimo

1815 2197 2117 2255 Sisenando
2163 2216 2311 2270 rege,
2349 2211 2409 2255 ut
2455 2200 2625 2257 Judaei
2669 2210 2764 2257 aut
2817 2205 2908 2275 qui
2949 2220 3018 2261 ex
3045 2204 3244 2262 Iudaeis
3269 2215 3398 2268 sunt

1811 2289 1991 2344 ofﬁcia
2025 2291 2236 2359 publica
2263 2290 2571 2346 nullatenus
2595 2299 2871 2362 appetant.

1883 2382 1971 2438 65.
2004 2382 2431 2440 UtChristianos
2477 2398 2664 2440 servos
2716 2399 2823 2440 non
2880 2384 3265 2444 liceatludaeis
3287 2387 3400 2445 Tha—

1811 2474 1963 2531 bere.

1882 2568 1971 2622 66.
2001 2567 2077 2623 De
2099 2569 2186 2623 his
2215 2569 2306 2638 qui
2355 2569 2423 2625 de
2466 2569 2627 2626 rebus
2675 2570 2789 2628 suis
2815 2571 3143 2642 pauperibus
3193 2571 3415 2628 Christi

1811 2657 2124 2714 nullatenus
2149 2659 2500 2715 distribuunt.

1881 2749 1970 2802 67.
1999 2749 2074 2804 De
2103 2751 2368 2820 episcopis
2391 2750 2483 2820 qui
2513 2751 2840 2821 mancipium
2863 2751 3003 2824 juris
3021 2750 3266 2807 ecclesia:
3285 2764 3402 2806 non
3417 2789 3427 2797 ι.

1811 2847 2026 2896 retento
2076 2841 2450 2897 ecclesiastico
2492 2843 2794 2912 patrocinio
2833 2842 3142 2899 manumitti
3184 2843 3395 2898 deside-

1810 2942 1956 2988 rant.

1881 3022 1970 3080 68.
2003 3021 2074 3079 Ut
2097 3025 2412 3081 sacerdotes
2446 3027 2536 3096 qui
2563 3034 2657 3082 aut
2684 3041 2773 3081 res
2809 3041 2935 3082 suas
2961 3025 3202 3082 ecclesiae
3228 3025 3396 3082 relin.

1812 3124 2008 3184 quunt,
2040 3124 2133 3170 aut
2178 3115 2311 3170 nihil
2361 3116 2624 3173 habentes
2670 3117 2852 3190 aliqua
2901 3119 3100 3188 praedia
3153 3118 3396 3175 ecclesiis

1813 3205 1928 3261 suis
1964 3206 2312 3275 conquirunt,
2361 3207 2406 3262 si
2449 3207 2717 3264 voluerint
2761 3217 2991 3280 possunt
3037 3209 3103 3265 dc
3149 3208 3395 3269 ecclesiae

1808 3296 2026 3353 famulis
2053 3297 2264 3368 aliquos
2292 3298 2521 3355 libertos
2543 3301 2741 3356 facere.

1879 3388 1968 3443 69.
2002 3388 2080 3444 De
2105 3388 2316 3444 libertis
2361 3389 2636 3457 ecclesiae,
2677 3391 2805 3462 quia
2849 3407 3124 3460 nunquam
3165 3390 3416 3446 moritur

1805 3493 1993 3534 eorum
2011 3488 2265 3551 patrona,
2289 3493 2316 3533 a
2334 3480 2635 3548 patrocinio
2656 3480 2895 3550 ejusdem
2921 3495 3193 3550 nunquam
3223 3480 3397 3536 disce-

1809 3572 1960 3627 dant.

1877 3661 1965 3716 70.
1996 3661 2074 3716 De
2099 3659 2309 3717 libertis
2329 3661 2574 3718 ecclesiae
2609 3661 2702 3733 qui
2745 3679 2777 3716 ει
2806 3660 3109 3733 patrocinio
3151 3659 3393 3730 ejusdem

1807 3753 2115 3808 discedunt.

1879 3846 1968 3900 7i.
2000 3846 2077 3900 De
2119 3845 2329 3900 libertis
2374 3844 2468 3916 qui
2525 3860 2556 3899 a
2606 3843 3015 3915 quibuscunque
3076 3841 3393 3897 manumissi

1806 3945 1935 3992 sunt
1987 3945 2150 4008 atque
2193 3937 2438 3994 ecclesiae
2497 3937 2802 4008 patrocinio
2863 3934 3222 3992 commendati
3277 3933 3391 3990 exi-

1806 4035 1976 4084 stunt.

1878 4117 1968 4172 72.
2001 4116 2074 4175 Ut
2102 4118 2194 4189 qui
2230 4118 2535 4175 libertatem
2585 4133 2614 4172 a
2669 4116 2904 4174 dominis
2949 4116 3063 4172 suis
3101 4115 3176 4170 ita
3209 4113 3388 4185 perci-

1805 4212 1987 4284 piunt,
2017 4221 2081 4266 ut
2105 4210 2311 4266 nullum
2342 4211 2398 4266 in
2425 4211 2505 4266 eis
2545 4211 2862 4281 obsequium
2907 4217 3170 4281 patronus
3206 4209 3392 4264 deten‘

1795 4293 1907 4370 'tet,
1938 4303 2302 4373 suscipiantur
2322 4304 2389 4359 ad
2413 4302 2637 4358 clerum.

1879 4396 1969 4452 75.
2007 4395 2083 4450 De
2113 4395 2334 4452 famulis
2373 4396 2619 4452 ecclesia:
2660 4395 2994 4451 constituere
3046 4395 3399 4466 presbyteros

1806 4488 1894 4545 vel
1918 4490 2174 4545 diaconos
2203 4505 2300 4561 per
2326 4490 2612 4560 parochias
2631 4488 2774 4544 licet.

212 4569 290 4627 5i.
312 4576 382 4634 De
420 4583 772 4640 saecularibus
820 4584 911 4656 qui
957 4585 1284 4656 accipientes
1331 4586 1704 4655 pcenitentiam
1731 4598 1787 4659 ι)
1883 4582 1972 4637 74.
2005 4584 2080 4638 De
2099 4582 2454 4639 ecclesiastici
2486 4582 2694 4637 ordinis
2721 4579 2985 4636 institutis
3021 4578 3109 4634 vel
3131 4576 3392 4640 decretis,

160 4674 207 4718 Se
231 4674 559 4732 totouderant
597 4687 652 4734 et
692 4694 885 4734 rursus
913 4680 1332 4751 prmvaricantes
1358 4679 1483 4736 laici
1528 4679 1706 4736 effecti

161 4767 282 4814 Slllll.

1807 4690 1927 4744 quae
1951 4674 2019 4730 ad
2045 4675 2402 4747 quorumdam
2432 4683 2705 4745 pertinent
2727 4671 3088 4743 disciplinam.

407 5005 868 5100 INCIPIT
935 5009 1601 5107 CONCILIUM
1675 5017 2411 5112 TOLETANUM
2486 5012 3107 5121 QUARTUM.

229 5210 367 5287 112
389 5219 514 5278 CAP.
543 5222 586 5278 Ι.
611 5223 768 5279 Αηηο
795 5225 954 5280 tertio
977 5236 1239 5297 regnante
1263 5226 1490 5284 Domino
1523 5239 1711 5286 nostro

173 5297 522 5371 Bloriosissimo
548 5316 791 5387 principe
816 5316 1138 5384 Sisenando,
1173 5319 1258 5374 die
1285 5336 1457 5377 nonas
1496 5323 1713 5378 Decem-

175 5389 287 5462 bris.
322 5418 421 5461 mra
464 5426 718 5476 ncexxxr,
763 5412 888 5467 dum
932 5413 1109 5468 studio
1156 5416 1358 5472 amoris
1405 5415 1607 5473 Christi
1643 5433 1707 5474 ac

177 5479 416 5558 diligentia
463 5501 854 5572 religiosissimi
914 5502 1200 5559 Sisenandi
1251 5507 1395 5578 regis
1444 5506 1713 5575 Hispaniae

183 5582 316 5646 a"‘lue
337 5585 588 5648 Gallzecia:
611 5595 922 5650 sacerdotes
942 5596 1080 5666 apud
1105 5596 1419 5653 Toletanam
1448 5601 1634 5656 urbem
1663 5600 1717 5656 in

183 5672 367 5731 nomine
409 5681 614 5738 Domini
645 5688 1106 5753 convenissemus,
1138 5700 1196 5744 ut
1222 5688 1337 5760 ejus
1368 5691 1608 5762 imperiis
1634 5700 1718 5746 at-

184 5763 435 5833 ‘1“elllssis
458 5777 705 5832 commoti
740 5794 768 5834 a
804 5780 959 5836 nobis
981 5781 1278 5852 agitaretur
1299 5782 1364 5838 dc
1391 5783 1712 5853 quibusdam

1819 5230 2063 5288 ecclesiae
2100 5230 2399 5302 disciplinis
2445 5237 2729 5285 tractatus.
2768 5227 3012 5284 Primum
3042 5227 3244 5298 gratias
3274 5226 3394 5282 Sal-

1818 5324 1991 5378 vatori
2039 5332 2227 5379 nostro
2277 5323 2388 5378 Deo
2457 5320 2813 5391 omnipotenti
2885 5319 3114 5389 egimus,
3158 5320 3397 5390 posthmc

1821 5416 2060 5472 antefato
2109 5416 2358 5471 ministro
2406 5413 2860 5470 excellentissimo
2906 5421 2962 5467 et
2999 5412 3232 5483 glorioso
3259 5410 3393 5480 regi,

1822 5511 1976 5580 cujus
2009 5518 2153 5563 tanta
2179 5523 2307 5579 erga
2337 5508 2506 5562 Deum
2537 5505 2751 5562 devotio
2779 5512 2974 5570 exstat,
3004 5513 3064 5558 ut
3085 5517 3188 5556 non
3223 5499 3396 5554 solum

1820 5601 1876 5657 in
1902 5601 2060 5656 rebus
2101 5600 2373 5663 humanis,
2417 5599 2511 5652 sed
2546 5597 2707 5653 etiam
2739 5603 2793 5653 in
2824 5594 3004 5651 causis
3029 5591 3224 5646 divinis
3254 5588 3398 5643 solli-

1820 5692 1958 5746 citus
1987 5697 2222 5755 maneat,
2248 5689 2336 5744 hic
2360 5688 2556 5758 quippe
2581 5688 2707 5743 dum
2736 5687 2789 5742 in
2818 5684 3040 5742 basilica
3069 5677 3399 5737 beatissima:

1820 5792 1868 5841 et
1903 5792 2104 5839 sanclze
2136 5780 2389 5850 martyris
2419 5779 2698 5836 Leocadim
2741 5775 2978 5832 omnium
3023 5779 3265 5829 nostrum
3293 5780 3390 5838 pa-
