3910 6438
1480 194 1505 227 Ι

547 393 653 453 ιδδ

1291 378 1581 448 APPEND.
1621 384 1714 446 an
1753 387 1927 446 sae.
1961 386 2049 443 IX.
2082 417 2150 427 —-
2187 385 2437 445 lSlDORl
2470 375 2913 445 meacaroms
3234 372 3243 375 ’
3703 385 3785 444 tot

549 508 683 563 riter
700 506 812 577 jam
836 511 1010 561 castus
1032 503 1266 570 adesset,
1285 518 1383 573 pro
1407 503 1600 559 merito
1627 502 1747 559 ﬁdei
1772 517 1885 558 suae
1900 516 2024 558 eum
2052 515 2160 553 ma.
2187 505 2235 562 Α
2263 500 2358 557 Dei
2395 500 2632 557 Ecclesia
2657 500 3007 571 praedicatur,
3055 496 3256 571 placuit
3294 511 3484 555 omnes
3522 500 3785 560 sacerdotes

553 594 1015 666 gniﬁcentissimis
1040 606 1095 649 et
1120 594 1473 651 nobilissimis
1509 594 1644 650 viris
1691 592 1986 665 ingressus,
2034 593 2141 663 pri-

555 706 704 744 mum
717 703 899 744 coram
921 686 1292 743 sacerdotibus
1305 688 1399 742 Dei
1419 687 1567 742 humi
1581 694 1905 757 prostratus,
1922 700 2043 741 eum
2067 684 2143 740 la-

558 779 761 849 erymis
790 787 846 832 et
865 776 1154 848 gemitibus
1177 790 1277 845 pro
1307 792 1364 832 se
1399 774 1869 855 interveniendum
1912 774 2144 844 Domino

559 867 873 939 postulavit.
918 866 1124 921 Deinde
1172 866 1421 937 religiosa
1466 866 1847 937 prosecutione
1876 864 2144 935 synodum

554 961 873 1016 exhortatus
921 967 1029 1025 est,
1058 968 1117 1013 ut
1149 966 1504 1029 paternorum
1545 958 1888 1014 decretorum
1939 970 2142 1013 memo-

554 1065 644 1105 res
672 1051 739 1105 ad
763 1049 1138 1105 conﬁrmanda
1178 1050 1230 1104 iu
1265 1049 1420 1106 nobis
1458 1049 1581 1120 jura
1631 1047 1998 1104 ecclesiastica
2028 1054 2143 1103 stu-

551 1141 697 1196 dium
746 1141 1138 1211 prmberemus,
1183 1150 1239 1196 et
1282 1139 1372 1195 illa
1422 1139 1698 1210 corrigere
1742 1153 1862 1209 quae
1890 1138 2017 1194 dum
2044 1152 2141 1207 per

556 1232 942 1303 negligentiam
971 1231 1024 1287 in
1051 1247 1207 1287 usum
1232 1241 1496 1287 venerunt
1525 1239 1714 1286 contra
1742 1229 2142 1287 ecclesiasticos

563 1334 743 1379 mores
766 1323 1038 1379 licentiam
1060 1323 1163 1378 sibi
1185 1324 1696 1394 usurpationemque
1716 1322 1978 1380 fecerunt.
1998 1321 2141 1378 Tali-

560 1413 663 1467 bus
718 1428 848 1485 ergo
894 1412 1012 1483 ejus
1057 1414 1279 1469 monitis
1321 1414 1727 1485 congautlentes
1770 1413 2141 1469 necessarium

554 1504 805 1571 exstitit,
860 1503 1014 1573 juxta
1073 1504 1190 1573 ejus
1243 1516 1601 1577 nostrumque
1652 1515 1838 1561 votum
1904 1514 2140 1561 tractare

562 1609 684 1664 qua:
724 1604 1040 1665 competunt
1084 1598 1198 1651 sive
1242 1597 1295 1652 in
1340 1598 1702 1652 sacramentis
1752 1597 1971 1665 divinis,
2018 1612 2139 1666 quae

552 1688 770 1743 diverso
816 1698 980 1757 atque
1026 1687 1213 1744 illicito
1257 1688 1418 1743 modo
1457 1688 1511 1742 in
1546 1687 1932 1758 Hispaniarum
1955 1688 2136 1743 eccle-

551 1777 648 1832 siis
682 1777 1048 1844 celebrantur,
1101 1793 1194 1834 seu
1241 1794 1363 1848 quae
1414 1778 1465 1832 in
1513 1779 1754 1834 moribus
1781 1794 1947 1850 prave
1978 1795 2138 1837 usur-

2248 593 2343 665 qui
2379 594 2663 650 catholicae
2705 592 2831 649 ﬁdei
2879 592 3087 648 unitate
3131 590 3561 664 complectimur,
3591 600 3646 648 ut
3677 595 3785 651 nihil

2248 686 2388 740 ultra
2414 685 2691 742 diversum
2719 693 2814 740 aut
2841 684 3118 741 dissonum
3149 683 3204 738 in
3233 682 3613 740 ecclesiasticis
3642 699 3784 742 sacra-

2245 776 2445 833 mentis
2464 791 2711 851 agamus,
2745 788 2814 830 ne
2836 775 3091 845 quaslibet
3142 783 3327 831 nostra
3377 774 3649 830 diversitas
3676 779 3783 846 apud

2242 866 2454 941 ignotos
2499 882 2593 923 seu
2634 866 2885 925 carnales
2915 866 3279 922 schismaticis
3310 881 3553 921 errorem
3580 865 3785 923 videatur

2242 959 2553 1026 ostendere,
2589 968 2646 1014 et
2693 958 2879 1015 multis
2908 968 3087 1014 exstet
3117 950 3436 1014 scandalum
3470 960 3686 1014 varietas
3711 975 3781 1016 ec-

2242 1049 2552 1106 clesiarum.
2584 1050 2739 1108 Unus
2766 1065 2895 1122 ergo
2938 1050 3074 1106 ordo
3111 1050 3299 1107 orandi
3327 1058 3492 1121 atque
3517 1050 3782 1121 psallendia

2243 1145 2398 1200 nobis
2420 1160 2519 1214 per
2556 1158 2774 1200 omnem
2821 1144 3134 1216 Hispaniam
3176 1154 3342 1217 atque
3369 1142 3663 1201 Gallaeciam
3687 1161 3782 1202 con-

2242 1246 2514 1303 servetur,
2548 1252 2687 1293 unus
2714 1237 2907 1293 modus
2945 1236 2997 1291 in
3038 1236 3329 1292 missarum
3374 1235 3780 1303 solemnitatibus,

2241 1343 2381 1385 unus
2417 1328 2470 1382 in
2512 1327 2839 1398 veSpertinis
2863 1326 3075 1393 ofﬁciis,
3109 1341 3210 1383 nec
3237 1327 3455 1384 diversa
3495 1328 3565 1383 sit
3607 1328 3725 1383 ultra
3741 1330 3781 1383 in

2239 1417 2396 1473 nobis
2437 1415 2809 1472 ecclesiastica
2844 1416 3199 1482 consuetudo,
3230 1417 3364 1487 quia
3393 1433 3497 1471 una
3526 1417 3625 1473 ﬁde
3642 1418 3780 1473 conti-

2240 1520 2432 1561 nemur
2451 1514 2507 1562 et
2550 1520 2738 1577 regno.
2768 1504 2882 1561 Hoc
2917 1506 3060 1562 enim
3087 1515 3144 1562 et
3166 1508 3379 1577 antiqui
3418 1506 3604 1564 Patres
3630 1510 3779 1565 decre-

2239 1606 2462 1662 verunt,
2511 1605 2571 1652 ut
2599 1612 2937 1667 unaquaeque
2962 1598 3237 1667 provincia
3261 1605 3318 1653 et
3341 1598 3617 1669 psallendi,
3642 1608 3689 1654 et
3708 1600 3782 1655 nti-

2240 1691 2503 1747 nistrandi
2529 1705 2715 1761 parem
2737 1691 3184 1747 consuetudinem
3213 1700 3418 1748 teneat.

2309 1781 2394 1838 Ill.
2437 1782 2592 1839 Nulla
2620 1798 2762 1853 pene
2809 1797 2899 1840 res
2939 1781 3241 1855 disciplina
3279 1797 3464 1838 mores
3501 1782 3567 1839 ab
3596 1781 3779 1838 ecclesia

555 1877 682 1937 pata
709 1877 1026 1925 noscuntur.
1052 1868 1118 1925 Et
1137 1869 1393 1941 quoniam
1417 1870 1671 1940 generale
1699 1871 1988 1926 concilium
2027 1871 2140 1943 agi—
2167 1861 2216 1922 Β
2241 1875 2447 1932 Christi
2475 1877 2648 1947 magis
2678 1875 2905 1947 depulit,
2940 1892 3104 1946 quam
3124 1875 3478 1939 sacerdotum
3505 1872 3777 1947 negligentia

551 1974 697 2025 mus,
742 1969 958 2031 oportet
1003 1961 1241 2031 primum
1295 1970 1495 2017 nostra:
1541 1963 1689 2020 vocis
1735 1978 2041 2018 sermonem
2069 1963 2137 2019 de

546 2050 660 2111 Deo
680 2068 821 2120 esse,
838 2061 897 2108 ut
917 2063 1041 2125 post
1066 2052 1461 2124 proiessionem
1494 2053 1618 2108 ﬁdei
1649 2054 1929 2124 sequentia
1956 2056 2136 2126 cperis

548 2143 721 2199 nostri
750 2153 898 2211 vota,
924 2144 1079 2215 quasi
1109 2159 1273 2215 super
1308 2144 1720 2200 fundamentum
1765 2144 2136 2203 ﬁrmissimum

547 2233 928 2305 disponantur.
975 2235 1437 2303 Quemadmodum
1465 2252 1495 2291 a
1520 2236 1722 2293 sanctis
1751 2237 2003 2294 Patribus
2047 2254 2141 2295 ac-

558 2324 823 2393 cepimus,
873 2323 1092 2381 Patrem
1141 2334 1198 2381 et
1244 2324 1465 2390 Filium,
1489 2333 1544 2380 et
1581 2324 1844 2396 Spiritum
1887 2337 2134 2383 sanctum

549 2414 714 2469 unius
756 2414 972 2471 deitatis
1005 2424 1169 2486 atque
1200 2416 1516 2472 substantia:
1546 2419 1894 2483 conﬁtemur,
1929 2419 1981 2474 in
2008 2435 2134 2490 per-

546 2518 804 2560 sonarum
845 2504 1161 2562 diversitate
1204 2504 1529 2562 Trinitatem
1569 2508 1874 2574 credentes,
1907 2510 1959 2564 in
1993 2510 2135 2566 divi-

500 2616 503 2619 ·
546 2595 717 2651 nitate
756 2596 1022 2653 unitatem
1062 2598 1444 2668 praedicantes,
1492 2616 1595 2658 nec
1619 2617 1881 2672 personas
1904 2603 2136 2660 coniun-

545 2687 744 2755 dimus,
781 2704 882 2746 nec
909 2691 1269 2747 substantiam
1306 2708 1643 2762 separamus.
1684 2696 1902 2752 Patrem
1933 2713 1960 2752 a
1990 2697 2137 2753 nullo

546 2778 752 2836 factum
799 2780 883 2837 vel
924 2783 1165 2853 genitum
1206 2782 1460 2851 dicimus,
1511 2785 1706 2840 Filium
1747 2802 1776 2840 a
1818 2786 1979 2843 Patre
2029 2803 2135 2844 non

544 2868 772 2936 factum,
807 2872 901 2929 sed
931 2873 1168 2943 genitum
1218 2876 1531 2931 asserimus.
1581 2875 1841 2948 Spiritum
1890 2886 2136 2935 sanctum

548 2981 680 3022 vero
707 2982 810 3025 nee
841 2978 1106 3035 creatum,
1152 2983 1255 3026 nec
1293 2970 1557 3041 genitum,
1606 2973 1704 3027 sed
1751 2973 2135 3042 procedentem

547 3077 613 3119 ex
645 3063 803 3119 Patre
826 3073 880 3119 et
904 3065 1042 3121 Filio
1064 3065 1404 3137 proﬁtemur.
1432 3067 1609 3140 Ipsum
1632 3080 1815 3126 autem
1841 3072 2132 3146 Dominum

547 3153 732 3210 Iesum
779 3155 1053 3213 Christum
1089 3159 1184 3216 Dei
1212 3159 1431 3227 Filium,
1468 3170 1525 3218 et
1548 3171 1853 3219 creatorem
1880 3165 2129 3222 omnium

546 3261 612 3301 ex
656 3247 955 3305 substantia
1000 3250 1178 3308 Patris
1216 3262 1343 3309 ante
1380 3253 1573 3309 saecula
1618 3256 1861 3327 genitum
1897 3258 2127 3314 descen-

2237 3239 2384 3294 miue
2403 3240 2645 3311 synodali
2673 3256 2703 3296 a
2723 3241 3052 3312 quibuslibet
3068 3258 3236 3313 prave
3258 3252 3513 3314 usurpata
3542 3240 3765 3296 inveniun-

549 3340 695 3397 disse
723 3342 917 3399 ultimo
945 3348 1186 3415 tempore
1219 3362 1320 3417 pro
1349 3346 1721 3418 redemptione
1759 3351 1946 3406 mundi
1974 3366 2008 3405 a
2033 3352 2133 3407 Pa-

547 3439 649 3495 tre,
681 3433 772 3502 qui
805 3448 1079 3504 nunquam
1104 3436 1303 3492 desinit
1337 3451 1461 3493 esse
1494 3452 1617 3492 cum
1649 3437 1833 3494 Patre.
1873 3438 2133 3496 lnearna-

548 3531 637 3579 tus
684 3532 769 3579 est
814 3525 959 3579 enim
1002 3540 1069 3580 ex
1111 3526 1314 3597 Spiritu
1358 3537 1547 3584 sancto
1574 3539 1630 3584 et
1658 3528 1892 3597 gloriosa
1943 3540 2130 3586 sancta

547 3615 642 3671 Dei
675 3617 937 3689 genitrice
980 3618 1193 3691 virgine
1233 3616 1425 3684 Maria,
1458 3629 1512 3676 et
1550 3630 1709 3676 natus
1733 3636 1802 3677 ex
1833 3621 1950 3692 ipsa
1982 3621 2133 3679 solus

545 3707 687 3763 idem
718 3709 981 3765 Dominus
999 3709 1156 3766 Jesus
1183 3709 1449 3775 Christus,
1479 3728 1618 3768 unus
1650 3713 1703 3767 in
1734 3721 1922 3770 sancta
1946 3712 2129 3769 Trini-

544 3808 678 3863 tate,
706 3802 887 3856 anima
912 3810 967 3855 et
994 3817 1162 3858 carne
1188 3801 1483 3873 perfectus,
1525 3804 1643 3858 sine
1687 3812 1915 3874 peccato
1961 3805 2132 3861 susci-

542 3890 697 3959 piens
746 3893 1044 3958 hominem,
1074 3908 1297 3948 manens
1332 3893 1477 3963 quod
1505 3903 1645 3960 erat,
1677 3910 1961 3952 assumens
1988 3897 2132 3967 quod

544 3995 650 4034 non
681 3990 819 4048 erat,
855 3983 1077 4053 aequalis
1114 3982 1261 4038 Patri
1297 3985 1592 4040 secundum
1633 3986 1996 4055 divinitatem,
2029 3988 2131 4043 mi-

544 4085 647 4125 nor
675 4070 838 4127 Patre
870 4070 1169 4128 secundum
1209 4074 1623 4141 humanitatem,
1667 4077 1974 4133 habens'in
2021 4094 2128 4133 una

542 4174 774 4231 persona
822 4161 1051 4223 duarum
1098 4171 1416 4219 naturarum
1447 4166 1860 4236 proprietatem.
1911 4168 2129 4225 Naturae

542 4248 687 4303 enim
725 4250 776 4304 in
804 4250 897 4305 illo
928 4251 1068 4316 duae,
1112 4252 1256 4307 Deus
1296 4262 1351 4308 et
1395 4254 1578 4309 homo.
1629 4253 1744 4311 Non
1792 4267 1972 4313 autem
2023 4261 2128 4315 duo

542 4337 659 4400 ﬁlii,
690 4339 784 4394 sed
810 4338 884 4395 dii
913 4339 1042 4405 duo,
1073 4342 1167 4396 sed
1215 4341 1357 4398 idem
1402 4358 1508 4399 una
1544 4359 1773 4414 persona
1815 4347 1866 4400 in
1897 4355 2128 4418 utraque

543 4437 738 4483 natura
771 4428 1053 4498 perferens
1082 4432 1413 4501 passionem,
1449 4443 1504 4489 et
1547 4444 1777 4490 mortem
1807 4451 1906 4506 pro
1939 4448 2128 4493 nostra

542 4519 737 4585 salute,
786 4536 891 4575 non
924 4521 976 4575 in
1025 4521 1224 4576 virtute
1261 4522 1581 4589 divinitatis,
1610 4526 1704 4579 sed
1730 4525 1781 4579 in
1811 4525 2126 4583 inﬁrmitate

544 4609 914 4666 humanitatis.
966 4609 1252 4667 Descendit
1301 4613 1367 4667 ad
1415 4612 1636 4680 inferos,
1685 4623 1743 4668 ut
1778 4626 1998 4673 sanctos
2027 4618 2121 4686 qui

539 4698 611 4753 ibi
640 4700 982 4766 tenebantur,
1026 4710 1267 4767 erueret,
1314 4710 1369 4757 et
1409 4704 1624 4759 devicto
1672 4705 1859 4760 mortis
1894 4706 2121 4777 imperio

546 4792 866 4846 resurrexit.
934 4792 1252 4863 Assumptus
1305 4792 1359 4846 in
1415 4792 1568 4849 caelis
1624 4806 1883 4852 venturus
1933 4805 2016 4853 est
2066 4800 2117 4852 in

539 4883 780 4938 futurum
824 4884 893 4938 ad
931 4882 1193 4953 judicium
1229 4885 1476 4941 vivorum
1521 4895 1576 4942 et
1619 4897 1978 4946 mortuorum.
2009 4890 2116 4946 Cu-

534 4974 624 5043 jus
674 4985 849 5031 mortc
893 4984 947 5031 et
987 4973 1250 5047 sanguine
1280 4979 1543 5046 mundati,
1595 4981 1967 5039 remissionem
1994 4999 2118 5055 pec-

539 5076 787 5123 catorum
820 5070 1092 5124 consecuti
1123 5085 1333 5132 sumus,
1363 5071 1713 5126 resuscitandi
1755 5074 1823 5129 ab
1861 5090 1927 5130 eo
1958 5076 2009 5129 in
2037 5076 2123 5131 die

540 5158 858 5223 novissima,
911 5160 964 5213 in
1006 5174 1068 5215 ea
1105 5176 1210 5231 qua
1253 5176 1396 5216 nunc
1438 5162 1673 5218 vivimus
1703 5179 1868 5220 carne
1889 5173 1945 5220 et
1974 5166 2027 5220 in
2056 5181 2120 5222 ea

538 5265 645 5320 qua
667 5251 968 5306 resurrexit
1015 5251 1156 5307 idem
1202 5253 1462 5309 Dominus
1509 5253 1680 5308 forma
1722 5257 2028 5327 percepturi
2052 5259 2121 5312 ab

538 5343 681 5413 ipso,
723 5341 815 5396 alii
844 5357 944 5413 pro
966 5342 1190 5412 justitia:
1234 5346 1446 5403 meritis
1487 5346 1650 5401 vitam
1698 5358 1983 5413 aeternam,
2030 5349 2120 5405 alii

538 5447 638 5502 pro
682 5431 921 5502 peccatis
962 5433 1209 5502 supplicii
1239 5436 1426 5490 :eterni
1464 5437 1807 5493 sententiam.
1862 5438 1987 5495 Haec
2036 5450 2120 5496 cst

537 5522 797 5579 Ecclesiae
845 5522 1127 5578 catholica:
1159 5523 1308 5589 ﬁdes,
1342 5526 1481 5582 hanc
1510 5527 1906 5585 confessionem
1940 5546 2120 5585 scrva-

536 5630 659 5669 mus
683 5624 843 5685 atque
872 5623 1118 5670 tenemus
1152 5632 1312 5684 quam
1341 5619 1569 5689 quisque
1600 5620 1907 5678 ﬁrmissime
1935 5632 2117 5691 custo-

536 5703 698 5757 dierit
721 5713 1041 5774 perpetuam
1067 5705 1294 5760 salutent
1325 5706 1565 5763 habebit.

608 5793 647 5848 ll
711 5794 837 5850 Post
862 5807 1022 5852 recta:
1073 5798 1193 5853 ﬁdei
1235 5796 1628 5855 confessionem
1675 5817 1791 5872 qua:
1844 5804 1896 5856 in
1936 5810 2117 5858 sancta

2240 1967 2333 2037 qui
2353 1969 2679 2038 contemptis
2698 1969 2997 2025 canonibus
3022 1967 3089 2022 ad
3111 1967 3469 2039 corrigendos
3491 1964 3772 2020 ecclesiasti-

2239 2072 2335 2113 cos
2363 2072 2545 2115 mores
2565 2059 2828 2130 synodum
2856 2058 3037 2117 facere
3061 2058 3367 2130 negligunt,
3399 2058 3469 2113 ob
3492 2056 3589 2112 hoc
3609 2070 3637 2111 ι
3658 2056 3777 2110 nobis
3874 2122 3875 2143 χ

2239 2147 2617 2205 universaliter
2630 2149 2909 2206 deﬁnitum
2933 2158 3040 2214 est,
3058 2157 3120 2204 ut
3138 2149 3265 2220 quia
3286 2146 3442 2221 juxta
3454 2146 3658 2203 Patrum
3674 2146 3778 2201 anti-

2239 2253 2345 2295 uua
2359 2238 2576 2295 decreta
2594 2240 2681 2295 bis
2692 2239 2750 2295 in
2764 2255 2908 2295 anno
2923 2239 3214 2295 difﬁcultas
3230 2239 3489 2295 temporis
3510 2238 3618 2293 ﬁeri
3634 2236 3775 2294 conci-

2237 2253 2345 2309 qua
2359 2238 2576 2296 decreta
2594 2240 2681 2296 bis
2692 2239 2750 2295 in
2764 2255 2908 2296 anno
2923 2239 3214 2297 difﬁcultas
3230 2239 3489 2310 temporis
3510 2238 3618 2293 ﬁeri
3634 2236 3775 2294 conci-

2236 2331 2369 2387 lium
2387 2348 2494 2390 non
2511 2334 2663 2402 sinit,
2676 2334 2869 2391 saltem
2888 2336 2973 2391 vel
2994 2333 3159 2391 semel
3177 2350 3209 2391 a
3233 2336 3395 2392 nobis
3416 2334 3709 2400 celebretur,
3722 2334 3775 2388 ita

2238 2429 2421 2479 tamen
2446 2435 2538 2479 aut
2562 2425 2609 2480 si
2640 2386 2765 2481 ﬁdei
2789 2440 2950 2482 causa
2974 2433 3081 2493 est,
3114 2433 3210 2481 aut
3237 2425 3498 2496 quaelibet
3526 2425 3619 2481 alia
3641 2422 3773 2481 eccle-

2237 2511 2316 2565 sia
2345 2512 2648 2567 communis
2672 2513 2961 2584 generalis,
2986 2513 3150 2570 totius
3164 2514 3441 2585 Hispania:
3466 2522 3519 2571 et
3556 2513 3771 2571 Callaicis

2237 2606 2475 2677 synodus
2506 2615 2857 2664 convocetur.
2911 2606 2969 2665 Si
3020 2623 3148 2664 vero
3192 2622 3298 2664 nec
3338 2608 3407 2664 de
3455 2606 3575 2675 ﬁde,
3612 2621 3695 2663 nec
3722 2605 3772 2660 de

2236 2696 2511 2752 communi
2565 2697 2811 2754 ecclesiae
2873 2698 3113 2756 utilitate
3151 2685 3481 2756 tractabitur
3505 2740 3519 2767 ,
3565 2700 3652 2754 sed
3685 2712 3772 2767 spe-

2235 2787 2373 2843 ciale
2412 2788 2518 2843 erit
2546 2788 2856 2855 concilium,
2888 2796 3048 2861 prout
3074 2786 3499 2861 uniuscujusque
3525 2786 3767 2861 provincia

2234 2879 2687 2951 metropolitanus
2735 2880 2978 2952 elegerit
3003 2868 3377 2952 peragendum
3420 2894 3555 2936 esse.
3612 2876 3769 2934 Omnes

2235 2975 2417 3024 autem
2465 2969 2556 3040 qui
2601 2985 2797 3027 causas
2836 2980 3027 3027 contra
3053 2972 3365 3042 episcopos,
3404 2986 3468 3026 ac
3489 2968 3694 3041 j'udices,
3723 2980 3769 3021 ac

2234 3068 2485 3131 potentes
2524 3068 2619 3116 aut
2666 3070 2856 3118 contra
2898 3062 3172 3133 quoslibet
3198 3052 3349 3119 alios
3370 3062 3565 3117 honore
3588 3073 3769 3141 noscun-

2246 3151 2425 3215 tur,ad
2444 3150 2581 3206 idem
2597 3151 2886 3207 concilium
2914 3163 3268 3220 concurrant,
3285 3162 3343 3211 et
3357 3163 3767 3223 quaecunqueexa-

2241 3338 2328 3384 tur
2356 3330 2492 3401 regii
2521 3334 2860 3390 exsecutoris
2907 3334 3167 3391 instantia
3190 3334 3494 3407 justissime
3521 3332 3598 3388 his
3617 3330 3766 3401 quibus

2230 3420 2354 3490 jura
2405 3429 2532 3476 sunt
2586 3422 2980 3490 reformentur,
3043 3426 3117 3480 ita
3173 3434 3234 3481 ut
3287 3440 3390 3497 pro
3442 3418 3765 3494 compellendis

2229 3512 2507 3582 judicibus
2558 3515 2645 3570 vel
2701 3515 3053 3572 saecularibus
3101 3517 3234 3572 viris
3278 3514 3354 3573 ad
3402 3516 3643 3588 synodum
3677 3523 3762 3564 me-

2237 3604 2549 3675 tropolitani
2584 3607 2763 3665 studio
2791 3608 3009 3679 quidam
3063 3618 3350 3667 exsecutor
3377 3626 3404 3665 a
3442 3606 3660 3679 principe
3689 3617 3762 3673 p0-

2236 3696 2488 3753 stuletur.

2312 3790 2726 3858 Quintadecima
2767 3802 2946 3850 autem
2987 3793 3358 3850 Kalendarum
3389 3793 3647 3851 Iuniarum
3668 3800 3765 3842 con-

2231 3885 2506 3956 greganda
2556 3885 2719 3942 estin
2748 3901 3075 3958 quacunque
3115 3888 3400 3958 provincia
3443 3882 3656 3957 synodus
3672 3890 3763 3950 pro-

2230 3985 2351 4047 pter
2381 3978 2600 4034 vernale
2631 3988 2863 4048 tempus,
2909 3979 3128 4049 quando
3175 3977 3365 4034 herbis
3404 3986 3541 4033 terra
3562 3968 3758 4028 vestitur.

2232 4078 2288 4124 et
2334 4069 2527 4140 pabula
2569 4070 2874 4141 germinum
2919 4068 3287 4123 inveniuntur.
3328 4066 3470 4124 Hora
3507 4066 3663 4133 itaque
3681 4054 3759 4113 diei

2230 4159 2406 4229 prima
2429 4168 2558 4215 ante
2582 4160 2715 4216 solis
2739 4167 2918 4216 ortum
2949 4159 3238 4230 ejiciantur
3265 4170 3457 4213 omnes
3479 4155 3543 4210 ab
3561 4145 3757 4207 ecclesia,

2228 4252 2609 4323 obseratisque
2657 4252 2866 4310 foribus
2915 4250 3146 4317 cunctis,
3174 4252 3243 4306 ad
3271 4267 3436 4307 unam
3463 4248 3657 4318 januam
3689 4248 3759 4308 per

2231 4363 2396 4418 quam
2442 4348 2754 4404 sacerdotes
2796 4346 3004 4415 ingredi
3050 4351 3283 4417 oportet,
3332 4339 3535 4398 ostiarii
3562 4333 3754 4392 sedeant.

2231 4437 2297 4491 Et
2344 4436 2726 4493 convenientes
2775 4450 2966 4491 omnes
3011 4432 3247 4504 episcopi
3278 4431 3482 4503 pariter
3512 4424 3754 4481 introeant.

2229 4536 2285 4582 et
2317 4527 2610 4583 secundum
2659 4525 3018 4582 ordinationis
3064 4538 3176 4581 suae
3218 4533 3460 4593 tempora
3508 4511 3750 4572 resideanl-

2234 4618 2360 4675 Post
2406 4620 2709 4690 ingressum
2773 4618 3014 4674 omnium
3069 4617 3445 4687 episcoporum
3482 4620 3625 4680 atque
3655 4614 3754 4656 oon-
3874 4620 3875 4673 ι

2230 4725 2437 4767 sessum
2460 4720 2741 4775 vocentur,
2770 4709 2964 4764 deinde
2995 4709 3298 4781 presbyteri
3330 4721 3462 4778 quos
3488 4713 3630 4758 causa
3661 4705 3753 4763 ριὀ·

2230 4801 2440 4857 baverit
2485 4801 2730 4855 introire.
2776 4799 2964 4854 Nullus
3002 4814 3062 4854 se
3103 4799 3243 4854 inter
3271 4813 3363 4854 eos
3388 4784 3748 4865 ingerat-diaco-

2230 4908 2441 4948 norum.
2494 4892 2623 4946 Post
2655 4891 2753 4946 hos
2782 4891 3153 4961 ingrediantur
3191 4890 3442 4945 diacoues
3480 4871 3747 4954 probabiles.

2228 4997 2364 5053 quos
2393 4983 2529 5037 ordo
2559 4960 2866 5051 poposcerit
2911 4980 3198 5036 interesse.
3243 4980 3310 5034 Et
3346 4988 3532 5033 corona
3561 4968 3673 5024 facta
3698 4960 3746 5060 de

2226 5072 2447 5129 sedibus
2474 5073 2870 5143 episcoporum,
2902 5072 3203 5143 presbyteri
3230 5087 3259 5126 a
3291 5080 3439 5140 tergo
3457 5076 3621 5120 eorum
3648 5067 3746 5109 πεδι-

2224 5169 2408 5233 deant,
2437 5168 2649 5223 diaconi
2675 5168 2725 5221 in
2757 5176 3049 5237 conspectu
3078 5181 3267 5221 eorum
3303 5171 3462 5224 stent,
3492 5152 3658 5212 deinde
3680 5148 3741 5200 in-

2223 5260 2539 5331 grediantur
2592 5259 2762 5323 laici,
2818 5259 2908 5330 qui
2964 5257 3213 5313 electioui
3263 5252 3470 5312 concilii
3523 5248 3738 5335 interesse

2225 5362 2561 5407 meruerant.
2613 5349 2769 5404 Tunc
2816 5364 3030 5419 quoque
3058 5356 3114 5403 et
3144 5347 3340 5403 notarii
3378 5356 3503 5413 quos
3542 5334 3599 5391 ad
3638 5338 3739 5383 reet-

2228 5440 2447 5495 tandum
2489 5439 2569 5493 vel
2614 5440 2988 5509 excipiendum
3028 5440 3160 5495 ordo
3195 5436 3436 5510 requirit,
3466 5438 3516 5487 ct
3541 5426 3738 5482 obsercn‘

2226 5539 2313 5586 tur
2326 5530 2525 5600 ianuae.
2559 5531 2992 5603 Sedentibusque
3023 5533 3075 5587 in
3103 5532 3357 5587 diuturno
3378 5520 3575 5582 silentio
3596 5519 3735 5610 5339f:

2223 5620 2456 5686 dotibus,
2491 5631 2545 5674 et
2583 5636 2677 5675 cor
2719 5600 2924 5675 tantum
2961 5621 3286 5677 habentibus
3320 5618 3383 5672 ad
3423 5614 3592 5671 Deum.
3625 5600 3732 5653 δῖθθί

2222 5711 2640 5768 archidiaconus
2669 5728 2682 5765 :
2708 5711 2891 5777 Orate,
2944 5712 3234 5782 statimque
3273 5722 3450 5767 omnes
3492 5702 3537 5755 in
3578 5697 3728 5785 ιεςτειξη

2222 5814 2651 5874 prosternamur,
2685 5816 2735 5861 et
2765 5808 3041 5862 orantibus
3084 5797 3282 5861 diutius
3325 5794 3472 5858 tacite
3506 5802 3607 5847 cum
3624 5781 3729 5835 εἰσιν
