3910 6440
97 422 189 484 tss
785 409 788 412 ’
939 380 950 388 ’
1243 404 1733 467 DECRETALIUM
1773 405 2176 464 COLLEC'l‘lO.

3136 476 3141 481 .
3227 415 3333 474 466

97 543 184 597 bus
217 541 388 603 atque,
407 526 714 600 gemitibus,
754 530 880 580 tunc
907 539 1047 581 unus
1067 538 1134 578 ex
1169 523 1437 594 episcopis
1467 520 1647 579 senio-
1676 524 1727 582 Λ
1753 522 2084 577 consuetudo
2122 522 2361 604 diversa.
2405 523 2514 581 Nos
2557 534 2738 583 autem
2775 529 2918 600 quod
2948 530 3107 586 tertio
3136 534 3335 604 mergi-

99 626 232 684 ribns
272 632 522 691 surgens,
566 615 867 671 orationem
894 614 1072 686 palam
1104 614 1169 669 ad
1192 613 1488 669 Dominum
1520 610 1644 667 fun-

99 720 194 782 dat,
218 711 422 770 cunctis
444 710 620 766 adhttc
647 707 699 763 in
725 715 869 763 terra
892 706 1219 776 jacentibus.
1242 705 1423 760 Finita
1466 713 1646 760 autem

97 808 315 866 oratione
340 845 356 871 ,
388 812 445 859 et
490 816 750 872 responso
798 801 864 856 ab
904 800 1157 855 omnibus
1184 817 1198 854 :
1223 800 1419 865 Amen,
1459 812 1650 853 rursus

100 900 332 955 diaconus
392 891 814 963 dicat:Erigite
872 905 994 955 vos,
1045 899 1096 946 et
1121 888 1409 945 confestim
1459 902 1648 944 omnes

98 992 317 1058 surgant,
352 990 408 1041 et
436 998 561 1038 cum
586 982 781 1037 timore
808 982 952 1037 omni
985 988 1039 1036 et
1068 980 1370 1050 disciplina,
1403 989 1511 1035 tam
1536 980 1649 1050 epi-

100 1076 226 1148 scopi
267 1088 429 1147 quam
488 1072 792 1144 presbyteri
845 1071 1093 1129 sedeant.
1156 1070 1354 1141 Sicque
1400 1070 1651 1127 omnibus

100 1170 143 1224 in
171 1165 274 1222 suis
298 1164 431 1221 locis
461 1165 518 1218 in
548 1163 763 1220 silentio
786 1162 1215 1228 considentibus,
1241 1163 1501 1217 diaconus
1529 1161 1649 1219 alba

100 1262 292 1317 indutus
310 1258 557 1314 codicem
580 1271 846 1313 canonum
888 1256 943 1310 in
969 1254 1149 1311 medio
1169 1252 1473 1326 proferens,
1504 1254 1651 1324 capi-

101 1353 191 1409 tula
222 1352 286 1408 de
309 1349 559 1407 conciliis
579 1348 803 1420 agendis
826 1347 1161 1420 pronuntiet.
1191 1346 1490 1416 Finitisque
1517 1347 1648 1402 titu-

99 1443 154 1499 lis
186 1439 630 1511 metropolitanus
678 1438 961 1509 episcopus
990 1438 1279 1494 concilium
1324 1436 1649 1506 alloquatur,

101 1535 256 1590 dicens
287 1550 301 1586 :
328 1532 488 1596 Ecce,
544 1528 870 1586 sanctissimi
897 1528 1230 1593 sacerdotes,
1258 1527 1500 1583 recitatae
1525 1532 1654 1581 sunt

100 1639 152 1680 ex
166 1622 450 1681 canonibus
467 1620 775 1691 priscorum
794 1617 1016 1673 Patrum
1038 1616 1320 1675 sententiae
1342 1618 1409 1672 de
1424 1616 1653 1672 concilio

103 1714 410 1772 celebrando.
444 1712 506 1768 Si
535 1727 638 1782 qua
662 1725 791 1783 ergo
815 1710 1126 1782 quempiam
1144 1709 1319 1764 virum
1342 1707 1484 1764 actio
1505 1722 1653 1763 com-

103 1813 254 1863 movet
297 1809 484 1861 coram
535 1803 650 1860 suis
690 1802 954 1859 fratribus
980 1812 1266 1874 proponat.
1299 1801 1449 1857 Tunc
1479 1801 1527 1857 si
1555 1799 1652 1855 ali-

1752 625 1875 667 mus
1919 612 2182 668 triduana:
2221 614 2512 685 sepultura:
2555 629 2892 674 sacramenta
2936 620 3236 691 signamus,
3275 632 3337 680 ut

1750 700 1878 756 dum
1905 703 2067 757 tertio
2094 703 2271 760 infans
2300 707 2369 761 ab
2398 708 2553 777 aquis
2582 709 2849 774 educitur,
2878 712 3206 767 resurrectio
3240 712 3338 767 tri-

1751 791 1913 849 duani
1939 796 2193 865 temporis
2218 798 2572 868 exprimatur.
2606 799 2757 868 Quod
2787 802 2830 857 si
2858 802 2981 872 quis
3003 802 3143 858 forte
3167 803 3332 859 etiam

1750 898 1848 955 pro
1893 900 2117 942 summa:
2159 887 2443 947 Trinitatis
2483 893 2831 950 veneratione
2879 895 3152 951 existimet
3194 895 3334 960 ﬁeri,

1750 990 1933 1047 neque
1953 978 2022 1033 ad
2050 979 2153 1035 hoc
2183 980 2390 1052 aliquid
2415 983 2633 1040 obsistit
2663 987 3045 1056 baptizandum
3081 989 3248 1044 semel
3280 989 3334 1043 in

1750 1080 1920 1138 aquas
1948 1085 2213 1143 mergere,
2242 1073 2371 1144 quia
2399 1074 2527 1130 dum
2551 1076 2606 1131 in
2630 1077 2805 1132 tribus
2832 1078 3200 1136 subsistentiis
3230 1096 3336 1134 una
3360 1095 3366 1110 ι

1750 1164 2051 1221 substantia
2106 1174 2211 1231 est,
2263 1176 2442 1237 potest
2492 1167 2750 1225 infantem
2808 1170 2861 1224 in
2912 1171 3237 1243 baptismate
3282 1173 3337 1227 in

1751 1270 1948 1327 aquam
2003 1255 2086 1311 vel
2139 1266 2240 1320 ter,
2285 1257 2368 1313 vel
2408 1258 2572 1314 semel
2602 1274 2869 1332 mergere,
2917 1262 3135 1331 quando
3178 1271 3232 1316 et
3279 1262 3335 1317 in

1755 1344 1929 1400 tribus
1979 1346 2343 1402 mersionibus
2380 1363 2741 1418 personarum
2793 1350 3028 1416 trinitas,
3064 1359 3122 1406 et
3150 1350 3205 1405 in
3229 1366 3336 1405 una

1754 1444 1935 1508 potest
1958 1438 2256 1493 divinitatis
2278 1439 2488 1512 singula
2498 1442 2629 1497 ritas
2650 1442 2943 1513 designari.
2963 1442 3067 1498 Sed
3084 1444 3224 1512 quod
3240 1443 3338 1498 ltu-

1752 1545 1957 1601 cusque
1983 1531 2053 1585 ab
2082 1531 2353 1588 haereticis
2382 1532 2560 1588 infans
2586 1533 2641 1589 in
2668 1534 2994 1606 baptismate
3022 1536 3182 1590 tertio
3200 1551 3339 1591 mer-

1752 1623 2001 1692 gebatur,
2052 1620 2360 1678 faciendum
2406 1624 2546 1693 apud
2588 1639 2682 1680 vos
2723 1640 2845 1681 esse
2882 1641 2987 1680 non
3016 1640 3232 1691 censeo,
3272 1641 3359 1682 ne,

1752 1712 1881 1773 dum
1939 1713 2244 1768 mersiones
2306 1722 2625 1780 numerant,
2680 1712 3021 1770 divinitatem
3073 1716 3338 1781 dividant,

1716 1874 1721 1879 κ
1755 1805 1991 1875 dumque
2023 1805 2167 1876 quod
2198 1804 2488 1869 faciebant,
2522 1805 2745 1873 faciunt,
2775 1821 2981 1862 morem
3010 1815 3254 1862 nostrum
3278 1822 3339 1861 se

104 1899 202 1970 quis
238 1910 619 1970 quamcunque
665 1895 939 1968 querelam
988 1912 1111 1967 quae
1155 1903 1343 1952 contra
1388 1909 1649 1951 canonem
1686 1915 1726 1972 Β
1756 1900 1949 1957 fecisse
1967 1901 2288 1973 glorientur.
2311 1901 2650 1973 Quapropter
2669 1903 2795 1973 quia
2820 1904 2886 1958 de
2906 1913 3135 1974 utroque
3157 1918 3341 1959 sacra-

105 1990 191 2060 agit
238 1989 287 2044 in
337 1988 673 2046 audientiam
726 1987 1116 2044 sacerdotalem
1172 1985 1490 2058 protulerit,
1544 2000 1647 2040 non

106 2081 226 2151 prius
237 2081 301 2137 ad
320 2080 463 2147 aliud
487 2088 800 2136 transeatur
815 2077 1127 2152 capitulum,
1144 2078 1249 2133 nisi
1261 2078 1493 2148 primum
1506 2076 1652 2146 quod

105 2171 342 2241 proposita
393 2178 482 2228 est
532 2170 672 2227 actio
727 2171 1067 2228 terminetur.
1120 2170 1256 2225 Nam
1322 2179 1377 2224 et
1431 2170 1473 2225 si
1529 2164 1655 2238 pre-

107 2261 259 2334 sbyter
311 2261 549 2333 aliquis,
601 2270 693 2318 aut
743 2262 1040 2328 diaconus,
1084 2261 1167 2317 vel
1215 2260 1479 2326 clericus,
1541 2262 1659 2317 sive

108 2352 277 2419 laicus,
328 2353 396 2409 de
444 2354 541 2409 his
588 2354 678 2425 qui
726 2352 859 2410 foris
904 2354 1174 2414 steterint,
1219 2351 1508 2408 concilium
1555 2365 1653 2422 pro

108 2442 313 2512 qualibet
339 2459 397 2500 re
421 2444 725 2500 crediderit
751 2444 1150 2516 appellandum,
1173 2443 1416 2499 ecclesiae
1450 2451 1653 2497 metro-

107 2534 320 2603 politana:
363 2535 759 2592 archidiacono
787 2549 1008 2591 causam
1033 2549 1188 2590 suam
1217 2534 1449 2599 intimet,
1490 2542 1546 2589 et
1567 2532 1656 2589 ille

107 2628 301 2686 concilio
323 2630 638 2686 denuntiet.
678 2630 743 2685 Et
769 2639 898 2686 tunc
929 2629 1007 2685 illi
1032 2637 1087 2685 et
1110 2628 1419 2685 introeundi
1447 2637 1505 2684 et
1533 2642 1657 2699 pro-

106 2724 302 2792 ponendi
343 2724 573 2783 licentia
607 2726 968 2783 concedatur.
1000 2725 1190 2782 Nullus
1215 2733 1395 2781 autem
1438 2724 1652 2796 episco-

107 2829 263 2885 porum
283 2832 313 2873 a
341 2826 499 2874 casm
526 2817 799 2876 communi
829 2818 1052 2873 secedat
1076 2824 1365 2887 antequam
1406 2804 1540 2871 hora
1564 2830 1657 2887 ge-

110 2907 275 2967 neralis
299 2911 630 2968 secessionis
662 2911 932 2966 adveniat.
956 2910 1258 2969 Concilium
1294 2924 1509 2979 quoque
1536 2908 1658 2964 nul-

112 2995 177 3054 lus
194 3000 386 3056 solvere
409 3002 634 3067 audeat,
670 3002 775 3057 nisi
806 3000 1011 3057 fuerint
1045 3009 1239 3057 cuncta
1272 2999 1652 3065 determinata,

114 3088 168 3144 ita
205 3100 259 3146 ut
299 3107 636 3163 quaecunque
664 3091 1036 3149 deliberationi
1065 3091 1339 3147 communi
1370 3089 1651 3153 ﬁniuntur,

113 3182 441 3255 episcoporum
474 3185 815 3258 singulorum
855 3185 1108 3241 manibus
1140 3184 1470 3240 scribantur.
1503 3183 1655 3237 Tunc

1756 2005 1942 2052 mento
1963 1996 2105 2065 quod
2139 1995 2199 2050 ﬁt
2227 1995 2282 2050 in
2311 2005 2502 2051 sancto
2527 1996 2801 2067 baptismo
2828 2012 2857 2050 a
2890 2004 3040 2050 tanto
3063 1996 3181 2050 viro
3218 1996 3338 2049 red-

1754 2086 1868 2142 dita
1897 2096 1983 2142 est
2017 2087 2179 2151 ratio,
2233 2087 2375 2156 quod
2425 2094 2716 2158 utrumque
2766 2085 3241 2158 irrcprcbeusibile
3280 2086 3336 2139 in

1753 2186 1942 2235 sancta
1972 2178 2065 2235 Dei
2094 2177 2339 2234 Ecclesia
2366 2178 2653 2243 habeatur,
2684 2186 2907 2250 propter
2942 2177 3220 2233 vitandum
3244 2192 3341 2231 au-

1756 2278 1865 2324 tem
1905 2269 2213 2325 schistnatis
2261 2268 2598 2333 scandalum,
2652 2268 2737 2323 vel
2787 2268 3026 2324 lnerctiei
3070 2266 3379 2339 dogmatis»

1754 2377 1913 2417 usum
1947 2361 2195 2430 simpiam
2245 2369 2526 2417 teneamus
2566 2361 2822 2433 baptismi
2870 2360 3222 2426 mersionem,
3271 2373 3340 2414 ne

1753 2452 2040 2508 videantur
2069 2452 2209 2522 apud
2240 2467 2340 2508 nos
2362 2452 2452 2522 qui
2486 2452 2648 2507 tertio
2674 2459 2928 2522 mergunt
2954 2451 3335 2506 haereticorum

1753 2544 2057 2614 approbare
2096 2544 2478 2609 assertionem,
2530 2543 2655 2598 dum
2696 2551 2998 2614 sequuntur
3025 2550 3083 2596 et
3109 2556 3338 2596 morem.

1754 2634 1823 2689 Et
1852 2648 1920 2688 ne
1948 2632 2087 2689 forte
2113 2633 2365 2703 cuiquam
2394 2633 2467 2689 sit
2495 2632 2717 2689 dubium
2746 2629 2906 2700 hujus
2929 2629 3109 2702 simpli
3139 2637 3340 2699 mystc-

1756 2726 1896 2781 rium
1934 2725 2285 2789 sacramenti,
2326 2724 2509 2780 videat
2543 2723 2595 2778 in
2628 2739 2693 2779 eo
2721 2730 2975 2787 mortem,
2997 2732 3054 2776 et
3089 2736 3339 2776 resurre-

1755 2815 2016 2878 ctionem,
2068 2815 2194 2870 dum
2241 2822 2543 2886 sequuntur
2577 2822 2632 2868 et
2671 2828 2879 2869 morem
2906 2812 3111 2868 Christi
3138 2809 3344 2883 signiﬁ-

1754 2922 1905 2963 care.
1953 2905 2088 2961 Nam
2129 2907 2183 2961 in
2234 2921 2405 2977 aquas
2454 2906 2655 2961 mersio
2681 2905 2834 2977 quasi
2864 2906 2928 2959 ad
2953 2904 3223 2960 infernum
3250 2903 3343 2958 de-

1755 2996 1970 3052 scensio
1999 3004 2083 3051 est
2113 3005 2170 3050 et
2197 3011 2384 3051 rursus
2425 2994 2495 3050 ab
2542 2995 2698 3065 aquis
2737 2995 2972 3051 emersio
3016 2993 3344 3051 resurrectio

1754 3096 1858 3144 est.
1903 3087 2036 3144 item
2073 3087 2256 3143 videat
2282 3088 2336 3142 in
2370 3101 2435 3142 eo
2462 3087 2724 3142 unitatem
2756 3086 3073 3151 divinitatis,
3102 3096 3157 3141 et
3188 3085 3345 3141 trini-

1758 3187 1924 3234 tatem
1968 3193 2328 3248 personarum
2370 3178 2580 3234 ostendi
2612 3194 2626 3231 :
2655 3178 2939 3243 unitatem,
2993 3177 3115 3232 dum
3176 3177 3343 3233 semel

114 3276 229 3331 enim
268 3276 403 3334 Deus
449 3293 676 3334 suorum
720 3278 1066 3333 sacerdotum
1112 3274 1341 3331 concilio
1390 3274 1657 3329 interesse
1685 3269 1728 3330 C
1762 3268 2089 3339 mergimus;
2117 3269 2440 3335 trinitatem,
2472 3269 2598 3323 dum
2621 3269 2917 3336 in_nomine
2940 3267 3118 3323 Patris
3141 3279 3195 3323 et
3216 3267 3343 3323 Filii

113 3368 371 3426 credendus
412 3381 531 3436 est,
588 3370 635 3426 si
685 3369 916 3426 tumultu
960 3367 1108 3425 omni
1150 3366 1382 3435 abjecto,
1428 3365 1657 3421 sollicite

115 3467 243 3528 atque
264 3462 548 3533 tranquille
572 3460 938 3517 ecclesiastica
964 3460 1179 3530 negotia
1208 3457 1583 3513 terminentur.

166 3548 241 3609 IV.
278 3550 420 3609 Solet
450 3553 510 3608 in
539 3550 813 3623 Hispaniis
838 3551 907 3608 de
933 3550 1275 3608 solemnitate
1298 3547 1539 3620 paschali
1565 3562 1661 3602 va-

115 3639 246 3696 rietas
279 3643 510 3699 existere
555 3642 979 3712 praedicationis,
1026 3642 1239 3698 diversa
1284 3640 1428 3696 enim
1473 3640 1659 3694 obser-

115 3728 263 3784 vantia
298 3730 713 3789 Latereulorum
741 3731 1014 3802 paschalis
1046 3730 1358 3787 festivitatis
1389 3729 1657 3785 interdum

115 3829 314 3875 errorem
371 3821 634 3893 parturit.
688 3821 923 3878 Proinde
971 3822 1216 3894 placuit,
1268 3830 1328 3876 ut
1373 3829 1498 3877 ante
1550 3827 1660 3877 tres

118 3919 295 3964 menses
318 3910 744 3982 Epiphaniorum
784 3912 1186 3983 metmpolitani
1246 3911 1560 3969 sacerdotes
1584 3910 1660 3965 .Ii-

117 3992 206 4050 bris
232 4013 286 4054 se
320 3999 552 4057 invicem
594 4000 897 4072 inquirant,
924 4013 987 4057 ut
1012 4003 1285 4057 communi
1310 4001 1541 4057 scientia
1567 4002 1661 4055 do-

116 4082 190 4147 αῖν
233 4087 362 4143 diem
410 4089 828 4145 resurrectionis
870 4088 1073 4145 Christi
1116 4089 1659 4161 comprovincialibus

119 4172 207 4229 suis
229 4175 487 4236 insinuent
543 4186 604 4234 ut
630 4194 739 4237 uno
765 4188 1008 4251 tempore
1037 4181 1418 4238 celebrandum
1447 4196 1660 4236 annun-

117 4260 239 4320 tient.

172 4350 226 4411 ν.
258 4359 328 4417 De
370 4363 625 4435 baptismi
654 4372 1019 4431 sacramento,
1058 4372 1282 4436 propter
1305 4364 1448 4433 quod
1476 4363 1528 4418 in
1561 4362 1661 4417 ili—

120 4449 292 4516 spaniis
309 4454 528 4524 quidam
564 4456 877 4513 sacerdotes
909 4458 1128 4524 trinam,
1159 4456 1408 4527 simplam
1436 4455 1660 4525 quidam

119 4542 401 4601 mensionem
425 4546 654 4609 faciunt.
684 4564 716 4603 a
736 4549 1008 4606 nonnullis
1037 4550 1272 4605 schisma
1299 4564 1418 4605 esse
1440 4547 1659 4618 conspi-

1757 3368 1814 3416 et
1862 3359 2099 3429 Spiritus
2147 3361 2323 3417 sancti
2367 3360 2734 3430 baptizamus.
2764 3361 3027 3416 Panditur
3054 3360 3212 3430 lmjus
3233 3361 3346 3416 sin-

1757 3450 1961 3522 gularis
2019 3451 2275 3522 baptismi
2337 3452 2655 3522 mysterium
2714 3452 2877 3506 etiam
2937 3450 3342 3521 Scripturarum

1760 3548 2071 3599 sanctarum
2142 3540 2424 3612 exemplis,
2483 3540 2648 3596 Paulo
2701 3541 2945 3611 apostolo
3006 3550 3337 3598 attestante:

1766 3652 1784 3683 (
1814 3632 1950 3688 Nolo
1983 3648 2080 3688 vos
2106 3633 2375 3704 ignorare,
2408 3632 2624 3694 fratres,
2658 3635 2915 3703 quoniam
2949 3641 3130 3705 patres
3171 3635 3345 3690 nostri

1760 3743 1952 3783 omnes
1969 3728 2069 3782 sub
2095 3728 2236 3782 nube
2262 3726 2501 3791 fuerunt,
2528 3735 2580 3781 et
2604 3742 2792 3782 omnes
2816 3743 2964 3783 mare
2986 3729 3341 3797 transierunt,

1762 3826 1816 3873 et
1863 3832 2053 3873 omnes
2104 3818 2160 3873 in
2200 3816 2384 3889 Moyse
2428 3816 2689 3888 baptizati
2734 3825 2862 3871 sunt
2908 3818 2961 3872 in
3012 3820 3152 3874 nube
3196 3831 3251 3876 et
3289 3822 3342 3877 in

1761 3911 1899 3967 mari
1939 3910 1990 3983 (ι
2019 3910 2144 3966 Cor.
2169 3926 2225 3977 x,
2260 3909 2333 3980 l).
2362 3928 2381 3963 ι
2418 3908 2564 3963 Mare
2587 3909 2784 3980 quippe
2809 3909 3050 3965 Rubrum
3079 3911 3346 3980 signiﬁcat

1761 4004 2091 4075 baptismum
2162 4002 2369 4060 Christi
2443 4002 2712 4075 sanguine
2772 4012 3185 4069 consecratum,
3249 4019 3348 4074 per

1760 4095 1903 4165 quod
1966 4093 2196 4165 populus
2261 4093 2356 4149 Dei
2419 4094 2520 4148 sub
2576 4092 2826 4149 columna
2875 4093 3018 4162 ignis
3077 4102 3131 4148 et
3191 4094 3349 4151 nubis

1762 4186 1930 4244 semel
1970 4186 2204 4250 transiit,
2247 4185 2337 4240 ubi
2378 4194 2558 4240 tamen
2584 4193 2694 4240 tota
2724 4192 2843 4239 erat
2869 4182 3106 4240 Trinitas
3143 4200 3346 4254 praece-

1764 4282 1925 4337 dente
1977 4279 2134 4350 113
2162 4279 2415 4350 populum
2463 4276 2715 4334 columna
2759 4277 2900 4349 ignis
2949 4284 3005 4332 et
3056 4278 3233 4333 nubis.
3290 4277 3347 4333 in

1763 4372 1888 4441 igne
1914 4371 2111 4441 quippe
2136 4369 2476 4441 signiﬁcatur
2507 4368 2691 4433 Pater,
2717 4368 2770 4422 in
2794 4368 3045 4423 columna
3071 4367 3260 4433 Filius,
3292 4368 3365 4424 in

1763 4464 1907 4518 nube
1964 4462 2200 4532 Spiritus
2254 4469 2500 4516 sanctus.
2571 4458 2827 4514 Iordanis
2875 4473 3091 4529 quoque
3150 4458 3348 4513 fluenta

1763 4568 1886 4608 cum
1937 4567 2063 4607 arca
2108 4549 2338 4622 populus
2404 4551 2497 4605 Dei
2547 4550 2715 4606 semel
2762 4551 2999 4615 transiit,
3062 4565 3162 4620 per
3205 4550 3347 4619 quod

119 4629 248 4700 titur,
275 4644 326 4691 et
351 4640 531 4695 unitas
553 4639 673 4695 fidei
700 4639 872 4696 scindi
899 4640 1129 4696 videtur.
1159 4639 1294 4695 Nam
1324 4638 1451 4694 dum
1474 4648 1661 4709 partes
1692 4626 1738 4686 Ῐ)
1763 4643 2101 4714 signiﬁcatur
2149 4642 2345 4713 simpla
2400 4640 2602 4697 mersio
2648 4640 3012 4710 baptismatis,
3064 4639 3219 4709 cujus
3263 4655 3349 4695 sa-

121 4720 310 4783 diversae
330 4728 381 4784 in
408 4730 750 4802 baptizandis
772 4730 948 4802 aliqua
979 4729 1255 4785 contrario
1285 4728 1445 4783 modo
1467 4737 1658 4800 agunt,

123 4812 176 4866 ab
194 4815 299 4873 aliis
341 4836 447 4876 non
498 4820 804 4892 baptizatos
845 4835 966 4876 esse
1019 4821 1377 4876 contendunt.
1427 4818 1661 4875 Proinde

122 4904 223 4970 Quid
241 4923 267 4962 a
289 4911 435 4968 nobis
462 4913 517 4967 in
544 4913 871 4967 sacramenti
895 4913 1211 4968 diversitate
1241 4910 1533 4966 ﬁniendum
1563 4911 1656 4977 sit,

124 4999 386 5063 apostolicae
407 5002 563 5059 Sedis
590 5002 948 5059 informemur
975 4994 1289 5074 pmcepti's‘,‘
1311 5016 1415 5056 non
1447 5009 1656 5067 nostra.

1765 4743 2047 4790 cramento
2080 4733 2321 4789 Ecclesia
2366 4732 2625 4796 abluitur,
2663 4741 2719 4788 et
2745 4733 2810 4787 de
2836 4731 2961 4786 ﬁdei
3006 4729 3168 4798 hujus
3204 4731 3350 4786 labo-

1764 4827 1913 4881 ribus
1949 4841 2047 4897 per
2077 4824 2402 4895 baptismum
2430 4824 2581 4894 quasi
2604 4838 2702 4893 per
2722 4821 3012 4877 Iordanem
3049 4821 3113 4874 ad
3148 4831 3347 4876 terram

1763 4915 2000 4969 caelestis
2032 4904 2468 4984 reprOmissionis
2499 4912 2821 4984 ingreditur.

1834 5003 1921 5057 Vl.
1961 5002 2336 5073 Comperimus
2376 5002 2519 5073 quod
2547 5016 2646 5071 per
2671 4999 2959 5056 nonnullas
3006 4999 3264 5055 ecclesias
3294 5000 3347 5054 in

124 5086 198 5139 88d
221 5100 486 5158 paternam
506 5094 924 5149 institutionem
967 5100 1273 5162 sequentes.
1322 5091 1500 5145 Beata:
1529 5105 1660 5160 ergo
1761 5094 1847 5149 die
1875 5103 2042 5150 sexta:
2066 5093 2215 5150 feriae
2234 5086 2501 5163 paSsionis
2535 5091 2742 5146 Domini
2768 5090 2969 5146 clausis
2994 5091 3345 5146 basilicarum

126 5180 360 5236 memoriae
397 5182 688 5257 Gregorius
730 5183 986 5238 Romana:
1033 5182 1278 5238 ecclesia:
1307 5179 1545 5251 pontifex
1570 5180 1658 5250 qui

128 5279 213 5323 non
237 5271 394 5329 solum
420 5284 601 5346 partes
627 5275 796 5332 ltalim
824 5275 1131 5338 illustravit,
1158 5275 1251 5330 sed
1286 5283 1337 5328 et
1367 5274 1524 5344 longe
1546 5272 1661 5327 exi-

1762 5185 1968 5241 foribus
1995 5199 2100 5240 non
2129 5185 2437 5240 celebratur
2478 5181 2716 5238 ofﬁcium
2739 5222 2754 5247 ,
2795 5196 2896 5238 nec
2927 5181 3107 5253 passio
3137 5182 3346 5237 Domini

1760 5278 1972 5347 populis
2005 5277 2351 5347 praedicatur,
2385 5275 2511 5329 dum
2553 5275 2693 5329 idem
2741 5274 2995 5330 Salvator
3021 5283 3205 5330 noster
3231 5289 3349 5344 apo-

128 5366 299 5419 διθιιιεε
326 5368 579 5425 ecclesias
601 5385 701 5426 sua
729 5369 973 5424 doctrina
1002 5367 1303 5438 perdocuit,
1336 5364 1664 5436 eﬁlagitante
1761 5370 1915 5425 stolis
1943 5371 2055 5425 suis
2083 5368 2336 5439 prmcepit
2363 5368 2581 5431 dicens,
2609 5367 2917 5438 passionem
2955 5375 3010 5423 et
3040 5375 3265 5422 mortem
3293 5373 3347 5419 et

129 5453 428 5513 sanctissimo
468 5458 714 5515 Leandro
761 5458 1015 5529 episcopo
1041 5457 1106 5512 de
1135 5455 1237 5511 hac
1282 5454 1555 5524 Hispaniae
1585 5452 1662 5508 di.

130 5543 348 5602 vcrsitate
367 5550 491 5620 quid
517 5552 696 5622 potius
733 5558 878 5605 esset
908 5547 1265 5618 sequendum,
1301 5547 1440 5600 inter
1465 5553 1660 5600 eaztera

133 5634 412 5703 rescribens,
456 5641 531 5696 sic
576 5642 685 5697 ait:
714 5641 790 5697 De
838 5640 975 5694 trina
1020 5654 1148 5695 vero
1194 5639 1462 5694 mersione
1489 5636 1663 5708 bapti-

132 5728 290 5782 smatis
314 5731 437 5786 nihil
465 5734 771 5805 responderi
801 5733 981 5787 verius
1001 5742 1200 5804 potest,
1230 5749 1390 5803 quam
1417 5732 1515 5803 ipsi
1543 5746 1662 5787 sen-

134 5814 275 5882 sistis,
316 5824 431 5892 quia
472 5828 520 5881 in
564 5842 666 5882 una
696 5828 799 5883 ﬁde
826 5827 956 5881 nihil
989 5824 1155 5879 ofﬁcit
1183 5836 1383 5881 sancta!
1413 5822 1664 5879 Ecclesiae

1766 5461 2215 5517 resurrectionem
2258 5475 2431 5514 meam
2475 5461 2725 5516 omnibus
2770 5460 3078 5530 prmdicate.
3118 5458 3347 5525 Ideoque

1764 5561 1973 5623 oportet
1996 5549 2184 5607 eodem
2206 5551 2293 5605 die
2315 5551 2627 5622 mysterium
2650 5550 2827 5606 crucis
2851 5550 3013 5621 (quod
3046 5549 3158 5617 ipse
3183 5559 3363 5637 cunc—l

1766 5644 1836 5699 tis
1864 5642 2291 5698 annuntiandum
2320 5643 2506 5713 voluit)
2529 5643 2809 5714 praedicari
2854 5652 3017 5713 atque
3063 5638 3374 5710 indulgcnﬁ

1766 5733 1900 5788 tiam
1924 5732 2212 5788 criminum
2240 5733 2385 5789 clara
2418 5749 2550 5790 voce
2591 5751 2804 5790 omnem
2832 5733 3082 5804 populum
3124 5739 3345 5801 przesto-

1767 5821 1902 5891 lari,
1928 5828 1988 5899 ul
2019 5820 2350 5901 paenitentia!
2379 5825 2787 5892 compunctione
2828 5823 3067 5878 mundati
3114 5834 3341 5875 venera-
