3910 6438
582 320 684 375 467

1391 318 1683 376 APPEND.
1717 318 1807 374 AD
1830 317 2003 376 SEC.
2053 317 2144 376 IX.
2177 349 2247 359 -
2275 317 2530 376 lSlDORl
2567 312 3009 377 MERCATOBIS
3715 318 3794 376 468

573 435 606 490 b
631 437 681 490 le
713 434 910 493 festum
961 437 1256 493 Dominicm
1301 436 1720 493 resurrectionis
1765 436 2010 492 remissis
2055 434 2160 490 ini-
2188 439 2237 496 Α
2264 434 2404 504 Ergo
2429 435 2571 490 sicut
2594 433 2844 490 Christus
2864 433 3142 505 praecepit,
3167 431 3247 490 sic
3284 429 3573 502 Apostolus
3608 432 3794 488 monuit.

575 526 874 597 qttitatibus
918 529 1193 599 suscipere
1259 543 1591 593 mereamur,
1643 527 1997 596 corporisque
2047 524 2163 595 ejus

579 629 636 674 et
685 620 966 691 sanguinis
1021 629 1420 677 sacramentum
1469 619 1655 674 mundi
1704 633 1733 673 a
1799 626 2024 690 peccato
2075 633 2166 674 su-

579 722 815 764 ruamus.

653 799 762 856 Vll.
807 799 1036 866 Quidam
1082 801 1136 855 in
1165 801 1257 856 die
1281 801 1522 871 ejusdem
1557 801 1827 872 passionis
1869 799 2167 856 Dominicte

578 890 646 943 ab
687 889 821 943 hora
868 905 1007 944 nona
1050 890 1314 963 jejunium
1347 891 1590 957 solvunt,
1621 893 1880 948 conviviis
1907 891 2168 948 adhiben-

578 985 687 1042 tur,
719 985 775 1032 et
799 978 926 1032 dum
977 979 1056 1033 sol
1104 980 1217 1050 ipse
1264 982 1452 1036 eadem
1484 981 1571 1036 die
1617 981 1853 1036 tenebris
1882 979 2163 1051 palluerit,

577 1066 758 1122 lumen
812 1069 1162 1137 subduxerit,
1211 1071 1434 1142 ipsaque
1476 1072 1745 1126 elementa
1785 1071 1996 1126 turbata
2026 1087 2162 1128 moe-

577 1156 779 1210 stitiam
809 1159 972 1213 totius
1003 1161 1189 1214 tuuudi
1219 1161 1589 1225 ostenderint,
1625 1161 1700 1214 illi
1741 1159 2001 1230 jejunium
2033 1163 2166 1217 tanti

580 1249 684 1306 diei
735 1250 1010 1320 polluuut,
1040 1253 1318 1323 epulisque
1370 1254 1690 1308 inserviunt.
1731 1254 1796 1307 Et
1824 1253 1950 1322 quia
1994 1262 2166 1309 totum

574 1346 824 1401 eumdem
849 1348 991 1402 diem
1017 1348 1340 1402 universalis
1365 1347 1593 1404 ecclesia
1622 1356 1840 1418 prepter
1861 1349 2164 1417 passionem

573 1440 790 1496 Domini
815 1441 867 1495 in
896 1457 1135 1497 moerere
1157 1451 1210 1496 et
1234 1443 1563 1497 abstinentia
1588 1441 1830 1513 peragit,
1856 1441 2166 1511 quicunque

575 1534 632 1589 in
661 1549 726 1590 eo
749 1534 1012 1606 jejunium
1047 1544 1242 1605 praeter
1274 1535 1531 1604 parvulos
1576 1549 1734 1589 senes
1784 1541 1840 1588 et
1887 1532 2168 1604 languidos

577 1636 706 1682 ante
734 1637 985 1699 peractas
1016 1628 1362 1698 indulgentiae
1389 1642 1579 1698 preces
1608 1627 1964 1697 persolverit,
2013 1641 2043 1680 a
2073 1641 2167 1696 pa-

575 1719 749 1774 schali
799 1719 996 1790 gaudio
1029 1718 1350 1789 depellatur,
1402 1733 1502 1772 nec
1550 1717 1600 1772 iu
1651 1732 1716 1772 eo
1767 1723 2166 1771 sacramentum

574 1811 819 1879 corporis
867 1819 921 1866 et
963 1811 1242 1880 sanguinis
1291 1809 1501 1865 Domini
1547 1810 1838 1880 percipiat,
1889 1809 1979 1878 qui
2023 1807 2164 1864 diem
2194 1794 2242 1855 Β

572 1902 845 1970 passionis
872 1903 988 1971 ejus
1022 1918 1120 1974 per
1148 1902 1533 1957 abstinentiam
1573 1917 1678 1955 non
1714 1899 2022 1954 honoravit.

645 1991 777 2046 Vill.
817 1992 1065 2048 Lucerna
1095 2003 1149 2048 et
1175 2008 1367 2048 cereus
1413 1990 1552 2046 infra
1581 1990 1797 2062 vigilias
1827 1990 1969 2061 apud
1999 2004 2166 2060 quas-

583 2087 707 2144 dam
737 2088 1000 2143 ecclesias
1028 2103 1135 2143 non
1163 2087 1504 2143 benedicitur
1528 2130 1542 2152 ,
1572 2097 1626 2142 et
1653 2102 1682 2140 a
1711 2087 1866 2140 nobis
1889 2101 1987 2139 cur
2009 2084 2171 2140 bene-

575 2182 810 2246 dicatur,
859 2182 1159 2251 inquirunt.
1210 2181 1441 2250 Propter
1473 2179 1767 2250 gloriosum
1801 2177 1945 2231 enim
1991 2177 2169 2232 noctis

575 2276 744 2346 ipsius
768 2284 1166 2331 sacramentum
1196 2275 1310 2330 haec
1339 2273 1657 2329 solemuiter
1677 2271 2078 2336 benedicimus,
2108 2279 2169 2326 ut

578 2381 753 2421 sacrm
795 2365 1212 2420 resurrectionis
1256 2365 1457 2420 Christi
1499 2364 1813 2435 mysterium
1863 2361 2005 2432 quod
2035 2369 2170 2417 tem-

577 2474 707 2528 porc
735 2459 894 2529 hujus
937 2458 1113 2513 noctis
1155 2458 1336 2512 votive
1365 2455 1586 2511 advenit
1631 2455 2012 2510 benedictione
2044 2469 2170 2508 san-

571 2549 792 2604 ctiﬁcati
819 2548 1038 2603 luminis
1075 2549 1455 2618 suscipiamus.
1489 2547 1557 2602 Et
1599 2547 1725 2618 quia
1771 2546 1889 2600 haec
1914 2545 2171 2600 observa-

578 2643 655 2698 tio
685 2659 780 2714 per
811 2644 1101 2698 multarum
1135 2644 1251 2698 loca
1312 2653 1580 2698 terrarum
1601 2683 1614 2706 ,
1645 2643 2004 2713 regionesque
2043 2640 2168 2696 llis-

573 2738 746 2808 pauize
772 2738 823 2790 iu
852 2735 1107 2792 Ecclesiis
1130 2735 1564 2798 commendatur,
1591 2735 1810 2803 dignum
1838 2743 1923 2790 est
1947 2741 2171 2804 propter

577 2831 839 2885 unitatem
874 2831 1059 2900 pacis,
1107 2838 1169 2884 ut
1201 2831 1253 2884 in
1284 2829 1580 2885 Gallicanis
1609 2826 1858 2883 ecclesiis
1886 2840 2171 2881 conserve-

573 2933 682 2978 tur.
721 2920 860 2975 Nulli
889 2930 1070 2976 autem
1104 2921 1324 2990 impune
1353 2920 1461 2976 erit
1482 2921 1574 2991 qui
1609 2919 1712 2975 hoc
1746 2917 2166 2989 contempserit,

573 3014 666 3068 sed
698 3022 910 3082 patrum
938 3013 1136 3085 regulis
1170 3011 1486 3081 subjacebit.

621 3104 738 3163 71X.
779 3104 1032 3160 Nonnulli
1057 3105 1400 3161 sacerdotum
1425 3104 1478 3159 in
1505 3102 1780 3174 Hispanus
1802 3103 2168 3175 reperiuntur,

2267 529 2335 583 Et
2391 531 2853 601 quemadmodum
2903 527 3162 585 doctores
3207 524 3559 582 ecclesiastici
3603 525 3797 584 institue-

2265 632 2422 690 runt,
2449 625 2576 695 quia
2607 624 2850 694 quotidie
2878 623 2964 678 vel
2991 620 3352 694 cogitatione,
3377 618 3464 674 vel
3484 619 3640 673 verbo
3664 618 3797 674 delin-

2267 717 2483 788 quimus
2507 716 2746 785 quotidie
2769 724 2824 770 et
2842 716 2982 770 hanc
3001 714 3302 790 orationem
3332 709 3603 766 eﬂ'undere
3627 709 3674 764 in
3696 725 3794 766 con-

2267 818 2454 881 spectu
2499 809 2596 864 Dei
2628 810 2908 865 debemus.
2936 807 3191 876 Quisquis
3216 819 3346 876 ergo
3389 803 3705 858 sacerdotum
3735 801 3795 856 vel

2269 900 2662 970 subjacentium
2713 900 3033 955 clericorum
3075 897 3218 952 hanc
3258 892 3559 949 orationem
3601 890 3794 945 Domini-

2268 1008 2387 1048 cam
2419 990 2687 1061 quotidie,
2718 998 2813 1044 aut
2850 989 2904 1044 in
2948 987 3186 1058 publico,
3224 994 3317 1040 aut
3342 984 3398 1039 in
3438 982 3641 1052 privato
3661 978 3796 1034 cilicio

2267 1083 2589 1155 praeterierit
2607 1089 2828 1153 propter
2868 1081 3200 1152 superbiam,
3233 1076 3507 1146 judicatus
3532 1071 3713 1129 ordinis
3735 1071 3795 1126 sui

2267 1173 2476 1229 honore
2505 1173 2768 1244 privetur.

2337 1263 2408 1321 Χ.
2446 1265 2578 1320 ltem
2597 1307 2612 1330 ,
2643 1263 2994 1336 cognovimus
3013 1261 3273 1336 quosdam
3299 1256 3566 1329 Hispania:
3593 1252 3794 1311 sacerdo-

2269 1365 2349 1413 tes
2368 1397 2384 1424 ,
2414 1342 2503 1427 qui
2546 1356 2598 1410 in
2629 1355 3054 1427 quadragesimae
3102 1352 3293 1408 diebus
3324 1349 3536 1404 alleluia
3562 1345 3796 1400 decantant

2267 1459 2464 1522 praeter
2492 1451 2544 1505 in
2573 1449 2762 1504 ultima
2793 1447 3130 1504 hebdomade
3161 1445 3408 1509 Paschm,
3431 1441 3571 1512 quod
3599 1439 3794 1507 deinceps

2271 1541 2387 1597 ﬁeri
2434 1541 2841 1605 interdicimus,
2874 1547 3174 1596 statuentes
3217 1542 3277 1590 ut
3322 1534 3378 1590 in
3414 1531 3653 1588 omnibus
3689 1544 3793 1599 pre

2270 1633 2430 1689 dictis
2473 1631 2912 1703 Quadragesimae
2948 1629 3138 1686 diebus
3171 1625 3330 1698 (quia
3377 1631 3586 1693 tempus
3623 1635 3710 1674 non
3736 1625 3795 1673 es:

2271 1725 2489 1798 gaudii,
2520 1723 2613 1780 sed
2644 1721 2920 1792 mmroris)
2952 1720 3165 1775 alleluia
3197 1734 3304 1773 non
3334 1717 3660 1772 decantetur.
3684 1712 3793 1765 Tunc

2269 1817 2414 1873 enim
2449 1831 2587 1886 opus
2632 1823 2718 1872 est
2752 1813 2965 1870 ﬂetibus
2995 1828 3060 1868 ac
3081 1809 3307 1882 jejuniis
3354 1808 3625 1867 insistere,
3649 1817 3794 1872 corpus

2268 1907 2447 1964 cilicio
2461 1914 2518 1962 et
2530 1906 2711 1962 cinere
2726 1905 2971 1969 induere,
2989 1903 3225 1957 animum
3250 1897 3572 1954 mteroribus
3597 1893 3792 1960 dejicere,

2270 1999 2524 2072 gaudium
2553 1998 2607 2052 in
2639 1997 2914 2054 tristitiam
2949 2004 3161 2050 vertere
3186 2002 3472 2063 quousque
3500 1984 3664 2040 veniat
3694 1992 3793 2036 tem-

2267 2109 2371 2166 pus
2410 2079 2831 2149 resurrectionis
2858 2089 3095 2153 Christi,
3132 2085 3353 2158 quando
3395 2087 3630 2151 oporteat
3645 2077 3734 2145 jam
3757 2074 3793 2128 in

2269 2185 2456 2241 ltetitia
2489 2200 2741 2245 manere.
2796 2191 2851 2236 et
2880 2197 3170 2238 maerorem
3218 2179 3272 2234 in
3325 2174 3572 2250 gaudium
3614 2179 3792 2226 mutare.

2270 2279 2386 2335 Hoc
2413 2279 2557 2334 enim
2590 2276 2847 2333 Ecclesia
2875 2273 3197 2330 universalis
3248 2267 3535 2328 consensio
3561 2265 3610 2320 in
3634 2258 3792 2320 cunctis

2273 2379 2540 2427 terrarum
2568 2369 2812 2439 partibus
2851 2365 3157 2429 roboravit,
3189 2361 3332 2432 quod
3362 2369 3418 2415 et
3447 2375 3477 2413 a
3505 2356 3646 2412 nobis
3665 2348 3793 2405 omni-

2270 2461 2374 2516 bus
2402 2467 2460 2513 ttt
2490 2465 2845 2514 conservetur
2885 2470 2984 2526 per
3011 2451 3302 2523 Hispanias
3324 2447 3686 2513 Gallteciasque
3703 2452 3790 2508 pre-

2271 2551 2480 2606 vincias
2507 2548 2796 2618 oportebit.
2820 2546 2878 2601 In
2907 2544 3244 2615 temporibus
3271 2555 3403 2595 vero
3429 2535 3652 2604 reliquis,
3675 2529 3715 2584 id
3735 2533 3792 2618 est

2271 2640 2496 2698 Calend.
2527 2617 2767 2695 Januarii
2789 2679 2804 2704 ,
2854 2652 2974 2707 quae
3023 2644 3244 2706 propter
3277 2643 3516 2687 errorem
3539 2617 3789 2697 gentilitatis

2273 2743 2525 2806 agttnttu',
2558 2732 2780 2786 omnino
2819 2729 3033 2785 alleluia
3081 2743 3189 2782 non
3218 2722 3604 2781 decantabitur,
3643 2716 3686 2769 in
3705 2710 3790 2781 qui-

2271 2827 2373 2883 bus
2397 2827 2561 2880 etiam
2589 2834 2784 2894 praeter
2809 2822 3010 2894 piscem
3033 2829 3087 2876 et
3109 2819 3250 2883 olus,
3273 2818 3417 2874 sicut
3443 2822 3495 2868 et
3518 2812 3565 2866 iu
3588 2807 3676 2864 illis
3693 2815 3790 2874 qua-

2273 2915 2520 2987 draginta
2551 2915 2742 2969 diebus
2789 2912 3005 2968 caeteris
3051 2911 3307 2965 carnibus
3359 2904 3657 2964 abstinetur,
3695 2904 3738 2949 et
3766 2905 3787 2945 a

2272 3009 2594 3081 quibusdam
2638 3008 2800 3062 etiam
2833 3021 2934 3061 nec
2965 3005 3150 3059 vinum
3179 3002 3407 3056 bibitur.
3460 2995 3515 3052 Si
3559 2991 3789 3081 quis

2253 3078 2589 3172 episcopus,
2623 3106 2718 3154 aut
2743 3097 3051 3170 presbyter,
3082 3103 3177 3150 aut
3204 3093 3492 3153 diaconus,
3522 3093 3606 3140 aut
3624 3078 3788 3172 quilibet

575 3197 668 3268 qui
699 3197 1035 3251 Dominicam
1067 3196 1369 3251 orationem
1399 3210 1560 3266 quam
1595 3169 1848 3250 Salvator
1865 3169 2086 3260 docuit,
2111 3169 2166 3248 et
2194 3179 2238 3241 C
2271 3169 2336 3252 ei:
2368 3169 2558 3250 ordine
2586 3192 2907 3248 clericorum
2941 3189 3105 3244 fuerit
3144 3193 3396 3257 repertus
3436 3179 3523 3251 qui
3565 3169 3786 3268 arbitrium

574 3288 831 3358 pra-cepit
861 3302 965 3342 non
991 3287 1262 3358 quotidie,
1288 3288 1382 3342 sed
1413 3296 1624 3343 tantum
1655 3287 1741 3343 die
1771 3286 2051 3341 Dominica
2076 3285 2161 3341 di-

574 3386 724 3434 cunt.
754 3379 820 3432 Et
847 3379 971 3448 quia
1001 3379 1119 3434 sine
1148 3378 1552 3434 intermissione
1578 3386 1639 3433 ut
1669 3393 1920 3443 oremus,
1950 3385 2165 3447 aposto-

575 3470 660 3526 lus
684 3469 896 3535 docuit,
931 3469 1167 3540 qualiter
1196 3479 1376 3524 autem
1400 3485 1622 3526 oremus
1642 3510 1657 3534 ,
1689 3467 1937 3524 Christus
1965 3482 2166 3538 praece-

574 3561 654 3631 pit
682 3561 898 3626 dicens,
922 3577 1045 3616 cum
1077 3570 1258 3616 autem
1279 3562 1480 3625 oratis,
1505 3559 1705 3616 dicite:
1743 3578 1761 3611 ι
1791 3561 1952 3614 Pater
1977 3566 2166 3613 noster

577 3654 668 3722 qui
695 3669 755 3708 es
781 3654 835 3708 iu
866 3653 1019 3709 cmlis
1045 3652 1266 3725 (Matth.
1304 3670 1387 3719 vr,
1415 3653 1527 3724 9).»
1559 3653 1842 3720 Quomodo
1865 3667 1995 3720 ergo
2026 3665 2164 3722 quo-

577 3746 706 3800 tidie
737 3761 842 3800 nou
871 3746 1092 3811 dicitur,
1127 3745 1269 3816 quod
1296 3745 1413 3799 sine
1445 3743 1847 3799 intermissione
1883 3741 1989 3797 dici
2011 3740 2168 3810 jube-

579 3839 699 3892 tur?
724 3836 857 3891 Nam
889 3837 943 3891 in
977 3845 1184 3890 tantum
1210 3836 1450 3905 quotidie
1477 3836 1591 3890 haec
1611 3835 1791 3890 oratio
1813 3833 2038 3888 dicenda
2061 3841 2164 3899 est,

575 3933 636 3979 ut
664 3927 827 3980 etiam
860 3927 974 3995 ipso
998 3925 1151 3980 titulo
1179 3934 1383 3979 utatur.
1417 3922 1550 3978 Nam
1578 3932 1804 3978 vocatur
1831 3922 2006 3976 oratio
2034 3936 2170 3991 quo-

579 4018 804 4082 tidiana,
839 4018 918 4074 sic
945 4033 1065 4072 eam
1090 4016 1265 4073 sancti
1295 4017 1488 4071 Patres
1514 4023 1996 4085 nuncupaverunt,
2025 4012 2166 4082 quod

577 4109 739 4165 etiam
771 4108 910 4178 apud
939 4107 1193 4164 doctores
1217 4148 1230 4172 ,
1261 4122 1490 4177 quorum
1524 4105 1750 4160 illustris
1778 4105 2023 4160 doctrina
2054 4113 2166 4170 est,

579 4201 872 4255 invenitur.
924 4201 1161 4255 Sanctus
1205 4215 1418 4271 quoque
1450 4199 1753 4270 Cyprianus
1780 4199 1911 4254 dicit
1941 4217 1954 4252 :
1982 4198 2172 4270 Itaque

583 4289 638 4344 itt
710 4290 958 4346 oratione
1031 4289 1344 4356 Dominica,
1409 4304 1604 4361 panem
1655 4299 1940 4355 nostrum,
1990 4289 2044 4343 id
2089 4296 2173 4343 est

579 4380 854 4436 Christum
903 4382 1019 4436 dari
1070 4383 1225 4438 nobis
1273 4383 1515 4453 quotidie
1562 4382 1830 4452 petimus,
1879 4388 1939 4433 ut
1972 4379 2064 4450 qui
2116 4379 2168 4433 in

585 4468 798 4526 Christo
827 4487 1113 4526 manemus
1156 4483 1212 4526 et
1255 4473 1527 4535 vivimus,
1579 4488 1610 4525 a
1659 4469 2088 4526 sanctiﬁcatione
2117 4477 2173 4523 et

580 4577 811 4630 corpore
839 4561 956 4630 ejus
977 4578 1083 4617 non
1114 4563 1450 4619 recedamus.
1486 4561 1717 4617 Sanctus
1741 4561 1975 4615 llilarius
2003 4559 2168 4614 dicit:

585 4671 604 4702 ι
653 4651 850 4707 Panem
914 4662 1160 4708 nostrum
1225 4653 1598 4723 quotidianum
1670 4652 1736 4707 da
1803 4651 1958 4706 nobis
2015 4648 2175 4704 hodie

587 4743 804 4813 (Matth.
843 4762 930 4812 vr,
964 4747 1075 4818 11).
1116 4766 1135 4798 ι
1181 4746 1320 4813 Quid
1349 4747 1494 4800 enim
1542 4755 1652 4800 tam
1685 4744 1796 4799 vult
1825 4745 1965 4799 Deus
2008 4759 2173 4814 quam

581 4843 642 4888 ut
671 4835 908 4903 quotidie
933 4835 1182 4892 Christus
1211 4837 1420 4891 habitet
1463 4852 1516 4890 tn
1563 4836 1719 4891 nobis
1738 4875 1751 4900 ,
1777 4835 1871 4905 qui
1912 4843 1996 4890 est
2019 4835 2174 4906 panis

588 4925 707 4980 vitae
736 4935 791 4980 et
821 4927 976 4996 panis
1001 4942 1032 4981 e
1065 4928 1226 4992 coelo,
1269 4935 1325 4982 et
1355 4927 1482 4998 quia
1513 4927 1830 4998 quotidiana
1859 4927 2037 4982 oratio
2064 4936 2170 4994 est,

585 5017 827 5084 quotidie
860 5032 1074 5086 quoque
1114 5027 1174 5072 ut
1208 5019 1366 5073 detur
1393 5017 1623 5073 oratur?
1658 5016 1888 5073 Sanetus
1915 5015 2173 5090 Augusti-

587 5121 689 5160 nus
720 5107 850 5162 dicit
878 5126 891 5161 :
924 5108 999 5162 De
1028 5109 1357 5179 quotidianis
1407 5116 1588 5163 autem
1644 5108 2004 5178 brevibusque
2049 5124 2168 5179 pec-

588 5198 726 5251 catis
771 5198 886 5252 sine
923 5199 1120 5268 quibus
1149 5201 1256 5254 vita
1300 5201 1416 5255 haec
1461 5215 1568 5254 non
1599 5199 1835 5267 ducitur,
1864 5201 2172 5270 quotidiana

592 5289 770 5342 oratio
815 5288 1053 5343 ﬁdelium
1097 5290 1380 5346 satisfacit.
1414 5291 1614 5346 Eorum
1652 5300 1738 5346 est
1765 5293 1910 5346 enim
1942 5291 2123 5348 dicere
2154 5310 2168 5347 :

592 5379 754 5434 Pater
783 5389 966 5435 noster
1004 5382 1093 5450 qui
1125 5399 1185 5438 es
1234 5383 1285 5436 iu
1331 5382 1514 5448 cmlis,
1555 5384 1680 5454 quia
1703 5383 1816 5452 jam
1845 5382 1995 5438 Patri
2040 5384 2175 5440 tales

592 5470 894 5541 regenerati
941 5483 1066 5524 sunt
1109 5488 1176 5527 ex
1226 5489 1364 5543 aqua
1414 5484 1468 5529 et
1517 5475 1718 5544 Spiritu
1767 5485 1976 5530 sancto.
2024 5475 2176 5531 Delet

591 5574 721 5632 ergo
749 5562 862 5616 haec
891 5563 1202 5632 quotidiana
1235 5565 1412 5619 oratio
1461 5566 1681 5620 minima
1712 5567 2022 5636 quotidiana
2055 5581 2178 5637 pec-

2269 3303 2426 3344 suum
2456 3287 2585 3341 huic
2621 3282 2994 3340 constitutioni
3041 3280 3274 3335 aestimet
3318 3265 3787 3347 przeferendum,or-

2268 3378 2411 3433 ditus
2439 3377 2622 3432 ofﬁcio
2643 3389 2831 3430 carere
2857 3380 3103 3444 cogatur,
3135 3379 3190 3425 et
3215 3362 3583 3423 communione
3602 3349 3784 3424 ejusdem

2268 3469 2486 3540 paschae
2512 3467 2777 3539 privetur.

2337 3557 2427 3613 XI.
2442 3558 2498 3612 In
2513 3530 2841 3629 quibusdam
2858 3568 3071 3628 quoque
3084 3549 3469 3621 Hispaniarum
3487 3530 3788 3629 ecclesiislall-

2267 3648 2363 3704 des
2406 3626 2859 3717 post—Apostolum
2878 3626 3242 3698 decantantur
3270 3637 3574 3708 priusquam
3602 3626 3785 3717 Evange-

2267 3738 2396 3793 lium
2411 3716 2768 3808 praedicetur,
2794 3736 2918 3790 dum
2940 3731 3256 3803 praecipiant
3274 3738 3399 3799 post
3418 3716 3695 3808 Apostolutn
3713 3720 3785 3808 ttoa

2268 3800 2454 3884 laudes
2483 3827 2578 3883 sed
2623 3800 2974 3896 Evangelium
3005 3800 3364 3882 annuntiare,
3401 3803 3705 3896 pra-sumpti?
3730 3800 3788 3850 εει

2268 3920 2410 3976 enim
2442 3927 2500 3973 ut
2527 3890 2928 3987 anteponantur
2948 3930 3012 3970 ea
3036 3929 3155 3984 qua:
3169 3911 3322 3980 sequi
3341 3909 3548 3962 debent.
3565 3890 3786 3989 Nambnlt-

2269 4013 2366 4068 des
2387 4012 2507 4067 ideo
2531 3983 2879 4080 Evangelium
2909 4014 3209 4078 sequuntur
3221 4012 3442 4074 propter
3466 3983 3785 4068 gloriamChri-

2270 4109 2362 4176 sti,
2385 4124 2505 4180 qum
2524 4107 2776 4178 peridem
2800 4103 3148 4174 Evangelium
3174 4098 3496 4170 praedicatur
3513 4086 3784 4180 circaouutes

2270 4177 2480 4272 gentes.
2511 4177 2554 4252 Ᾰ
2582 4195 2953 4253 sacerdotibus
2974 4193 3064 4248 hic
3089 4192 3223 4248 ordo
3247 4189 3501 4255 deinceps
3530 4177 3780 4272 retineaturj

2270 4263 2847 4348 excommunicationis
2896 4301 3116 4358 poenam
3168 4277 3530 4352 suscepturis,
3568 4267 3645 4340 qui
3683 4263 3783 4337 ltttnc

2271 4384 2516 4440 ordinem
2549 4380 3004 4452 perturbaverint.
3693 4444 3704 4455 .

2345 4475 2461 4530 ΧΠ.
2503 4444 2578 4529 De
2609 4474 2826 4546 hymnis
2873 4473 3037 4529 etiam
3071 4467 3334 4526 canendis
3378 4471 3432 4520 et
3477 4444 3783 4546 Salvatorisnet

2278 4531 2934 4638 apostolorum'habemus
2977 4559 3309 4629 exemplum.
3358 4553 3485 4610 Nam
3529 4553 3577 4638 et
3603 4531 3783 4638 ipse?

2277 4627 2455 4712 minus
2500 4657 2758 4727 hymnum
2810 4653 3010 4707 dixisse
3061 4627 3380 4720 perhibetur
3425 4635 3651 4697 Matthzeo
3687 4627 3782 4727 325‘

2275 4755 2454 4803 stante
2483 4766 2496 4802 :
2531 4707 2561 4797 «δ
2595 4745 2666 4801 Ει
2694 4746 2894 4816 hymno
2929 4707 3078 4798 dicto
3123 4739 3377 4795 exierunt
3399 4734 3447 4788 in
3472 4731 3685 4816 monui":

2275 4801 2391 4895 veti
2411 4801 2625 4911 (alatur.
2652 4801 2778 4891 atva
2799 4876 2814 4902 ,
2842 4834 2932 4906 50)
2955 4875 2969 4901 ,
3001 4841 3056 4887 et
3079 4830 3278 4886 Paulus
3299 4810 3637 4911 apostolusad

2273 4928 2384 4984 sios
2412 4897 2630 4997 scripsit
2657 4925 2842 4980 dicens
2873 4942 2885 4978 :
2914 4897 2944 4975 ’‹
2987 4918 3286 4992 Ιιηρίθῐηίῐιί
3337 4913 3518 4985 spirit“
3562 4897 3780 4997 '9“???

2276 5019 2332 5074 in
2377 4981 2632 5090 psalmis,
2686 5024 2741 5071 et
2790 4981 3149 5086 hymniser
3199 5006 3424 5066 CauliCiS
3483 4981 3776 5090 ερῖῗίξίηῷῗ

2277 5081 2494 5184 (Ephes.
2523 5125 2576 5175 v,
2608 5109 2716 5179 l9).
2755 5127 2774 5159 ι
2810 5081 2877 5161 lit
2899 5106 3022 5176 quia
3054 5119 3085 5159 a
3111 5100 3382 5158 nonnullis
3407 5087 3577 5166 hymni
3602 5081 3775 5184 hum—till"

2275 5170 2455 5260 studio
2483 5203 2538 5257 in
2565 5170 2791 5256 laudem
2824 5170 3112 5267 Dei-atque
3144 5191 3499 5265 apostolorum
3537 5187 3586 5235 et
3624 5170 3772 5267 martlyj

2277 5312 2395 5351 rum
2428 5294 2731 5364 triumphos
2760 5290 3042 5350 compositi
3088 5301 3210 5344 esse
3257 5287 3558 5342 noscuntur.
3591 5255 3771 5364 sicut}?

2276 5408 2412 5462 quos
2439 5359 2738 5448 beatissimi
2773 5389 3023 5444 doctores
3070 5383 3308 5440 Hilarius
3335 5388 3487 5448 atque
3525 5359 3769 5462 Anthr-otiis

2276 5445 2732 5554 ediderunt,quos
2757 5491 2936 5536 tamen
2965 5478 3184 5549 quidam
3211 5471 3504 5548 specialiter
3526 5445 3766 5554 γερτουθξξς

2276 5593 2374 5647 pro
2401 5592 2466 5632 eo
2495 5579 2637 5648 quod
2679 5576 2744 5631 de
2789 5572 3071 5644 scripturis
3111 5577 3414 5625 sanctorum
3453 5545 3752 5648 c""°"“'"__vf

594 5661 745 5716 cata,
779 5653 920 5708 delet
963 5653 1052 5708 illa
1100 5674 1127 5709 a
1178 5655 1374 5726 quibus
1420 5657 1527 5710 vita
1563 5657 1832 5724 ﬁdelium,
1861 5659 2025 5713 etiam
2055 5624 2180 5714 sce-
2278 5624 2573 5735 apostolica
2607 5624 3029 5719 traditionernon
3061 5659 3319 5715 existunt.
3346 5649 3594 5719 Respuant
3615 5624 3764 5735 θιέοξξ

594 5741 765 5800 lerate
805 5754 974 5817 gesta,
1000 5747 1314 5818 paenitendo
1358 5747 1412 5803 in
1459 5749 1650 5805 melius
1691 5750 1920 5808 discedit
1949 5759 2174 5807 mutata.

2282 5725 2429 5814 ilium
2483 5757 2742 5830 hymnum
2792 5755 2860 5812 ab
2889 5753 3200 5811 hominibus
3256 5743 3606 5819 compositum,
3645 5725 3758 5792 (ιιιυηπ
