  <div class='ocr_page' id='page_1' title='image "/cluster/home/n/w/nwhite01/storage/ocr_20150623/130/hvd.32044015471717/264.png"; bbox 0 0 3910 6440; ppageno 0'>
   <div class='ocr_carea' id='block_1_1' title="bbox 66 388 155 448">
    <p class='ocr_par' dir='ltr' id='par_1_1' title="bbox 66 388 155 448">
     <span class='ocr_line' id='line_1_1' title="bbox 66 388 155 448; baseline 0.022 -2"><span class='ocrx_word' id='word_1_1' title='bbox 66 388 155 448; x_wconf 73' lang='grc' dir='ltr'><strong>ιω</strong></span> 
     </span>
    </p>
   </div>
   <div class='ocr_carea' id='block_1_2' title="bbox 1240 394 3316 469">
    <p class='ocr_par' dir='ltr' id='par_1_2' title="bbox 1240 394 3316 469">
     <span class='ocr_line' id='line_1_2' title="bbox 1240 394 3316 469; baseline 0.008 -19"><span class='ocrx_word' id='word_1_2' title='bbox 1240 394 1730 453; x_wconf 76' lang='lat' dir='ltr'><strong>DECRETALIUM</strong></span> <span class='ocrx_word' id='word_1_3' title='bbox 1770 395 2171 461; x_wconf 81' lang='lat' dir='ltr'><strong>COLLEC&#39;IIO.</strong></span> <span class='ocrx_word' id='word_1_4' title='bbox 3208 411 3316 469; x_wconf 74' lang='grc'><strong>470</strong></span> 
     </span>
    </p>
   </div>
   <div class='ocr_carea' id='block_1_3' title="bbox 63 491 3316 595">
    <p class='ocr_par' dir='ltr' id='par_1_3' title="bbox 63 491 3316 595">
     <span class='ocr_line' id='line_1_3' title="bbox 63 491 3316 595; baseline 0.007 -36"><span class='ocrx_word' id='word_1_5' title='bbox 63 504 293 577; x_wconf 76' lang='lat' dir='ltr'><strong>quotidie</strong></span> <span class='ocrx_word' id='word_1_6' title='bbox 326 502 549 576; x_wconf 88' lang='lat' dir='ltr'><strong>publico</strong></span> <span class='ocrx_word' id='word_1_7' title='bbox 573 504 905 578; x_wconf 76' lang='lat' dir='ltr'><strong>privatoque</strong></span> <span class='ocrx_word' id='word_1_8' title='bbox 938 507 1120 595; x_wconf 89' lang='lat' dir='ltr'><strong>ofﬁcio</strong></span> <span class='ocrx_word' id='word_1_9' title='bbox 1153 508 1206 566; x_wconf 92' lang='lat' dir='ltr'><strong>in</strong></span> <span class='ocrx_word' id='word_1_10' title='bbox 1250 509 1357 566; x_wconf 79' lang='lat' dir='ltr'><strong>ﬁne</strong></span> <span class='ocrx_word' id='word_1_11' title='bbox 1386 511 1626 566; x_wconf 90' lang='lat' dir='ltr'><strong>omnium</strong></span> <span class='ocrx_word' id='word_1_12' title='bbox 1656 512 1712 574; x_wconf 75' lang='grc' dir='ltr'><strong>Δ</strong></span> <span class='ocrx_word' id='word_1_13' title='bbox 1739 512 1938 569; x_wconf 94' lang='lat' dir='ltr'><strong>tionem</strong></span> <span class='ocrx_word' id='word_1_14' title='bbox 1969 514 2025 572; x_wconf 93' lang='lat' dir='ltr'><strong>in</strong></span> <span class='ocrx_word' id='word_1_15' title='bbox 2041 491 2250 589; x_wconf 80' lang='lat' dir='ltr'><strong>popqu</strong></span> <span class='ocrx_word' id='word_1_16' title='bbox 2280 520 2434 589; x_wconf 84' lang='lat' dir='ltr'><strong>dant,</strong></span> <span class='ocrx_word' id='word_1_17' title='bbox 2462 524 2605 595; x_wconf 87' lang='lat' dir='ltr'><strong>quod</strong></span> <span class='ocrx_word' id='word_1_18' title='bbox 2633 522 2890 595; x_wconf 85' lang='lat' dir='ltr'><strong>deinceps</strong></span> <span class='ocrx_word' id='word_1_19' title='bbox 2912 522 3316 595; x_wconf 74' lang='lat' dir='ltr'><strong>interdicimus,</strong></span> 
     </span>
    </p>
   </div>
   <div class='ocr_carea' id='block_1_4' title="bbox 62 594 1631 670">
    <p class='ocr_par' dir='ltr' id='par_1_4' title="bbox 62 594 1631 670">
     <span class='ocr_line' id='line_1_4' title="bbox 62 594 1631 670; baseline 0.004 -20"><span class='ocrx_word' id='word_1_20' title='bbox 62 597 380 667; x_wconf 71' lang='lat' dir='ltr'><strong>psalmorum</strong></span> <span class='ocrx_word' id='word_1_21' title='bbox 410 597 642 655; x_wconf 83' lang='lat' dir='ltr'><strong>dicimus</strong></span> <span class='ocrx_word' id='word_1_22' title='bbox 674 616 688 653; x_wconf 91' lang='lat'><strong>:</strong></span> <span class='ocrx_word' id='word_1_23' title='bbox 718 598 900 656; x_wconf 80' lang='lat' dir='ltr'><strong>Gloria</strong></span> <span class='ocrx_word' id='word_1_24' title='bbox 927 594 1174 657; x_wconf 66' lang='lat' dir='ltr'><strong>et‘honor</strong></span> <span class='ocrx_word' id='word_1_25' title='bbox 1200 601 1347 657; x_wconf 91' lang='lat' dir='ltr'><strong>Patri</strong></span> <span class='ocrx_word' id='word_1_26' title='bbox 1383 610 1439 658; x_wconf 90' lang='lat' dir='ltr'><strong>et</strong></span> <span class='ocrx_word' id='word_1_27' title='bbox 1463 602 1631 670; x_wconf 86' lang='lat' dir='ltr'><strong>Filio,</strong></span> 
     </span>
    </p>
   </div>
   <div class='ocr_carea' id='block_1_5' title="bbox 64 686 1630 757">
    <p class='ocr_par' dir='ltr' id='par_1_5' title="bbox 64 686 1630 757">
     <span class='ocr_line' id='line_1_5' title="bbox 64 686 1630 757; baseline 0.005 -17"><span class='ocrx_word' id='word_1_28' title='bbox 64 698 112 741; x_wconf 87' lang='lat' dir='ltr'><strong>et</strong></span> <span class='ocrx_word' id='word_1_29' title='bbox 139 686 367 757; x_wconf 87' lang='lat' dir='ltr'><strong>Spiritui</strong></span> <span class='ocrx_word' id='word_1_30' title='bbox 422 698 644 755; x_wconf 88' lang='lat' dir='ltr'><strong>sancto,</strong></span> <span class='ocrx_word' id='word_1_31' title='bbox 698 691 753 745; x_wconf 90' lang='lat' dir='ltr'><strong>in</strong></span> <span class='ocrx_word' id='word_1_32' title='bbox 806 691 1003 748; x_wconf 65' lang='lat' dir='ltr'><strong>smcula</strong></span> <span class='ocrx_word' id='word_1_33' title='bbox 1047 692 1389 749; x_wconf 65' lang='lat' dir='ltr'><strong>saeculorum.</strong></span> <span class='ocrx_word' id='word_1_34' title='bbox 1436 694 1630 749; x_wconf 83' lang='lat' dir='ltr'><strong>Amen.</strong></span> 
     </span>
    </p>
   </div>
   <div class='ocr_carea' id='block_1_6' title="bbox 33 776 1637 852">
    <p class='ocr_par' dir='ltr' id='par_1_6' title="bbox 33 776 1637 852">
     <span class='ocr_line' id='line_1_6' title="bbox 33 776 1637 852; baseline 0.007 -23"><span class='ocrx_word' id='word_1_35' title='bbox 33 778 37 782; x_wconf 89' lang='grc'><em>’</em></span> <span class='ocrx_word' id='word_1_36' title='bbox 62 776 183 830; x_wconf 85' lang='lat' dir='ltr'><strong>Nam</strong></span> <span class='ocrx_word' id='word_1_37' title='bbox 209 786 266 832; x_wconf 91' lang='lat' dir='ltr'><strong>et</strong></span> <span class='ocrx_word' id='word_1_38' title='bbox 301 777 397 834; x_wconf 90' lang='lat' dir='ltr'><strong>ille</strong></span> <span class='ocrx_word' id='word_1_39' title='bbox 426 781 659 852; x_wconf 83' lang='lat' dir='ltr'><strong>hymnus</strong></span> <span class='ocrx_word' id='word_1_40' title='bbox 687 796 848 852; x_wconf 87' lang='lat' dir='ltr'><strong>quem</strong></span> <span class='ocrx_word' id='word_1_41' title='bbox 878 792 1007 839; x_wconf 88' lang='lat' dir='ltr'><strong>nato</strong></span> <span class='ocrx_word' id='word_1_42' title='bbox 1033 784 1085 838; x_wconf 92' lang='lat' dir='ltr'><strong>in</strong></span> <span class='ocrx_word' id='word_1_43' title='bbox 1108 799 1273 840; x_wconf 90' lang='lat' dir='ltr'><strong>carne</strong></span> <span class='ocrx_word' id='word_1_44' title='bbox 1292 784 1510 841; x_wconf 84' lang='lat' dir='ltr'><strong>Christo</strong></span> <span class='ocrx_word' id='word_1_45' title='bbox 1544 799 1637 840; x_wconf 87' lang='lat' dir='ltr'><strong>an-</strong></span> 
     </span>
    </p>
   </div>
   <div class='ocr_carea' id='block_1_7' title="bbox 60 869 1633 941">
    <p class='ocr_par' dir='ltr' id='par_1_7' title="bbox 60 869 1633 941">
     <span class='ocr_line' id='line_1_7' title="bbox 60 869 1633 941; baseline 0.003 -17"><span class='ocrx_word' id='word_1_46' title='bbox 60 869 152 941; x_wconf 77' lang='lat' dir='ltr'><strong>geli</strong></span> <span class='ocrx_word' id='word_1_47' title='bbox 193 870 568 927; x_wconf 88' lang='lat' dir='ltr'><strong>cecinerunt:</strong></span> <span class='ocrx_word' id='word_1_48' title='bbox 602 890 621 924; x_wconf 75' lang='grc' dir='ltr'>ι</span> <span class='ocrx_word' id='word_1_49' title='bbox 652 872 839 930; x_wconf 83' lang='lat' dir='ltr'><strong>Gloria</strong></span> <span class='ocrx_word' id='word_1_50' title='bbox 895 875 949 929; x_wconf 93' lang='lat' dir='ltr'><strong>in</strong></span> <span class='ocrx_word' id='word_1_51' title='bbox 996 875 1231 931; x_wconf 82' lang='lat' dir='ltr'><strong>excelsis</strong></span> <span class='ocrx_word' id='word_1_52' title='bbox 1274 876 1420 941; x_wconf 89' lang='lat' dir='ltr'><strong>Deo,</strong></span> <span class='ocrx_word' id='word_1_53' title='bbox 1472 883 1530 931; x_wconf 92' lang='lat' dir='ltr'><strong>et</strong></span> <span class='ocrx_word' id='word_1_54' title='bbox 1578 875 1633 930; x_wconf 92' lang='lat' dir='ltr'><strong>in</strong></span> 
     </span>
    </p>
   </div>
   <div class='ocr_carea' id='block_1_8' title="bbox 62 962 1629 1037">
    <p class='ocr_par' dir='ltr' id='par_1_8' title="bbox 62 962 1629 1037">
     <span class='ocr_line' id='line_1_8' title="bbox 62 962 1629 1037; baseline 0.003 -24"><span class='ocrx_word' id='word_1_55' title='bbox 62 970 192 1015; x_wconf 83' lang='lat' dir='ltr'><strong>terra</strong></span> <span class='ocrx_word' id='word_1_56' title='bbox 221 976 329 1031; x_wconf 79' lang='lat' dir='ltr'><strong>pax</strong></span> <span class='ocrx_word' id='word_1_57' title='bbox 361 962 675 1019; x_wconf 87' lang='lat' dir='ltr'><strong>hominibus</strong></span> <span class='ocrx_word' id='word_1_58' title='bbox 695 964 851 1019; x_wconf 70' lang='lat' dir='ltr'><strong>bonae</strong></span> <span class='ocrx_word' id='word_1_59' title='bbox 875 965 1171 1022; x_wconf 83' lang='lat' dir='ltr'><strong>voluntatis</strong></span> <span class='ocrx_word' id='word_1_60' title='bbox 1215 965 1368 1037; x_wconf 80' lang='lat' dir='ltr'><strong>(Luc.</strong></span> <span class='ocrx_word' id='word_1_61' title='bbox 1391 964 1578 1037; x_wconf 62' lang='lat' dir='ltr'><strong>in“).</strong></span> <span class='ocrx_word' id='word_1_62' title='bbox 1609 984 1629 1017; x_wconf 70' lang='grc' dir='ltr'><strong><em>ι</em></strong></span> 
     </span>
    </p>
   </div>
   <div class='ocr_carea' id='block_1_9' title="bbox 58 1051 1636 1126">
    <p class='ocr_par' dir='ltr' id='par_1_9' title="bbox 58 1051 1636 1126">
     <span class='ocr_line' id='line_1_9' title="bbox 58 1051 1636 1126; baseline 0.004 -20"><span class='ocrx_word' id='word_1_63' title='bbox 58 1051 269 1122; x_wconf 81' lang='lat' dir='ltr'><strong>Reliqua</strong></span> <span class='ocrx_word' id='word_1_64' title='bbox 322 1068 452 1123; x_wconf 64' lang='lat' dir='ltr'><strong>quae</strong></span> <span class='ocrx_word' id='word_1_65' title='bbox 500 1053 575 1109; x_wconf 88' lang='lat' dir='ltr'><strong>ibi</strong></span> <span class='ocrx_word' id='word_1_66' title='bbox 621 1064 924 1126; x_wconf 88' lang='lat' dir='ltr'><strong>sequuntur</strong></span> <span class='ocrx_word' id='word_1_67' title='bbox 972 1055 1327 1113; x_wconf 86' lang='lat' dir='ltr'><strong>ecclesiastici</strong></span> <span class='ocrx_word' id='word_1_68' title='bbox 1386 1056 1636 1113; x_wconf 90' lang='lat' dir='ltr'><strong>doctores</strong></span> 
     </span>
    </p>
   </div>
   <div class='ocr_carea' id='block_1_10' title="bbox 59 1145 1634 1218">
    <p class='ocr_par' dir='ltr' id='par_1_10' title="bbox 59 1145 1634 1218">
     <span class='ocr_line' id='line_1_10' title="bbox 59 1145 1634 1218; baseline 0.001 -18"><span class='ocrx_word' id='word_1_69' title='bbox 59 1154 493 1215; x_wconf 88' lang='lat' dir='ltr'><strong>composuerunt.</strong></span> <span class='ocrx_word' id='word_1_70' title='bbox 546 1145 688 1215; x_wconf 77' lang='lat' dir='ltr'><strong>Ergo</strong></span> <span class='ocrx_word' id='word_1_71' title='bbox 734 1161 836 1203; x_wconf 91' lang='lat' dir='ltr'><strong>nec</strong></span> <span class='ocrx_word' id='word_1_72' title='bbox 884 1147 984 1218; x_wconf 85' lang='lat' dir='ltr'><strong>ipsi</strong></span> <span class='ocrx_word' id='word_1_73' title='bbox 1031 1148 1087 1203; x_wconf 91' lang='lat' dir='ltr'><strong>in</strong></span> <span class='ocrx_word' id='word_1_74' title='bbox 1133 1147 1379 1204; x_wconf 90' lang='lat' dir='ltr'><strong>ecclesiis</strong></span> <span class='ocrx_word' id='word_1_75' title='bbox 1407 1146 1634 1203; x_wconf 86' lang='lat' dir='ltr'><strong>canendi</strong></span> 
     </span>
    </p>
   </div>
   <div class='ocr_carea' id='block_1_11' title="bbox 59 1236 1633 1311">
    <p class='ocr_par' dir='ltr' id='par_1_11' title="bbox 59 1236 1633 1311">
     <span class='ocr_line' id='line_1_11' title="bbox 59 1236 1633 1311; baseline 0.002 -20"><span class='ocrx_word' id='word_1_76' title='bbox 59 1244 199 1298; x_wconf 88' lang='lat' dir='ltr'><strong>sunt,</strong></span> <span class='ocrx_word' id='word_1_77' title='bbox 228 1237 361 1305; x_wconf 89' lang='lat' dir='ltr'><strong>quia</strong></span> <span class='ocrx_word' id='word_1_78' title='bbox 418 1236 475 1292; x_wconf 90' lang='lat' dir='ltr'><strong>in</strong></span> <span class='ocrx_word' id='word_1_79' title='bbox 520 1247 830 1293; x_wconf 88' lang='lat' dir='ltr'><strong>sanctarum</strong></span> <span class='ocrx_word' id='word_1_80' title='bbox 875 1239 1280 1311; x_wconf 88' lang='lat' dir='ltr'><strong>Scripturarum</strong></span> <span class='ocrx_word' id='word_1_81' title='bbox 1327 1239 1481 1296; x_wconf 85' lang='lat' dir='ltr'><strong>libris</strong></span> <span class='ocrx_word' id='word_1_82' title='bbox 1525 1255 1633 1296; x_wconf 92' lang='lat' dir='ltr'><strong>non</strong></span> 
     </span>
    </p>
   </div>
   <div class='ocr_carea' id='block_1_12' title="bbox 60 1328 1635 1403">
    <p class='ocr_par' dir='ltr' id='par_1_12' title="bbox 60 1328 1635 1403">
     <span class='ocr_line' id='line_1_12' title="bbox 60 1328 1635 1403; baseline 0.003 -21"><span class='ocrx_word' id='word_1_83' title='bbox 60 1328 420 1385; x_wconf 86' lang='lat' dir='ltr'><strong>inveniuntur.</strong></span> <span class='ocrx_word' id='word_1_84' title='bbox 450 1330 867 1402; x_wconf 86' lang='lat' dir='ltr'><strong>Componuntur</strong></span> <span class='ocrx_word' id='word_1_85' title='bbox 909 1332 1091 1388; x_wconf 69' lang='lat' dir='ltr'><strong>missae</strong></span> <span class='ocrx_word' id='word_1_86' title='bbox 1135 1332 1249 1388; x_wconf 87' lang='lat' dir='ltr'><strong>sive</strong></span> <span class='ocrx_word' id='word_1_87' title='bbox 1297 1334 1519 1403; x_wconf 85' lang='lat' dir='ltr'><strong>preces,</strong></span> <span class='ocrx_word' id='word_1_88' title='bbox 1549 1331 1635 1387; x_wconf 91' lang='lat' dir='ltr'><strong>vel</strong></span> 
     </span>
    </p>
   </div>
   <div class='ocr_carea' id='block_1_13' title="bbox 58 1424 1638 1499">
    <p class='ocr_par' dir='ltr' id='par_1_13' title="bbox 58 1424 1638 1499">
     <span class='ocr_line' id='line_1_13' title="bbox 58 1424 1638 1499; baseline 0.003 -22"><span class='ocrx_word' id='word_1_89' title='bbox 58 1424 354 1489; x_wconf 86' lang='lat' dir='ltr'><strong>orationes,</strong></span> <span class='ocrx_word' id='word_1_90' title='bbox 390 1425 508 1481; x_wconf 89' lang='lat' dir='ltr'><strong>sive</strong></span> <span class='ocrx_word' id='word_1_91' title='bbox 555 1426 1054 1482; x_wconf 82' lang='lat' dir='ltr'><strong>commendationes</strong></span> <span class='ocrx_word' id='word_1_92' title='bbox 1098 1441 1195 1483; x_wconf 91' lang='lat' dir='ltr'><strong>seu</strong></span> <span class='ocrx_word' id='word_1_93' title='bbox 1230 1440 1425 1483; x_wconf 91' lang='lat' dir='ltr'><strong>manus</strong></span> <span class='ocrx_word' id='word_1_94' title='bbox 1469 1426 1638 1499; x_wconf 86' lang='lat' dir='ltr'><strong>impo-</strong></span> 
     </span>
    </p>
   </div>
   <div class='ocr_carea' id='block_1_14' title="bbox 58 1513 1633 1588">
    <p class='ocr_par' dir='ltr' id='par_1_14' title="bbox 58 1513 1633 1588">
     <span class='ocr_line' id='line_1_14' title="bbox 58 1513 1633 1588; baseline 0.005 -22"><span class='ocrx_word' id='word_1_95' title='bbox 58 1513 299 1582; x_wconf 87' lang='lat' dir='ltr'><strong>sitiones,</strong></span> <span class='ocrx_word' id='word_1_96' title='bbox 331 1529 404 1571; x_wconf 82' lang='lat' dir='ltr'><strong>ex</strong></span> <span class='ocrx_word' id='word_1_97' title='bbox 433 1515 633 1588; x_wconf 87' lang='lat' dir='ltr'><strong>quibus</strong></span> <span class='ocrx_word' id='word_1_98' title='bbox 669 1515 716 1572; x_wconf 89' lang='lat' dir='ltr'><strong>si</strong></span> <span class='ocrx_word' id='word_1_99' title='bbox 761 1515 906 1572; x_wconf 91' lang='lat' dir='ltr'><strong>nulla</strong></span> <span class='ocrx_word' id='word_1_100' title='bbox 938 1518 1257 1574; x_wconf 89' lang='lat' dir='ltr'><strong>decantetur</strong></span> <span class='ocrx_word' id='word_1_101' title='bbox 1286 1517 1339 1572; x_wconf 93' lang='lat' dir='ltr'><strong>in</strong></span> <span class='ocrx_word' id='word_1_102' title='bbox 1368 1516 1633 1585; x_wconf 86' lang='lat' dir='ltr'><strong>ecclesia,</strong></span> 
     </span>
    </p>
   </div>
   <div class='ocr_carea' id='block_1_15' title="bbox 58 1606 1635 1669">
    <p class='ocr_par' dir='ltr' id='par_1_15' title="bbox 58 1606 1635 1669">
     <span class='ocr_line' id='line_1_15' title="bbox 58 1606 1635 1669; baseline 0.006 -12"><span class='ocrx_word' id='word_1_103' title='bbox 58 1615 233 1661; x_wconf 81' lang='lat' dir='ltr'><strong>vacant</strong></span> <span class='ocrx_word' id='word_1_104' title='bbox 258 1606 451 1663; x_wconf 85' lang='lat' dir='ltr'><strong>ofﬁcia</strong></span> <span class='ocrx_word' id='word_1_105' title='bbox 471 1609 653 1664; x_wconf 89' lang='lat' dir='ltr'><strong>omnia</strong></span> <span class='ocrx_word' id='word_1_106' title='bbox 673 1609 1064 1666; x_wconf 89' lang='lat' dir='ltr'><strong>ecclesiastica.</strong></span> <span class='ocrx_word' id='word_1_107' title='bbox 1086 1608 1357 1667; x_wconf 87' lang='lat' dir='ltr'><strong>Admonet</strong></span> <span class='ocrx_word' id='word_1_108' title='bbox 1382 1612 1498 1669; x_wconf 70' lang='lat' dir='ltr'><strong>haec</strong></span> <span class='ocrx_word' id='word_1_109' title='bbox 1518 1611 1635 1667; x_wconf 86' lang='lat' dir='ltr'><strong>ﬁeri</strong></span> 
     </span>
    </p>
   </div>
   <div class='ocr_carea' id='block_1_16' title="bbox 61 1700 1639 1774">
    <p class='ocr_par' dir='ltr' id='par_1_16' title="bbox 61 1700 1639 1774">
     <span class='ocr_line' id='line_1_16' title="bbox 61 1700 1639 1774; baseline 0.005 -22"><span class='ocrx_word' id='word_1_110' title='bbox 61 1708 203 1769; x_wconf 87' lang='lat' dir='ltr'><strong>atque</strong></span> <span class='ocrx_word' id='word_1_111' title='bbox 224 1701 489 1756; x_wconf 83' lang='lat' dir='ltr'><strong>hortatur</strong></span> <span class='ocrx_word' id='word_1_112' title='bbox 518 1700 865 1758; x_wconf 88' lang='lat' dir='ltr'><strong>Timotheum</strong></span> <span class='ocrx_word' id='word_1_113' title='bbox 892 1702 1181 1774; x_wconf 81' lang='lat' dir='ltr'><strong>Apostolus</strong></span> <span class='ocrx_word' id='word_1_114' title='bbox 1204 1702 1391 1760; x_wconf 89' lang='lat' dir='ltr'><strong>dicens</strong></span> <span class='ocrx_word' id='word_1_115' title='bbox 1423 1719 1439 1758; x_wconf 85' lang='lat'><strong>:</strong></span> <span class='ocrx_word' id='word_1_116' title='bbox 1481 1722 1501 1756; x_wconf 70' lang='grc' dir='ltr'>ι</span> <span class='ocrx_word' id='word_1_117' title='bbox 1528 1702 1639 1760; x_wconf 86' lang='lat' dir='ltr'><strong>0b-</strong></span> 
     </span>
    </p>
   </div>
   <div class='ocr_carea' id='block_1_17' title="bbox 62 1791 1640 1862">
    <p class='ocr_par' dir='ltr' id='par_1_17' title="bbox 62 1791 1640 1862">
     <span class='ocr_line' id='line_1_17' title="bbox 62 1791 1640 1862; baseline 0.003 -19"><span class='ocrx_word' id='word_1_118' title='bbox 62 1802 196 1845; x_wconf 90' lang='lat' dir='ltr'><strong>secro</strong></span> <span class='ocrx_word' id='word_1_119' title='bbox 220 1805 355 1862; x_wconf 79' lang='lat' dir='ltr'><strong>ergo</strong></span> <span class='ocrx_word' id='word_1_120' title='bbox 388 1793 569 1862; x_wconf 89' lang='lat' dir='ltr'><strong>primo</strong></span> <span class='ocrx_word' id='word_1_121' title='bbox 612 1793 856 1849; x_wconf 89' lang='lat' dir='ltr'><strong>omnium</strong></span> <span class='ocrx_word' id='word_1_122' title='bbox 908 1791 1025 1849; x_wconf 90' lang='lat' dir='ltr'><strong>ﬁeri</strong></span> <span class='ocrx_word' id='word_1_123' title='bbox 1053 1792 1482 1856; x_wconf 87' lang='lat' dir='ltr'><strong>obsecrationes,</strong></span> <span class='ocrx_word' id='word_1_124' title='bbox 1513 1808 1640 1849; x_wconf 88' lang='lat' dir='ltr'><strong>ora-</strong></span> 
     </span>
    </p>
   </div>
   <div class='ocr_carea' id='block_1_18' title="bbox 63 1865 1713 1954">
    <p class='ocr_par' dir='ltr' id='par_1_18' title="bbox 63 1865 1713 1954">
     <span class='ocr_line' id='line_1_18' title="bbox 63 1865 1713 1954; baseline 0.004 -24"><span class='ocrx_word' id='word_1_125' title='bbox 63 1879 245 1945; x_wconf 87' lang='lat' dir='ltr'><strong>tiones,</strong></span> <span class='ocrx_word' id='word_1_126' title='bbox 294 1878 726 1953; x_wconf 84' lang='lat' dir='ltr'><strong>postulationes,</strong></span> <span class='ocrx_word' id='word_1_127' title='bbox 778 1883 1078 1953; x_wconf 73' lang='lat' dir='ltr'><strong>gratiarum</strong></span> <span class='ocrx_word' id='word_1_128' title='bbox 1124 1882 1367 1938; x_wconf 88' lang='lat' dir='ltr'><strong>actiones</strong></span> <span class='ocrx_word' id='word_1_129' title='bbox 1395 1897 1495 1954; x_wconf 91' lang='lat' dir='ltr'><strong>pro</strong></span> <span class='ocrx_word' id='word_1_130' title='bbox 1517 1897 1637 1940; x_wconf 89' lang='lat' dir='ltr'><strong>om-</strong></span> <span class='ocrx_word' id='word_1_131' title='bbox 1661 1865 1713 1928; x_wconf 79' lang='grc' dir='ltr'><strong>Β</strong></span> 
     </span>
    </p>
   </div>
   <div class='ocr_carea' id='block_1_19' title="bbox 63 1973 1635 2048">
    <p class='ocr_par' dir='ltr' id='par_1_19' title="bbox 63 1973 1635 2048">
     <span class='ocr_line' id='line_1_19' title="bbox 63 1973 1635 2048; baseline 0.005 -23"><span class='ocrx_word' id='word_1_132' title='bbox 63 1973 200 2029; x_wconf 91' lang='lat' dir='ltr'><strong>nibus</strong></span> <span class='ocrx_word' id='word_1_133' title='bbox 228 1974 557 2031; x_wconf 86' lang='lat' dir='ltr'><strong>hominibus</strong></span> <span class='ocrx_word' id='word_1_134' title='bbox 575 2016 590 2043; x_wconf 92' lang='lat'><strong>,</strong></span> <span class='ocrx_word' id='word_1_135' title='bbox 622 1992 721 2047; x_wconf 89' lang='lat' dir='ltr'><strong>pro</strong></span> <span class='ocrx_word' id='word_1_136' title='bbox 750 1976 969 2048; x_wconf 81' lang='lat' dir='ltr'><strong>regibus</strong></span> <span class='ocrx_word' id='word_1_137' title='bbox 990 1986 1045 2032; x_wconf 88' lang='lat' dir='ltr'><strong>et</strong></span> <span class='ocrx_word' id='word_1_138' title='bbox 1067 1990 1165 2047; x_wconf 90' lang='lat' dir='ltr'><strong>pro</strong></span> <span class='ocrx_word' id='word_1_139' title='bbox 1189 1977 1442 2033; x_wconf 91' lang='lat' dir='ltr'><strong>omnibus</strong></span> <span class='ocrx_word' id='word_1_140' title='bbox 1466 1978 1557 2048; x_wconf 87' lang='lat' dir='ltr'><strong>qui</strong></span> <span class='ocrx_word' id='word_1_141' title='bbox 1581 1978 1635 2033; x_wconf 93' lang='lat' dir='ltr'><strong>in</strong></span> 
     </span>
    </p>
   </div>
   <div class='ocr_carea' id='block_1_20' title="bbox 64 2066 1641 2140">
    <p class='ocr_par' dir='ltr' id='par_1_20' title="bbox 64 2066 1641 2140">
     <span class='ocr_line' id='line_1_20' title="bbox 64 2066 1641 2140; baseline 0.004 -22"><span class='ocrx_word' id='word_1_142' title='bbox 64 2066 476 2123; x_wconf 88' lang='lat' dir='ltr'><strong>sublimitatibus</strong></span> <span class='ocrx_word' id='word_1_143' title='bbox 506 2077 634 2124; x_wconf 89' lang='lat' dir='ltr'><strong>sunt</strong></span> <span class='ocrx_word' id='word_1_144' title='bbox 660 2067 709 2140; x_wconf 90' lang='grc' dir='ltr'><strong>(ι</strong></span> <span class='ocrx_word' id='word_1_145' title='bbox 742 2066 881 2122; x_wconf 85' lang='lat' dir='ltr'><strong>Tim.</strong></span> <span class='ocrx_word' id='word_1_146' title='bbox 912 2066 1085 2137; x_wconf 68' lang='lat'><strong>11,1).</strong></span> <span class='ocrx_word' id='word_1_147' title='bbox 1128 2088 1148 2120; x_wconf 74' lang='grc' dir='ltr'><strong><em>ι</em></strong></span> <span class='ocrx_word' id='word_1_148' title='bbox 1184 2068 1337 2124; x_wconf 88' lang='lat' dir='ltr'><strong>Sicut</strong></span> <span class='ocrx_word' id='word_1_149' title='bbox 1365 2083 1497 2140; x_wconf 80' lang='lat' dir='ltr'><strong>ergo</strong></span> <span class='ocrx_word' id='word_1_150' title='bbox 1522 2084 1641 2125; x_wconf 91' lang='lat' dir='ltr'><strong>ora-</strong></span> 
     </span>
    </p>
   </div>
   <div class='ocr_carea' id='block_1_21' title="bbox 66 2159 1640 2233">
    <p class='ocr_par' dir='ltr' id='par_1_21' title="bbox 66 2159 1640 2233">
     <span class='ocr_line' id='line_1_21' title="bbox 66 2159 1640 2233; baseline 0.003 -21"><span class='ocrx_word' id='word_1_151' title='bbox 66 2160 235 2225; x_wconf 83' lang='lat' dir='ltr'><strong>tiones,</strong></span> <span class='ocrx_word' id='word_1_152' title='bbox 264 2160 346 2216; x_wconf 89' lang='lat' dir='ltr'><strong>ita</strong></span> <span class='ocrx_word' id='word_1_153' title='bbox 373 2171 432 2216; x_wconf 91' lang='lat' dir='ltr'><strong>et</strong></span> <span class='ocrx_word' id='word_1_154' title='bbox 462 2164 692 2233; x_wconf 83' lang='lat' dir='ltr'><strong>hymnos</strong></span> <span class='ocrx_word' id='word_1_155' title='bbox 716 2161 769 2215; x_wconf 91' lang='lat' dir='ltr'><strong>in</strong></span> <span class='ocrx_word' id='word_1_156' title='bbox 800 2159 957 2216; x_wconf 80' lang='lat' dir='ltr'><strong>laude</strong></span> <span class='ocrx_word' id='word_1_157' title='bbox 988 2160 1077 2216; x_wconf 86' lang='lat' dir='ltr'><strong>Dei</strong></span> <span class='ocrx_word' id='word_1_158' title='bbox 1100 2160 1430 2231; x_wconf 86' lang='lat' dir='ltr'><strong>compositos</strong></span> <span class='ocrx_word' id='word_1_159' title='bbox 1459 2160 1640 2217; x_wconf 88' lang='lat' dir='ltr'><strong>nullus</strong></span> 
     </span>
    </p>
   </div>
   <div class='ocr_carea' id='block_1_22' title="bbox 67 2249 1639 2322">
    <p class='ocr_par' dir='ltr' id='par_1_22' title="bbox 67 2249 1639 2322">
     <span class='ocr_line' id='line_1_22' title="bbox 67 2249 1639 2322; baseline 0.003 -19"><span class='ocrx_word' id='word_1_160' title='bbox 67 2259 285 2307; x_wconf 84' lang='lat' dir='ltr'><strong>nostrum</strong></span> <span class='ocrx_word' id='word_1_161' title='bbox 319 2252 559 2308; x_wconf 87' lang='lat' dir='ltr'><strong>ulterius</strong></span> <span class='ocrx_word' id='word_1_162' title='bbox 590 2252 891 2321; x_wconf 87' lang='lat' dir='ltr'><strong>improbet,</strong></span> <span class='ocrx_word' id='word_1_163' title='bbox 943 2252 1036 2306; x_wconf 90' lang='lat' dir='ltr'><strong>sed</strong></span> <span class='ocrx_word' id='word_1_164' title='bbox 1073 2251 1189 2322; x_wconf 89' lang='lat' dir='ltr'><strong>pari</strong></span> <span class='ocrx_word' id='word_1_165' title='bbox 1224 2252 1383 2306; x_wconf 89' lang='lat' dir='ltr'><strong>modo</strong></span> <span class='ocrx_word' id='word_1_166' title='bbox 1427 2250 1483 2305; x_wconf 89' lang='lat' dir='ltr'><strong>in</strong></span> <span class='ocrx_word' id='word_1_167' title='bbox 1512 2249 1639 2308; x_wconf 87' lang='lat' dir='ltr'><strong>Gal-</strong></span> 
     </span>
    </p>
   </div>
   <div class='ocr_carea' id='block_1_23' title="bbox 67 2343 1637 2418">
    <p class='ocr_par' dir='ltr' id='par_1_23' title="bbox 67 2343 1637 2418">
     <span class='ocr_line' id='line_1_23' title="bbox 67 2343 1637 2418; baseline 0.004 -23"><span class='ocrx_word' id='word_1_168' title='bbox 67 2343 194 2398; x_wconf 74' lang='lat' dir='ltr'><strong>keeia</strong></span> <span class='ocrx_word' id='word_1_169' title='bbox 221 2344 603 2417; x_wconf 81' lang='lat' dir='ltr'><strong>Hispaniaque</strong></span> <span class='ocrx_word' id='word_1_170' title='bbox 631 2344 899 2411; x_wconf 86' lang='lat' dir='ltr'><strong>celebret;</strong></span> <span class='ocrx_word' id='word_1_171' title='bbox 933 2344 1495 2400; x_wconf 79' lang='lat' dir='ltr'><strong>excommunicatione</strong></span> <span class='ocrx_word' id='word_1_172' title='bbox 1520 2343 1637 2418; x_wconf 83' lang='lat' dir='ltr'><strong>ple-</strong></span> 
     </span>
    </p>
   </div>
   <div class='ocr_carea' id='block_1_24' title="bbox 70 2435 1267 2509">
    <p class='ocr_par' dir='ltr' id='par_1_24' title="bbox 70 2435 1267 2509">
     <span class='ocr_line' id='line_1_24' title="bbox 70 2435 1267 2509; baseline -0.001 -20"><span class='ocrx_word' id='word_1_173' title='bbox 70 2436 221 2491; x_wconf 87' lang='lat' dir='ltr'><strong>cteudi</strong></span> <span class='ocrx_word' id='word_1_174' title='bbox 251 2438 352 2509; x_wconf 86' lang='lat' dir='ltr'><strong>qui</strong></span> <span class='ocrx_word' id='word_1_175' title='bbox 380 2439 610 2509; x_wconf 84' lang='lat' dir='ltr'><strong>hymnos</strong></span> <span class='ocrx_word' id='word_1_176' title='bbox 639 2435 866 2506; x_wconf 88' lang='lat' dir='ltr'><strong>rejicere</strong></span> <span class='ocrx_word' id='word_1_177' title='bbox 894 2435 1095 2491; x_wconf 84' lang='lat' dir='ltr'><strong>fuerint</strong></span> <span class='ocrx_word' id='word_1_178' title='bbox 1124 2436 1267 2491; x_wconf 90' lang='lat' dir='ltr'><strong>ausi.</strong></span> 
     </span>
    </p>
   </div>
   <div class='ocr_carea' id='block_1_25' title="bbox 126 2525 1640 2601">
    <p class='ocr_par' dir='ltr' id='par_1_25' title="bbox 126 2525 1640 2601">
     <span class='ocr_line' id='line_1_25' title="bbox 126 2525 1640 2601; baseline 0.003 -19"><span class='ocrx_word' id='word_1_179' title='bbox 126 2526 251 2583; x_wconf 79' lang='lat' dir='ltr'><strong>XIII.</strong></span> <span class='ocrx_word' id='word_1_180' title='bbox 292 2528 570 2600; x_wconf 78' lang='lat' dir='ltr'><strong>Hymnum</strong></span> <span class='ocrx_word' id='word_1_181' title='bbox 612 2543 830 2600; x_wconf 89' lang='lat' dir='ltr'><strong>quoque</strong></span> <span class='ocrx_word' id='word_1_182' title='bbox 879 2525 1040 2583; x_wconf 81' lang='lat' dir='ltr'><strong>t’rium</strong></span> <span class='ocrx_word' id='word_1_183' title='bbox 1091 2542 1381 2598; x_wconf 91' lang='lat' dir='ltr'><strong>puerorum</strong></span> <span class='ocrx_word' id='word_1_184' title='bbox 1429 2529 1484 2586; x_wconf 92' lang='lat' dir='ltr'><strong>in</strong></span> <span class='ocrx_word' id='word_1_185' title='bbox 1532 2545 1640 2601; x_wconf 86' lang='lat' dir='ltr'><strong>quo</strong></span> 
     </span>
    </p>
   </div>
   <div class='ocr_carea' id='block_1_26' title="bbox 71 2618 1641 2690">
    <p class='ocr_par' dir='ltr' id='par_1_26' title="bbox 71 2618 1641 2690">
     <span class='ocr_line' id='line_1_26' title="bbox 71 2618 1641 2690; baseline 0.006 -22"><span class='ocrx_word' id='word_1_186' title='bbox 71 2618 294 2675; x_wconf 84' lang='lat' dir='ltr'><strong>universa</strong></span> <span class='ocrx_word' id='word_1_187' title='bbox 334 2619 458 2676; x_wconf 65' lang='lat' dir='ltr'><strong>caeli</strong></span> <span class='ocrx_word' id='word_1_188' title='bbox 492 2627 755 2690; x_wconf 73' lang='lat' dir='ltr'><strong>terraeque</strong></span> <span class='ocrx_word' id='word_1_189' title='bbox 781 2628 1029 2675; x_wconf 87' lang='lat' dir='ltr'><strong>creatura</strong></span> <span class='ocrx_word' id='word_1_190' title='bbox 1065 2620 1230 2675; x_wconf 90' lang='lat' dir='ltr'><strong>Deum</strong></span> <span class='ocrx_word' id='word_1_191' title='bbox 1276 2618 1548 2676; x_wconf 88' lang='lat' dir='ltr'><strong>collaudat</strong></span> <span class='ocrx_word' id='word_1_192' title='bbox 1584 2631 1641 2678; x_wconf 87' lang='lat' dir='ltr'><strong>et</strong></span> 
     </span>
    </p>
   </div>
   <div class='ocr_carea' id='block_1_27' title="bbox 73 2709 1638 2780">
    <p class='ocr_par' dir='ltr' id='par_1_27' title="bbox 73 2709 1638 2780">
     <span class='ocr_line' id='line_1_27' title="bbox 73 2709 1638 2780; baseline 0.005 -20"><span class='ocrx_word' id='word_1_193' title='bbox 73 2723 209 2776; x_wconf 83' lang='lat' dir='ltr'><strong>quem</strong></span> <span class='ocrx_word' id='word_1_194' title='bbox 253 2710 504 2766; x_wconf 81' lang='lat' dir='ltr'><strong>Ecclesia</strong></span> <span class='ocrx_word' id='word_1_195' title='bbox 551 2709 822 2766; x_wconf 88' lang='lat' dir='ltr'><strong>catholica</strong></span> <span class='ocrx_word' id='word_1_196' title='bbox 869 2725 970 2780; x_wconf 89' lang='lat' dir='ltr'><strong>per</strong></span> <span class='ocrx_word' id='word_1_197' title='bbox 1010 2718 1180 2765; x_wconf 90' lang='lat' dir='ltr'><strong>totum</strong></span> <span class='ocrx_word' id='word_1_198' title='bbox 1210 2711 1398 2766; x_wconf 87' lang='lat' dir='ltr'><strong>orbem</strong></span> <span class='ocrx_word' id='word_1_199' title='bbox 1442 2710 1638 2768; x_wconf 82' lang='lat' dir='ltr'><strong>diffusa</strong></span> 
     </span>
    </p>
   </div>
   <div class='ocr_carea' id='block_1_28' title="bbox 74 2798 1638 2870">
    <p class='ocr_par' dir='ltr' id='par_1_28' title="bbox 74 2798 1638 2870">
     <span class='ocr_line' id='line_1_28' title="bbox 74 2798 1638 2870; baseline 0.004 -18"><span class='ocrx_word' id='word_1_200' title='bbox 74 2798 322 2867; x_wconf 83' lang='lat' dir='ltr'><strong>celebrat,</strong></span> <span class='ocrx_word' id='word_1_201' title='bbox 347 2801 569 2870; x_wconf 89' lang='lat' dir='ltr'><strong>quidam</strong></span> <span class='ocrx_word' id='word_1_202' title='bbox 598 2802 913 2856; x_wconf 80' lang='lat' dir='ltr'><strong>sacerdotes</strong></span> <span class='ocrx_word' id='word_1_203' title='bbox 941 2802 992 2855; x_wconf 92' lang='lat' dir='ltr'><strong>in</strong></span> <span class='ocrx_word' id='word_1_204' title='bbox 1026 2801 1187 2857; x_wconf 89' lang='lat' dir='ltr'><strong>missa</strong></span> <span class='ocrx_word' id='word_1_205' title='bbox 1237 2803 1638 2860; x_wconf 87' lang='lat' dir='ltr'><strong>Dominicorum</strong></span> 
     </span>
    </p>
   </div>
   <div class='ocr_carea' id='block_1_29' title="bbox 78 2889 1640 2965">
    <p class='ocr_par' dir='ltr' id='par_1_29' title="bbox 78 2889 1640 2965">
     <span class='ocr_line' id='line_1_29' title="bbox 78 2889 1640 2965; baseline 0.008 -25"><span class='ocrx_word' id='word_1_206' title='bbox 78 2889 259 2946; x_wconf 87' lang='lat' dir='ltr'><strong>dierum</strong></span> <span class='ocrx_word' id='word_1_207' title='bbox 284 2932 303 2958; x_wconf 88' lang='lat'><strong>,</strong></span> <span class='ocrx_word' id='word_1_208' title='bbox 334 2903 390 2949; x_wconf 90' lang='lat' dir='ltr'><strong>et</strong></span> <span class='ocrx_word' id='word_1_209' title='bbox 422 2893 476 2947; x_wconf 92' lang='lat' dir='ltr'><strong>in</strong></span> <span class='ocrx_word' id='word_1_210' title='bbox 506 2893 944 2950; x_wconf 86' lang='lat' dir='ltr'><strong>solemnitatibus</strong></span> <span class='ocrx_word' id='word_1_211' title='bbox 991 2904 1289 2965; x_wconf 83' lang='lat' dir='ltr'><strong>martyrum</strong></span> <span class='ocrx_word' id='word_1_212' title='bbox 1318 2910 1516 2952; x_wconf 90' lang='lat' dir='ltr'><strong>canere</strong></span> <span class='ocrx_word' id='word_1_213' title='bbox 1544 2912 1640 2952; x_wconf 86' lang='lat' dir='ltr'><strong>ne-</strong></span> 
     </span>
    </p>
   </div>
   <div class='ocr_carea' id='block_1_30' title="bbox 79 2978 1641 3054">
    <p class='ocr_par' dir='ltr' id='par_1_30' title="bbox 79 2978 1641 3054">
     <span class='ocr_line' id='line_1_30' title="bbox 79 2978 1641 3054; baseline 0.006 -21"><span class='ocrx_word' id='word_1_214' title='bbox 79 2978 275 3054; x_wconf 69' lang='lat' dir='ltr'><strong>gligunt.</strong></span> <span class='ocrx_word' id='word_1_215' title='bbox 330 2983 566 3040; x_wconf 88' lang='lat' dir='ltr'><strong>Proinde</strong></span> <span class='ocrx_word' id='word_1_216' title='bbox 615 2993 861 3039; x_wconf 89' lang='lat' dir='ltr'><strong>sanctum</strong></span> <span class='ocrx_word' id='word_1_217' title='bbox 922 2985 1209 3040; x_wconf 86' lang='lat' dir='ltr'><strong>concilium</strong></span> <span class='ocrx_word' id='word_1_218' title='bbox 1261 2986 1529 3053; x_wconf 88' lang='lat' dir='ltr'><strong>instituit,</strong></span> <span class='ocrx_word' id='word_1_219' title='bbox 1579 2996 1641 3042; x_wconf 89' lang='lat' dir='ltr'><strong>ut</strong></span> 
     </span>
    </p>
   </div>
   <div class='ocr_carea' id='block_1_31' title="bbox 80 3076 1637 3146">
    <p class='ocr_par' dir='ltr' id='par_1_31' title="bbox 80 3076 1637 3146">
     <span class='ocr_line' id='line_1_31' title="bbox 80 3076 1637 3146; baseline 0.003 -19"><span class='ocrx_word' id='word_1_220' title='bbox 80 3086 159 3141; x_wconf 87' lang='lat' dir='ltr'><strong>per</strong></span> <span class='ocrx_word' id='word_1_221' title='bbox 172 3090 358 3132; x_wconf 89' lang='lat' dir='ltr'><strong>omnes</strong></span> <span class='ocrx_word' id='word_1_222' title='bbox 375 3076 647 3146; x_wconf 71' lang='lat' dir='ltr'><strong>Hispania:</strong></span> <span class='ocrx_word' id='word_1_223' title='bbox 667 3076 927 3132; x_wconf 89' lang='lat' dir='ltr'><strong>ecclesias</strong></span> <span class='ocrx_word' id='word_1_224' title='bbox 953 3077 1034 3132; x_wconf 85' lang='lat' dir='ltr'><strong>vel</strong></span> <span class='ocrx_word' id='word_1_225' title='bbox 1050 3076 1313 3133; x_wconf 66' lang='lat' dir='ltr'><strong>Gallzeciie</strong></span> <span class='ocrx_word' id='word_1_226' title='bbox 1330 3078 1382 3132; x_wconf 93' lang='lat' dir='ltr'><strong>in</strong></span> <span class='ocrx_word' id='word_1_227' title='bbox 1397 3080 1637 3134; x_wconf 88' lang='lat' dir='ltr'><strong>omnium</strong></span> 
     </span>
    </p>
   </div>
   <div class='ocr_carea' id='block_1_32' title="bbox 82 3166 1637 3241">
    <p class='ocr_par' dir='ltr' id='par_1_32' title="bbox 82 3166 1637 3241">
     <span class='ocr_line' id='line_1_32' title="bbox 82 3166 1637 3241; baseline 0.005 -22"><span class='ocrx_word' id='word_1_228' title='bbox 82 3166 342 3225; x_wconf 86' lang='lat' dir='ltr'><strong>missarum</strong></span> <span class='ocrx_word' id='word_1_229' title='bbox 390 3169 732 3225; x_wconf 86' lang='lat' dir='ltr'><strong>solemnitate</strong></span> <span class='ocrx_word' id='word_1_230' title='bbox 779 3170 921 3225; x_wconf 90' lang='lat' dir='ltr'><strong>idem</strong></span> <span class='ocrx_word' id='word_1_231' title='bbox 955 3169 1007 3224; x_wconf 85' lang='lat' dir='ltr'><strong>in</strong></span> <span class='ocrx_word' id='word_1_232' title='bbox 1055 3170 1269 3241; x_wconf 88' lang='lat' dir='ltr'><strong>publico</strong></span> <span class='ocrx_word' id='word_1_233' title='bbox 1300 3172 1637 3236; x_wconf 90' lang='lat' dir='ltr'><strong>decantetur,</strong></span> 
     </span>
    </p>
   </div>
   <div class='ocr_carea' id='block_1_33' title="bbox 84 3261 1644 3336">
    <p class='ocr_par' dir='ltr' id='par_1_33' title="bbox 84 3261 1644 3336">
     <span class='ocr_line' id='line_1_33' title="bbox 84 3261 1644 3336; baseline 0.004 -25"><span class='ocrx_word' id='word_1_234' title='bbox 84 3261 491 3318; x_wconf 88' lang='lat' dir='ltr'><strong>communionem</strong></span> <span class='ocrx_word' id='word_1_235' title='bbox 535 3262 786 3317; x_wconf 87' lang='lat' dir='ltr'><strong>amissuri</strong></span> <span class='ocrx_word' id='word_1_236' title='bbox 825 3262 917 3333; x_wconf 90' lang='lat' dir='ltr'><strong>qui</strong></span> <span class='ocrx_word' id='word_1_237' title='bbox 969 3262 1249 3333; x_wconf 88' lang='lat' dir='ltr'><strong>antiquam</strong></span> <span class='ocrx_word' id='word_1_238' title='bbox 1294 3261 1456 3333; x_wconf 91' lang='lat' dir='ltr'><strong>hujus</strong></span> <span class='ocrx_word' id='word_1_239' title='bbox 1491 3264 1644 3336; x_wconf 89' lang='lat' dir='ltr'><strong>hym-</strong></span> 
     </span>
    </p>
   </div>
   <div class='ocr_carea' id='block_1_34' title="bbox 85 3351 1632 3427">
    <p class='ocr_par' dir='ltr' id='par_1_34' title="bbox 85 3351 1632 3427">
     <span class='ocr_line' id='line_1_34' title="bbox 85 3351 1632 3427; baseline 0.005 -22"><span class='ocrx_word' id='word_1_240' title='bbox 85 3351 127 3405; x_wconf 90' lang='lat' dir='ltr'><strong>ni</strong></span> <span class='ocrx_word' id='word_1_241' title='bbox 147 3356 581 3412; x_wconf 85' lang='lat' dir='ltr'><strong>consuetudinem</strong></span> <span class='ocrx_word' id='word_1_242' title='bbox 602 3397 619 3422; x_wconf 95' lang='lat'><strong>,</strong></span> <span class='ocrx_word' id='word_1_243' title='bbox 647 3364 997 3427; x_wconf 88' lang='lat' dir='ltr'><strong>nostramque</strong></span> <span class='ocrx_word' id='word_1_244' title='bbox 1031 3355 1401 3413; x_wconf 89' lang='lat' dir='ltr'><strong>deﬁnitionem</strong></span> <span class='ocrx_word' id='word_1_245' title='bbox 1452 3372 1632 3413; x_wconf 77' lang='lat' dir='ltr'><strong>exces-</strong></span> 
     </span>
    </p>
   </div>
   <div class='ocr_carea' id='block_1_35' title="bbox 88 3445 252 3502">
    <p class='ocr_par' dir='ltr' id='par_1_35' title="bbox 88 3445 252 3502">
     <span class='ocr_line' id='line_1_35' title="bbox 88 3445 252 3502; baseline 0.03 -4"><span class='ocrx_word' id='word_1_246' title='bbox 88 3445 252 3502; x_wconf 87' lang='lat' dir='ltr'><strong>serint.</strong></span> 
     </span>
    </p>
   </div>
   <div class='ocr_carea' id='block_1_36' title="bbox 144 3536 1645 3612">
    <p class='ocr_par' dir='ltr' id='par_1_36' title="bbox 144 3536 1645 3612">
     <span class='ocr_line' id='line_1_36' title="bbox 144 3536 1645 3612; baseline 0.003 -18"><span class='ocrx_word' id='word_1_247' title='bbox 144 3536 267 3594; x_wconf 77' lang='lat' dir='ltr'><strong>XIV.</strong></span> <span class='ocrx_word' id='word_1_248' title='bbox 309 3541 367 3595; x_wconf 89' lang='lat' dir='ltr'><strong>lu</strong></span> <span class='ocrx_word' id='word_1_249' title='bbox 395 3540 500 3597; x_wconf 90' lang='lat' dir='ltr'><strong>ﬁne</strong></span> <span class='ocrx_word' id='word_1_250' title='bbox 529 3541 857 3611; x_wconf 89' lang='lat' dir='ltr'><strong>psalmorum</strong></span> <span class='ocrx_word' id='word_1_251' title='bbox 902 3556 1009 3597; x_wconf 90' lang='lat' dir='ltr'><strong>non</strong></span> <span class='ocrx_word' id='word_1_252' title='bbox 1057 3540 1201 3597; x_wconf 88' lang='lat' dir='ltr'><strong>sicut</strong></span> <span class='ocrx_word' id='word_1_253' title='bbox 1244 3556 1274 3596; x_wconf 90' lang='lat' dir='ltr'><strong>a</strong></span> <span class='ocrx_word' id='word_1_254' title='bbox 1320 3540 1645 3612; x_wconf 85' lang='lat' dir='ltr'><strong>quibusdam</strong></span> 
     </span>
    </p>
   </div>
   <div class='ocr_carea' id='block_1_37' title="bbox 87 3625 1645 3704">
    <p class='ocr_par' dir='ltr' id='par_1_37' title="bbox 87 3625 1645 3704">
     <span class='ocr_line' id='line_1_37' title="bbox 87 3625 1645 3704; baseline 0.001 -19"><span class='ocrx_word' id='word_1_255' title='bbox 87 3625 339 3702; x_wconf 82' lang='lat' dir='ltr'><strong>hucusque</strong></span> <span class='ocrx_word' id='word_1_256' title='bbox 362 3631 544 3689; x_wconf 85' lang='lat' dir='ltr'><strong>Gloria</strong></span> <span class='ocrx_word' id='word_1_257' title='bbox 570 3631 740 3698; x_wconf 88' lang='lat' dir='ltr'><strong>Patri,</strong></span> <span class='ocrx_word' id='word_1_258' title='bbox 782 3633 876 3688; x_wconf 88' lang='lat' dir='ltr'><strong>sed</strong></span> <span class='ocrx_word' id='word_1_259' title='bbox 903 3631 1071 3704; x_wconf 81' lang='lat' dir='ltr'><strong>gloria</strong></span> <span class='ocrx_word' id='word_1_260' title='bbox 1100 3640 1156 3688; x_wconf 90' lang='lat' dir='ltr'><strong>et</strong></span> <span class='ocrx_word' id='word_1_261' title='bbox 1194 3632 1370 3688; x_wconf 87' lang='lat' dir='ltr'><strong>honor</strong></span> <span class='ocrx_word' id='word_1_262' title='bbox 1392 3630 1539 3687; x_wconf 90' lang='lat' dir='ltr'><strong>Patri</strong></span> <span class='ocrx_word' id='word_1_263' title='bbox 1565 3632 1645 3687; x_wconf 89' lang='lat' dir='ltr'><strong>di-</strong></span> 
     </span>
    </p>
   </div>
   <div class='ocr_carea' id='block_1_38' title="bbox 91 3720 1645 3794">
    <p class='ocr_par' dir='ltr' id='par_1_38' title="bbox 91 3720 1645 3794">
     <span class='ocr_line' id='line_1_38' title="bbox 91 3720 1645 3794; baseline 0.005 -22"><span class='ocrx_word' id='word_1_264' title='bbox 91 3729 241 3786; x_wconf 82' lang='lat' dir='ltr'><strong>catur,</strong></span> <span class='ocrx_word' id='word_1_265' title='bbox 288 3723 457 3778; x_wconf 80' lang='lat' dir='ltr'><strong>David</strong></span> <span class='ocrx_word' id='word_1_266' title='bbox 502 3723 768 3794; x_wconf 88' lang='lat' dir='ltr'><strong>propheta</strong></span> <span class='ocrx_word' id='word_1_267' title='bbox 816 3722 1076 3778; x_wconf 84' lang='lat' dir='ltr'><strong>dicente:</strong></span> <span class='ocrx_word' id='word_1_268' title='bbox 1110 3740 1131 3775; x_wconf 72' lang='grc' dir='ltr'>ι</span> <span class='ocrx_word' id='word_1_269' title='bbox 1165 3720 1371 3778; x_wconf 77' lang='lat' dir='ltr'><strong>Afferte</strong></span> <span class='ocrx_word' id='word_1_270' title='bbox 1416 3723 1645 3779; x_wconf 90' lang='lat' dir='ltr'><strong>Domino</strong></span> 
     </span>
    </p>
   </div>
   <div class='ocr_carea' id='block_1_39' title="bbox 91 3807 1650 3885">
    <p class='ocr_par' dir='ltr' id='par_1_39' title="bbox 91 3807 1650 3885">
     <span class='ocr_line' id='line_1_39' title="bbox 91 3807 1650 3885; baseline 0.006 -23"><span class='ocrx_word' id='word_1_271' title='bbox 91 3807 288 3878; x_wconf 70' lang='lat' dir='ltr'><strong>gloriam</strong></span> <span class='ocrx_word' id='word_1_272' title='bbox 336 3821 394 3869; x_wconf 91' lang='lat' dir='ltr'><strong>et</strong></span> <span class='ocrx_word' id='word_1_273' title='bbox 440 3814 702 3869; x_wconf 89' lang='lat' dir='ltr'><strong>honorem</strong></span> <span class='ocrx_word' id='word_1_274' title='bbox 749 3813 942 3885; x_wconf 77' lang='grc' dir='ltr'><strong>(Ρωι.</strong></span> <span class='ocrx_word' id='word_1_275' title='bbox 993 3828 1133 3881; x_wconf 82' lang='lat' dir='ltr'><strong>xcv,</strong></span> <span class='ocrx_word' id='word_1_276' title='bbox 1164 3813 1250 3885; x_wconf 88' lang='lat'><strong>7),</strong></span> <span class='ocrx_word' id='word_1_277' title='bbox 1287 3832 1306 3866; x_wconf 70' lang='grc' dir='ltr'>ι</span> <span class='ocrx_word' id='word_1_278' title='bbox 1341 3822 1396 3869; x_wconf 92' lang='lat' dir='ltr'><strong>et</strong></span> <span class='ocrx_word' id='word_1_279' title='bbox 1439 3812 1650 3872; x_wconf 82' lang='lat' dir='ltr'><strong>Joanne</strong></span> 
     </span>
    </p>
   </div>
   <div class='ocr_carea' id='block_1_40' title="bbox 90 3903 1648 3977">
    <p class='ocr_par' dir='ltr' id='par_1_40' title="bbox 90 3903 1648 3977">
     <span class='ocr_line' id='line_1_40' title="bbox 90 3903 1648 3977; baseline 0.005 -24"><span class='ocrx_word' id='word_1_280' title='bbox 90 3904 397 3976; x_wconf 67' lang='lat' dir='ltr'><strong>evangelista</strong></span> <span class='ocrx_word' id='word_1_281' title='bbox 430 3923 444 3960; x_wconf 90' lang='lat'><strong>:</strong></span> <span class='ocrx_word' id='word_1_282' title='bbox 483 3925 502 3957; x_wconf 71' lang='grc' dir='ltr'><strong>ε</strong></span> <span class='ocrx_word' id='word_1_283' title='bbox 532 3903 817 3961; x_wconf 79' lang='lat' dir='ltr'><strong>Exercitus</strong></span> <span class='ocrx_word' id='word_1_284' title='bbox 848 3905 1174 3969; x_wconf 90' lang='lat' dir='ltr'><strong>dicentium,</strong></span> <span class='ocrx_word' id='word_1_285' title='bbox 1210 3905 1381 3960; x_wconf 90' lang='lat' dir='ltr'><strong>honor</strong></span> <span class='ocrx_word' id='word_1_286' title='bbox 1402 3905 1648 3977; x_wconf 82' lang='lat' dir='ltr'><strong>etgloria</strong></span> 
     </span>
    </p>
   </div>
   <div class='ocr_carea' id='block_1_41' title="bbox 94 3991 1651 4068">
    <p class='ocr_par' dir='ltr' id='par_1_41' title="bbox 94 3991 1651 4068">
     <span class='ocr_line' id='line_1_41' title="bbox 94 3991 1651 4068; baseline 0.001 -19"><span class='ocrx_word' id='word_1_287' title='bbox 94 3991 180 4049; x_wconf 82' lang='lat' dir='ltr'><strong>Deo</strong></span> <span class='ocrx_word' id='word_1_288' title='bbox 210 4006 391 4053; x_wconf 85' lang='lat' dir='ltr'><strong>nostro</strong></span> <span class='ocrx_word' id='word_1_289' title='bbox 413 3997 623 4053; x_wconf 86' lang='lat' dir='ltr'><strong>sedenti</strong></span> <span class='ocrx_word' id='word_1_290' title='bbox 652 3998 705 4052; x_wconf 90' lang='lat' dir='ltr'><strong>in</strong></span> <span class='ocrx_word' id='word_1_291' title='bbox 732 3998 926 4053; x_wconf 88' lang='lat' dir='ltr'><strong>throno</strong></span> <span class='ocrx_word' id='word_1_292' title='bbox 955 3997 1141 4068; x_wconf 84' lang='lat' dir='ltr'><strong>(Apoc.</strong></span> <span class='ocrx_word' id='word_1_293' title='bbox 1170 4012 1223 4063; x_wconf 91' lang='lat' dir='ltr'><strong>v,</strong></span> <span class='ocrx_word' id='word_1_294' title='bbox 1254 3996 1365 4067; x_wconf 83' lang='lat' dir='ltr'><strong>l5).</strong></span> <span class='ocrx_word' id='word_1_295' title='bbox 1400 4016 1421 4049; x_wconf 74' lang='grc' dir='ltr'><strong><em>ι</em></strong></span> <span class='ocrx_word' id='word_1_296' title='bbox 1448 3997 1525 4053; x_wconf 89' lang='lat' dir='ltr'><strong>Ac</strong></span> <span class='ocrx_word' id='word_1_297' title='bbox 1554 4013 1651 4068; x_wconf 88' lang='lat' dir='ltr'><strong>per</strong></span> 
     </span>
    </p>
   </div>
   <div class='ocr_carea' id='block_1_42' title="bbox 94 4084 1650 4159">
    <p class='ocr_par' dir='ltr' id='par_1_42' title="bbox 94 4084 1650 4159">
     <span class='ocr_line' id='line_1_42' title="bbox 94 4084 1650 4159; baseline 0 -18"><span class='ocrx_word' id='word_1_298' title='bbox 94 4084 187 4142; x_wconf 69' lang='lat' dir='ltr'><strong>lucc</strong></span> <span class='ocrx_word' id='word_1_299' title='bbox 212 4090 317 4143; x_wconf 91' lang='lat' dir='ltr'><strong>duo</strong></span> <span class='ocrx_word' id='word_1_300' title='bbox 343 4089 423 4145; x_wconf 90' lang='lat' dir='ltr'><strong>sic</strong></span> <span class='ocrx_word' id='word_1_301' title='bbox 448 4097 661 4159; x_wconf 85' lang='lat' dir='ltr'><strong>oportet</strong></span> <span class='ocrx_word' id='word_1_302' title='bbox 704 4088 757 4142; x_wconf 92' lang='lat' dir='ltr'><strong>in</strong></span> <span class='ocrx_word' id='word_1_303' title='bbox 789 4088 951 4142; x_wconf 90' lang='lat' dir='ltr'><strong>terris</strong></span> <span class='ocrx_word' id='word_1_304' title='bbox 975 4087 1081 4141; x_wconf 92' lang='lat' dir='ltr'><strong>dici</strong></span> <span class='ocrx_word' id='word_1_305' title='bbox 1127 4086 1271 4142; x_wconf 89' lang='lat' dir='ltr'><strong>sicut</strong></span> <span class='ocrx_word' id='word_1_306' title='bbox 1303 4087 1355 4141; x_wconf 92' lang='lat' dir='ltr'><strong>in</strong></span> <span class='ocrx_word' id='word_1_307' title='bbox 1383 4087 1536 4143; x_wconf 73' lang='lat' dir='ltr'><strong>ctelis</strong></span> <span class='ocrx_word' id='word_1_308' title='bbox 1565 4102 1650 4141; x_wconf 79' lang='lat' dir='ltr'><strong>re-</strong></span> 
     </span>
    </p>
   </div>
   <div class='ocr_carea' id='block_1_43' title="bbox 94 4176 1648 4248">
    <p class='ocr_par' dir='ltr' id='par_1_43' title="bbox 94 4176 1648 4248">
     <span class='ocr_line' id='line_1_43' title="bbox 94 4176 1648 4248; baseline 0.001 -18"><span class='ocrx_word' id='word_1_309' title='bbox 94 4187 285 4233; x_wconf 82' lang='lat' dir='ltr'><strong>sonant.</strong></span> <span class='ocrx_word' id='word_1_310' title='bbox 314 4178 593 4235; x_wconf 88' lang='lat' dir='ltr'><strong>Universis</strong></span> <span class='ocrx_word' id='word_1_311' title='bbox 634 4193 764 4248; x_wconf 78' lang='lat' dir='ltr'><strong>ergo</strong></span> <span class='ocrx_word' id='word_1_312' title='bbox 802 4176 1195 4233; x_wconf 88' lang='lat' dir='ltr'><strong>ecclesiasticis</strong></span> <span class='ocrx_word' id='word_1_313' title='bbox 1220 4177 1361 4232; x_wconf 89' lang='lat' dir='ltr'><strong>hanc</strong></span> <span class='ocrx_word' id='word_1_314' title='bbox 1388 4178 1648 4234; x_wconf 87' lang='lat' dir='ltr'><strong>observa-</strong></span> 
     </span>
    </p>
   </div>
   <div class='ocr_carea' id='block_1_44' title="bbox 76 4266 1648 4341">
    <p class='ocr_par' dir='ltr' id='par_1_44' title="bbox 76 4266 1648 4341">
     <span class='ocr_line' id='line_1_44' title="bbox 76 4266 1648 4341; baseline 0.004 -22"><span class='ocrx_word' id='word_1_315' title='bbox 76 4267 270 4325; x_wconf 74' lang='lat' dir='ltr'><strong>&#39;tionem</strong></span> <span class='ocrx_word' id='word_1_316' title='bbox 300 4272 519 4337; x_wconf 88' lang='lat' dir='ltr'><strong>damus,</strong></span> <span class='ocrx_word' id='word_1_317' title='bbox 555 4286 720 4340; x_wconf 86' lang='lat' dir='ltr'><strong>quam</strong></span> <span class='ocrx_word' id='word_1_318' title='bbox 765 4266 996 4340; x_wconf 89' lang='lat' dir='ltr'><strong>quisque</strong></span> <span class='ocrx_word' id='word_1_319' title='bbox 1037 4268 1362 4341; x_wconf 61' lang='lat' dir='ltr'><strong>praeterierit</strong></span> <span class='ocrx_word' id='word_1_320' title='bbox 1405 4283 1648 4325; x_wconf 90' lang='lat' dir='ltr'><strong>commu-</strong></span> 
     </span>
    </p>
   </div>
   <div class='ocr_carea' id='block_1_45' title="bbox 96 4359 828 4433">
    <p class='ocr_par' dir='ltr' id='par_1_45' title="bbox 96 4359 828 4433">
     <span class='ocr_line' id='line_1_45' title="bbox 96 4359 828 4433; baseline 0.007 -23"><span class='ocrx_word' id='word_1_321' title='bbox 96 4359 253 4417; x_wconf 90' lang='lat' dir='ltr'><strong>nionis</strong></span> <span class='ocrx_word' id='word_1_322' title='bbox 270 4362 542 4433; x_wconf 88' lang='lat' dir='ltr'><strong>jacturam</strong></span> <span class='ocrx_word' id='word_1_323' title='bbox 588 4361 828 4416; x_wconf 88' lang='lat' dir='ltr'><strong>habebit.</strong></span> 
     </span>
    </p>
   </div>
   <div class='ocr_carea' id='block_1_46' title="bbox 149 4448 1651 4522">
    <p class='ocr_par' dir='ltr' id='par_1_46' title="bbox 149 4448 1651 4522">
     <span class='ocr_line' id='line_1_46' title="bbox 149 4448 1651 4522; baseline 0 -18"><span class='ocrx_word' id='word_1_324' title='bbox 149 4449 259 4506; x_wconf 68' lang='lat' dir='ltr'><strong>XV.</strong></span> <span class='ocrx_word' id='word_1_325' title='bbox 300 4451 439 4508; x_wconf 89' lang='lat' dir='ltr'><strong>Sunt</strong></span> <span class='ocrx_word' id='word_1_326' title='bbox 469 4452 687 4522; x_wconf 90' lang='lat' dir='ltr'><strong>quidam</strong></span> <span class='ocrx_word' id='word_1_327' title='bbox 719 4450 810 4521; x_wconf 89' lang='lat' dir='ltr'><strong>qui</strong></span> <span class='ocrx_word' id='word_1_328' title='bbox 840 4451 892 4505; x_wconf 92' lang='lat' dir='ltr'><strong>in</strong></span> <span class='ocrx_word' id='word_1_329' title='bbox 913 4448 1021 4506; x_wconf 86' lang='lat' dir='ltr'><strong>line</strong></span> <span class='ocrx_word' id='word_1_330' title='bbox 1044 4449 1510 4521; x_wconf 87' lang='lat' dir='ltr'><strong>responsoriorum</strong></span> <span class='ocrx_word' id='word_1_331' title='bbox 1538 4449 1651 4521; x_wconf 74' lang='lat' dir='ltr'><strong>glo-</strong></span> 
     </span>
    </p>
   </div>
   <div class='ocr_carea' id='block_1_47' title="bbox 96 4543 1730 4642">
    <p class='ocr_par' dir='ltr' id='par_1_47' title="bbox 96 4543 1730 4642">
     <span class='ocr_line' id='line_1_47' title="bbox 96 4543 1730 4642; baseline 0.001 -45"><span class='ocrx_word' id='word_1_332' title='bbox 96 4547 214 4602; x_wconf 86' lang='lat' dir='ltr'><strong>riam</strong></span> <span class='ocrx_word' id='word_1_333' title='bbox 243 4565 344 4604; x_wconf 91' lang='lat' dir='ltr'><strong>non</strong></span> <span class='ocrx_word' id='word_1_334' title='bbox 369 4548 590 4613; x_wconf 91' lang='lat' dir='ltr'><strong>dicunt,</strong></span> <span class='ocrx_word' id='word_1_335' title='bbox 631 4557 849 4617; x_wconf 86' lang='lat' dir='ltr'><strong>propter</strong></span> <span class='ocrx_word' id='word_1_336' title='bbox 895 4545 1036 4617; x_wconf 89' lang='lat' dir='ltr'><strong>quod</strong></span> <span class='ocrx_word' id='word_1_337' title='bbox 1071 4543 1342 4599; x_wconf 88' lang='lat' dir='ltr'><strong>interdum</strong></span> <span class='ocrx_word' id='word_1_338' title='bbox 1392 4544 1648 4599; x_wconf 92' lang='lat' dir='ltr'><strong>inconve—</strong></span> <span class='ocrx_word' id='word_1_339' title='bbox 1679 4581 1730 4642; x_wconf 70' lang='grc' dir='ltr'>ο</span> 
     </span>
    </p>
   </div>
   <div class='ocr_carea' id='block_1_48' title="bbox 97 4633 1650 4703">
    <p class='ocr_par' dir='ltr' id='par_1_48' title="bbox 97 4633 1650 4703">
     <span class='ocr_line' id='line_1_48' title="bbox 97 4633 1650 4703; baseline 0.001 -15"><span class='ocrx_word' id='word_1_340' title='bbox 97 4636 286 4694; x_wconf 86' lang='lat' dir='ltr'><strong>nienter</strong></span> <span class='ocrx_word' id='word_1_341' title='bbox 331 4647 580 4703; x_wconf 89' lang='lat' dir='ltr'><strong>resonat,</strong></span> <span class='ocrx_word' id='word_1_342' title='bbox 613 4637 706 4693; x_wconf 90' lang='lat' dir='ltr'><strong>sed</strong></span> <span class='ocrx_word' id='word_1_343' title='bbox 737 4637 853 4692; x_wconf 70' lang='lat' dir='ltr'><strong>hmo</strong></span> <span class='ocrx_word' id='word_1_344' title='bbox 897 4643 982 4690; x_wconf 86' lang='lat' dir='ltr'><strong>est</strong></span> <span class='ocrx_word' id='word_1_345' title='bbox 1010 4635 1302 4700; x_wconf 89' lang='lat' dir='ltr'><strong>discretio,</strong></span> <span class='ocrx_word' id='word_1_346' title='bbox 1328 4641 1387 4687; x_wconf 91' lang='lat' dir='ltr'><strong>ut</strong></span> <span class='ocrx_word' id='word_1_347' title='bbox 1430 4633 1481 4688; x_wconf 91' lang='lat' dir='ltr'><strong>in</strong></span> <span class='ocrx_word' id='word_1_348' title='bbox 1513 4633 1650 4689; x_wconf 82' lang='lat' dir='ltr'><strong>laetis</strong></span> 
     </span>
    </p>
   </div>
   <div class='ocr_carea' id='block_1_49' title="bbox 100 4726 1648 4802">
    <p class='ocr_par' dir='ltr' id='par_1_49' title="bbox 100 4726 1648 4802">
     <span class='ocr_line' id='line_1_49' title="bbox 100 4726 1648 4802; baseline -0.001 -21"><span class='ocrx_word' id='word_1_349' title='bbox 100 4737 334 4798; x_wconf 82' lang='lat' dir='ltr'><strong>sequatur</strong></span> <span class='ocrx_word' id='word_1_350' title='bbox 375 4730 582 4802; x_wconf 79' lang='lat' dir='ltr'><strong>gloria,</strong></span> <span class='ocrx_word' id='word_1_351' title='bbox 635 4730 687 4784; x_wconf 93' lang='lat' dir='ltr'><strong>in</strong></span> <span class='ocrx_word' id='word_1_352' title='bbox 738 4726 1071 4783; x_wconf 87' lang='lat' dir='ltr'><strong>tristioribus</strong></span> <span class='ocrx_word' id='word_1_353' title='bbox 1121 4734 1399 4797; x_wconf 88' lang='lat' dir='ltr'><strong>repetatur</strong></span> <span class='ocrx_word' id='word_1_354' title='bbox 1444 4726 1648 4797; x_wconf 87' lang='lat' dir='ltr'><strong>princi-</strong></span> 
     </span>
    </p>
   </div>
   <div class='ocr_carea' id='block_1_50' title="bbox 100 4819 244 4887">
    <p class='ocr_par' dir='ltr' id='par_1_50' title="bbox 100 4819 244 4887">
     <span class='ocr_line' id='line_1_50' title="bbox 100 4819 244 4887; baseline 0.028 -16"><span class='ocrx_word' id='word_1_355' title='bbox 100 4819 244 4887; x_wconf 88' lang='lat' dir='ltr'><strong>pium.</strong></span> 
     </span>
    </p>
   </div>
   <div class='ocr_carea' id='block_1_51' title="bbox 161 4906 1650 4984">
    <p class='ocr_par' dir='ltr' id='par_1_51' title="bbox 161 4906 1650 4984">
     <span class='ocr_line' id='line_1_51' title="bbox 161 4906 1650 4984; baseline -0.002 -20"><span class='ocrx_word' id='word_1_356' title='bbox 161 4908 285 4966; x_wconf 78' lang='lat' dir='ltr'><strong>XVI.</strong></span> <span class='ocrx_word' id='word_1_357' title='bbox 325 4910 704 4984; x_wconf 83' lang='lat' dir='ltr'><strong>Apocalypsim</strong></span> <span class='ocrx_word' id='word_1_358' title='bbox 734 4908 932 4965; x_wconf 89' lang='lat' dir='ltr'><strong>librum</strong></span> <span class='ocrx_word' id='word_1_359' title='bbox 964 4908 1256 4963; x_wconf 90' lang='lat' dir='ltr'><strong>multorum</strong></span> <span class='ocrx_word' id='word_1_360' title='bbox 1299 4906 1650 4962; x_wconf 88' lang='lat' dir='ltr'><strong>conciliorum</strong></span> 
     </span>
    </p>
   </div>
   <div class='ocr_carea' id='block_1_52' title="bbox 105 4996 1651 5074">
    <p class='ocr_par' dir='ltr' id='par_1_52' title="bbox 105 4996 1651 5074">
     <span class='ocr_line' id='line_1_52' title="bbox 105 4996 1651 5074; baseline -0.003 -21"><span class='ocrx_word' id='word_1_361' title='bbox 105 5005 370 5060; x_wconf 83' lang='lat' dir='ltr'><strong>auctoritas</strong></span> <span class='ocrx_word' id='word_1_362' title='bbox 391 5014 447 5059; x_wconf 90' lang='lat' dir='ltr'><strong>et</strong></span> <span class='ocrx_word' id='word_1_363' title='bbox 478 5002 739 5074; x_wconf 81' lang='lat' dir='ltr'><strong>synodica</strong></span> <span class='ocrx_word' id='word_1_364' title='bbox 768 5009 1083 5055; x_wconf 91' lang='lat' dir='ltr'><strong>sanctorum</strong></span> <span class='ocrx_word' id='word_1_365' title='bbox 1112 4996 1402 5069; x_wconf 70' lang='lat' dir='ltr'><strong>prmsulum</strong></span> <span class='ocrx_word' id='word_1_366' title='bbox 1450 4996 1651 5051; x_wconf 74' lang='lat' dir='ltr'><strong>Itoma-</strong></span> 
     </span>
    </p>
   </div>
   <div class='ocr_carea' id='block_1_53' title="bbox 108 5089 1653 5164">
    <p class='ocr_par' dir='ltr' id='par_1_53' title="bbox 108 5089 1653 5164">
     <span class='ocr_line' id='line_1_53' title="bbox 108 5089 1653 5164; baseline -0.003 -17"><span class='ocrx_word' id='word_1_367' title='bbox 108 5110 272 5151; x_wconf 87' lang='lat' dir='ltr'><strong>norum</strong></span> <span class='ocrx_word' id='word_1_368' title='bbox 286 5098 504 5154; x_wconf 85' lang='lat' dir='ltr'><strong>decreta</strong></span> <span class='ocrx_word' id='word_1_369' title='bbox 525 5093 752 5149; x_wconf 79' lang='lat' dir='ltr'><strong>Joannis</strong></span> <span class='ocrx_word' id='word_1_370' title='bbox 768 5093 1114 5164; x_wconf 67' lang='lat' dir='ltr'><strong>evangelista:</strong></span> <span class='ocrx_word' id='word_1_371' title='bbox 1134 5105 1255 5146; x_wconf 89' lang='lat' dir='ltr'><strong>esse</strong></span> <span class='ocrx_word' id='word_1_372' title='bbox 1276 5089 1653 5160; x_wconf 83' lang='lat' dir='ltr'><strong>praescribunt,</strong></span> 
     </span>
    </p>
   </div>
   <div class='ocr_carea' id='block_1_54' title="bbox 108 5179 1658 5254">
    <p class='ocr_par' dir='ltr' id='par_1_54' title="bbox 108 5179 1658 5254">
     <span class='ocr_line' id='line_1_54' title="bbox 108 5179 1658 5254; baseline -0.003 -16"><span class='ocrx_word' id='word_1_373' title='bbox 108 5198 151 5238; x_wconf 88' lang='lat' dir='ltr'><strong>et</strong></span> <span class='ocrx_word' id='word_1_374' title='bbox 173 5187 303 5243; x_wconf 86' lang='lat' dir='ltr'><strong>inter</strong></span> <span class='ocrx_word' id='word_1_375' title='bbox 325 5186 537 5242; x_wconf 91' lang='lat' dir='ltr'><strong>divinos</strong></span> <span class='ocrx_word' id='word_1_376' title='bbox 564 5184 729 5240; x_wconf 90' lang='lat' dir='ltr'><strong>libros</strong></span> <span class='ocrx_word' id='word_1_377' title='bbox 758 5183 1121 5254; x_wconf 88' lang='lat' dir='ltr'><strong>recipiendam</strong></span> <span class='ocrx_word' id='word_1_378' title='bbox 1145 5181 1565 5238; x_wconf 89' lang='lat' dir='ltr'><strong>constituerunt.</strong></span> <span class='ocrx_word' id='word_1_379' title='bbox 1589 5179 1658 5235; x_wconf 88' lang='lat' dir='ltr'><strong>Et</strong></span> 
     </span>
    </p>
   </div>
   <div class='ocr_carea' id='block_1_55' title="bbox 108 5271 1660 5350">
    <p class='ocr_par' dir='ltr' id='par_1_55' title="bbox 108 5271 1660 5350">
     <span class='ocr_line' id='line_1_55' title="bbox 108 5271 1660 5350; baseline -0.003 -21"><span class='ocrx_word' id='word_1_380' title='bbox 108 5277 212 5346; x_wconf 87' lang='lat' dir='ltr'><strong>quia</strong></span> <span class='ocrx_word' id='word_1_381' title='bbox 255 5277 469 5350; x_wconf 90' lang='lat' dir='ltr'><strong>plurimi</strong></span> <span class='ocrx_word' id='word_1_382' title='bbox 498 5284 626 5333; x_wconf 87' lang='lat' dir='ltr'><strong>sunt</strong></span> <span class='ocrx_word' id='word_1_383' title='bbox 658 5276 750 5347; x_wconf 89' lang='lat' dir='ltr'><strong>qui</strong></span> <span class='ocrx_word' id='word_1_384' title='bbox 779 5276 896 5345; x_wconf 85' lang='lat' dir='ltr'><strong>ejus</strong></span> <span class='ocrx_word' id='word_1_385' title='bbox 941 5274 1317 5329; x_wconf 82' lang='lat' dir='ltr'><strong>auctoritatem</strong></span> <span class='ocrx_word' id='word_1_386' title='bbox 1368 5288 1475 5326; x_wconf 93' lang='lat' dir='ltr'><strong>non</strong></span> <span class='ocrx_word' id='word_1_387' title='bbox 1524 5271 1660 5325; x_wconf 88' lang='lat' dir='ltr'><strong>reci-</strong></span> 
     </span>
    </p>
   </div>
   <div class='ocr_carea' id='block_1_56' title="bbox 108 5362 1657 5438">
    <p class='ocr_par' dir='ltr' id='par_1_56' title="bbox 108 5362 1657 5438">
     <span class='ocr_line' id='line_1_56' title="bbox 108 5362 1657 5438; baseline -0.003 -20"><span class='ocrx_word' id='word_1_388' title='bbox 108 5367 270 5435; x_wconf 86' lang='lat' dir='ltr'><strong>piunt,</strong></span> <span class='ocrx_word' id='word_1_389' title='bbox 305 5381 534 5438; x_wconf 86' lang='lat' dir='ltr'><strong>eamque</strong></span> <span class='ocrx_word' id='word_1_390' title='bbox 578 5367 633 5422; x_wconf 89' lang='lat' dir='ltr'><strong>in</strong></span> <span class='ocrx_word' id='word_1_391' title='bbox 663 5366 903 5422; x_wconf 87' lang='lat' dir='ltr'><strong>Ecclesia</strong></span> <span class='ocrx_word' id='word_1_392' title='bbox 928 5364 1021 5420; x_wconf 90' lang='lat' dir='ltr'><strong>Dei</strong></span> <span class='ocrx_word' id='word_1_393' title='bbox 1062 5362 1363 5433; x_wconf 67' lang='lat' dir='ltr'><strong>prrctlicate</strong></span> <span class='ocrx_word' id='word_1_394' title='bbox 1409 5368 1657 5416; x_wconf 77' lang='lat' dir='ltr'><strong>contem—</strong></span> 
     </span>
    </p>
   </div>
   <div class='ocr_carea' id='block_1_57' title="bbox 112 5450 1664 5530">
    <p class='ocr_par' dir='ltr' id='par_1_57' title="bbox 112 5450 1664 5530">
     <span class='ocr_line' id='line_1_57' title="bbox 112 5450 1664 5530; baseline -0.004 -21"><span class='ocrx_word' id='word_1_395' title='bbox 112 5470 241 5513; x_wconf 89' lang='lat' dir='ltr'><strong>nunt.</strong></span> <span class='ocrx_word' id='word_1_396' title='bbox 277 5460 331 5516; x_wconf 91' lang='lat' dir='ltr'><strong>Si</strong></span> <span class='ocrx_word' id='word_1_397' title='bbox 377 5459 501 5530; x_wconf 91' lang='lat' dir='ltr'><strong>quis</strong></span> <span class='ocrx_word' id='word_1_398' title='bbox 529 5473 652 5514; x_wconf 91' lang='lat' dir='ltr'><strong>eum</strong></span> <span class='ocrx_word' id='word_1_399' title='bbox 680 5457 937 5526; x_wconf 85' lang='lat' dir='ltr'><strong>deinceps</strong></span> <span class='ocrx_word' id='word_1_400' title='bbox 965 5462 1059 5510; x_wconf 89' lang='lat' dir='ltr'><strong>aut</strong></span> <span class='ocrx_word' id='word_1_401' title='bbox 1105 5469 1211 5507; x_wconf 93' lang='lat' dir='ltr'><strong>non</strong></span> <span class='ocrx_word' id='word_1_402' title='bbox 1244 5450 1540 5521; x_wconf 85' lang='lat' dir='ltr'><strong>receperit,</strong></span> <span class='ocrx_word' id='word_1_403' title='bbox 1569 5456 1664 5504; x_wconf 89' lang='lat' dir='ltr'><strong>aut</strong></span> 
     </span>
    </p>
   </div>
   <div class='ocr_carea' id='block_1_58' title="bbox 114 5545 1667 5623">
    <p class='ocr_par' dir='ltr' id='par_1_58' title="bbox 114 5545 1667 5623">
     <span class='ocr_line' id='line_1_58' title="bbox 114 5545 1667 5623; baseline -0.005 -20"><span class='ocrx_word' id='word_1_404' title='bbox 114 5566 137 5603; x_wconf 83' lang='lat' dir='ltr'><strong>a</strong></span> <span class='ocrx_word' id='word_1_405' title='bbox 158 5550 351 5609; x_wconf 80' lang='lat' dir='ltr'><strong>Pascha</strong></span> <span class='ocrx_word' id='word_1_406' title='bbox 378 5567 550 5623; x_wconf 89' lang='lat' dir='ltr'><strong>usque</strong></span> <span class='ocrx_word' id='word_1_407' title='bbox 578 5552 637 5607; x_wconf 74' lang='lat' dir='ltr'><strong>ad</strong></span> <span class='ocrx_word' id='word_1_408' title='bbox 656 5551 1019 5607; x_wconf 85' lang='lat' dir='ltr'><strong>Pentecosten</strong></span> <span class='ocrx_word' id='word_1_409' title='bbox 1045 5549 1097 5601; x_wconf 90' lang='lat' dir='ltr'><strong>in</strong></span> <span class='ocrx_word' id='word_1_410' title='bbox 1120 5545 1363 5601; x_wconf 84' lang='lat' dir='ltr'><strong>Ecclesia</strong></span> <span class='ocrx_word' id='word_1_411' title='bbox 1394 5559 1499 5598; x_wconf 93' lang='lat' dir='ltr'><strong>non</strong></span> <span class='ocrx_word' id='word_1_412' title='bbox 1525 5558 1667 5612; x_wconf 73' lang='lat' dir='ltr'><strong>pra:-</strong></span> 
     </span>
    </p>
   </div>
   <div class='ocr_carea' id='block_1_59' title="bbox 114 5634 1624 5709">
    <p class='ocr_par' dir='ltr' id='par_1_59' title="bbox 114 5634 1624 5709">
     <span class='ocr_line' id='line_1_59' title="bbox 114 5634 1624 5709; baseline -0.005 -15"><span class='ocrx_word' id='word_1_413' title='bbox 114 5641 381 5709; x_wconf 85' lang='lat' dir='ltr'><strong>dicaverit,</strong></span> <span class='ocrx_word' id='word_1_414' title='bbox 419 5641 1000 5701; x_wconf 75' lang='lat' dir='ltr'><strong>excommunicationis</strong></span> <span class='ocrx_word' id='word_1_415' title='bbox 1024 5637 1347 5694; x_wconf 80' lang='lat' dir='ltr'><strong>sententiam</strong></span> <span class='ocrx_word' id='word_1_416' title='bbox 1380 5634 1624 5690; x_wconf 76' lang='lat' dir='ltr'><strong>habebit.</strong></span> 
     </span>
    </p>
   </div>
   <div class='ocr_carea' id='block_1_60' title="bbox 172 5726 1662 5799">
    <p class='ocr_par' dir='ltr' id='par_1_60' title="bbox 172 5726 1662 5799">
     <span class='ocr_line' id='line_1_60' title="bbox 172 5726 1662 5799; baseline -0.008 -9"><span class='ocrx_word' id='word_1_417' title='bbox 172 5733 321 5790; x_wconf 79' lang='lat' dir='ltr'><strong>XVII.</strong></span> <span class='ocrx_word' id='word_1_418' title='bbox 362 5734 612 5791; x_wconf 85' lang='lat' dir='ltr'><strong>Nonnulli</strong></span> <span class='ocrx_word' id='word_1_419' title='bbox 641 5731 952 5788; x_wconf 88' lang='lat' dir='ltr'><strong>sacerdotes</strong></span> <span class='ocrx_word' id='word_1_420' title='bbox 976 5737 1099 5799; x_wconf 86' lang='lat' dir='ltr'><strong>post</strong></span> <span class='ocrx_word' id='word_1_421' title='bbox 1133 5728 1331 5783; x_wconf 90' lang='lat' dir='ltr'><strong>dictam</strong></span> <span class='ocrx_word' id='word_1_422' title='bbox 1362 5726 1662 5782; x_wconf 87' lang='lat' dir='ltr'><strong>orationem</strong></span> 
     </span>
    </p>
   </div>
   <div class='ocr_carea' id='block_1_61' title="bbox 116 5815 1665 5891">
    <p class='ocr_par' dir='ltr' id='par_1_61' title="bbox 116 5815 1665 5891">
     <span class='ocr_line' id='line_1_61' title="bbox 116 5815 1665 5891; baseline -0.008 -7"><span class='ocrx_word' id='word_1_423' title='bbox 116 5824 425 5885; x_wconf 77' lang='lat' dir='ltr'><strong>Dominicam</strong></span> <span class='ocrx_word' id='word_1_424' title='bbox 450 5826 632 5884; x_wconf 87' lang='lat' dir='ltr'><strong>statim</strong></span> <span class='ocrx_word' id='word_1_425' title='bbox 661 5821 1062 5879; x_wconf 88' lang='lat' dir='ltr'><strong>comnmnicant</strong></span> <span class='ocrx_word' id='word_1_426' title='bbox 1083 5860 1096 5886; x_wconf 92' lang='lat'><strong>,</strong></span> <span class='ocrx_word' id='word_1_427' title='bbox 1121 5827 1168 5874; x_wconf 88' lang='lat' dir='ltr'><strong>et</strong></span> <span class='ocrx_word' id='word_1_428' title='bbox 1197 5830 1381 5891; x_wconf 88' lang='lat' dir='ltr'><strong>postea</strong></span> <span class='ocrx_word' id='word_1_429' title='bbox 1408 5815 1665 5873; x_wconf 86' lang='lat' dir='ltr'><strong>benedic-</strong></span> 
     </span>
    </p>
   </div>
   <div class='ocr_carea' id='block_1_62' title="bbox 1738 604 3320 689">
    <p class='ocr_par' dir='ltr' id='par_1_62' title="bbox 1738 604 3320 689">
     <span class='ocr_line' id='line_1_62' title="bbox 1738 604 3320 689; baseline 0.009 -32"><span class='ocrx_word' id='word_1_430' title='bbox 1738 604 1833 659; x_wconf 88' lang='lat' dir='ltr'><strong>sed</strong></span> <span class='ocrx_word' id='word_1_431' title='bbox 1876 617 1999 676; x_wconf 91' lang='lat' dir='ltr'><strong>post</strong></span> <span class='ocrx_word' id='word_1_432' title='bbox 2027 610 2331 667; x_wconf 89' lang='lat' dir='ltr'><strong>orationem</strong></span> <span class='ocrx_word' id='word_1_433' title='bbox 2361 611 2699 670; x_wconf 90' lang='lat' dir='ltr'><strong>Dominicam</strong></span> <span class='ocrx_word' id='word_1_434' title='bbox 2726 613 3034 672; x_wconf 88' lang='lat' dir='ltr'><strong>benedictio</strong></span> <span class='ocrx_word' id='word_1_435' title='bbox 3066 616 3120 671; x_wconf 92' lang='lat' dir='ltr'><strong>in</strong></span> <span class='ocrx_word' id='word_1_436' title='bbox 3149 632 3320 689; x_wconf 82' lang='lat' dir='ltr'><strong>popu-</strong></span> 
     </span>
    </p>
   </div>
   <div class='ocr_carea' id='block_1_63' title="bbox 1737 695 3319 778">
    <p class='ocr_par' dir='ltr' id='par_1_63' title="bbox 1737 695 3319 778">
     <span class='ocr_line' id='line_1_63' title="bbox 1737 695 3319 778; baseline 0.009 -28"><span class='ocrx_word' id='word_1_437' title='bbox 1737 695 1847 751; x_wconf 89' lang='lat' dir='ltr'><strong>lum</strong></span> <span class='ocrx_word' id='word_1_438' title='bbox 1877 709 2156 770; x_wconf 88' lang='lat' dir='ltr'><strong>sequatur,</strong></span> <span class='ocrx_word' id='word_1_439' title='bbox 2184 711 2240 758; x_wconf 90' lang='lat' dir='ltr'><strong>et</strong></span> <span class='ocrx_word' id='word_1_440' title='bbox 2272 713 2397 760; x_wconf 89' lang='lat' dir='ltr'><strong>tunc</strong></span> <span class='ocrx_word' id='word_1_441' title='bbox 2420 705 2634 762; x_wconf 87' lang='lat' dir='ltr'><strong>demum</strong></span> <span class='ocrx_word' id='word_1_442' title='bbox 2659 708 2906 777; x_wconf 90' lang='lat' dir='ltr'><strong>corporis</strong></span> <span class='ocrx_word' id='word_1_443' title='bbox 2943 717 3001 762; x_wconf 89' lang='lat' dir='ltr'><strong>et</strong></span> <span class='ocrx_word' id='word_1_444' title='bbox 3037 710 3319 778; x_wconf 80' lang='lat' dir='ltr'><strong>sanguinis</strong></span> 
     </span>
    </p>
   </div>
   <div class='ocr_carea' id='block_1_64' title="bbox 1736 787 3320 860">
    <p class='ocr_par' dir='ltr' id='par_1_64' title="bbox 1736 787 3320 860">
     <span class='ocr_line' id='line_1_64' title="bbox 1736 787 3320 860; baseline 0.007 -18"><span class='ocrx_word' id='word_1_445' title='bbox 1736 787 1948 844; x_wconf 90' lang='lat' dir='ltr'><strong>Domini</strong></span> <span class='ocrx_word' id='word_1_446' title='bbox 1994 802 2393 849; x_wconf 88' lang='lat' dir='ltr'><strong>sacramentum</strong></span> <span class='ocrx_word' id='word_1_447' title='bbox 2425 805 2695 860; x_wconf 87' lang='lat' dir='ltr'><strong>sumatur,</strong></span> <span class='ocrx_word' id='word_1_448' title='bbox 2743 812 2809 852; x_wconf 90' lang='lat' dir='ltr'><strong>eo</strong></span> <span class='ocrx_word' id='word_1_449' title='bbox 2838 797 3091 853; x_wconf 88' lang='lat' dir='ltr'><strong>videlicet</strong></span> <span class='ocrx_word' id='word_1_450' title='bbox 3128 799 3320 853; x_wconf 90' lang='lat' dir='ltr'><strong>ordine</strong></span> 
     </span>
    </p>
   </div>
   <div class='ocr_carea' id='block_1_65' title="bbox 1736 881 3316 956">
    <p class='ocr_par' dir='ltr' id='par_1_65' title="bbox 1736 881 3316 956">
     <span class='ocr_line' id='line_1_65' title="bbox 1736 881 3316 956; baseline 0.006 -23"><span class='ocrx_word' id='word_1_451' title='bbox 1736 886 1796 934; x_wconf 92' lang='lat' dir='ltr'><strong>ut</strong></span> <span class='ocrx_word' id='word_1_452' title='bbox 1817 881 2131 939; x_wconf 89' lang='lat' dir='ltr'><strong>sacerdotes</strong></span> <span class='ocrx_word' id='word_1_453' title='bbox 2155 892 2214 940; x_wconf 89' lang='lat' dir='ltr'><strong>et</strong></span> <span class='ocrx_word' id='word_1_454' title='bbox 2240 884 2418 942; x_wconf 71' lang='lat' dir='ltr'><strong>levita:</strong></span> <span class='ocrx_word' id='word_1_455' title='bbox 2444 896 2574 942; x_wconf 87' lang='lat' dir='ltr'><strong>ante</strong></span> <span class='ocrx_word' id='word_1_456' title='bbox 2598 887 2774 944; x_wconf 89' lang='lat' dir='ltr'><strong>altare</strong></span> <span class='ocrx_word' id='word_1_457' title='bbox 2802 889 3234 956; x_wconf 88' lang='lat' dir='ltr'><strong>communicent,</strong></span> <span class='ocrx_word' id='word_1_458' title='bbox 3263 891 3316 945; x_wconf 90' lang='lat' dir='ltr'><strong>in</strong></span> 
     </span>
    </p>
   </div>
   <div class='ocr_carea' id='block_1_66' title="bbox 1733 970 2865 1051">
    <p class='ocr_par' dir='ltr' id='par_1_66' title="bbox 1733 970 2865 1051">
     <span class='ocr_line' id='line_1_66' title="bbox 1733 970 2865 1051; baseline 0.007 -25"><span class='ocrx_word' id='word_1_459' title='bbox 1733 970 1903 1027; x_wconf 89' lang='lat' dir='ltr'><strong>choro</strong></span> <span class='ocrx_word' id='word_1_460' title='bbox 1931 973 2142 1042; x_wconf 90' lang='lat' dir='ltr'><strong>clerus,</strong></span> <span class='ocrx_word' id='word_1_461' title='bbox 2166 986 2321 1032; x_wconf 78' lang='lat' dir='ltr'><strong>extra</strong></span> <span class='ocrx_word' id='word_1_462' title='bbox 2350 978 2573 1034; x_wconf 89' lang='lat' dir='ltr'><strong>chorum</strong></span> <span class='ocrx_word' id='word_1_463' title='bbox 2616 980 2865 1051; x_wconf 89' lang='lat' dir='ltr'><strong>populus.</strong></span> 
     </span>
    </p>
   </div>
   <div class='ocr_carea' id='block_1_67' title="bbox 1806 1061 3320 1141">
    <p class='ocr_par' dir='ltr' id='par_1_67' title="bbox 1806 1061 3320 1141">
     <span class='ocr_line' id='line_1_67' title="bbox 1806 1061 3320 1141; baseline 0.006 -24"><span class='ocrx_word' id='word_1_464' title='bbox 1806 1061 1995 1119; x_wconf 76' lang='lat' dir='ltr'><strong>XVIII.</strong></span> <span class='ocrx_word' id='word_1_465' title='bbox 2031 1064 2345 1123; x_wconf 90' lang='lat' dir='ltr'><strong>Perniciosa</strong></span> <span class='ocrx_word' id='word_1_466' title='bbox 2373 1070 2707 1125; x_wconf 92' lang='lat' dir='ltr'><strong>consuetudo</strong></span> <span class='ocrx_word' id='word_1_467' title='bbox 2737 1086 3082 1141; x_wconf 84' lang='lat' dir='ltr'><strong>nequaquam</strong></span> <span class='ocrx_word' id='word_1_468' title='bbox 3113 1080 3199 1125; x_wconf 91' lang='lat' dir='ltr'><strong>est</strong></span> <span class='ocrx_word' id='word_1_469' title='bbox 3232 1087 3320 1126; x_wconf 88' lang='lat' dir='ltr'><strong>re-</strong></span> 
     </span>
    </p>
   </div>
   <div class='ocr_carea' id='block_1_68' title="bbox 1734 1154 3315 1231">
    <p class='ocr_par' dir='ltr' id='par_1_68' title="bbox 1734 1154 3315 1231">
     <span class='ocr_line' id='line_1_68' title="bbox 1734 1154 3315 1231; baseline 0.004 -21"><span class='ocrx_word' id='word_1_470' title='bbox 1734 1154 2124 1229; x_wconf 72' lang='lat' dir='ltr'><strong>cipienda‘qnaa</strong></span> <span class='ocrx_word' id='word_1_471' title='bbox 2151 1157 2415 1228; x_wconf 85' lang='lat' dir='ltr'><strong>majorum</strong></span> <span class='ocrx_word' id='word_1_472' title='bbox 2460 1169 2659 1216; x_wconf 85' lang='lat' dir='ltr'><strong>statuta</strong></span> <span class='ocrx_word' id='word_1_473' title='bbox 2704 1162 3052 1231; x_wconf 73' lang='lat' dir='ltr'><strong>prmteriens,</strong></span> <span class='ocrx_word' id='word_1_474' title='bbox 3097 1176 3315 1218; x_wconf 89' lang='lat' dir='ltr'><strong>omnem</strong></span> 
     </span>
    </p>
   </div>
   <div class='ocr_carea' id='block_1_69' title="bbox 1734 1248 3323 1322">
    <p class='ocr_par' dir='ltr' id='par_1_69' title="bbox 1734 1248 3323 1322">
     <span class='ocr_line' id='line_1_69' title="bbox 1734 1248 3323 1322; baseline 0.003 -19"><span class='ocrx_word' id='word_1_475' title='bbox 1734 1248 1977 1305; x_wconf 65' lang='lat' dir='ltr'><strong>ecclesiae</strong></span> <span class='ocrx_word' id='word_1_476' title='bbox 2006 1249 2250 1306; x_wconf 88' lang='lat' dir='ltr'><strong>ordinem</strong></span> <span class='ocrx_word' id='word_1_477' title='bbox 2282 1253 2717 1322; x_wconf 86' lang='lat' dir='ltr'><strong>perturbaverit,</strong></span> <span class='ocrx_word' id='word_1_478' title='bbox 2745 1251 2875 1307; x_wconf 89' lang='lat' dir='ltr'><strong>dum</strong></span> <span class='ocrx_word' id='word_1_479' title='bbox 2928 1252 3019 1307; x_wconf 89' lang='lat' dir='ltr'><strong>alii</strong></span> <span class='ocrx_word' id='word_1_480' title='bbox 3065 1267 3163 1322; x_wconf 90' lang='lat' dir='ltr'><strong>per</strong></span> <span class='ocrx_word' id='word_1_481' title='bbox 3206 1269 3323 1307; x_wconf 89' lang='lat' dir='ltr'><strong>am-</strong></span> 
     </span>
    </p>
   </div>
   <div class='ocr_carea' id='block_1_70' title="bbox 1734 1338 3323 1414">
    <p class='ocr_par' dir='ltr' id='par_1_70' title="bbox 1734 1338 3323 1414">
     <span class='ocr_line' id='line_1_70' title="bbox 1734 1338 3323 1414; baseline 0.002 -19"><span class='ocrx_word' id='word_1_482' title='bbox 1734 1338 1882 1395; x_wconf 91' lang='lat' dir='ltr'><strong>bitus</strong></span> <span class='ocrx_word' id='word_1_483' title='bbox 1924 1340 2228 1397; x_wconf 84' lang='lat' dir='ltr'><strong>sacerdotia</strong></span> <span class='ocrx_word' id='word_1_484' title='bbox 2271 1351 2562 1414; x_wconf 84' lang='lat' dir='ltr'><strong>appetunt,</strong></span> <span class='ocrx_word' id='word_1_485' title='bbox 2620 1343 2709 1398; x_wconf 89' lang='lat' dir='ltr'><strong>alii</strong></span> <span class='ocrx_word' id='word_1_486' title='bbox 2762 1342 2960 1399; x_wconf 88' lang='lat' dir='ltr'><strong>oblatis</strong></span> <span class='ocrx_word' id='word_1_487' title='bbox 3011 1343 3323 1398; x_wconf 89' lang='lat' dir='ltr'><strong>muneribus</strong></span> 
     </span>
    </p>
   </div>
   <div class='ocr_carea' id='block_1_71' title="bbox 1735 1428 3322 1499">
    <p class='ocr_par' dir='ltr' id='par_1_71' title="bbox 1735 1428 3322 1499">
     <span class='ocr_line' id='line_1_71' title="bbox 1735 1428 3322 1499; baseline 0.003 -17"><span class='ocrx_word' id='word_1_488' title='bbox 1735 1428 2108 1499; x_wconf 84' lang='lat' dir='ltr'><strong>pontificatum</strong></span> <span class='ocrx_word' id='word_1_489' title='bbox 2155 1439 2473 1499; x_wconf 84' lang='lat' dir='ltr'><strong>assumunt,</strong></span> <span class='ocrx_word' id='word_1_490' title='bbox 2527 1432 2771 1487; x_wconf 92' lang='lat' dir='ltr'><strong>nonnulli</strong></span> <span class='ocrx_word' id='word_1_491' title='bbox 2823 1432 2989 1488; x_wconf 91' lang='lat' dir='ltr'><strong>etiam</strong></span> <span class='ocrx_word' id='word_1_492' title='bbox 3026 1431 3322 1487; x_wconf 87' lang='lat' dir='ltr'><strong>sceleribus</strong></span> 
     </span>
    </p>
   </div>
   <div class='ocr_carea' id='block_1_72' title="bbox 1737 1516 3323 1590">
    <p class='ocr_par' dir='ltr' id='par_1_72' title="bbox 1737 1516 3323 1590">
     <span class='ocr_line' id='line_1_72' title="bbox 1737 1516 3323 1590; baseline 0.001 -18"><span class='ocrx_word' id='word_1_493' title='bbox 1737 1516 2037 1588; x_wconf 89' lang='lat' dir='ltr'><strong>implicati,</strong></span> <span class='ocrx_word' id='word_1_494' title='bbox 2088 1519 2174 1574; x_wconf 88' lang='lat' dir='ltr'><strong>vel</strong></span> <span class='ocrx_word' id='word_1_495' title='bbox 2216 1519 2462 1575; x_wconf 68' lang='lat' dir='ltr'><strong>saeculari</strong></span> <span class='ocrx_word' id='word_1_496' title='bbox 2510 1520 2721 1576; x_wconf 83' lang='lat' dir='ltr'><strong>militiae</strong></span> <span class='ocrx_word' id='word_1_497' title='bbox 2769 1520 2973 1583; x_wconf 90' lang='lat' dir='ltr'><strong>dediti,</strong></span> <span class='ocrx_word' id='word_1_498' title='bbox 3021 1519 3225 1590; x_wconf 84' lang='lat' dir='ltr'><strong>indigni</strong></span> <span class='ocrx_word' id='word_1_499' title='bbox 3255 1520 3323 1573; x_wconf 90' lang='lat' dir='ltr'><strong>ad</strong></span> 
     </span>
    </p>
   </div>
   <div class='ocr_carea' id='block_1_73' title="bbox 1735 1608 3323 1683">
    <p class='ocr_par' dir='ltr' id='par_1_73' title="bbox 1735 1608 3323 1683">
     <span class='ocr_line' id='line_1_73' title="bbox 1735 1608 3323 1683; baseline 0.001 -20"><span class='ocrx_word' id='word_1_500' title='bbox 1735 1608 1997 1665; x_wconf 89' lang='lat' dir='ltr'><strong>honorem</strong></span> <span class='ocrx_word' id='word_1_501' title='bbox 2046 1610 2243 1665; x_wconf 91' lang='lat' dir='ltr'><strong>summi</strong></span> <span class='ocrx_word' id='word_1_502' title='bbox 2295 1626 2359 1667; x_wconf 90' lang='lat' dir='ltr'><strong>ac</strong></span> <span class='ocrx_word' id='word_1_503' title='bbox 2388 1612 2528 1668; x_wconf 90' lang='lat' dir='ltr'><strong>sacri</strong></span> <span class='ocrx_word' id='word_1_504' title='bbox 2567 1612 2777 1669; x_wconf 90' lang='lat' dir='ltr'><strong>ordinis</strong></span> <span class='ocrx_word' id='word_1_505' title='bbox 2822 1621 3221 1683; x_wconf 87' lang='lat' dir='ltr'><strong>pervenerunt,</strong></span> <span class='ocrx_word' id='word_1_506' title='bbox 3255 1612 3323 1666; x_wconf 87' lang='lat' dir='ltr'><strong>de</strong></span> 
     </span>
    </p>
   </div>
   <div class='ocr_carea' id='block_1_74' title="bbox 1737 1701 3323 1774">
    <p class='ocr_par' dir='ltr' id='par_1_74' title="bbox 1737 1701 3323 1774">
     <span class='ocr_line' id='line_1_74' title="bbox 1737 1701 3323 1774; baseline 0 -18"><span class='ocrx_word' id='word_1_507' title='bbox 1737 1714 1966 1771; x_wconf 87' lang='lat' dir='ltr'><strong>quorum</strong></span> <span class='ocrx_word' id='word_1_508' title='bbox 1998 1701 2205 1757; x_wconf 87' lang='lat' dir='ltr'><strong>scilicet</strong></span> <span class='ocrx_word' id='word_1_509' title='bbox 2248 1717 2411 1758; x_wconf 87' lang='lat' dir='ltr'><strong>causa</strong></span> <span class='ocrx_word' id='word_1_510' title='bbox 2460 1712 2623 1774; x_wconf 88' lang='lat' dir='ltr'><strong>atque</strong></span> <span class='ocrx_word' id='word_1_511' title='bbox 2676 1704 2976 1759; x_wconf 88' lang='lat' dir='ltr'><strong>remotione</strong></span> <span class='ocrx_word' id='word_1_512' title='bbox 3001 1710 3323 1773; x_wconf 88' lang='lat' dir='ltr'><strong>oportuerat</strong></span> 
     </span>
    </p>
   </div>
   <div class='ocr_carea' id='block_1_75' title="bbox 1738 1790 3312 1863">
    <p class='ocr_par' dir='ltr' id='par_1_75' title="bbox 1738 1790 3312 1863">
     <span class='ocr_line' id='line_1_75' title="bbox 1738 1790 3312 1863; baseline 0.001 -20"><span class='ocrx_word' id='word_1_513' title='bbox 1738 1790 1955 1861; x_wconf 88' lang='lat' dir='ltr'><strong>quidem</strong></span> <span class='ocrx_word' id='word_1_514' title='bbox 1984 1799 2254 1860; x_wconf 88' lang='lat' dir='ltr'><strong>statuere,</strong></span> <span class='ocrx_word' id='word_1_515' title='bbox 2288 1792 2381 1847; x_wconf 88' lang='lat' dir='ltr'><strong>sed</strong></span> <span class='ocrx_word' id='word_1_516' title='bbox 2427 1807 2494 1847; x_wconf 89' lang='lat' dir='ltr'><strong>ne</strong></span> <span class='ocrx_word' id='word_1_517' title='bbox 2541 1794 2879 1863; x_wconf 87' lang='lat' dir='ltr'><strong>perturbatio</strong></span> <span class='ocrx_word' id='word_1_518' title='bbox 2917 1792 3312 1863; x_wconf 87' lang='lat' dir='ltr'><strong>quamplurima</strong></span> 
     </span>
    </p>
   </div>
   <div class='ocr_carea' id='block_1_76' title="bbox 1737 1882 3319 1956">
    <p class='ocr_par' dir='ltr' id='par_1_76' title="bbox 1737 1882 3319 1956">
     <span class='ocr_line' id='line_1_76' title="bbox 1737 1882 3319 1956; baseline -0.001 -17"><span class='ocrx_word' id='word_1_519' title='bbox 1737 1882 1981 1939; x_wconf 65' lang='lat' dir='ltr'><strong>ecclesiae</strong></span> <span class='ocrx_word' id='word_1_520' title='bbox 2008 1883 2245 1939; x_wconf 91' lang='lat' dir='ltr'><strong>oriretur</strong></span> <span class='ocrx_word' id='word_1_521' title='bbox 2265 1885 2557 1956; x_wconf 65' lang='lat' dir='ltr'><strong>praeteritis</strong></span> <span class='ocrx_word' id='word_1_522' title='bbox 2581 1885 2796 1941; x_wconf 87' lang='lat' dir='ltr'><strong>omissis</strong></span> <span class='ocrx_word' id='word_1_523' title='bbox 2821 1885 3077 1955; x_wconf 89' lang='lat' dir='ltr'><strong>deinceps</strong></span> <span class='ocrx_word' id='word_1_524' title='bbox 3098 1883 3191 1954; x_wconf 91' lang='lat' dir='ltr'><strong>qui</strong></span> <span class='ocrx_word' id='word_1_525' title='bbox 3210 1898 3319 1938; x_wconf 89' lang='lat' dir='ltr'><strong>non</strong></span> 
     </span>
    </p>
   </div>
   <div class='ocr_carea' id='block_1_77' title="bbox 1737 1975 3323 2047">
    <p class='ocr_par' dir='ltr' id='par_1_77' title="bbox 1737 1975 3323 2047">
     <span class='ocr_line' id='line_1_77' title="bbox 1737 1975 3323 2047; baseline 0.001 -20"><span class='ocrx_word' id='word_1_526' title='bbox 1737 1985 2166 2044; x_wconf 87' lang='lat' dir='ltr'><strong>promoveantur</strong></span> <span class='ocrx_word' id='word_1_527' title='bbox 2193 1975 2260 2029; x_wconf 88' lang='lat' dir='ltr'><strong>ad</strong></span> <span class='ocrx_word' id='word_1_528' title='bbox 2288 1975 2654 2031; x_wconf 87' lang='lat' dir='ltr'><strong>sacerdotium</strong></span> <span class='ocrx_word' id='word_1_529' title='bbox 2686 1992 2751 2031; x_wconf 86' lang='lat' dir='ltr'><strong>ex</strong></span> <span class='ocrx_word' id='word_1_530' title='bbox 2781 1975 2983 2047; x_wconf 83' lang='lat' dir='ltr'><strong>regulis</strong></span> <span class='ocrx_word' id='word_1_531' title='bbox 3011 1990 3279 2030; x_wconf 90' lang='lat' dir='ltr'><strong>canonum</strong></span> <span class='ocrx_word' id='word_1_532' title='bbox 3306 2014 3323 2039; x_wconf 91' lang='lat'><strong>,</strong></span> 
     </span>
    </p>
   </div>
   <div class='ocr_carea' id='block_1_78' title="bbox 1740 2064 3323 2136">
    <p class='ocr_par' dir='ltr' id='par_1_78' title="bbox 1740 2064 3323 2136">
     <span class='ocr_line' id='line_1_78' title="bbox 1740 2064 3323 2136; baseline -0.001 -16"><span class='ocrx_word' id='word_1_533' title='bbox 1740 2065 2049 2121; x_wconf 87' lang='lat' dir='ltr'><strong>necessario</strong></span> <span class='ocrx_word' id='word_1_534' title='bbox 2073 2066 2346 2121; x_wconf 89' lang='lat' dir='ltr'><strong>credimus</strong></span> <span class='ocrx_word' id='word_1_535' title='bbox 2374 2065 2719 2122; x_wconf 79' lang='lat' dir='ltr'><strong>inserendum</strong></span> <span class='ocrx_word' id='word_1_536' title='bbox 2740 2108 2753 2132; x_wconf 94' lang='lat'><strong>,</strong></span> <span class='ocrx_word' id='word_1_537' title='bbox 2788 2068 2840 2120; x_wconf 94' lang='lat' dir='ltr'><strong>id</strong></span> <span class='ocrx_word' id='word_1_538' title='bbox 2864 2076 2982 2131; x_wconf 87' lang='lat' dir='ltr'><strong>est,</strong></span> <span class='ocrx_word' id='word_1_539' title='bbox 3014 2066 3106 2136; x_wconf 91' lang='lat' dir='ltr'><strong>qui</strong></span> <span class='ocrx_word' id='word_1_540' title='bbox 3136 2066 3188 2120; x_wconf 92' lang='lat' dir='ltr'><strong>in</strong></span> <span class='ocrx_word' id='word_1_541' title='bbox 3219 2064 3323 2119; x_wconf 86' lang='lat' dir='ltr'><strong>ali-</strong></span> 
     </span>
    </p>
   </div>
   <div class='ocr_carea' id='block_1_79' title="bbox 1738 2154 3319 2228">
    <p class='ocr_par' dir='ltr' id='par_1_79' title="bbox 1738 2154 3319 2228">
     <span class='ocr_line' id='line_1_79' title="bbox 1738 2154 3319 2228; baseline -0.001 -18"><span class='ocrx_word' id='word_1_542' title='bbox 1738 2171 1845 2225; x_wconf 90' lang='lat' dir='ltr'><strong>quo</strong></span> <span class='ocrx_word' id='word_1_543' title='bbox 1875 2156 2105 2212; x_wconf 89' lang='lat' dir='ltr'><strong>crimine</strong></span> <span class='ocrx_word' id='word_1_544' title='bbox 2133 2157 2331 2212; x_wconf 90' lang='lat' dir='ltr'><strong>detecti</strong></span> <span class='ocrx_word' id='word_1_545' title='bbox 2355 2165 2507 2220; x_wconf 90' lang='lat' dir='ltr'><strong>sunt,</strong></span> <span class='ocrx_word' id='word_1_546' title='bbox 2541 2157 2630 2228; x_wconf 87' lang='lat' dir='ltr'><strong>qui</strong></span> <span class='ocrx_word' id='word_1_547' title='bbox 2671 2157 2907 2211; x_wconf 80' lang='lat' dir='ltr'><strong>infamiae</strong></span> <span class='ocrx_word' id='word_1_548' title='bbox 2932 2165 3060 2211; x_wconf 90' lang='lat' dir='ltr'><strong>uota</strong></span> <span class='ocrx_word' id='word_1_549' title='bbox 3109 2154 3319 2226; x_wconf 88' lang='lat' dir='ltr'><strong>aspersi</strong></span> 
     </span>
    </p>
   </div>
   <div class='ocr_carea' id='block_1_80' title="bbox 1738 2247 3318 2321">
    <p class='ocr_par' dir='ltr' id='par_1_80' title="bbox 1738 2247 3318 2321">
     <span class='ocr_line' id='line_1_80' title="bbox 1738 2247 3318 2321; baseline -0.001 -19"><span class='ocrx_word' id='word_1_550' title='bbox 1738 2256 1899 2312; x_wconf 87' lang='lat' dir='ltr'><strong>sunt,</strong></span> <span class='ocrx_word' id='word_1_551' title='bbox 1936 2248 2029 2318; x_wconf 86' lang='lat' dir='ltr'><strong>qui</strong></span> <span class='ocrx_word' id='word_1_552' title='bbox 2077 2248 2283 2303; x_wconf 86' lang='lat' dir='ltr'><strong>scelera</strong></span> <span class='ocrx_word' id='word_1_553' title='bbox 2323 2250 2545 2319; x_wconf 83' lang='lat' dir='ltr'><strong>antiqua</strong></span> <span class='ocrx_word' id='word_1_554' title='bbox 2592 2265 2691 2320; x_wconf 87' lang='lat' dir='ltr'><strong>per</strong></span> <span class='ocrx_word' id='word_1_555' title='bbox 2742 2247 3015 2321; x_wconf 87' lang='lat' dir='ltr'><strong>publicam</strong></span> <span class='ocrx_word' id='word_1_556' title='bbox 3046 2247 3318 2318; x_wconf 77' lang='lat' dir='ltr'><strong>pmniten—</strong></span> 
     </span>
    </p>
   </div>
   <div class='ocr_carea' id='block_1_81' title="bbox 1741 2330 3328 2412">
    <p class='ocr_par' dir='ltr' id='par_1_81' title="bbox 1741 2330 3328 2412">
     <span class='ocr_line' id='line_1_81' title="bbox 1741 2330 3328 2412; baseline -0.003 -13"><span class='ocrx_word' id='word_1_557' title='bbox 1741 2343 1871 2399; x_wconf 91' lang='lat' dir='ltr'><strong>tiam</strong></span> <span class='ocrx_word' id='word_1_558' title='bbox 1900 2342 2184 2398; x_wconf 81' lang='lat' dir='ltr'><strong>adntisisse</strong></span> <span class='ocrx_word' id='word_1_559' title='bbox 2210 2341 2443 2398; x_wconf 81' lang='lat' dir='ltr'><strong>confessi</strong></span> <span class='ocrx_word' id='word_1_560' title='bbox 2472 2351 2632 2407; x_wconf 91' lang='lat' dir='ltr'><strong>sunt,</strong></span> <span class='ocrx_word' id='word_1_561' title='bbox 2682 2330 2858 2412; x_wconf 85' lang='lat' dir='ltr'><strong>quiin</strong></span> <span class='ocrx_word' id='word_1_562' title='bbox 2901 2339 3149 2397; x_wconf 66' lang='lat' dir='ltr'><strong>haeresim</strong></span> <span class='ocrx_word' id='word_1_563' title='bbox 3190 2339 3328 2410; x_wconf 88' lang='lat' dir='ltr'><strong>lapsi</strong></span> 
     </span>
    </p>
   </div>
   <div class='ocr_carea' id='block_1_82' title="bbox 1739 2429 3331 2504">
    <p class='ocr_par' dir='ltr' id='par_1_82' title="bbox 1739 2429 3331 2504">
     <span class='ocr_line' id='line_1_82' title="bbox 1739 2429 3331 2504; baseline -0.001 -17"><span class='ocrx_word' id='word_1_564' title='bbox 1739 2441 1902 2499; x_wconf 90' lang='lat' dir='ltr'><strong>sunt,</strong></span> <span class='ocrx_word' id='word_1_565' title='bbox 1946 2433 2039 2504; x_wconf 91' lang='lat' dir='ltr'><strong>qui</strong></span> <span class='ocrx_word' id='word_1_566' title='bbox 2070 2434 2123 2488; x_wconf 93' lang='lat' dir='ltr'><strong>in</strong></span> <span class='ocrx_word' id='word_1_567' title='bbox 2167 2433 2359 2489; x_wconf 65' lang='lat' dir='ltr'><strong>haeresi</strong></span> <span class='ocrx_word' id='word_1_568' title='bbox 2405 2433 2664 2504; x_wconf 88' lang='lat' dir='ltr'><strong>baptizati</strong></span> <span class='ocrx_word' id='word_1_569' title='bbox 2710 2440 2805 2488; x_wconf 86' lang='lat' dir='ltr'><strong>aut</strong></span> <span class='ocrx_word' id='word_1_570' title='bbox 2852 2429 3169 2501; x_wconf 80' lang='lat' dir='ltr'><strong>rebaptizati</strong></span> <span class='ocrx_word' id='word_1_571' title='bbox 3208 2445 3331 2485; x_wconf 90' lang='lat' dir='ltr'><strong>esse</strong></span> 
     </span>
    </p>
   </div>
   <div class='ocr_carea' id='block_1_83' title="bbox 1741 2525 3330 2597">
    <p class='ocr_par' dir='ltr' id='par_1_83' title="bbox 1741 2525 3330 2597">
     <span class='ocr_line' id='line_1_83' title="bbox 1741 2525 3330 2597; baseline -0.004 -16"><span class='ocrx_word' id='word_1_572' title='bbox 1741 2536 2059 2590; x_wconf 90' lang='lat' dir='ltr'><strong>noscuntur,</strong></span> <span class='ocrx_word' id='word_1_573' title='bbox 2086 2526 2176 2596; x_wconf 86' lang='lat' dir='ltr'><strong>qui</strong></span> <span class='ocrx_word' id='word_1_574' title='bbox 2204 2527 2525 2597; x_wconf 83' lang='lat' dir='ltr'><strong>semetipsos</strong></span> <span class='ocrx_word' id='word_1_575' title='bbox 2562 2525 2947 2592; x_wconf 88' lang='lat' dir='ltr'><strong>absciderunt,</strong></span> <span class='ocrx_word' id='word_1_576' title='bbox 2975 2531 3069 2578; x_wconf 87' lang='lat' dir='ltr'><strong>aut</strong></span> <span class='ocrx_word' id='word_1_577' title='bbox 3111 2531 3330 2578; x_wconf 80' lang='lat' dir='ltr'><strong>natura-</strong></span> 
     </span>
    </p>
   </div>
   <div class='ocr_carea' id='block_1_84' title="bbox 1743 2612 3328 2683">
    <p class='ocr_par' dir='ltr' id='par_1_84' title="bbox 1743 2612 3328 2683">
     <span class='ocr_line' id='line_1_84' title="bbox 1743 2612 3328 2683; baseline -0.003 -13"><span class='ocrx_word' id='word_1_578' title='bbox 1743 2616 1865 2671; x_wconf 90' lang='lat' dir='ltr'><strong>liter</strong></span> <span class='ocrx_word' id='word_1_579' title='bbox 1894 2615 2109 2672; x_wconf 90' lang='lat' dir='ltr'><strong>defectu</strong></span> <span class='ocrx_word' id='word_1_580' title='bbox 2146 2615 2514 2672; x_wconf 89' lang='lat' dir='ltr'><strong>membrorum</strong></span> <span class='ocrx_word' id='word_1_581' title='bbox 2543 2623 2633 2671; x_wconf 90' lang='lat' dir='ltr'><strong>aut</strong></span> <span class='ocrx_word' id='word_1_582' title='bbox 2666 2614 2940 2671; x_wconf 87' lang='lat' dir='ltr'><strong>dccisione</strong></span> <span class='ocrx_word' id='word_1_583' title='bbox 2987 2612 3187 2683; x_wconf 88' lang='lat' dir='ltr'><strong>aliquid</strong></span> <span class='ocrx_word' id='word_1_584' title='bbox 3223 2612 3328 2667; x_wconf 90' lang='lat' dir='ltr'><strong>mi-</strong></span> 
     </span>
    </p>
   </div>
   <div class='ocr_carea' id='block_1_85' title="bbox 1742 2703 3329 2778">
    <p class='ocr_par' dir='ltr' id='par_1_85' title="bbox 1742 2703 3329 2778">
     <span class='ocr_line' id='line_1_85' title="bbox 1742 2703 3329 2778; baseline -0.004 -13"><span class='ocrx_word' id='word_1_585' title='bbox 1742 2725 1844 2765; x_wconf 91' lang='lat' dir='ltr'><strong>nus</strong></span> <span class='ocrx_word' id='word_1_586' title='bbox 1872 2709 2073 2764; x_wconf 89' lang='lat' dir='ltr'><strong>habere</strong></span> <span class='ocrx_word' id='word_1_587' title='bbox 2120 2717 2442 2773; x_wconf 91' lang='lat' dir='ltr'><strong>noscuntur,</strong></span> <span class='ocrx_word' id='word_1_588' title='bbox 2489 2707 2582 2778; x_wconf 91' lang='lat' dir='ltr'><strong>qui</strong></span> <span class='ocrx_word' id='word_1_589' title='bbox 2621 2705 2874 2762; x_wconf 65' lang='lat' dir='ltr'><strong>secunda:</strong></span> <span class='ocrx_word' id='word_1_590' title='bbox 2918 2706 3106 2761; x_wconf 79' lang='lat' dir='ltr'><strong>uxoris</strong></span> <span class='ocrx_word' id='word_1_591' title='bbox 3139 2703 3329 2775; x_wconf 80' lang='lat' dir='ltr'><strong>cogni-</strong></span> 
     </span>
    </p>
   </div>
   <div class='ocr_carea' id='block_1_86' title="bbox 1745 2794 3335 2867">
    <p class='ocr_par' dir='ltr' id='par_1_86' title="bbox 1745 2794 3335 2867">
     <span class='ocr_line' id='line_1_86' title="bbox 1745 2794 3335 2867; baseline -0.004 -13"><span class='ocrx_word' id='word_1_592' title='bbox 1745 2798 1947 2854; x_wconf 90' lang='lat' dir='ltr'><strong>tionem</strong></span> <span class='ocrx_word' id='word_1_593' title='bbox 1971 2798 2150 2854; x_wconf 91' lang='lat' dir='ltr'><strong>sortiti</strong></span> <span class='ocrx_word' id='word_1_594' title='bbox 2179 2806 2330 2864; x_wconf 88' lang='lat' dir='ltr'><strong>sunl,</strong></span> <span class='ocrx_word' id='word_1_595' title='bbox 2352 2806 2445 2853; x_wconf 88' lang='lat' dir='ltr'><strong>aut</strong></span> <span class='ocrx_word' id='word_1_596' title='bbox 2472 2811 2761 2852; x_wconf 88' lang='lat' dir='ltr'><strong>numerosa</strong></span> <span class='ocrx_word' id='word_1_597' title='bbox 2789 2796 3042 2867; x_wconf 78' lang='lat' dir='ltr'><strong>conjugia</strong></span> <span class='ocrx_word' id='word_1_598' title='bbox 3074 2794 3335 2865; x_wconf 86' lang='lat' dir='ltr'><strong>frequen-</strong></span> 
     </span>
    </p>
   </div>
   <div class='ocr_carea' id='block_1_87' title="bbox 1743 2887 3330 2962">
    <p class='ocr_par' dir='ltr' id='par_1_87' title="bbox 1743 2887 3330 2962">
     <span class='ocr_line' id='line_1_87' title="bbox 1743 2887 3330 2962; baseline -0.005 -16"><span class='ocrx_word' id='word_1_599' title='bbox 1743 2899 2014 2957; x_wconf 89' lang='lat' dir='ltr'><strong>taverunt,</strong></span> <span class='ocrx_word' id='word_1_600' title='bbox 2035 2891 2126 2962; x_wconf 90' lang='lat' dir='ltr'><strong>qui</strong></span> <span class='ocrx_word' id='word_1_601' title='bbox 2151 2891 2386 2956; x_wconf 87' lang='lat' dir='ltr'><strong>viduam,</strong></span> <span class='ocrx_word' id='word_1_602' title='bbox 2401 2890 2486 2944; x_wconf 89' lang='lat' dir='ltr'><strong>vel</strong></span> <span class='ocrx_word' id='word_1_603' title='bbox 2507 2904 2539 2944; x_wconf 92' lang='lat' dir='ltr'><strong>a</strong></span> <span class='ocrx_word' id='word_1_604' title='bbox 2561 2889 2759 2943; x_wconf 89' lang='lat' dir='ltr'><strong>marito</strong></span> <span class='ocrx_word' id='word_1_605' title='bbox 2775 2887 3017 2943; x_wconf 89' lang='lat' dir='ltr'><strong>relictam</strong></span> <span class='ocrx_word' id='word_1_606' title='bbox 3038 2887 3330 2950; x_wconf 82' lang='lat' dir='ltr'><strong>duxerunt,</strong></span> 
     </span>
    </p>
   </div>
   <div class='ocr_carea' id='block_1_88' title="bbox 1741 2979 3333 3059">
    <p class='ocr_par' dir='ltr' id='par_1_88' title="bbox 1741 2979 3333 3059">
     <span class='ocr_line' id='line_1_88' title="bbox 1741 2979 3333 3059; baseline -0.006 -19"><span class='ocrx_word' id='word_1_607' title='bbox 1741 2996 1835 3040; x_wconf 88' lang='lat' dir='ltr'><strong>aut</strong></span> <span class='ocrx_word' id='word_1_608' title='bbox 1864 2995 2240 3059; x_wconf 74' lang='lat' dir='ltr'><strong>corruptarum</strong></span> <span class='ocrx_word' id='word_1_609' title='bbox 2265 2983 2443 3038; x_wconf 81' lang='lat' dir='ltr'><strong>mariti</strong></span> <span class='ocrx_word' id='word_1_610' title='bbox 2467 2980 2814 3050; x_wconf 84' lang='lat' dir='ltr'><strong>fuerunt,qui</strong></span> <span class='ocrx_word' id='word_1_611' title='bbox 2844 2979 3173 3035; x_wconf 88' lang='lat' dir='ltr'><strong>concubinas</strong></span> <span class='ocrx_word' id='word_1_612' title='bbox 3194 3018 3209 3043; x_wconf 91' lang='lat'><strong>,</strong></span> <span class='ocrx_word' id='word_1_613' title='bbox 3237 2985 3333 3031; x_wconf 84' lang='lat' dir='ltr'><strong>aut</strong></span> 
     </span>
    </p>
   </div>
   <div class='ocr_carea' id='block_1_89' title="bbox 1740 3067 3332 3144">
    <p class='ocr_par' dir='ltr' id='par_1_89' title="bbox 1740 3067 3332 3144">
     <span class='ocr_line' id='line_1_89' title="bbox 1740 3067 3332 3144; baseline -0.007 -11"><span class='ocrx_word' id='word_1_614' title='bbox 1740 3075 2063 3133; x_wconf 82' lang='lat' dir='ltr'><strong>fornicarias</strong></span> <span class='ocrx_word' id='word_1_615' title='bbox 2087 3077 2395 3131; x_wconf 86' lang='lat' dir='ltr'><strong>habuerunt</strong></span> <span class='ocrx_word' id='word_1_616' title='bbox 2414 3115 2430 3141; x_wconf 91' lang='lat'><strong>,</strong></span> <span class='ocrx_word' id='word_1_617' title='bbox 2462 3074 2554 3144; x_wconf 91' lang='lat' dir='ltr'><strong>qui</strong></span> <span class='ocrx_word' id='word_1_618' title='bbox 2584 3072 2765 3128; x_wconf 82' lang='lat' dir='ltr'><strong>servili</strong></span> <span class='ocrx_word' id='word_1_619' title='bbox 2790 3070 3084 3128; x_wconf 82' lang='lat' dir='ltr'><strong>conditioni</strong></span> <span class='ocrx_word' id='word_1_620' title='bbox 3111 3067 3332 3126; x_wconf 83' lang='lat' dir='ltr'><strong>obnoxii</strong></span> 
     </span>
    </p>
   </div>
   <div class='ocr_carea' id='block_1_90' title="bbox 1746 3161 3332 3243">
    <p class='ocr_par' dir='ltr' id='par_1_90' title="bbox 1746 3161 3332 3243">
     <span class='ocr_line' id='line_1_90' title="bbox 1746 3161 3332 3243; baseline -0.008 -15"><span class='ocrx_word' id='word_1_621' title='bbox 1746 3182 1891 3238; x_wconf 89' lang='lat' dir='ltr'><strong>sunt,</strong></span> <span class='ocrx_word' id='word_1_622' title='bbox 1906 3173 1999 3242; x_wconf 93' lang='lat' dir='ltr'><strong>qui</strong></span> <span class='ocrx_word' id='word_1_623' title='bbox 2018 3171 2184 3243; x_wconf 78' lang='lat' dir='ltr'><strong>ignoti</strong></span> <span class='ocrx_word' id='word_1_624' title='bbox 2204 3179 2350 3236; x_wconf 90' lang='lat' dir='ltr'><strong>sunt,</strong></span> <span class='ocrx_word' id='word_1_625' title='bbox 2367 3170 2458 3240; x_wconf 91' lang='lat' dir='ltr'><strong>qui</strong></span> <span class='ocrx_word' id='word_1_626' title='bbox 2476 3167 2730 3240; x_wconf 82' lang='lat' dir='ltr'><strong>neophyti</strong></span> <span class='ocrx_word' id='word_1_627' title='bbox 2750 3208 2765 3233; x_wconf 86' lang='lat'><strong>,</strong></span> <span class='ocrx_word' id='word_1_628' title='bbox 2784 3165 2866 3220; x_wconf 84' lang='lat' dir='ltr'><strong>vel</strong></span> <span class='ocrx_word' id='word_1_629' title='bbox 2890 3161 3332 3236; x_wconf 54' lang='lat' dir='ltr'><strong>laicillﬂsunt,‘</strong></span> 
     </span>
    </p>
   </div>
   <div class='ocr_carea' id='block_1_91' title="bbox 1745 3256 3335 3335">
    <p class='ocr_par' dir='ltr' id='par_1_91' title="bbox 1745 3256 3335 3335">
     <span class='ocr_line' id='line_1_91' title="bbox 1745 3256 3335 3335; baseline -0.004 -21"><span class='ocrx_word' id='word_1_630' title='bbox 1745 3263 1836 3335; x_wconf 86' lang='lat' dir='ltr'><strong>qui</strong></span> <span class='ocrx_word' id='word_1_631' title='bbox 1873 3262 2121 3319; x_wconf 63' lang='lat' dir='ltr'><strong>steculari</strong></span> <span class='ocrx_word' id='word_1_632' title='bbox 2153 3262 2360 3317; x_wconf 73' lang='lat' dir='ltr'><strong>militia:</strong></span> <span class='ocrx_word' id='word_1_633' title='bbox 2386 3260 2554 3316; x_wconf 88' lang='lat' dir='ltr'><strong>dediti</strong></span> <span class='ocrx_word' id='word_1_634' title='bbox 2584 3268 2743 3322; x_wconf 91' lang='lat' dir='ltr'><strong>sunt,</strong></span> <span class='ocrx_word' id='word_1_635' title='bbox 2771 3258 2861 3328; x_wconf 91' lang='lat' dir='ltr'><strong>qui</strong></span> <span class='ocrx_word' id='word_1_636' title='bbox 2894 3256 3061 3312; x_wconf 74' lang='lat' dir='ltr'><strong>curia:</strong></span> <span class='ocrx_word' id='word_1_637' title='bbox 3104 3256 3335 3310; x_wconf 81' lang='lat' dir='ltr'><strong>nexibus</strong></span> 
     </span>
    </p>
   </div>
   <div class='ocr_carea' id='block_1_92' title="bbox 1745 3345 3336 3426">
    <p class='ocr_par' dir='ltr' id='par_1_92' title="bbox 1745 3345 3336 3426">
     <span class='ocr_line' id='line_1_92' title="bbox 1745 3345 3336 3426; baseline -0.008 -15"><span class='ocrx_word' id='word_1_638' title='bbox 1745 3354 1966 3426; x_wconf 79' lang='lat' dir='ltr'><strong>obligati</strong></span> <span class='ocrx_word' id='word_1_639' title='bbox 1999 3361 2163 3419; x_wconf 89' lang='lat' dir='ltr'><strong>sunt,</strong></span> <span class='ocrx_word' id='word_1_640' title='bbox 2197 3353 2288 3423; x_wconf 93' lang='lat' dir='ltr'><strong>qui</strong></span> <span class='ocrx_word' id='word_1_641' title='bbox 2337 3352 2491 3407; x_wconf 87' lang='lat' dir='ltr'><strong>inscii</strong></span> <span class='ocrx_word' id='word_1_642' title='bbox 2519 3351 2826 3405; x_wconf 89' lang='lat' dir='ltr'><strong>litterarum</strong></span> <span class='ocrx_word' id='word_1_643' title='bbox 2869 3356 3027 3412; x_wconf 91' lang='lat' dir='ltr'><strong>sunt,</strong></span> <span class='ocrx_word' id='word_1_644' title='bbox 3066 3345 3157 3416; x_wconf 88' lang='lat' dir='ltr'><strong>qui</strong></span> <span class='ocrx_word' id='word_1_645' title='bbox 3206 3362 3336 3400; x_wconf 87' lang='lat' dir='ltr'><strong>non-</strong></span> 
     </span>
    </p>
   </div>
   <div class='ocr_carea' id='block_1_93' title="bbox 1745 3436 3335 3513">
    <p class='ocr_par' dir='ltr' id='par_1_93' title="bbox 1745 3436 3335 3513">
     <span class='ocr_line' id='line_1_93' title="bbox 1745 3436 3335 3513; baseline -0.007 -13"><span class='ocrx_word' id='word_1_646' title='bbox 1745 3444 1872 3500; x_wconf 88' lang='lat' dir='ltr'><strong>dum</strong></span> <span class='ocrx_word' id='word_1_647' title='bbox 1904 3444 1971 3498; x_wconf 88' lang='lat' dir='ltr'><strong>ad</strong></span> <span class='ocrx_word' id='word_1_648' title='bbox 2001 3442 2223 3513; x_wconf 81' lang='lat' dir='ltr'><strong>triginta</strong></span> <span class='ocrx_word' id='word_1_649' title='bbox 2252 3456 2424 3495; x_wconf 86' lang='lat' dir='ltr'><strong>annos</strong></span> <span class='ocrx_word' id='word_1_650' title='bbox 2452 3439 2832 3510; x_wconf 80' lang='lat' dir='ltr'><strong>pervenerint,</strong></span> <span class='ocrx_word' id='word_1_651' title='bbox 2884 3436 2974 3508; x_wconf 91' lang='lat' dir='ltr'><strong>qui</strong></span> <span class='ocrx_word' id='word_1_652' title='bbox 3007 3451 3105 3506; x_wconf 89' lang='lat' dir='ltr'><strong>per</strong></span> <span class='ocrx_word' id='word_1_653' title='bbox 3133 3436 3335 3506; x_wconf 80' lang='lat' dir='ltr'><strong>gradus</strong></span> 
     </span>
    </p>
   </div>
   <div class='ocr_carea' id='block_1_94' title="bbox 1745 3526 3333 3599">
    <p class='ocr_par' dir='ltr' id='par_1_94' title="bbox 1745 3526 3333 3599">
     <span class='ocr_line' id='line_1_94' title="bbox 1745 3526 3333 3599; baseline -0.008 -8"><span class='ocrx_word' id='word_1_654' title='bbox 1745 3532 2147 3591; x_wconf 88' lang='lat' dir='ltr'><strong>ecclesiasticos</strong></span> <span class='ocrx_word' id='word_1_655' title='bbox 2174 3548 2281 3589; x_wconf 89' lang='lat' dir='ltr'><strong>non</strong></span> <span class='ocrx_word' id='word_1_656' title='bbox 2307 3539 2691 3594; x_wconf 90' lang='lat' dir='ltr'><strong>accesserunt,</strong></span> <span class='ocrx_word' id='word_1_657' title='bbox 2722 3529 2814 3599; x_wconf 89' lang='lat' dir='ltr'><strong>qui</strong></span> <span class='ocrx_word' id='word_1_658' title='bbox 2842 3526 3050 3582; x_wconf 91' lang='lat' dir='ltr'><strong>ambitu</strong></span> <span class='ocrx_word' id='word_1_659' title='bbox 3073 3527 3333 3581; x_wconf 89' lang='lat' dir='ltr'><strong>honorem</strong></span> 
     </span>
    </p>
   </div>
   <div class='ocr_carea' id='block_1_95' title="bbox 1746 3615 3334 3696">
    <p class='ocr_par' dir='ltr' id='par_1_95' title="bbox 1746 3615 3334 3696">
     <span class='ocr_line' id='line_1_95' title="bbox 1746 3615 3334 3696; baseline -0.008 -16"><span class='ocrx_word' id='word_1_660' title='bbox 1746 3632 1995 3696; x_wconf 76' lang='lat' dir='ltr'><strong>quzerunt</strong></span> <span class='ocrx_word' id='word_1_661' title='bbox 2035 3623 2127 3695; x_wconf 91' lang='lat' dir='ltr'><strong>qui</strong></span> <span class='ocrx_word' id='word_1_662' title='bbox 2160 3621 2474 3678; x_wconf 88' lang='lat' dir='ltr'><strong>muneribus</strong></span> <span class='ocrx_word' id='word_1_663' title='bbox 2509 3621 2769 3676; x_wconf 89' lang='lat' dir='ltr'><strong>honorem</strong></span> <span class='ocrx_word' id='word_1_664' title='bbox 2820 3619 3070 3674; x_wconf 90' lang='lat' dir='ltr'><strong>obtinere</strong></span> <span class='ocrx_word' id='word_1_665' title='bbox 3100 3615 3334 3670; x_wconf 89' lang='lat' dir='ltr'><strong>moliun-</strong></span> 
     </span>
    </p>
   </div>
   <div class='ocr_carea' id='block_1_96' title="bbox 1749 3706 3332 3785">
    <p class='ocr_par' dir='ltr' id='par_1_96' title="bbox 1749 3706 3332 3785">
     <span class='ocr_line' id='line_1_96' title="bbox 1749 3706 3332 3785; baseline -0.008 -15"><span class='ocrx_word' id='word_1_666' title='bbox 1749 3723 1858 3781; x_wconf 91' lang='lat' dir='ltr'><strong>tur,</strong></span> <span class='ocrx_word' id='word_1_667' title='bbox 1906 3713 1997 3785; x_wconf 92' lang='lat' dir='ltr'><strong>qui</strong></span> <span class='ocrx_word' id='word_1_668' title='bbox 2043 3728 2074 3768; x_wconf 90' lang='lat' dir='ltr'><strong>a</strong></span> <span class='ocrx_word' id='word_1_669' title='bbox 2119 3713 2494 3769; x_wconf 88' lang='lat' dir='ltr'><strong>decessoribus</strong></span> <span class='ocrx_word' id='word_1_670' title='bbox 2537 3711 2591 3765; x_wconf 92' lang='lat' dir='ltr'><strong>in</strong></span> <span class='ocrx_word' id='word_1_671' title='bbox 2639 3709 3001 3766; x_wconf 87' lang='lat' dir='ltr'><strong>sacerdotium</strong></span> <span class='ocrx_word' id='word_1_672' title='bbox 3038 3706 3332 3775; x_wconf 81' lang='lat' dir='ltr'><strong>eliguntur.</strong></span> 
     </span>
    </p>
   </div>
   <div class='ocr_carea' id='block_1_97' title="bbox 1748 3797 3331 3875">
    <p class='ocr_par' dir='ltr' id='par_1_97' title="bbox 1748 3797 3331 3875">
     <span class='ocr_line' id='line_1_97' title="bbox 1748 3797 3331 3875; baseline -0.006 -13"><span class='ocrx_word' id='word_1_673' title='bbox 1748 3805 1856 3863; x_wconf 90' lang='lat' dir='ltr'><strong>Sed</strong></span> <span class='ocrx_word' id='word_1_674' title='bbox 1880 3820 1980 3862; x_wconf 91' lang='lat' dir='ltr'><strong>nec</strong></span> <span class='ocrx_word' id='word_1_675' title='bbox 2001 3805 2091 3861; x_wconf 88' lang='lat' dir='ltr'><strong>ille</strong></span> <span class='ocrx_word' id='word_1_676' title='bbox 2113 3805 2367 3875; x_wconf 88' lang='lat' dir='ltr'><strong>deinceps</strong></span> <span class='ocrx_word' id='word_1_677' title='bbox 2395 3804 2648 3859; x_wconf 88' lang='lat' dir='ltr'><strong>sacerdos</strong></span> <span class='ocrx_word' id='word_1_678' title='bbox 2671 3801 2810 3868; x_wconf 90' lang='lat' dir='ltr'><strong>erit,</strong></span> <span class='ocrx_word' id='word_1_679' title='bbox 2837 3815 2997 3871; x_wconf 90' lang='lat' dir='ltr'><strong>quem</strong></span> <span class='ocrx_word' id='word_1_680' title='bbox 3024 3814 3125 3854; x_wconf 92' lang='lat' dir='ltr'><strong>nec</strong></span> <span class='ocrx_word' id='word_1_681' title='bbox 3150 3797 3331 3854; x_wconf 89' lang='lat' dir='ltr'><strong>clerus</strong></span> 
     </span>
    </p>
   </div>
   <div class='ocr_carea' id='block_1_98' title="bbox 1747 3888 3337 3967">
    <p class='ocr_par' dir='ltr' id='par_1_98' title="bbox 1747 3888 3337 3967">
     <span class='ocr_line' id='line_1_98' title="bbox 1747 3888 3337 3967; baseline -0.004 -15"><span class='ocrx_word' id='word_1_682' title='bbox 1747 3912 1851 3952; x_wconf 82' lang='lat' dir='ltr'><strong>nec</strong></span> <span class='ocrx_word' id='word_1_683' title='bbox 1877 3897 2112 3967; x_wconf 87' lang='lat' dir='ltr'><strong>pupulus</strong></span> <span class='ocrx_word' id='word_1_684' title='bbox 2140 3894 2375 3966; x_wconf 79' lang='lat' dir='ltr'><strong>propria:</strong></span> <span class='ocrx_word' id='word_1_685' title='bbox 2404 3893 2641 3950; x_wconf 82' lang='lat' dir='ltr'><strong>civitatis</strong></span> <span class='ocrx_word' id='word_1_686' title='bbox 2686 3891 2849 3964; x_wconf 74' lang='lat' dir='ltr'><strong>elegit</strong></span> <span class='ocrx_word' id='word_1_687' title='bbox 2868 3932 2883 3955; x_wconf 87' lang='lat'><strong>,</strong></span> <span class='ocrx_word' id='word_1_688' title='bbox 2919 3890 3005 3945; x_wconf 91' lang='lat' dir='ltr'><strong>vel</strong></span> <span class='ocrx_word' id='word_1_689' title='bbox 3039 3888 3337 3945; x_wconf 88' lang='lat' dir='ltr'><strong>auctoritas</strong></span> 
     </span>
    </p>
   </div>
   <div class='ocr_carea' id='block_1_99' title="bbox 1749 3982 3338 4060">
    <p class='ocr_par' dir='ltr' id='par_1_99' title="bbox 1749 3982 3338 4060">
     <span class='ocr_line' id='line_1_99' title="bbox 1749 3982 3338 4060; baseline -0.006 -16"><span class='ocrx_word' id='word_1_690' title='bbox 1749 3987 2168 4060; x_wconf 90' lang='lat' dir='ltr'><strong>metropolitani,</strong></span> <span class='ocrx_word' id='word_1_691' title='bbox 2193 3986 2280 4042; x_wconf 91' lang='lat' dir='ltr'><strong>vel</strong></span> <span class='ocrx_word' id='word_1_692' title='bbox 2310 3983 2847 4054; x_wconf 87' lang='lat' dir='ltr'><strong>comprovincialium</strong></span> <span class='ocrx_word' id='word_1_693' title='bbox 2878 3982 3223 4038; x_wconf 88' lang='lat' dir='ltr'><strong>sacerdotum</strong></span> <span class='ocrx_word' id='word_1_694' title='bbox 3252 3995 3338 4035; x_wconf 91' lang='lat' dir='ltr'><strong>as-</strong></span> 
     </span>
    </p>
   </div>
   <div class='ocr_carea' id='block_1_100' title="bbox 1750 4068 3336 4149">
    <p class='ocr_par' dir='ltr' id='par_1_100' title="bbox 1750 4068 3336 4149">
     <span class='ocr_line' id='line_1_100' title="bbox 1750 4068 3336 4149; baseline -0.007 -16"><span class='ocrx_word' id='word_1_695' title='bbox 1750 4079 1932 4133; x_wconf 90' lang='lat' dir='ltr'><strong>sensio</strong></span> <span class='ocrx_word' id='word_1_696' title='bbox 1957 4077 2269 4149; x_wconf 85' lang='lat' dir='ltr'><strong>exquisivit.</strong></span> <span class='ocrx_word' id='word_1_697' title='bbox 2297 4075 2617 4146; x_wconf 87' lang='lat' dir='ltr'><strong>Quicunque</strong></span> <span class='ocrx_word' id='word_1_698' title='bbox 2641 4088 2774 4145; x_wconf 79' lang='lat' dir='ltr'><strong>ergo</strong></span> <span class='ocrx_word' id='word_1_699' title='bbox 2805 4071 3061 4141; x_wconf 90' lang='lat' dir='ltr'><strong>deinceps</strong></span> <span class='ocrx_word' id='word_1_700' title='bbox 3093 4069 3161 4124; x_wconf 91' lang='lat' dir='ltr'><strong>ad</strong></span> <span class='ocrx_word' id='word_1_701' title='bbox 3191 4068 3336 4124; x_wconf 88' lang='lat' dir='ltr'><strong>ordi-</strong></span> 
     </span>
    </p>
   </div>
   <div class='ocr_carea' id='block_1_101' title="bbox 1750 4158 3337 4238">
    <p class='ocr_par' dir='ltr' id='par_1_101' title="bbox 1750 4158 3337 4238">
     <span class='ocr_line' id='line_1_101' title="bbox 1750 4158 3337 4238; baseline -0.008 -15"><span class='ocrx_word' id='word_1_702' title='bbox 1750 4186 1873 4225; x_wconf 91' lang='lat' dir='ltr'><strong>nem</strong></span> <span class='ocrx_word' id='word_1_703' title='bbox 1900 4169 2188 4226; x_wconf 88' lang='lat' dir='ltr'><strong>sacerdotii</strong></span> <span class='ocrx_word' id='word_1_704' title='bbox 2223 4166 2528 4238; x_wconf 85' lang='lat' dir='ltr'><strong>postulatus</strong></span> <span class='ocrx_word' id='word_1_705' title='bbox 2549 4205 2565 4231; x_wconf 94' lang='lat'><strong>,</strong></span> <span class='ocrx_word' id='word_1_706' title='bbox 2594 4173 2651 4219; x_wconf 90' lang='lat' dir='ltr'><strong>et</strong></span> <span class='ocrx_word' id='word_1_707' title='bbox 2695 4164 2749 4218; x_wconf 90' lang='lat' dir='ltr'><strong>in</strong></span> <span class='ocrx_word' id='word_1_708' title='bbox 2800 4162 2885 4217; x_wconf 90' lang='lat' dir='ltr'><strong>his</strong></span> <span class='ocrx_word' id='word_1_709' title='bbox 2928 4175 3050 4231; x_wconf 70' lang='lat' dir='ltr'><strong>qua:</strong></span> <span class='ocrx_word' id='word_1_710' title='bbox 3076 4158 3337 4231; x_wconf 61' lang='lat' dir='ltr'><strong>praedicta</strong></span> 
     </span>
    </p>
   </div>
   <div class='ocr_carea' id='block_1_102' title="bbox 1750 4248 3336 4333">
    <p class='ocr_par' dir='ltr' id='par_1_102' title="bbox 1750 4248 3336 4333">
     <span class='ocr_line' id='line_1_102' title="bbox 1750 4248 3336 4333; baseline -0.011 -12"><span class='ocrx_word' id='word_1_711' title='bbox 1750 4272 1877 4322; x_wconf 90' lang='lat' dir='ltr'><strong>sunt</strong></span> <span class='ocrx_word' id='word_1_712' title='bbox 1902 4261 2205 4333; x_wconf 79' lang='lat' dir='ltr'><strong>exquisitas</strong></span> <span class='ocrx_word' id='word_1_713' title='bbox 2235 4261 2290 4315; x_wconf 91' lang='lat' dir='ltr'><strong>in</strong></span> <span class='ocrx_word' id='word_1_714' title='bbox 2317 4258 2463 4314; x_wconf 89' lang='lat' dir='ltr'><strong>nullo</strong></span> <span class='ocrx_word' id='word_1_715' title='bbox 2491 4258 2685 4312; x_wconf 91' lang='lat' dir='ltr'><strong>horum</strong></span> <span class='ocrx_word' id='word_1_716' title='bbox 2734 4254 3107 4324; x_wconf 88' lang='lat' dir='ltr'><strong>deprehensus</strong></span> <span class='ocrx_word' id='word_1_717' title='bbox 3135 4248 3301 4304; x_wconf 85' lang='lat' dir='ltr'><strong>fuerit</strong></span> <span class='ocrx_word' id='word_1_718' title='bbox 3320 4287 3336 4314; x_wconf 90' lang='lat'><strong>,</strong></span> 
     </span>
    </p>
   </div>
   <div class='ocr_carea' id='block_1_103' title="bbox 1751 4339 3335 4421">
    <p class='ocr_par' dir='ltr' id='par_1_103' title="bbox 1751 4339 3335 4421">
     <span class='ocr_line' id='line_1_103' title="bbox 1751 4339 3335 4421; baseline -0.013 -9"><span class='ocrx_word' id='word_1_719' title='bbox 1751 4365 1807 4413; x_wconf 88' lang='lat' dir='ltr'><strong>et</strong></span> <span class='ocrx_word' id='word_1_720' title='bbox 1833 4354 2179 4411; x_wconf 78' lang='lat' dir='ltr'><strong>examinatus</strong></span> <span class='ocrx_word' id='word_1_721' title='bbox 2207 4348 2470 4421; x_wconf 91' lang='lat' dir='ltr'><strong>probabili</strong></span> <span class='ocrx_word' id='word_1_722' title='bbox 2495 4348 2605 4401; x_wconf 89' lang='lat' dir='ltr'><strong>vita</strong></span> <span class='ocrx_word' id='word_1_723' title='bbox 2641 4354 2807 4415; x_wconf 87' lang='lat' dir='ltr'><strong>atque</strong></span> <span class='ocrx_word' id='word_1_724' title='bbox 2839 4341 3083 4397; x_wconf 90' lang='lat' dir='ltr'><strong>doctrina</strong></span> <span class='ocrx_word' id='word_1_725' title='bbox 3106 4339 3335 4395; x_wconf 78' lang='lat' dir='ltr'><strong>exstite-</strong></span> 
     </span>
    </p>
   </div>
   <div class='ocr_carea' id='block_1_104' title="bbox 1751 4427 3339 4511">
    <p class='ocr_par' dir='ltr' id='par_1_104' title="bbox 1751 4427 3339 4511">
     <span class='ocr_line' id='line_1_104' title="bbox 1751 4427 3339 4511; baseline -0.013 -10"><span class='ocrx_word' id='word_1_726' title='bbox 1751 4446 1857 4511; x_wconf 89' lang='lat' dir='ltr'><strong>rit,</strong></span> <span class='ocrx_word' id='word_1_727' title='bbox 1891 4453 2019 4498; x_wconf 91' lang='lat' dir='ltr'><strong>tunc</strong></span> <span class='ocrx_word' id='word_1_728' title='bbox 2046 4440 2343 4497; x_wconf 90' lang='lat' dir='ltr'><strong>secundum</strong></span> <span class='ocrx_word' id='word_1_729' title='bbox 2375 4437 2632 4509; x_wconf 84' lang='lat' dir='ltr'><strong>synodica</strong></span> <span class='ocrx_word' id='word_1_730' title='bbox 2655 4475 2671 4500; x_wconf 93' lang='lat'><strong>,</strong></span> <span class='ocrx_word' id='word_1_731' title='bbox 2694 4434 2781 4489; x_wconf 89' lang='lat' dir='ltr'><strong>vel</strong></span> <span class='ocrx_word' id='word_1_732' title='bbox 2809 4430 3103 4488; x_wconf 89' lang='lat' dir='ltr'><strong>deeretalia</strong></span> <span class='ocrx_word' id='word_1_733' title='bbox 3130 4427 3339 4484; x_wconf 90' lang='lat' dir='ltr'><strong>consti-</strong></span> 
     </span>
    </p>
   </div>
   <div class='ocr_carea' id='block_1_105' title="bbox 1755 4519 3343 4591">
    <p class='ocr_par' dir='ltr' id='par_1_105' title="bbox 1755 4519 3343 4591">
     <span class='ocr_line' id='line_1_105' title="bbox 1755 4519 3343 4591; baseline -0.013 0"><span class='ocrx_word' id='word_1_734' title='bbox 1755 4543 1869 4591; x_wconf 86' lang='lat' dir='ltr'><strong>tuta</strong></span> <span class='ocrx_word' id='word_1_735' title='bbox 1894 4549 2017 4590; x_wconf 89' lang='lat' dir='ltr'><strong>cum</strong></span> <span class='ocrx_word' id='word_1_736' title='bbox 2046 4531 2286 4588; x_wconf 89' lang='lat' dir='ltr'><strong>omnium</strong></span> <span class='ocrx_word' id='word_1_737' title='bbox 2317 4529 2645 4584; x_wconf 89' lang='lat' dir='ltr'><strong>clericorum</strong></span> <span class='ocrx_word' id='word_1_738' title='bbox 2683 4524 2769 4580; x_wconf 88' lang='lat' dir='ltr'><strong>vel</strong></span> <span class='ocrx_word' id='word_1_739' title='bbox 2813 4522 3012 4579; x_wconf 88' lang='lat' dir='ltr'><strong>civium</strong></span> <span class='ocrx_word' id='word_1_740' title='bbox 3058 4519 3343 4575; x_wconf 87' lang='lat' dir='ltr'><strong>voluntate</strong></span> 
     </span>
    </p>
   </div>
   <div class='ocr_carea' id='block_1_106' title="bbox 1757 4613 3341 4693">
    <p class='ocr_par' dir='ltr' id='par_1_106' title="bbox 1757 4613 3341 4693">
     <span class='ocr_line' id='line_1_106' title="bbox 1757 4613 3341 4693; baseline -0.015 -10"><span class='ocrx_word' id='word_1_741' title='bbox 1757 4627 1826 4683; x_wconf 89' lang='lat' dir='ltr'><strong>ab</strong></span> <span class='ocrx_word' id='word_1_742' title='bbox 1852 4624 2123 4682; x_wconf 84' lang='lat' dir='ltr'><strong>universis</strong></span> <span class='ocrx_word' id='word_1_743' title='bbox 2150 4619 2696 4693; x_wconf 86' lang='lat' dir='ltr'><strong>comprovincialibus</strong></span> <span class='ocrx_word' id='word_1_744' title='bbox 2725 4613 2993 4688; x_wconf 88' lang='lat' dir='ltr'><strong>episcopis</strong></span> <span class='ocrx_word' id='word_1_745' title='bbox 3011 4652 3025 4678; x_wconf 95' lang='lat'><strong>,</strong></span> <span class='ocrx_word' id='word_1_746' title='bbox 3060 4618 3153 4665; x_wconf 88' lang='lat' dir='ltr'><strong>aut</strong></span> <span class='ocrx_word' id='word_1_747' title='bbox 3189 4614 3341 4663; x_wconf 87' lang='lat' dir='ltr'><strong>certe</strong></span> 
     </span>
    </p>
   </div>
   <div class='ocr_carea' id='block_1_107' title="bbox 1757 4700 3337 4775">
    <p class='ocr_par' dir='ltr' id='par_1_107' title="bbox 1757 4700 3337 4775">
     <span class='ocr_line' id='line_1_107' title="bbox 1757 4700 3337 4775; baseline -0.014 0"><span class='ocrx_word' id='word_1_748' title='bbox 1757 4737 1787 4775; x_wconf 91' lang='lat' dir='ltr'><strong>a</strong></span> <span class='ocrx_word' id='word_1_749' title='bbox 1821 4720 1995 4775; x_wconf 83' lang='lat' dir='ltr'><strong>tribus</strong></span> <span class='ocrx_word' id='word_1_750' title='bbox 2019 4717 2073 4772; x_wconf 94' lang='lat' dir='ltr'><strong>in</strong></span> <span class='ocrx_word' id='word_1_751' title='bbox 2105 4715 2446 4772; x_wconf 88' lang='lat' dir='ltr'><strong>sacerdotem</strong></span> <span class='ocrx_word' id='word_1_752' title='bbox 2476 4712 2566 4768; x_wconf 90' lang='lat' dir='ltr'><strong>die</strong></span> <span class='ocrx_word' id='word_1_753' title='bbox 2593 4710 2875 4767; x_wconf 89' lang='lat' dir='ltr'><strong>Dominica</strong></span> <span class='ocrx_word' id='word_1_754' title='bbox 2903 4700 3337 4765; x_wconf 67' lang='lat' dir='ltr'><strong>consectabitur,</strong></span> 
     </span>
    </p>
   </div>
   <div class='ocr_carea' id='block_1_108' title="bbox 1756 4792 3342 4876">
    <p class='ocr_par' dir='ltr' id='par_1_108' title="bbox 1756 4792 3342 4876">
     <span class='ocr_line' id='line_1_108' title="bbox 1756 4792 3342 4876; baseline -0.013 -8"><span class='ocrx_word' id='word_1_755' title='bbox 1756 4809 2206 4868; x_wconf 89' lang='lat' dir='ltr'><strong>convenientibus</strong></span> <span class='ocrx_word' id='word_1_756' title='bbox 2254 4805 2468 4863; x_wconf 59' lang='lat' dir='ltr'><strong>exteris</strong></span> <span class='ocrx_word' id='word_1_757' title='bbox 2516 4804 2608 4876; x_wconf 91' lang='lat' dir='ltr'><strong>qui</strong></span> <span class='ocrx_word' id='word_1_758' title='bbox 2657 4803 2909 4858; x_wconf 90' lang='lat' dir='ltr'><strong>absentes</strong></span> <span class='ocrx_word' id='word_1_759' title='bbox 2970 4802 3098 4851; x_wconf 89' lang='lat' dir='ltr'><strong>sunt</strong></span> <span class='ocrx_word' id='word_1_760' title='bbox 3143 4792 3342 4848; x_wconf 90' lang='lat' dir='ltr'><strong>litteris</strong></span> 
     </span>
    </p>
   </div>
   <div class='ocr_carea' id='block_1_109' title="bbox 1758 4886 3341 4972">
    <p class='ocr_par' dir='ltr' id='par_1_109' title="bbox 1758 4886 3341 4972">
     <span class='ocr_line' id='line_1_109' title="bbox 1758 4886 3341 4972; baseline -0.015 -12"><span class='ocrx_word' id='word_1_761' title='bbox 1758 4905 1871 4962; x_wconf 88' lang='lat' dir='ltr'><strong>suis</strong></span> <span class='ocrx_word' id='word_1_762' title='bbox 1890 4944 1906 4968; x_wconf 93' lang='lat'><strong>,</strong></span> <span class='ocrx_word' id='word_1_763' title='bbox 1936 4910 1991 4958; x_wconf 92' lang='lat' dir='ltr'><strong>et</strong></span> <span class='ocrx_word' id='word_1_764' title='bbox 2012 4901 2185 4972; x_wconf 76' lang='lat' dir='ltr'><strong>magis</strong></span> <span class='ocrx_word' id='word_1_765' title='bbox 2214 4898 2538 4954; x_wconf 91' lang='lat' dir='ltr'><strong>auctoritate</strong></span> <span class='ocrx_word' id='word_1_766' title='bbox 2566 4895 2650 4949; x_wconf 88' lang='lat' dir='ltr'><strong>vel</strong></span> <span class='ocrx_word' id='word_1_767' title='bbox 2676 4889 2964 4966; x_wconf 65' lang='lat' dir='ltr'><strong>praesentia</strong></span> <span class='ocrx_word' id='word_1_768' title='bbox 2994 4887 3112 4956; x_wconf 90' lang='lat' dir='ltr'><strong>ejus</strong></span> <span class='ocrx_word' id='word_1_769' title='bbox 3140 4886 3232 4956; x_wconf 93' lang='lat' dir='ltr'><strong>qui</strong></span> <span class='ocrx_word' id='word_1_770' title='bbox 3258 4892 3341 4939; x_wconf 87' lang='lat' dir='ltr'><strong>est</strong></span> 
     </span>
    </p>
   </div>
   <div class='ocr_carea' id='block_1_110' title="bbox 1760 4989 3343 5066">
    <p class='ocr_par' dir='ltr' id='par_1_110' title="bbox 1760 4989 3343 5066">
     <span class='ocr_line' id='line_1_110' title="bbox 1760 4989 3343 5066; baseline -0.015 -13"><span class='ocrx_word' id='word_1_771' title='bbox 1760 4994 2044 5066; x_wconf 84' lang='lat' dir='ltr'><strong>metropoli</strong></span> <span class='ocrx_word' id='word_1_772' title='bbox 2091 4992 2439 5049; x_wconf 88' lang='lat' dir='ltr'><strong>constitutus.</strong></span> <span class='ocrx_word' id='word_1_773' title='bbox 2490 4989 2792 5058; x_wconf 88' lang='lat' dir='ltr'><strong>Episcopus</strong></span> <span class='ocrx_word' id='word_1_774' title='bbox 2857 4990 3036 5037; x_wconf 90' lang='lat' dir='ltr'><strong>autem</strong></span> <span class='ocrx_word' id='word_1_775' title='bbox 3089 4991 3343 5048; x_wconf 86' lang='lat' dir='ltr'><strong>compro-</strong></span> 
     </span>
    </p>
   </div>
   <div class='ocr_carea' id='block_1_111' title="bbox 1757 5067 3342 5143">
    <p class='ocr_par' dir='ltr' id='par_1_111' title="bbox 1757 5067 3342 5143">
     <span class='ocr_line' id='line_1_111' title="bbox 1757 5067 3342 5143; baseline -0.014 0"><span class='ocrx_word' id='word_1_776' title='bbox 1757 5086 2005 5143; x_wconf 84' lang='lat' dir='ltr'><strong>vincialis</strong></span> <span class='ocrx_word' id='word_1_777' title='bbox 2040 5084 2114 5139; x_wconf 91' lang='lat' dir='ltr'><strong>ibi</strong></span> <span class='ocrx_word' id='word_1_778' title='bbox 2147 5079 2551 5139; x_wconf 86' lang='lat' dir='ltr'><strong>consecrandus</strong></span> <span class='ocrx_word' id='word_1_779' title='bbox 2597 5084 2682 5131; x_wconf 88' lang='lat' dir='ltr'><strong>est</strong></span> <span class='ocrx_word' id='word_1_780' title='bbox 2703 5115 2717 5139; x_wconf 92' lang='lat'><strong>,</strong></span> <span class='ocrx_word' id='word_1_781' title='bbox 2767 5072 2857 5128; x_wconf 89' lang='lat' dir='ltr'><strong>ubi</strong></span> <span class='ocrx_word' id='word_1_782' title='bbox 2888 5067 3342 5140; x_wconf 84' lang='lat' dir='ltr'><strong>metropolitanus</strong></span> 
     </span>
    </p>
   </div>
   <div class='ocr_carea' id='block_1_112' title="bbox 1758 5159 3343 5248">
    <p class='ocr_par' dir='ltr' id='par_1_112' title="bbox 1758 5159 3343 5248">
     <span class='ocr_line' id='line_1_112' title="bbox 1758 5159 3343 5248; baseline -0.013 -18"><span class='ocrx_word' id='word_1_783' title='bbox 1758 5177 2001 5248; x_wconf 81' lang='lat' dir='ltr'><strong>elegerit.</strong></span> <span class='ocrx_word' id='word_1_784' title='bbox 2041 5172 2483 5244; x_wconf 83' lang='lat' dir='ltr'><strong>Metropolitanus</strong></span> <span class='ocrx_word' id='word_1_785' title='bbox 2514 5174 2693 5222; x_wconf 87' lang='lat' dir='ltr'><strong>autem</strong></span> <span class='ocrx_word' id='word_1_786' title='bbox 2727 5179 2832 5219; x_wconf 88' lang='lat' dir='ltr'><strong>non</strong></span> <span class='ocrx_word' id='word_1_787' title='bbox 2882 5160 2985 5216; x_wconf 91' lang='lat' dir='ltr'><strong>nisi</strong></span> <span class='ocrx_word' id='word_1_788' title='bbox 3035 5161 3089 5215; x_wconf 91' lang='lat' dir='ltr'><strong>in</strong></span> <span class='ocrx_word' id='word_1_789' title='bbox 3122 5159 3343 5248; x_wconf 83' lang='lat' dir='ltr'><strong>civitate</strong></span> 
     </span>
    </p>
   </div>
   <div class='ocr_carea' id='block_1_113' title="bbox 1763 5247 3343 5339">
    <p class='ocr_par' dir='ltr' id='par_1_113' title="bbox 1763 5247 3343 5339">
     <span class='ocr_line' id='line_1_113' title="bbox 1763 5247 3343 5339; baseline -0.016 -13"><span class='ocrx_word' id='word_1_790' title='bbox 1763 5247 2048 5339; x_wconf 87' lang='lat' dir='ltr'><strong>metropoli</strong></span> <span class='ocrx_word' id='word_1_791' title='bbox 2077 5274 2133 5321; x_wconf 92' lang='lat' dir='ltr'><strong>et</strong></span> <span class='ocrx_word' id='word_1_792' title='bbox 2162 5257 2708 5335; x_wconf 88' lang='lat' dir='ltr'><strong>comprovincialibus</strong></span> <span class='ocrx_word' id='word_1_793' title='bbox 2750 5255 2948 5309; x_wconf 87' lang='lat' dir='ltr'><strong>ibidem</strong></span> <span class='ocrx_word' id='word_1_794' title='bbox 2974 5247 3343 5309; x_wconf 85' lang='lat' dir='ltr'><strong>convenienti-</strong></span> 
     </span>
    </p>
   </div>
   <div class='ocr_carea' id='block_1_114' title="bbox 1764 5339 3341 5428">
    <p class='ocr_par' dir='ltr' id='par_1_114' title="bbox 1764 5339 3341 5428">
     <span class='ocr_line' id='line_1_114' title="bbox 1764 5339 3341 5428; baseline -0.016 -11"><span class='ocrx_word' id='word_1_795' title='bbox 1764 5361 1884 5417; x_wconf 90' lang='lat' dir='ltr'><strong>bus.</strong></span> <span class='ocrx_word' id='word_1_796' title='bbox 1917 5358 1974 5414; x_wconf 89' lang='lat' dir='ltr'><strong>Si</strong></span> <span class='ocrx_word' id='word_1_797' title='bbox 2007 5357 2130 5428; x_wconf 89' lang='lat' dir='ltr'><strong>quis</strong></span> <span class='ocrx_word' id='word_1_798' title='bbox 2155 5363 2335 5409; x_wconf 90' lang='lat' dir='ltr'><strong>autem</strong></span> <span class='ocrx_word' id='word_1_799' title='bbox 2365 5351 2620 5419; x_wconf 87' lang='lat' dir='ltr'><strong>deinceps</strong></span> <span class='ocrx_word' id='word_1_800' title='bbox 2664 5354 2856 5403; x_wconf 87' lang='lat' dir='ltr'><strong>contra</strong></span> <span class='ocrx_word' id='word_1_801' title='bbox 2886 5343 3145 5415; x_wconf 67' lang='lat' dir='ltr'><strong>praedicta</strong></span> <span class='ocrx_word' id='word_1_802' title='bbox 3176 5339 3341 5394; x_wconf 83' lang='lat' dir='ltr'><strong>vetita</strong></span> 
     </span>
    </p>
   </div>
   <div class='ocr_carea' id='block_1_115' title="bbox 1764 5433 3344 5520">
    <p class='ocr_par' dir='ltr' id='par_1_115' title="bbox 1764 5433 3344 5520">
     <span class='ocr_line' id='line_1_115' title="bbox 1764 5433 3344 5520; baseline -0.015 -12"><span class='ocrx_word' id='word_1_803' title='bbox 1764 5466 2032 5509; x_wconf 90' lang='lat' dir='ltr'><strong>canonum</strong></span> <span class='ocrx_word' id='word_1_804' title='bbox 2064 5449 2131 5504; x_wconf 91' lang='lat' dir='ltr'><strong>ad</strong></span> <span class='ocrx_word' id='word_1_805' title='bbox 2174 5447 2398 5520; x_wconf 72' lang='lat' dir='ltr'><strong>gradum</strong></span> <span class='ocrx_word' id='word_1_806' title='bbox 2428 5441 2771 5498; x_wconf 86' lang='lat' dir='ltr'><strong>sacerdotum</strong></span> <span class='ocrx_word' id='word_1_807' title='bbox 2804 5438 3057 5508; x_wconf 79' lang='lat' dir='ltr'><strong>indignus</strong></span> <span class='ocrx_word' id='word_1_808' title='bbox 3099 5433 3344 5503; x_wconf 86' lang='lat' dir='ltr'><strong>aspirare</strong></span> 
     </span>
    </p>
   </div>
   <div class='ocr_carea' id='block_1_116' title="bbox 1765 5521 3344 5605">
    <p class='ocr_par' dir='ltr' id='par_1_116' title="bbox 1765 5521 3344 5605">
     <span class='ocr_line' id='line_1_116' title="bbox 1765 5521 3344 5605; baseline -0.015 -6"><span class='ocrx_word' id='word_1_809' title='bbox 1765 5541 2132 5605; x_wconf 87' lang='lat' dir='ltr'><strong>contenderit,</strong></span> <span class='ocrx_word' id='word_1_810' title='bbox 2168 5554 2293 5595; x_wconf 90' lang='lat' dir='ltr'><strong>cum</strong></span> <span class='ocrx_word' id='word_1_811' title='bbox 2322 5532 2731 5591; x_wconf 86' lang='lat' dir='ltr'><strong>ordinatoribus</strong></span> <span class='ocrx_word' id='word_1_812' title='bbox 2756 5530 2874 5586; x_wconf 88' lang='lat' dir='ltr'><strong>suis</strong></span> <span class='ocrx_word' id='word_1_813' title='bbox 2902 5526 3084 5598; x_wconf 89' lang='lat' dir='ltr'><strong>adepti</strong></span> <span class='ocrx_word' id='word_1_814' title='bbox 3119 5521 3344 5581; x_wconf 83' lang='lat' dir='ltr'><strong>honoris</strong></span> 
     </span>
    </p>
   </div>
   <div class='ocr_carea' id='block_1_117' title="bbox 1763 5630 2347 5706">
    <p class='ocr_par' dir='ltr' id='par_1_117' title="bbox 1763 5630 2347 5706">
     <span class='ocr_line' id='line_1_117' title="bbox 1763 5630 2347 5706; baseline -0.015 -15"><span class='ocrx_word' id='word_1_815' title='bbox 1763 5634 2005 5706; x_wconf 82' lang='lat' dir='ltr'><strong>perienlo</strong></span> <span class='ocrx_word' id='word_1_816' title='bbox 2031 5630 2347 5699; x_wconf 79' lang='lat' dir='ltr'><strong>subjacebit.</strong></span> 
     </span>
    </p>
   </div>
   <div class='ocr_carea' id='block_1_118' title="bbox 1837 5707 3343 5792">
    <p class='ocr_par' dir='ltr' id='par_1_118' title="bbox 1837 5707 3343 5792">
     <span class='ocr_line' id='line_1_118' title="bbox 1837 5707 3343 5792; baseline -0.015 -10"><span class='ocrx_word' id='word_1_817' title='bbox 1837 5725 1978 5782; x_wconf 74' lang='lat' dir='ltr'><strong>XIX.</strong></span> <span class='ocrx_word' id='word_1_818' title='bbox 2019 5724 2075 5779; x_wconf 92' lang='lat' dir='ltr'><strong>In</strong></span> <span class='ocrx_word' id='word_1_819' title='bbox 2106 5722 2271 5778; x_wconf 85' lang='lat' dir='ltr'><strong>veteri</strong></span> <span class='ocrx_word' id='word_1_820' title='bbox 2304 5721 2420 5792; x_wconf 79' lang='lat' dir='ltr'><strong>lege</strong></span> <span class='ocrx_word' id='word_1_821' title='bbox 2456 5719 2523 5775; x_wconf 90' lang='lat' dir='ltr'><strong>ab</strong></span> <span class='ocrx_word' id='word_1_822' title='bbox 2551 5732 2693 5774; x_wconf 91' lang='lat' dir='ltr'><strong>anno</strong></span> <span class='ocrx_word' id='word_1_823' title='bbox 2720 5713 2980 5786; x_wconf 78' lang='lat' dir='ltr'><strong>vigesimo</strong></span> <span class='ocrx_word' id='word_1_824' title='bbox 3009 5710 3219 5781; x_wconf 89' lang='lat' dir='ltr'><strong>quinto,</strong></span> <span class='ocrx_word' id='word_1_825' title='bbox 3262 5707 3343 5762; x_wconf 81' lang='lat' dir='ltr'><strong>Ie-</strong></span> 
     </span>
    </p>
   </div>
   <div class='ocr_carea' id='block_1_119' title="bbox 1764 5799 3344 5873">
    <p class='ocr_par' dir='ltr' id='par_1_119' title="bbox 1764 5799 3344 5873">
     <span class='ocr_line' id='line_1_119' title="bbox 1764 5799 3344 5873; baseline -0.013 -1"><span class='ocrx_word' id='word_1_826' title='bbox 1764 5815 1889 5871; x_wconf 72' lang='lat' dir='ltr'><strong>vitce</strong></span> <span class='ocrx_word' id='word_1_827' title='bbox 1918 5815 1969 5870; x_wconf 89' lang='lat' dir='ltr'><strong>in</strong></span> <span class='ocrx_word' id='word_1_828' title='bbox 1988 5811 2335 5869; x_wconf 85' lang='lat' dir='ltr'><strong>tabernaculo</strong></span> <span class='ocrx_word' id='word_1_829' title='bbox 2354 5808 2560 5866; x_wconf 87' lang='lat' dir='ltr'><strong>servire</strong></span> <span class='ocrx_word' id='word_1_830' title='bbox 2578 5805 2927 5871; x_wconf 86' lang='lat' dir='ltr'><strong>mandantur,</strong></span> <span class='ocrx_word' id='word_1_831' title='bbox 2940 5799 3094 5873; x_wconf 88' lang='lat' dir='ltr'><strong>cujus</strong></span> <span class='ocrx_word' id='word_1_832' title='bbox 3113 5800 3344 5872; x_wconf 85' lang='lat' dir='ltr'><strong>auctori_</strong></span> 
     </span>
    </p>
   </div>
  </div>
