3910 6432
588 336 685 392 471
1366 327 1652 385 APPEND.
1699 328 1791 384 AD
1822 327 1995 386 S/EC.
2038 329 2127 385 IX.
2160 364 2230 371 —
2264 331 2512 389 ISIDORI
2541 333 2984 393 MERCATORIS
3704 351 3783 405 4Ἱί

590 458 752 507 tatem
775 465 827 504 In
850 447 1146 512 canonibus
1177 453 1230 500 et
1259 446 1431 500 sancti
1461 445 1649 501 Patres
1674 445 1843 500 secuti
1875 453 2019 501 sunt.
2053 444 2161 500 Nos
2192 450 2237 510 Α
2266 456 2483 502 sanctas
2508 455 2562 503 et
2590 464 2823 504 canones
2857 452 3203 518 meditentur,
3235 460 3294 508 ut
3314 467 3470 510 omne
3494 470 3616 527 opus
3640 472 3783 519 eorum

587 549 643 595 et
669 539 862 595 divinae
890 529 1024 608 leg'is
1058 544 1111 591 et
1142 534 1493 591 conciliorum
1524 536 1773 605 praecepti
1799 534 2166 600 immemores,

589 630 821 688 infantes
863 637 919 684 et
960 641 1156 700 pueros
1206 626 1397 682 levitas
1430 624 1657 681 facimus
1696 637 1822 682 ante
1874 625 2169 698 legitimam

589 730 825 787 aetatem,
852 729 978 776 ante
1020 718 1409 789 experientiam
1434 718 1579 773 vitae.
1603 715 1836 787 Ideoque
1858 733 1925 774 ne
1949 719 2171 790 ulterius

591 812 685 867 fiat
710 828 738 865 a
765 810 943 876 nobis,
972 819 1027 866 et
1056 809 1250 864 divinae
1274 807 1409 879 legis
1430 818 1485 863 et
1515 824 1785 864 canonum
1818 808 2172 864 admonemur

590 903 893 970 sententiis,
926 903 1021 961 sed
1057 903 1247 972 viginti
1269 902 1509 973 quinque
1531 917 1795 957 annorum
1820 911 1979 958 aatate
2000 902 2172 958 levita:

589 1007 1005 1064 consecrentur,
1035 1006 1091 1054 et
1132 999 1349 1070 triginta
1374 998 1677 1070 presbyteri
1710 1000 2049 1064 ordinentur,
2097 999 2171 1054 ita

589 1102 650 1146 ut
678 1091 972 1147 secundum
1002 1099 1330 1162 praeceptum
1359 1092 1655 1161 probentur
1700 1092 1953 1160 primum,
2005 1101 2060 1147 et
2095 1092 2171 1147 sic

590 1184 901 1239 ministrent
932 1183 1135 1238 nullum
1166 1183 1371 1238 crimen
1406 1183 1687 1238 habentes.

664 1273 778 1329 XX.
808 1274 1126 1344 Quicunque
1152 1274 1205 1329 in
1236 1274 1545 1329 sacerdotio
1575 1274 1667 1329 Dei
1701 1266 1858 1344 positi
1905 1283 2064 1333 sunt.
2095 1272 2169 1328 ir-

590 1364 1043 1436 reprehensibiles
1063 1379 1182 1420 esse
1202 1366 1418 1431 debent,
1434 1364 1601 1420 Paulo
1623 1348 1943 1421 attestante:
1966 1386 1983 1416 ι
2005 1366 2172 1436 Opor-

590 1456 994 1527 tetepiscopum
1019 1455 1542 1527 irreprehensibilem
1567 1474 1686 1514 esse
1703 1456 1753 1529 (1
1773 1457 1905 1511 Tim.
1937 1458 2113 1528 "1.2).
2149 1476 2165 1508 ι

588 1547 885 1604 Inoffensos
905 1562 1033 1619 ergo
1062 1559 1116 1604 et
1145 1548 1518 1603 immaculatos
1544 1549 1704 1604 decet
1725 1548 1959 1604 existere
1986 1564 2171 1603 sacer-

588 1645 763 1709 dotes,
808 1659 907 1699 nec
952 1644 1114 1700 ullius
1155 1658 1248 1699 eos
1288 1642 1661 1699 fornicationis
1711 1644 1960 1712 contagio
1985 1642 2165 1714 pollui.

590 1735 685 1791 sed
714 1746 864 1791 caste
892 1735 1151 1801 viventes,
1202 1737 1432 1792 mundos
1478 1736 1797 1805 semetipsos
1829 1734 2171 1790 celebrandis

2272 539 2325 592 in
2356 536 2737 609 praedicatione
2762 541 2941 596 divina
2989 551 3043 597 et
3084 544 3332 600 doctrina
3362 546 3631 614 consistat,
3663 560 3784 622 atque

2270 630 2537 686 :edificent
2575 639 2801 687 cunctos
2828 642 2934 687 tam
2974 634 3094 690 fidei
3127 634 3550 707 scientia,quam
3583 640 3787 710 operibus

2270 721 2572 792 disciplina.

2340 812 2505 867 XXV.
2540 813 2764 882 Quando
2793 818 3093 889 presbyteri
3128 819 3178 873 in
3204 819 3475 889 parochiis
3500 820 3787 890 ordinantur,

2272 905 2507 962 libellum
2537 906 2814 964 oflicialem
2855 926 2886 964 a
2920 926 3019 965 suo
3049 912 3333 967 sacerdote
3376 913 3629 983 accipiant
3663 924 3711 968 ut
3740 917 3788 970 ad

2269 996 2529 1053 ecclesias
2571 1000 2672 1054 sibi
2705 1001 2989 1070 deputatas
3032 1003 3280 1059 instructi
3319 1005 3620 1067 succedant,
3644 1022 3787 1076 neper

2272 1090 2625 1159 ignorantiam
2651 1093 2812 1147 etiam
2840 1094 2891 1148 in
2927 1095 3055 1165 ipsis
3083 1096 3278 1151 divinis
3302 1099 3647 1153 sacramentis
3666 1098 3790 1155 offen-

2271 1180 2421 1245 dant,
2452 1192 2512 1235 ut
2541 1183 2758 1250 quando
2780 1183 2863 1238 vel
2887 1186 2953 1238 ad
2986 1184 3225 1252 litanias,
3255 1186 3339 1242 vel
3368 1187 3435 1242 ad
3454 1188 3708 1242 concilium
3726 1204 3790 1244 re.

2272 1273 2470 1340 nerint,
2508 1274 2771 1330 rationem
2803 1278 3058 1348 episcopo
3089 1280 3334 1344 reddant,
3363 1279 3589 1349 qualiter
3622 1297 3788 1352 suscep-

2275 1369 2384 1416 tum
2406 1362 2636 1420 ofﬁcium
2670 1366 2946 1424 celebrent
2973 1369 3055 1423 vel
3082 1370 3378 1439 baptizent.

2343 1454 2528 1510 XXVI.
2564 1456 2790 1523 Quando
2836 1459 3136 1531 presbyteri
3171 1470 3281 1525 aut
3331 1460 3539 1517 diaconi
3571 1475 3654 1531 per
3677 1476 3792 1530 paru-

2273 1543 2425 1600 chias
2465 1547 2900 1613 constituuntur,
2937 1557 3151 1618 oportet
3180 1564 3274 1604 eos
3304 1550 3535 1621 primum
3563 1549 3792 1620 professio-

2274 1654 2395 1693 nem
2437 1639 2693 1709 episeopo
2722 1656 2821 1696 suo
2854 1641 3035 1698 facere
3074 1653 3130 1698 ut
3161 1652 3311 1699 caste
3343 1654 3398 1699 et
3431 1644 3514 1714 pie
3544 1644 3700 1698 vivant
3723 1645 3790 1698 sub

2275 1730 2369 1786 Dei
2417 1732 2630 1798 timore,
2655 1744 2715 1788 ut
2746 1735 2871 1790 dum
2895 1752 2989 1791 eos
3021 1736 3112 1791 tali
3144 1737 3486 1808 professione
3515 1736 3788 1806 obligaverit,

588 1826 880 1882 exhibeant
931 1828 1305 1883 sacramentis.
1354 1826 1738 1882 Abstineamus
1783 1842 1915 1898 ergo
1969 1841 2070 1882 nos
2099 1826 2168 1880 ab
2203 1824 2245 1883 Β
2271 1832 2517 1878 sanctam
2557 1826 2896 1896 disciplinam
2932 1829 3216 1883 retineant.

588 1917 735 1972 omni
780 1932 942 1987 opere
977 1919 1120 1973 malo
1157 1926 1214 1975 et
1248 1920 1317 1974 ab
1355 1919 1503 1974 omni
1542 1918 1954 1988 inquinamento
1988 1918 2170 1973 carnis

588 2004 745 2061 liberi
793 2022 1141 2072 maneamus,
1168 2017 1228 2062 ut
1258 2008 1444 2063 mundi
1468 2022 1718 2077 corpore,
1749 2008 1963 2077 purgati
1995 2017 2172 2064 mente

593 2100 862 2169 possimus
895 2100 962 2155 ad
1000 2101 1328 2157 sacrificium
1376 2101 1579 2156 Christi
1632 2101 1777 2172 digni
1806 2100 2089 2166 accedere,
2118 2109 2172 2155 et

593 2191 762 2247 Deum
790 2207 888 2263 pro
912 2192 1122 2247 delictis
1147 2194 1388 2247 omnium
1420 2193 1719 2263 deprecari.

663 2281 807 2337 XXI.
837 2281 1097 2350 Quamvis
1145 2284 1531 2340 conscientiam
1578 2301 1766 2355 puram
1819 2284 1957 2355 apud
2006 2285 2174 2338 Deum

592 2389 693 2429 nos
721 2374 922 2430 habere
946 2383 1211 2445 oporteat,
1237 2383 1416 2429 tamen
1453 2386 1506 2430 et
1532 2376 1670 2441 apml
1711 2377 1956 2430 homines
1979 2374 2173 2429 famam

592 2465 854 2536 optimam
901 2465 1172 2521 custodire
1216 2466 1488 2531 convenit,
1540 2475 1594 2520 ut
1640 2466 1791 2535 juxta
1848 2475 2174 2537 praeceptum

594 2561 949 2632 apostolicum
984 2578 1090 2617 non
1125 2569 1334 2616 tantum
1373 2576 1557 2616 coram
1603 2561 1740 2623 Deo,
1782 2560 1876 2615 sed
1908 2561 2070 2614 etiam
2094 2573 2178 2613 co—

595 2671 713 2710 ram
745 2654 1054 2710 hominibus
1079 2654 1204 2708 vita:
1238 2662 1439 2707 sancta:
1473 2651 2173 2707 testimoniumhabeamus.

594 2749 825 2817 Quidam
869 2749 1013 2804 enim
1055 2748 1160 2803 huc
1198 2762 1371 2816 usque
1397 2747 1736 2802 sacerdotum
1768 2759 1874 2798 non
1905 2743 2175 2799 modicmn

596 2839 907 2897 scandalum
944 2848 1283 2902 creaverunt,
1331 2837 1457 2892 dum
1509 2838 1562 2892 in
1614 2835 2025 2892 conversatione
2056 2834 2179 2887 vita:

597 2946 706 2988 non
748 2931 903 2987 bona:
945 2928 1101 2984 fama:
1126 2929 1379 2983 existunt.
1416 2927 1484 2981 Ut
1516 2942 1646 2998 ergo
1675 2925 1994 2981 excludatur
2030 2924 2179 2978 dein-

601 3036 731 3094 ceps
776 3022 954 3078 omnis
983 3020 1212 3075 nefanda
1240 3019 1560 3090 suspicionis
1587 3018 1821 3084 occasio,
1848 3026 1903 3072 et
1930 3032 1998 3072 ne
2019 3016 2179 3071 detur

598 3115 741 3170 ultra
768 3113 1117 3171 saecularibus
1148 3112 1298 3167 locus
1324 3111 1676 3169 obtrectandi,
1711 3117 1925 3178 oportet
1968 3107 2178 3177 episco-

2347 1912 2558 1969 XXVII.
2585 1915 2906 1988 Episcopus,
2932 1920 3238 1991 presbyter,
3284 1929 3381 1975 aut
3432 1919 3671 1974 diaconus
3705 1918 3738 1972 si
3769 1934 3789 1969 ι

2277 2008 2444 2077 gradu
2480 2022 2579 2063 suo
2625 2008 2825 2079 injuste
2873 2010 3114 2080 dejectns
3158 2012 3209 2066 in
3241 2021 3435 2067 sancta
3466 2011 3653 2083 synodo
3676 2010 3790 2064 inno-

2277 2116 2408 2157 cens
2448 2103 2774 2173 reperiatur,
2824 2119 2929 2159 non
2961 2113 3140 2175 potest
3178 2120 3303 2161 esse
3349 2105 3490 2175 quod
3520 2103 3690 2167 fuerat,
3720 2099 3793 2155 nisi

2278 2191 2475 2262 gradus
2537 2194 2768 2250 amissos
2818 2195 3040 2264 recipiat
3089 2211 3275 2251 coram
3335 2195 3531 2249 altario
3580 2192 3639 2249 de
3673 2205 3792 2247 manu

2280 2282 2677 2353 episcoporum,
2709 2285 2755 2339 si
2782 2286 3070 2357 episcopus
3097 2294 3203 2352 est,
3236 2287 3499 2352 orarium,
3524 2283 3739 2338 annulum
3756 2289 3793 2335 et

2279 2374 2553 2440 baculum,
2588 2375 2630 2429 si
2663 2377 2950 2449 presbyter
2973 2419 2987 2444 ,
3017 2378 3256 2434 orarium
3285 2388 3341 2433 et
3364 2387 3623 2449 patenam,
3654 2373 3791 2447 sidia-

2281 2480 2468 2531 conns,
2499 2467 2739 2522 orarium
2782 2476 2839 2522 et
2883 2468 3085 2536 albam,
3120 2470 3163 2525 si
3202 2469 3565 2525 subdiaconus
3597 2477 3788 2537 patenum

2282 2566 2338 2612 et
2390 2556 2637 2624 calicem,
2684 2559 2764 2615 sic
2816 2567 2871 2615 et
2912 2560 3104 2630 reliqui
3151 2561 3355 2632 gradus
3403 2576 3521 2615 cum
3560 2555 3790 2626 reparatio-

2283 2667 2405 2707 nem
2433 2654 2513 2707 sni
2556 2654 2819 2723 recipiant
2855 2671 3016 2726 quem
3044 2671 3166 2713 eum
3188 2655 3575 2711 ordinarentur
3597 2661 3792 2723 percepe-

2282 2756 2424 2801 rant.

2356 2837 2588 2894 XXVIII.
2618 2840 2674 2895 Si
2698 2842 2982 2913 episcopus
3003 2852 3095 2897 aut
3113 2843 3420 2914 presbyter,
3444 2840 3552 2897 sive
3575 2837 3791 2897 diaconus,

2285 2927 2366 2981 vel
2396 2928 2619 2998 quilibet
2642 2946 2708 2984 ex
2743 2931 2930 2985 ordine
2957 2931 3278 2987 clericorum
3323 2946 3505 3004 magos
3533 2936 3617 2983 aut
3638 2923 3790 2992 aruspi-

2285 3032 2394 3083 ces,
2426 3028 2520 3073 aut
2566 3020 2786 3087 ariolus,
2819 3032 2912 3077 aut
2942 3031 3090 3078 certe
3124 3037 3362 3094 augures
3385 3062 3400 3089 ,
3444 3020 3527 3075 vel
3552 3016 3789 3085 sortilegos.

2284 3109 2370 3163 vel
2399 3125 2494 3166 eos
2531 3112 2621 3180 qui
2664 3113 2985 3181 profitentur
3011 3124 3184 3170 artem
3206 3114 3447 3187 aliquam
3466 3154 3480 3179 ,
3506 3120 3590 3168 aut
3615 3109 3787 3176 aliquem

598 3220 699 3276 pos
729 3203 1092 3261 testimonium
1123 3200 1479 3273 probabilium
1511 3215 1863 3272 personarum
1891 3213 2179 3254 conversa-
2207 3185 2253 3248 C
2283 3215 2472 3256 eorum
2504 3200 2697 3256 simili:
2730 3215 3075 3263 exercentem
3105 3185 3446 3261 consuluisse
3473 3202 3618 3258 fuerit
3645 3200 3785 3266 deprc-

597 3297 762 3353 tionis
785 3304 841 3352 et
862 3295 985 3351 vita:
1008 3296 1061 3349 in
1088 3293 1328 3349 conclavi
1352 3307 1449 3348 suo
1480 3292 1696 3356 habere,
1723 3300 1781 3344 ut
1801 3290 1912 3345 Deo
1933 3290 2180 3361 placeant

602 3402 701 3458 per
721 3387 1187 3444 conversationem
1213 3386 1429 3450 bonam,
1464 3392 1520 3439 et
1540 3382 1786 3439 ecclesia:
1814 3398 1907 3453 per
1934 3382 2176 3437 omnium

598 3480 819 3536 famam.

668 3570 835 3627 XXII.
867 3569 985 3625 Non
1015 3568 1172 3625 aliter
1197 3567 1417 3640 placuit,
1445 3575 1502 3621 ut
1524 3565 1979 3637 quemadmodum
2010 3562 2179 3619 antis-

600 3664 747 3730 tites,
765 3664 841 3718 ita
862 3662 1160 3734 presbyteri
1187 3670 1349 3731 atque
1371 3660 1543 3716 levita:
1565 3674 1701 3730 quos
1728 3657 1866 3713 forte
1892 3656 2180 3712 infirmitas

600 3766 761 3828 atque
788 3754 965 3811 aetatis
988 3754 1226 3824 gravitas
1256 3754 1307 3807 in
1335 3751 1576 3808 conclavi
1606 3765 1704 3806 suo
1732 3765 1953 3805 manere
1979 3764 2085 3804 non
2114 3749 2181 3803 si-

601 3849 704 3915 nit,
729 3854 788 3902 ut
812 3847 974 3901 iidem
1005 3847 1057 3901 in
1088 3844 1298 3900 cellulis
1322 3843 1437 3899 suis
1465 3851 1630 3897 testes
1658 3842 1781 3895 vitae
1807 3841 2067 3905 habeant,
2093 3838 2179 3893 vi-

601 3948 820 4009 tamque
849 3952 1001 3991 suam
1034 3936 1174 3992 sicut
1210 3937 1425 3992 nomine
1446 3976 1461 4002 ,
1496 3937 1566 3991 ita
1598 3937 1807 3993 meritis
1832 3942 2072 3991 teneant.

671 4026 858 4082 XXIII.
907 4026 1083 4081 Prona
1130 4036 1214 4083 cst
1251 4027 1429 4082 omnis
1477 4036 1607 4083 aatas
1635 4027 1703 4082 ab
1731 4026 2093 4082 adolescentia
2127 4025 2178 4080 in

600 4117 820 4182 malum,
848 4116 981 4171 nihil
994 4116 1138 4171 enim
1160 4117 1419 4173 incertius
1432 4133 1592 4188 quam
1609 4117 2178 4190 vitapdoleseentium;

600 4213 671 4267 ob
712 4212 815 4266 hoc
858 4210 1295 4265 constituendum
1339 4211 1606 4281 oportuit,
1637 4219 1696 4265 ut
1738 4211 1783 4266 si
1818 4212 1909 4281 qui
1948 4211 2003 4265 in
2034 4209 2181 4266 clero

601 4301 754 4371 pueri
788 4310 883 4356 aut
928 4300 1300 4357 adolescentes
1325 4302 1586 4366 existunt,
1616 4316 1804 4357 omnes
1828 4302 1880 4355 in
1909 4316 2019 4357 uno
2046 4316 2181 4356 con-

599 4392 737 4451 clavi
790 4395 915 4450 atrii
965 4404 1389 4461 commorentur,
1442 4405 1502 4451 ut
1534 4397 1754 4452 lubrica:
1799 4398 1977 4452 aetatis
2010 4413 2183 4453 annos

600 4500 709 4541 non
731 4485 785 4539 in
805 4484 1038 4551 luxuria,
1068 4487 1161 4541 sed
1189 4487 1242 4542 in
1266 4486 1564 4557 disciplinis
1588 4487 1972 4544 ecclesiasticis
1993 4495 2176 4557 agant,

600 4575 856 4645 deputato
898 4576 1280 4648 probatissimo
1322 4579 1559 4643 seniore,
1590 4593 1749 4649 quem
1774 4586 1829 4632 et
1858 4578 2178 4648 magistrum

600 4667 899 4739 disciplina:
948 4678 1003 4725 et
1048 4678 1241 4726 testem
1270 4672 1395 4727 vitae
1440 4671 1693 4726 habeant.
1722 4669 1875 4737 Quod
1910 4670 1957 4725 si
2013 4669 2179 4739 aliqui

602 4774 670 4814 ex
696 4759 783 4815 his
813 4760 996 4830 pupilli
1026 4761 1291 4827 existunt,
1336 4762 1654 4818 sacerdotali
1684 4762 1844 4816 tutela
1871 4760 2175 4823 foveantur,

599 4860 660 4907 ut
696 4859 752 4921 et
778 4853 885 4908 vita
916 4868 1102 4911 eorum
1134 4870 1164 4908 a
1197 4854 1515 4910 criminibus
1544 4855 1745 4909 intacta
1777 4854 1869 4918 sit,
1901 4862 1957 4908 et
1993 4869 2080 4907 res
2106 4853 2174 4906 ab

600 4951 795 5019 injuria
820 4954 1189 5021 reproborum.
1215 4951 1315 5020 Qui
1340 4961 1521 5007 autem
1548 4952 1631 5007 his
1647 4950 1930 5021 praeceptis
1951 4948 2150 5003 resulta
2165 4978 2179 4987 -

604 5043 799 5110 verint,
828 5044 1173 5099 monasteriis
1199 5045 1543 5115 deputentur,
1573 5052 1907 5115 utvaganles
1937 5042 2101 5097 animi
2125 5050 2179 5094 ct

602 5137 818 5205 superbi
848 5138 1103 5193 sevcriori
1133 5139 1315 5208 regula
1342 5139 1753 5211 distringantur.

674 5224 859 5283 XXIV.
908 5227 1213 5299 Ignorantia
1293 5241 1468 5287 mater
1528 5241 1848 5287 cunctorum
1907 5245 2176 5295 errormn,

603 5317 839 5374 maxime
860 5319 913 5374 in
933 5322 1305 5379 sacerdotibus
1340 5323 1433 5380 Dei
1450 5324 1670 5380 vitanda
1700 5336 1802 5389 est,
1831 5323 1920 5392 qui
1953 5321 2178 5377 docendi

601 5405 835 5462 ofﬁciunt
864 5405 918 5462 in
947 5409 1157 5479 populis
1177 5421 1554 5482 susceperunt,
1582 5412 1894 5468 sacerdotes
1914 5411 2058 5465 enim
2100 5410 2175 5464 le-

601 5510 730 5566 gere
756 5505 972 5553 sanctas
1000 5497 1310 5569 Scripturas
1346 5502 1657 5573 frequenter
1685 5504 1941 5559 admonet
1974 5501 2173 5556 Paulus

604 5587 885 5655 apostolus
924 5588 1112 5644 dicens
1140 5592 1205 5644 ad
1233 5590 1572 5648 Timotheum
1608 5611 1620 5646 :
1669 5612 1688 5644 o
1717 5591 1937 5648 Intende
1962 5590 2179 5645 lectioni

602 5682 658 5730 et
698 5677 1062 5735 exhortationi
1114 5680 1167 5750 (1
1199 5679 1329 5735 Tim.
1362 5699 1430 5744 ιν,
1468 5683 1569 5753 15).
1611 5705 1627 5735 ι
1668 5685 1926 5742 Doctores
1958 5697 2171 5752 semper

600 5780 822 5827 manere
851 5770 902 5826 in
930 5772 1015 5853 his
1049 5787 1105 5829 se
1125 5775 1318 5831 sciant.
1347 5775 1512 5845 Igitur
1543 5778 1849 5834 sacerdotes
1870 5776 2181 5846 Scripturas

2210 4545 2258 4604 Ι)

2281 3295 2504 3360 hensus,
2530 3295 2600 3349 ab
2628 3296 2835 3352 honore
2854 3296 3131 3367 dignitatis
3154 3313 3265 3354 suae
3286 3297 3558 3367 depositus
3583 3298 3785 3348 monaste-

2281 3387 2344 3441 rii
2375 3401 2558 3441 curam
2605 3387 2863 3457 excipiat,
2896 3388 3075 3458 ibique
3103 3397 3379 3460 perpetua:
3402 3383 3699 3460 paenitentia:
3724 3380 3786 3434 ἀε-
3872 3396 3873 3439 1

2280 3477 2424 3532 ditus
2455 3477 2631 3533 scelus
2653 3479 2949 3534 admissum
2972 3480 3243 3551 sacrilegii
3277 3480 3470 3537 solvat.

2352 3567 2543 3622 XXIX.
2565 3567 2895 3624 Confinitimi
2940 3571 3171 3625 hostium
3201 3572 3513 3627 sacerdotes
3534 3575 3700 3639 praeter
3719 3576 3783 3627 ξοδ

2280 3661 2369 3730 qni
2400 3675 2430 3715 a
2469 3661 2628 3732 regia:
2664 3664 2950 3733 potestatis
2980 3664 3195 3719 sublimi
3227 3667 3543 3721 auctoritate
3579 3658 3787 3717 licentiam
3872 3684 3873 3725 ι

2281 3762 2627 3822 acceperunt,
2649 3768 2678 3807 a
2698 3753 2937 3824 quolibet
2958 3757 3269 3810 mandatum
3303 3766 3519 3828 agentes
3540 3760 3785 3810 extraneum

2280 3844 2489 3899 occulte
2524 3844 2770 3915 accipere
2816 3846 2898 3901 vel
2946 3847 3180 3918 dirigere
3231 3864 3338 3902 non
3384 3836 3785 3918 prmsumantmui

2283 3942 2465 3988 autem
2497 3935 2939 4005 deprehenditur,
2985 3946 3078 3990 aut
3118 3939 3464 3994 convincitur
3506 3931 3783 3992 denuntiatus

2281 4024 2508 4095 principi
2556 4025 2696 4096 apud
2738 4025 3027 4081 concilium
3076 4027 3347 4098 condigna
3390 4021 3781 4083 animadversione

2283 4116 2623 4171 multabitur.

2356 4208 2528 4263 XXX.
2564 4208 2719 4280 Saepe
2762 4210 3038 4282 principes
3089 4222 3279 4268 contra
3309 4210 3567 4283 quoslibet
3591 4202 3779 4271 majesta-

2284 4302 2354 4358 tis
2385 4303 2651 4359 obnoxios
2697 4304 3069 4360 sacerdotibus
3108 4306 3321 4377 negotia
3365 4320 3459 4361 sua
3488 4298 3779 4359 committunt.

2281 4404 2338 4451 et
2363 4395 2489 4465 quia
2536 4396 2847 4451 sacerdotes
2879 4412 2908 4451 a
2940 4397 3159 4453 Christo
3183 4398 3248 4452 ad
3274 4394 3614 4451 ministerium
3641 4380 3782 4441 salutis

2283 4484 2441 4542 electi
2473 4497 2618 4553 sunt,
2650 4486 2722 4542 ibi
2748 4488 3095 4543 consentiunt
3128 4489 3341 4559 regibus
3370 4485 3483 4541 fieri
3503 4481 3697 4553 judiccs,

2278 4577 2630 4650 jurejurando
2652 4580 2899 4651 supplicii
2931 4579 3258 4651 indulgentia
3276 4576 3606 4650 promittitur,
3621 4582 3703 4624 non
3720 4561 3780 4616 ubi

2284 4671 2615 4728 discriminis
2649 4672 2919 4729 sententia
2950 4681 3305 4742 praaparatur.
3352 4670 3408 4727 Si
3455 4667 3567 4739 quis
3598 4675 3701 4730 θτιςο
3723 4670 3782 4708 ⁵³⁹

2283 4765 2563 4819 cerdotmn
2616 4774 2805 4820 contra
2859 4767 2964 4821 hoc
2994 4766 3370 4822 communione
3411 4759 3680 4820 consultum
3696 4748 3780 4845 dis:

2283 4870 2472 4912 cussor
2501 4857 2554 4910 in
2596 4856 2787 4912 alienis
2832 4856 3085 4928 periculis
3132 4857 3422 4922 exstiterit,
3449 4854 3504 4908 fit
3540 4862 3646 4905 reus
3664 4839 3775 4897 effusi

2284 4947 2560 5017 sanguinis
2588 4949 2725 5018 apud
2749 4947 3042 5014 Christum,
3073 4958 3126 5005 et
3158 4952 3299 5020 apud
3345 4946 3605 5005 ecclesiam
3642 4930 3779 5008 perdi“

2282 5039 2557 5108 proprium
2584 5040 2830 5109 gradum.

2355 5129 2546 5184 XXXI.
2582 5130 2828 5201 Episc0pi
2872 5132 2924 5185 in
2953 5133 3297 5204 protegendis
3330 5129 3527 5203 populis
3554 5140 3609 5180 ac
3635 5114 3770 5172 defen-

2282 5219 2471 5274 dendis
2501 5220 2803 5290 impositam
2847 5238 2875 5275 a
2920 5223 3027 5277 Deo
3059 5222 3157 5277 sibi
3189 5239 3373 5278 curam
3406 5235 3501 5276 non
3529 5210 3769 5278 ambigunt.

2283 5310 2510 5381 ideoque
2542 5312 2667 5367 dum
2715 5314 3050 5384 conspiciunt
3093 5313 3305 5383 judices
3342 5328 3404 5368 ac
3450 5307 3773 5390 poteutcslmf

2283 5417 2474 5474 perum
2498 5419 2846 5476 oppressores
2874 5405 3133 5472 existere,
3163 5416 3218 5462 et
3242 5408 3390 5478 prius
3411 5417 3499 5458 eos
3522 5380 3772 5453 sacerdotall

2284 5496 2653 5553 admonitione
2681 5499 3029 5570 redarguam,
3065 5501 3185 5556 etsi
3221 5492 3612 5567 contempserint
3632 5490 3771 5539 emcn'

2279 5586 2431 5652 dari,
2463 5604 2649 5642 eorum
2684 5589 3022 5644 insolentiam
3057 5591 3196 5661 regis
3231 5591 3444 5646 auribus
3476 5580 3701 5639 intiment.
3723 5573 3765 5616 II1

2286 5696 2420 5751 quos
2459 5682 2811 5737 sacerdotalis
2841 5682 3138 5739 admonitio
3168 5699 3273 5739 non
3304 5680 3463 5737 flectit
3487 5676 3547 5731 ad
3569 5661 3770 5757 justitiatn

2288 5773 2483 5844 regalis
2533 5782 2772 5843 potestas
2818 5776 2884 5830 ab
2938 5776 3280 5846 improbitate
3326 5775 3570 5834 coerceat.
3609 5759 3654 5817 Si
3684 5759 3771 5822 ‘1‘“s
