  <div class='ocr_page' id='page_1' title='image "/cluster/home/n/w/nwhite01/storage/ocr_20150623/130/hvd.32044015471717/266.png"; bbox 0 0 3910 6438; ppageno 0'>
   <div class='ocr_carea' id='block_1_1' title="bbox 102 411 192 466">
    <p class='ocr_par' dir='ltr' id='par_1_1' title="bbox 102 411 192 466">
     <span class='ocr_line' id='line_1_1' title="bbox 102 411 192 466; baseline 0 -1"><span class='ocrx_word' id='word_1_1' title='bbox 102 411 192 466; x_wconf 63' lang='grc'><strong>435</strong></span> 
     </span>
    </p>
   </div>
   <div class='ocr_carea' id='block_1_2' title="bbox 1249 400 2169 458">
    <p class='ocr_par' dir='ltr' id='par_1_2' title="bbox 1249 400 2169 458">
     <span class='ocr_line' id='line_1_2' title="bbox 1249 400 2169 458; baseline 0.002 -2"><span class='ocrx_word' id='word_1_2' title='bbox 1249 400 1731 458; x_wconf 79' lang='lat' dir='ltr'><strong>DECRETALIUM</strong></span> <span class='ocrx_word' id='word_1_3' title='bbox 1773 400 2169 458; x_wconf 79' lang='lat' dir='ltr'><strong>COLLECTIO.</strong></span> 
     </span>
    </p>
   </div>
   <div class='ocr_carea' id='block_1_3' title="bbox 3237 408 3342 468">
    <p class='ocr_par' dir='ltr' id='par_1_3' title="bbox 3237 408 3342 468">
     <span class='ocr_line' id='line_1_3' title="bbox 3237 408 3342 468; baseline 0.038 -4"><span class='ocrx_word' id='word_1_4' title='bbox 3237 408 3342 468; x_wconf 67' lang='grc'><strong>474</strong></span> 
     </span>
    </p>
   </div>
   <div class='ocr_carea' id='block_1_4' title="bbox 102 516 3330 594">
    <p class='ocr_par' dir='ltr' id='par_1_4' title="bbox 102 516 3330 594">
     <span class='ocr_line' id='line_1_4' title="bbox 102 516 3330 594; baseline 0 -15"><span class='ocrx_word' id='word_1_5' title='bbox 102 537 262 581; x_wconf 86' lang='lat' dir='ltr'><strong>autem</strong></span> <span class='ocrx_word' id='word_1_6' title='bbox 320 520 790 594; x_wconf 79' lang='lat' dir='ltr'><strong>episcoporumid</strong></span> <span class='ocrx_word' id='word_1_7' title='bbox 864 518 1186 589; x_wconf 85' lang='lat' dir='ltr'><strong>neglexerit,</strong></span> <span class='ocrx_word' id='word_1_8' title='bbox 1251 519 1479 573; x_wconf 90' lang='lat' dir='ltr'><strong>concilio</strong></span> <span class='ocrx_word' id='word_1_9' title='bbox 1548 517 1652 572; x_wconf 90' lang='lat' dir='ltr'><strong>erit</strong></span> <span class='ocrx_word' id='word_1_10' title='bbox 1684 523 1726 579; x_wconf 75' lang='grc' dir='ltr'><strong>Α</strong></span> <span class='ocrx_word' id='word_1_11' title='bbox 1758 517 2146 570; x_wconf 77' lang='lat' dir='ltr'><strong>sustinentibus</strong></span> <span class='ocrx_word' id='word_1_12' title='bbox 2201 530 2297 584; x_wconf 89' lang='lat' dir='ltr'><strong>pro</strong></span> <span class='ocrx_word' id='word_1_13' title='bbox 2353 516 2464 570; x_wconf 88' lang='lat' dir='ltr'><strong>solo</strong></span> <span class='ocrx_word' id='word_1_14' title='bbox 2517 517 2792 589; x_wconf 85' lang='lat' dir='ltr'><strong>religionis</strong></span> <span class='ocrx_word' id='word_1_15' title='bbox 2843 519 3037 578; x_wconf 89' lang='lat' dir='ltr'><strong>intuitu</strong></span> <span class='ocrx_word' id='word_1_16' title='bbox 3073 521 3123 576; x_wconf 92' lang='lat' dir='ltr'><strong>in</strong></span> <span class='ocrx_word' id='word_1_17' title='bbox 3176 539 3330 580; x_wconf 88' lang='lat' dir='ltr'><strong>usum</strong></span> 
     </span>
    </p>
   </div>
   <div class='ocr_carea' id='block_1_5' title="bbox 101 635 228 675">
    <p class='ocr_par' dir='ltr' id='par_1_5' title="bbox 101 635 228 675">
     <span class='ocr_line' id='line_1_5' title="bbox 101 635 228 675; baseline -0.031 0"><span class='ocrx_word' id='word_1_18' title='bbox 101 635 228 675; x_wconf 64' lang='grc' dir='ltr'><strong>τρυε.</strong></span> 
     </span>
    </p>
   </div>
   <div class='ocr_carea' id='block_1_6' title="bbox 156 701 1653 763">
    <p class='ocr_par' dir='ltr' id='par_1_6' title="bbox 156 701 1653 763">
     <span class='ocr_line' id='line_1_6' title="bbox 156 701 1653 763; baseline -0.005 0"><span class='ocrx_word' id='word_1_19' title='bbox 156 705 362 763; x_wconf 86' lang='lat' dir='ltr'><strong>XXXII.</strong></span> <span class='ocrx_word' id='word_1_20' title='bbox 397 704 638 760; x_wconf 75' lang='lat' dir='ltr'><strong>Avaritia</strong></span> <span class='ocrx_word' id='word_1_21' title='bbox 680 704 834 759; x_wconf 78' lang='lat' dir='ltr'><strong>radix</strong></span> <span class='ocrx_word' id='word_1_22' title='bbox 871 711 956 758; x_wconf 90' lang='lat' dir='ltr'><strong>est</strong></span> <span class='ocrx_word' id='word_1_23' title='bbox 992 711 1308 758; x_wconf 86' lang='lat' dir='ltr'><strong>cunctorum</strong></span> <span class='ocrx_word' id='word_1_24' title='bbox 1354 701 1653 762; x_wconf 90' lang='lat' dir='ltr'><strong>malorum,</strong></span> 
     </span>
    </p>
   </div>
   <div class='ocr_carea' id='block_1_7' title="bbox 96 794 1656 875">
    <p class='ocr_par' dir='ltr' id='par_1_7' title="bbox 96 794 1656 875">
     <span class='ocr_line' id='line_1_7' title="bbox 96 794 1656 875; baseline -0.008 -14"><span class='ocrx_word' id='word_1_25' title='bbox 96 807 232 875; x_wconf 83' lang='lat' dir='ltr'><strong>cujus</strong></span> <span class='ocrx_word' id='word_1_26' title='bbox 271 803 390 858; x_wconf 92' lang='lat' dir='ltr'><strong>sitis</strong></span> <span class='ocrx_word' id='word_1_27' title='bbox 437 803 603 856; x_wconf 90' lang='lat' dir='ltr'><strong>etiam</strong></span> <span class='ocrx_word' id='word_1_28' title='bbox 633 799 976 856; x_wconf 79' lang='lat' dir='ltr'><strong>sacerdotum</strong></span> <span class='ocrx_word' id='word_1_29' title='bbox 1012 807 1222 854; x_wconf 88' lang='lat' dir='ltr'><strong>mentes</strong></span> <span class='ocrx_word' id='word_1_30' title='bbox 1252 795 1479 851; x_wconf 85' lang='lat' dir='ltr'><strong>obtinet.</strong></span> <span class='ocrx_word' id='word_1_31' title='bbox 1507 794 1656 850; x_wconf 84' lang='lat' dir='ltr'><strong>Multi</strong></span> 
     </span>
    </p>
   </div>
   <div class='ocr_carea' id='block_1_8' title="bbox 97 883 1659 958">
    <p class='ocr_par' dir='ltr' id='par_1_8' title="bbox 97 883 1659 958">
     <span class='ocr_line' id='line_1_8' title="bbox 97 883 1659 958; baseline -0.007 -8"><span class='ocrx_word' id='word_1_32' title='bbox 97 897 312 951; x_wconf 85' lang='lat' dir='ltr'><strong>fidelium</strong></span> <span class='ocrx_word' id='word_1_33' title='bbox 345 894 400 947; x_wconf 90' lang='lat' dir='ltr'><strong>iu</strong></span> <span class='ocrx_word' id='word_1_34' title='bbox 433 907 620 946; x_wconf 91' lang='lat' dir='ltr'><strong>amore</strong></span> <span class='ocrx_word' id='word_1_35' title='bbox 653 889 854 945; x_wconf 85' lang='lat' dir='ltr'><strong>Christi</strong></span> <span class='ocrx_word' id='word_1_36' title='bbox 885 897 940 942; x_wconf 93' lang='lat' dir='ltr'><strong>et</strong></span> <span class='ocrx_word' id='word_1_37' title='bbox 964 896 1261 958; x_wconf 82' lang='lat' dir='ltr'><strong>martyrum</strong></span> <span class='ocrx_word' id='word_1_38' title='bbox 1295 887 1348 940; x_wconf 92' lang='lat' dir='ltr'><strong>in</strong></span> <span class='ocrx_word' id='word_1_39' title='bbox 1382 883 1659 956; x_wconf 90' lang='lat' dir='ltr'><strong>parochiis</strong></span> 
     </span>
    </p>
   </div>
   <div class='ocr_carea' id='block_1_9' title="bbox 94 981 1658 1059">
    <p class='ocr_par' dir='ltr' id='par_1_9' title="bbox 94 981 1658 1059">
     <span class='ocr_line' id='line_1_9' title="bbox 94 981 1658 1059; baseline -0.006 -16"><span class='ocrx_word' id='word_1_40' title='bbox 94 991 451 1059; x_wconf 77' lang='lat' dir='ltr'><strong>episcoporum</strong></span> <span class='ocrx_word' id='word_1_41' title='bbox 468 983 720 1039; x_wconf 88' lang='lat' dir='ltr'><strong>basilicas</strong></span> <span class='ocrx_word' id='word_1_42' title='bbox 741 990 1082 1046; x_wconf 89' lang='lat' dir='ltr'><strong>construunt,</strong></span> <span class='ocrx_word' id='word_1_43' title='bbox 1106 981 1407 1036; x_wconf 87' lang='lat' dir='ltr'><strong>oblationes</strong></span> <span class='ocrx_word' id='word_1_44' title='bbox 1437 987 1658 1035; x_wconf 91' lang='lat' dir='ltr'><strong>sanctas</strong></span> 
     </span>
    </p>
   </div>
   <div class='ocr_carea' id='block_1_10' title="bbox 96 1069 1657 1141">
    <p class='ocr_par' dir='ltr' id='par_1_10' title="bbox 96 1069 1657 1141">
     <span class='ocr_line' id='line_1_10' title="bbox 96 1069 1657 1141; baseline -0.006 -9"><span class='ocrx_word' id='word_1_45' title='bbox 96 1081 333 1141; x_wconf 89' lang='lat' dir='ltr'><strong>tribuunt,</strong></span> <span class='ocrx_word' id='word_1_46' title='bbox 384 1074 705 1128; x_wconf 91' lang='lat' dir='ltr'><strong>sacerdotes</strong></span> <span class='ocrx_word' id='word_1_47' title='bbox 750 1073 865 1127; x_wconf 80' lang='lat' dir='ltr'><strong>lucc</strong></span> <span class='ocrx_word' id='word_1_48' title='bbox 909 1070 1195 1136; x_wconf 89' lang='lat' dir='ltr'><strong>auferunt,</strong></span> <span class='ocrx_word' id='word_1_49' title='bbox 1237 1079 1398 1140; x_wconf 90' lang='lat' dir='ltr'><strong>atque</strong></span> <span class='ocrx_word' id='word_1_50' title='bbox 1447 1069 1500 1122; x_wconf 93' lang='lat' dir='ltr'><strong>in</strong></span> <span class='ocrx_word' id='word_1_51' title='bbox 1528 1082 1657 1122; x_wconf 89' lang='lat' dir='ltr'><strong>usus</strong></span> 
     </span>
    </p>
   </div>
   <div class='ocr_carea' id='block_1_11' title="bbox 93 1162 1654 1242">
    <p class='ocr_par' dir='ltr' id='par_1_11' title="bbox 93 1162 1654 1242">
     <span class='ocr_line' id='line_1_11' title="bbox 93 1162 1654 1242; baseline -0.008 -17"><span class='ocrx_word' id='word_1_52' title='bbox 93 1185 202 1225; x_wconf 89' lang='lat' dir='ltr'><strong>suos</strong></span> <span class='ocrx_word' id='word_1_53' title='bbox 244 1173 598 1231; x_wconf 87' lang='lat' dir='ltr'><strong>convertunt,</strong></span> <span class='ocrx_word' id='word_1_54' title='bbox 630 1163 752 1242; x_wconf 83' lang='lat' dir='ltr'><strong>inde</strong></span> <span class='ocrx_word' id='word_1_55' title='bbox 777 1171 863 1219; x_wconf 91' lang='lat' dir='ltr'><strong>est</strong></span> <span class='ocrx_word' id='word_1_56' title='bbox 900 1163 1046 1232; x_wconf 91' lang='lat' dir='ltr'><strong>quod</strong></span> <span class='ocrx_word' id='word_1_57' title='bbox 1090 1162 1327 1218; x_wconf 85' lang='lat' dir='ltr'><strong>cultores</strong></span> <span class='ocrx_word' id='word_1_58' title='bbox 1372 1175 1654 1216; x_wconf 90' lang='lat' dir='ltr'><strong>sacrorum</strong></span> 
     </span>
    </p>
   </div>
   <div class='ocr_carea' id='block_1_12' title="bbox 95 1249 1652 1326">
    <p class='ocr_par' dir='ltr' id='par_1_12' title="bbox 95 1249 1652 1326">
     <span class='ocr_line' id='line_1_12' title="bbox 95 1249 1652 1326; baseline -0.008 -10"><span class='ocrx_word' id='word_1_59' title='bbox 95 1259 348 1323; x_wconf 83' lang='lat' dir='ltr'><strong>deficiunt,</strong></span> <span class='ocrx_word' id='word_1_60' title='bbox 368 1257 502 1311; x_wconf 93' lang='lat' dir='ltr'><strong>dum</strong></span> <span class='ocrx_word' id='word_1_61' title='bbox 529 1253 794 1326; x_wconf 90' lang='lat' dir='ltr'><strong>stipendia</strong></span> <span class='ocrx_word' id='word_1_62' title='bbox 813 1269 906 1309; x_wconf 90' lang='lat' dir='ltr'><strong>sua</strong></span> <span class='ocrx_word' id='word_1_63' title='bbox 933 1253 1181 1324; x_wconf 90' lang='lat' dir='ltr'><strong>perdunt,</strong></span> <span class='ocrx_word' id='word_1_64' title='bbox 1215 1253 1336 1306; x_wconf 91' lang='lat' dir='ltr'><strong>inde</strong></span> <span class='ocrx_word' id='word_1_65' title='bbox 1356 1249 1652 1305; x_wconf 90' lang='lat' dir='ltr'><strong>labentium</strong></span> 
     </span>
    </p>
   </div>
   <div class='ocr_carea' id='block_1_13' title="bbox 97 1340 1655 1414">
    <p class='ocr_par' dir='ltr' id='par_1_13' title="bbox 97 1340 1655 1414">
     <span class='ocr_line' id='line_1_13' title="bbox 97 1340 1655 1414; baseline -0.007 -10"><span class='ocrx_word' id='word_1_66' title='bbox 97 1349 422 1404; x_wconf 82' lang='lat' dir='ltr'><strong>basilicarum</strong></span> <span class='ocrx_word' id='word_1_67' title='bbox 458 1346 631 1401; x_wconf 76' lang='lat' dir='ltr'><strong>ruina:</strong></span> <span class='ocrx_word' id='word_1_68' title='bbox 658 1360 764 1400; x_wconf 92' lang='lat' dir='ltr'><strong>non</strong></span> <span class='ocrx_word' id='word_1_69' title='bbox 795 1352 1140 1414; x_wconf 87' lang='lat' dir='ltr'><strong>reparantur,</strong></span> <span class='ocrx_word' id='word_1_70' title='bbox 1169 1342 1294 1412; x_wconf 91' lang='lat' dir='ltr'><strong>quia</strong></span> <span class='ocrx_word' id='word_1_71' title='bbox 1321 1340 1550 1395; x_wconf 84' lang='lat' dir='ltr'><strong>avaritia</strong></span> <span class='ocrx_word' id='word_1_72' title='bbox 1571 1355 1655 1395; x_wconf 90' lang='lat' dir='ltr'><strong>sa-</strong></span> 
     </span>
    </p>
   </div>
   <div class='ocr_carea' id='block_1_14' title="bbox 101 1432 1652 1505">
    <p class='ocr_par' dir='ltr' id='par_1_14' title="bbox 101 1432 1652 1505">
     <span class='ocr_line' id='line_1_14' title="bbox 101 1432 1652 1505; baseline -0.008 -8"><span class='ocrx_word' id='word_1_73' title='bbox 101 1440 341 1497; x_wconf 89' lang='lat' dir='ltr'><strong>cerdotali</strong></span> <span class='ocrx_word' id='word_1_74' title='bbox 403 1438 588 1493; x_wconf 89' lang='lat' dir='ltr'><strong>omnia</strong></span> <span class='ocrx_word' id='word_1_75' title='bbox 643 1435 980 1492; x_wconf 88' lang='lat' dir='ltr'><strong>auferuntur.</strong></span> <span class='ocrx_word' id='word_1_76' title='bbox 1027 1435 1134 1490; x_wconf 89' lang='lat' dir='ltr'><strong>Pro</strong></span> <span class='ocrx_word' id='word_1_77' title='bbox 1179 1451 1283 1505; x_wconf 90' lang='lat' dir='ltr'><strong>qua</strong></span> <span class='ocrx_word' id='word_1_78' title='bbox 1338 1449 1396 1488; x_wconf 92' lang='lat' dir='ltr'><strong>re</strong></span> <span class='ocrx_word' id='word_1_79' title='bbox 1445 1432 1652 1488; x_wconf 92' lang='lat' dir='ltr'><strong>consti-</strong></span> 
     </span>
    </p>
   </div>
   <div class='ocr_carea' id='block_1_15' title="bbox 97 1523 1654 1598">
    <p class='ocr_par' dir='ltr' id='par_1_15' title="bbox 97 1523 1654 1598">
     <span class='ocr_line' id='line_1_15' title="bbox 97 1523 1654 1598; baseline -0.006 -12"><span class='ocrx_word' id='word_1_80' title='bbox 97 1542 246 1587; x_wconf 90' lang='lat' dir='ltr'><strong>tutum</strong></span> <span class='ocrx_word' id='word_1_81' title='bbox 293 1540 377 1584; x_wconf 90' lang='lat' dir='ltr'><strong>est</strong></span> <span class='ocrx_word' id='word_1_82' title='bbox 411 1545 444 1583; x_wconf 89' lang='lat' dir='ltr'><strong>a</strong></span> <span class='ocrx_word' id='word_1_83' title='bbox 501 1529 754 1598; x_wconf 78' lang='lat' dir='ltr'><strong>praesenti</strong></span> <span class='ocrx_word' id='word_1_84' title='bbox 806 1527 1035 1582; x_wconf 91' lang='lat' dir='ltr'><strong>concilio</strong></span> <span class='ocrx_word' id='word_1_85' title='bbox 1076 1525 1356 1597; x_wconf 83' lang='lat' dir='ltr'><strong>episcOpos</strong></span> <span class='ocrx_word' id='word_1_86' title='bbox 1395 1524 1469 1578; x_wconf 92' lang='lat' dir='ltr'><strong>ita</strong></span> <span class='ocrx_word' id='word_1_87' title='bbox 1521 1523 1654 1578; x_wconf 72' lang='lat' dir='ltr'><strong>dice-</strong></span> 
     </span>
    </p>
   </div>
   <div class='ocr_carea' id='block_1_16' title="bbox 97 1617 1655 1691">
    <p class='ocr_par' dir='ltr' id='par_1_16' title="bbox 97 1617 1655 1691">
     <span class='ocr_line' id='line_1_16' title="bbox 97 1617 1655 1691; baseline -0.008 -11"><span class='ocrx_word' id='word_1_88' title='bbox 97 1640 227 1680; x_wconf 84' lang='lat' dir='ltr'><strong>ccses</strong></span> <span class='ocrx_word' id='word_1_89' title='bbox 268 1639 395 1678; x_wconf 91' lang='lat' dir='ltr'><strong>suas</strong></span> <span class='ocrx_word' id='word_1_90' title='bbox 446 1637 662 1691; x_wconf 83' lang='lat' dir='ltr'><strong>regere,</strong></span> <span class='ocrx_word' id='word_1_91' title='bbox 711 1629 772 1674; x_wconf 92' lang='lat' dir='ltr'><strong>ut</strong></span> <span class='ocrx_word' id='word_1_92' title='bbox 805 1621 941 1674; x_wconf 90' lang='lat' dir='ltr'><strong>nihil</strong></span> <span class='ocrx_word' id='word_1_93' title='bbox 991 1634 1057 1674; x_wconf 80' lang='lat' dir='ltr'><strong>ex</strong></span> <span class='ocrx_word' id='word_1_94' title='bbox 1088 1634 1272 1674; x_wconf 88' lang='lat' dir='ltr'><strong>earum</strong></span> <span class='ocrx_word' id='word_1_95' title='bbox 1302 1617 1424 1686; x_wconf 86' lang='lat' dir='ltr'><strong>jure</strong></span> <span class='ocrx_word' id='word_1_96' title='bbox 1452 1630 1655 1688; x_wconf 73' lang='lat' dir='ltr'><strong>praesu-</strong></span> 
     </span>
    </p>
   </div>
   <div class='ocr_carea' id='block_1_17' title="bbox 99 1711 1654 1786">
    <p class='ocr_par' dir='ltr' id='par_1_17' title="bbox 99 1711 1654 1786">
     <span class='ocr_line' id='line_1_17' title="bbox 99 1711 1654 1786; baseline -0.005 -16"><span class='ocrx_word' id='word_1_97' title='bbox 99 1727 226 1772; x_wconf 83' lang='lat' dir='ltr'><strong>mant</strong></span> <span class='ocrx_word' id='word_1_98' title='bbox 263 1717 515 1780; x_wconf 89' lang='lat' dir='ltr'><strong>auferre,</strong></span> <span class='ocrx_word' id='word_1_99' title='bbox 549 1715 640 1770; x_wconf 91' lang='lat' dir='ltr'><strong>sed</strong></span> <span class='ocrx_word' id='word_1_100' title='bbox 667 1715 818 1786; x_wconf 80' lang='lat' dir='ltr'><strong>juxta</strong></span> <span class='ocrx_word' id='word_1_101' title='bbox 847 1714 1087 1784; x_wconf 87' lang='lat' dir='ltr'><strong>priorum</strong></span> <span class='ocrx_word' id='word_1_102' title='bbox 1117 1711 1494 1767; x_wconf 82' lang='lat' dir='ltr'><strong>auctoritatem</strong></span> <span class='ocrx_word' id='word_1_103' title='bbox 1525 1725 1654 1764; x_wconf 90' lang='lat' dir='ltr'><strong>con-</strong></span> 
     </span>
    </p>
   </div>
   <div class='ocr_carea' id='block_1_18' title="bbox 95 1801 1652 1874">
    <p class='ocr_par' dir='ltr' id='par_1_18' title="bbox 95 1801 1652 1874">
     <span class='ocr_line' id='line_1_18' title="bbox 95 1801 1652 1874; baseline -0.004 -11"><span class='ocrx_word' id='word_1_104' title='bbox 95 1811 327 1872; x_wconf 90' lang='lat' dir='ltr'><strong>ciliorum,</strong></span> <span class='ocrx_word' id='word_1_105' title='bbox 372 1818 484 1863; x_wconf 92' lang='lat' dir='ltr'><strong>tam</strong></span> <span class='ocrx_word' id='word_1_106' title='bbox 514 1809 582 1862; x_wconf 91' lang='lat' dir='ltr'><strong>de</strong></span> <span class='ocrx_word' id='word_1_107' title='bbox 619 1805 980 1861; x_wconf 88' lang='lat' dir='ltr'><strong>oblationibus</strong></span> <span class='ocrx_word' id='word_1_108' title='bbox 1003 1819 1166 1874; x_wconf 92' lang='lat' dir='ltr'><strong>quam</strong></span> <span class='ocrx_word' id='word_1_109' title='bbox 1204 1803 1269 1857; x_wconf 91' lang='lat' dir='ltr'><strong>de</strong></span> <span class='ocrx_word' id='word_1_110' title='bbox 1307 1801 1545 1866; x_wconf 91' lang='lat' dir='ltr'><strong>tributis,</strong></span> <span class='ocrx_word' id='word_1_111' title='bbox 1586 1816 1652 1856; x_wconf 92' lang='lat' dir='ltr'><strong>ac</strong></span> 
     </span>
    </p>
   </div>
   <div class='ocr_carea' id='block_1_19' title="bbox 1763 608 3336 686">
    <p class='ocr_par' dir='ltr' id='par_1_19' title="bbox 1763 608 3336 686">
     <span class='ocr_line' id='line_1_19' title="bbox 1763 608 3336 686; baseline 0.006 -24"><span class='ocrx_word' id='word_1_112' title='bbox 1763 623 1850 663; x_wconf 93' lang='lat' dir='ltr'><strong>res</strong></span> <span class='ocrx_word' id='word_1_113' title='bbox 1898 608 2279 662; x_wconf 73' lang='lat' dir='ltr'><strong>ecclesiastica:</strong></span> <span class='ocrx_word' id='word_1_114' title='bbox 2332 608 2671 680; x_wconf 83' lang='lat' dir='ltr'><strong>largiuntur,</strong></span> <span class='ocrx_word' id='word_1_115' title='bbox 2727 623 2930 680; x_wconf 87' lang='lat' dir='ltr'><strong>quanto</strong></span> <span class='ocrx_word' id='word_1_116' title='bbox 2983 615 3154 686; x_wconf 88' lang='lat' dir='ltr'><strong>magis</strong></span> <span class='ocrx_word' id='word_1_117' title='bbox 3203 633 3336 672; x_wconf 80' lang='lat' dir='ltr'><strong>con-</strong></span> 
     </span>
    </p>
   </div>
   <div class='ocr_carea' id='block_1_20' title="bbox 1763 702 3187 774">
    <p class='ocr_par' dir='ltr' id='par_1_20' title="bbox 1763 702 3187 774">
     <span class='ocr_line' id='line_1_20' title="bbox 1763 702 3187 774; baseline 0.004 -17"><span class='ocrx_word' id='word_1_118' title='bbox 1763 702 2043 757; x_wconf 89' lang='lat' dir='ltr'><strong>sulendum</strong></span> <span class='ocrx_word' id='word_1_119' title='bbox 2074 711 2176 766; x_wconf 92' lang='lat' dir='ltr'><strong>est,</strong></span> <span class='ocrx_word' id='word_1_120' title='bbox 2214 702 2408 771; x_wconf 79' lang='lat' dir='ltr'><strong>quibus</strong></span> <span class='ocrx_word' id='word_1_121' title='bbox 2439 703 2723 758; x_wconf 88' lang='lat' dir='ltr'><strong>retributio</strong></span> <span class='ocrx_word' id='word_1_122' title='bbox 2745 703 2892 774; x_wconf 88' lang='lat' dir='ltr'><strong>justa</strong></span> <span class='ocrx_word' id='word_1_123' title='bbox 2924 707 3187 762; x_wconf 84' lang='lat' dir='ltr'><strong>debetur!</strong></span> 
     </span>
    </p>
   </div>
   <div class='ocr_carea' id='block_1_21' title="bbox 1832 792 3336 867">
    <p class='ocr_par' dir='ltr' id='par_1_21' title="bbox 1832 792 3336 867">
     <span class='ocr_line' id='line_1_21' title="bbox 1832 792 3336 867; baseline 0.005 -21"><span class='ocrx_word' id='word_1_124' title='bbox 1832 792 2114 847; x_wconf 77' lang='lat' dir='ltr'><strong>XXXVIII.</strong></span> <span class='ocrx_word' id='word_1_125' title='bbox 2155 792 2403 847; x_wconf 86' lang='lat' dir='ltr'><strong>Nonnulli</strong></span> <span class='ocrx_word' id='word_1_126' title='bbox 2436 795 2688 850; x_wconf 91' lang='lat' dir='ltr'><strong>diacones</strong></span> <span class='ocrx_word' id='word_1_127' title='bbox 2717 796 2770 850; x_wconf 93' lang='lat' dir='ltr'><strong>in</strong></span> <span class='ocrx_word' id='word_1_128' title='bbox 2801 806 3006 852; x_wconf 88' lang='lat' dir='ltr'><strong>tantam</strong></span> <span class='ocrx_word' id='word_1_129' title='bbox 3043 809 3336 867; x_wconf 88' lang='lat' dir='ltr'><strong>erumpunt</strong></span> 
     </span>
    </p>
   </div>
   <div class='ocr_carea' id='block_1_22' title="bbox 1760 885 3416 961">
    <p class='ocr_par' dir='ltr' id='par_1_22' title="bbox 1760 885 3416 961">
     <span class='ocr_line' id='line_1_22' title="bbox 1760 885 3416 961; baseline 0.004 -21"><span class='ocrx_word' id='word_1_130' title='bbox 1760 885 2098 956; x_wconf 87' lang='lat' dir='ltr'><strong>superbiam,</strong></span> <span class='ocrx_word' id='word_1_131' title='bbox 2133 894 2189 938; x_wconf 89' lang='lat' dir='ltr'><strong>ut</strong></span> <span class='ocrx_word' id='word_1_132' title='bbox 2227 900 2345 940; x_wconf 92' lang='lat' dir='ltr'><strong>sese</strong></span> <span class='ocrx_word' id='word_1_133' title='bbox 2387 887 2717 957; x_wconf 86' lang='lat' dir='ltr'><strong>presbyteris</strong></span> <span class='ocrx_word' id='word_1_134' title='bbox 2763 897 3123 958; x_wconf 86' lang='lat' dir='ltr'><strong>anteponant,</strong></span> <span class='ocrx_word' id='word_1_135' title='bbox 3172 902 3335 961; x_wconf 90' lang='lat' dir='ltr'><strong>atque</strong></span> <span class='ocrx_word' id='word_1_136' title='bbox 3399 937 3416 946; x_wconf 91' lang='lat'><strong>-</strong></span> 
     </span>
    </p>
   </div>
   <div class='ocr_carea' id='block_1_23' title="bbox 1761 976 3332 1054">
    <p class='ocr_par' dir='ltr' id='par_1_23' title="bbox 1761 976 3332 1054">
     <span class='ocr_line' id='line_1_23' title="bbox 1761 976 3332 1054; baseline 0.005 -24"><span class='ocrx_word' id='word_1_137' title='bbox 1761 977 1812 1030; x_wconf 89' lang='lat' dir='ltr'><strong>in</strong></span> <span class='ocrx_word' id='word_1_138' title='bbox 1853 976 2029 1045; x_wconf 89' lang='lat' dir='ltr'><strong>primo</strong></span> <span class='ocrx_word' id='word_1_139' title='bbox 2065 976 2164 1045; x_wconf 87' lang='lat' dir='ltr'><strong>ipsi</strong></span> <span class='ocrx_word' id='word_1_140' title='bbox 2201 976 2408 1046; x_wconf 87' lang='lat' dir='ltr'><strong>priores</strong></span> <span class='ocrx_word' id='word_1_141' title='bbox 2439 986 2581 1032; x_wconf 90' lang='lat' dir='ltr'><strong>stare</strong></span> <span class='ocrx_word' id='word_1_142' title='bbox 2610 991 2968 1049; x_wconf 68' lang='lat' dir='ltr'><strong>prtesumant,</strong></span> <span class='ocrx_word' id='word_1_143' title='bbox 2997 984 3332 1054; x_wconf 83' lang='lat' dir='ltr'><strong>presbyteris</strong></span> 
     </span>
    </p>
   </div>
   <div class='ocr_carea' id='block_1_24' title="bbox 1759 1066 3334 1140">
    <p class='ocr_par' dir='ltr' id='par_1_24' title="bbox 1759 1066 3334 1140">
     <span class='ocr_line' id='line_1_24' title="bbox 1759 1066 3334 1140; baseline 0.006 -21"><span class='ocrx_word' id='word_1_144' title='bbox 1759 1066 1811 1120; x_wconf 91' lang='lat' dir='ltr'><strong>in</strong></span> <span class='ocrx_word' id='word_1_145' title='bbox 1835 1066 2069 1120; x_wconf 90' lang='lat' dir='ltr'><strong>secundo</strong></span> <span class='ocrx_word' id='word_1_146' title='bbox 2097 1066 2263 1121; x_wconf 91' lang='lat' dir='ltr'><strong>choro</strong></span> <span class='ocrx_word' id='word_1_147' title='bbox 2285 1067 2612 1123; x_wconf 92' lang='lat' dir='ltr'><strong>constitutis.</strong></span> <span class='ocrx_word' id='word_1_148' title='bbox 2633 1069 2772 1140; x_wconf 85' lang='lat' dir='ltr'><strong>Ergo</strong></span> <span class='ocrx_word' id='word_1_149' title='bbox 2787 1081 2844 1126; x_wconf 92' lang='lat' dir='ltr'><strong>ut</strong></span> <span class='ocrx_word' id='word_1_150' title='bbox 2870 1073 3214 1128; x_wconf 91' lang='lat' dir='ltr'><strong>sublimiores</strong></span> <span class='ocrx_word' id='word_1_151' title='bbox 3228 1075 3334 1130; x_wconf 89' lang='lat' dir='ltr'><strong>sibi</strong></span> 
     </span>
    </p>
   </div>
   <div class='ocr_carea' id='block_1_25' title="bbox 1759 1157 3332 1235">
    <p class='ocr_par' dir='ltr' id='par_1_25' title="bbox 1759 1157 3332 1235">
     <span class='ocr_line' id='line_1_25' title="bbox 1759 1157 3332 1235; baseline 0.006 -25"><span class='ocrx_word' id='word_1_152' title='bbox 1759 1157 2104 1228; x_wconf 88' lang='lat' dir='ltr'><strong>presbyteros</strong></span> <span class='ocrx_word' id='word_1_153' title='bbox 2132 1166 2445 1227; x_wconf 77' lang='lat' dir='ltr'><strong>agnoscant,</strong></span> <span class='ocrx_word' id='word_1_154' title='bbox 2479 1166 2587 1212; x_wconf 88' lang='lat' dir='ltr'><strong>tam</strong></span> <span class='ocrx_word' id='word_1_155' title='bbox 2636 1160 2688 1213; x_wconf 90' lang='lat' dir='ltr'><strong>hi</strong></span> <span class='ocrx_word' id='word_1_156' title='bbox 2720 1175 2884 1231; x_wconf 91' lang='lat' dir='ltr'><strong>quam</strong></span> <span class='ocrx_word' id='word_1_157' title='bbox 2918 1162 2996 1217; x_wconf 89' lang='lat' dir='ltr'><strong>illi</strong></span> <span class='ocrx_word' id='word_1_158' title='bbox 3025 1163 3076 1217; x_wconf 89' lang='lat' dir='ltr'><strong>in</strong></span> <span class='ocrx_word' id='word_1_159' title='bbox 3105 1173 3332 1235; x_wconf 86' lang='lat' dir='ltr'><strong>utroque</strong></span> 
     </span>
    </p>
   </div>
   <div class='ocr_carea' id='block_1_26' title="bbox 1757 1249 2272 1304">
    <p class='ocr_par' dir='ltr' id='par_1_26' title="bbox 1757 1249 2272 1304">
     <span class='ocr_line' id='line_1_26' title="bbox 1757 1249 2272 1304; baseline -0.004 0"><span class='ocrx_word' id='word_1_160' title='bbox 1757 1250 1924 1304; x_wconf 90' lang='lat' dir='ltr'><strong>choro</strong></span> <span class='ocrx_word' id='word_1_161' title='bbox 1951 1249 2272 1303; x_wconf 89' lang='lat' dir='ltr'><strong>consistant.</strong></span> 
     </span>
    </p>
   </div>
   <div class='ocr_carea' id='block_1_27' title="bbox 1826 1337 3328 1415">
    <p class='ocr_par' dir='ltr' id='par_1_27' title="bbox 1826 1337 3328 1415">
     <span class='ocr_line' id='line_1_27' title="bbox 1826 1337 3328 1415; baseline 0.005 -22"><span class='ocrx_word' id='word_1_162' title='bbox 1826 1337 2068 1393; x_wconf 87' lang='lat' dir='ltr'><strong>XXXIX.</strong></span> <span class='ocrx_word' id='word_1_163' title='bbox 2097 1338 2151 1392; x_wconf 91' lang='lat' dir='ltr'><strong>Si</strong></span> <span class='ocrx_word' id='word_1_164' title='bbox 2189 1351 2371 1393; x_wconf 86' lang='lat' dir='ltr'><strong>orarta</strong></span> <span class='ocrx_word' id='word_1_165' title='bbox 2405 1351 2510 1393; x_wconf 85' lang='lat' dir='ltr'><strong>duo</strong></span> <span class='ocrx_word' id='word_1_166' title='bbox 2538 1355 2637 1394; x_wconf 91' lang='lat' dir='ltr'><strong>nec</strong></span> <span class='ocrx_word' id='word_1_167' title='bbox 2671 1341 2923 1412; x_wconf 88' lang='lat' dir='ltr'><strong>episcopo</strong></span> <span class='ocrx_word' id='word_1_168' title='bbox 2953 1343 3176 1400; x_wconf 87' lang='lat' dir='ltr'><strong>induere</strong></span> <span class='ocrx_word' id='word_1_169' title='bbox 3204 1345 3328 1415; x_wconf 89' lang='lat' dir='ltr'><strong>qui-</strong></span> 
     </span>
    </p>
   </div>
   <div class='ocr_carea' id='block_1_28' title="bbox 1756 1428 3336 1500">
    <p class='ocr_par' dir='ltr' id='par_1_28' title="bbox 1756 1428 3336 1500">
     <span class='ocr_line' id='line_1_28' title="bbox 1756 1428 3336 1500; baseline 0.004 -17"><span class='ocrx_word' id='word_1_170' title='bbox 1756 1429 1877 1483; x_wconf 89' lang='lat' dir='ltr'><strong>dem</strong></span> <span class='ocrx_word' id='word_1_171' title='bbox 1907 1428 2031 1481; x_wconf 86' lang='lat' dir='ltr'><strong>licet</strong></span> <span class='ocrx_word' id='word_1_172' title='bbox 2056 1442 2153 1481; x_wconf 90' lang='lat' dir='ltr'><strong>nec</strong></span> <span class='ocrx_word' id='word_1_173' title='bbox 2180 1428 2511 1497; x_wconf 87' lang='lat' dir='ltr'><strong>presbytero,</strong></span> <span class='ocrx_word' id='word_1_174' title='bbox 2542 1430 2727 1500; x_wconf 89' lang='lat' dir='ltr'><strong>utique</strong></span> <span class='ocrx_word' id='word_1_175' title='bbox 2754 1431 2922 1486; x_wconf 91' lang='lat' dir='ltr'><strong>multo</strong></span> <span class='ocrx_word' id='word_1_176' title='bbox 2948 1433 3126 1488; x_wconf 91' lang='lat' dir='ltr'><strong>minus</strong></span> <span class='ocrx_word' id='word_1_177' title='bbox 3153 1434 3336 1488; x_wconf 87' lang='lat' dir='ltr'><strong>diaco-</strong></span> 
     </span>
    </p>
   </div>
   <div class='ocr_carea' id='block_1_29' title="bbox 1757 1517 3338 1594">
    <p class='ocr_par' dir='ltr' id='par_1_29' title="bbox 1757 1517 3338 1594">
     <span class='ocr_line' id='line_1_29' title="bbox 1757 1517 3338 1594; baseline 0.005 -22"><span class='ocrx_word' id='word_1_178' title='bbox 1757 1534 1826 1573; x_wconf 92' lang='lat' dir='ltr'><strong>no</strong></span> <span class='ocrx_word' id='word_1_179' title='bbox 1849 1518 1938 1588; x_wconf 93' lang='lat' dir='ltr'><strong>qui</strong></span> <span class='ocrx_word' id='word_1_180' title='bbox 1967 1517 2212 1572; x_wconf 91' lang='lat' dir='ltr'><strong>minister</strong></span> <span class='ocrx_word' id='word_1_181' title='bbox 2237 1528 2538 1584; x_wconf 89' lang='lat' dir='ltr'><strong>eorumest,</strong></span> <span class='ocrx_word' id='word_1_182' title='bbox 2567 1537 2730 1574; x_wconf 93' lang='lat' dir='ltr'><strong>unum</strong></span> <span class='ocrx_word' id='word_1_183' title='bbox 2754 1536 2884 1593; x_wconf 87' lang='lat' dir='ltr'><strong>ergo</strong></span> <span class='ocrx_word' id='word_1_184' title='bbox 2910 1524 3152 1578; x_wconf 91' lang='lat' dir='ltr'><strong>orarium</strong></span> <span class='ocrx_word' id='word_1_185' title='bbox 3175 1540 3338 1594; x_wconf 90' lang='lat' dir='ltr'><strong>opor-</strong></span> 
     </span>
    </p>
   </div>
   <div class='ocr_carea' id='block_1_30' title="bbox 1758 1609 3334 1686">
    <p class='ocr_par' dir='ltr' id='par_1_30' title="bbox 1758 1609 3334 1686">
     <span class='ocr_line' id='line_1_30' title="bbox 1758 1609 3334 1686; baseline 0.004 -22"><span class='ocrx_word' id='word_1_186' title='bbox 1758 1619 1833 1664; x_wconf 91' lang='lat' dir='ltr'><strong>tet</strong></span> <span class='ocrx_word' id='word_1_187' title='bbox 1858 1609 2076 1664; x_wconf 91' lang='lat' dir='ltr'><strong>levitam</strong></span> <span class='ocrx_word' id='word_1_188' title='bbox 2104 1618 2316 1679; x_wconf 75' lang='lat' dir='ltr'><strong>gestare</strong></span> <span class='ocrx_word' id='word_1_189' title='bbox 2348 1611 2400 1663; x_wconf 89' lang='lat' dir='ltr'><strong>in</strong></span> <span class='ocrx_word' id='word_1_190' title='bbox 2424 1611 2644 1667; x_wconf 91' lang='lat' dir='ltr'><strong>sinistro</strong></span> <span class='ocrx_word' id='word_1_191' title='bbox 2671 1613 2917 1679; x_wconf 89' lang='lat' dir='ltr'><strong>humero,</strong></span> <span class='ocrx_word' id='word_1_192' title='bbox 2941 1625 3162 1686; x_wconf 88' lang='lat' dir='ltr'><strong>propter</strong></span> <span class='ocrx_word' id='word_1_193' title='bbox 3190 1618 3334 1686; x_wconf 92' lang='lat' dir='ltr'><strong>quod</strong></span> 
     </span>
    </p>
   </div>
   <div class='ocr_carea' id='block_1_31' title="bbox 1760 1699 3337 1777">
    <p class='ocr_par' dir='ltr' id='par_1_31' title="bbox 1760 1699 3337 1777">
     <span class='ocr_line' id='line_1_31' title="bbox 1760 1699 3337 1777; baseline 0.003 -23"><span class='ocrx_word' id='word_1_194' title='bbox 1760 1699 1918 1770; x_wconf 77' lang='lat'><strong>115</strong></span> <span class='ocrx_word' id='word_1_195' title='bbox 1941 1708 2079 1764; x_wconf 90' lang='lat' dir='ltr'><strong>orat,</strong></span> <span class='ocrx_word' id='word_1_196' title='bbox 2105 1700 2156 1753; x_wconf 93' lang='lat' dir='ltr'><strong>id</strong></span> <span class='ocrx_word' id='word_1_197' title='bbox 2183 1710 2265 1754; x_wconf 92' lang='lat' dir='ltr'><strong>est</strong></span> <span class='ocrx_word' id='word_1_198' title='bbox 2291 1701 2566 1770; x_wconf 73' lang='lat' dir='ltr'><strong>przedicat.</strong></span> <span class='ocrx_word' id='word_1_199' title='bbox 2602 1705 2888 1758; x_wconf 84' lang='lat' dir='ltr'><strong>Dexteram</strong></span> <span class='ocrx_word' id='word_1_200' title='bbox 2919 1715 3096 1760; x_wconf 91' lang='lat' dir='ltr'><strong>autem</strong></span> <span class='ocrx_word' id='word_1_201' title='bbox 3123 1716 3337 1777; x_wconf 89' lang='lat' dir='ltr'><strong>oportet</strong></span> 
     </span>
    </p>
   </div>
   <div class='ocr_carea' id='block_1_32' title="bbox 1756 1789 3331 1861">
    <p class='ocr_par' dir='ltr' id='par_1_32' title="bbox 1756 1789 3331 1861">
     <span class='ocr_line' id='line_1_32' title="bbox 1756 1789 3331 1861; baseline 0.004 -18"><span class='ocrx_word' id='word_1_202' title='bbox 1756 1791 1957 1844; x_wconf 89' lang='lat' dir='ltr'><strong>habere</strong></span> <span class='ocrx_word' id='word_1_203' title='bbox 1984 1789 2229 1855; x_wconf 91' lang='lat' dir='ltr'><strong>liberam,</strong></span> <span class='ocrx_word' id='word_1_204' title='bbox 2254 1800 2314 1844; x_wconf 91' lang='lat' dir='ltr'><strong>ut</strong></span> <span class='ocrx_word' id='word_1_205' title='bbox 2335 1791 2637 1861; x_wconf 79' lang='lat' dir='ltr'><strong>expeditius</strong></span> <span class='ocrx_word' id='word_1_206' title='bbox 2660 1794 2726 1846; x_wconf 90' lang='lat' dir='ltr'><strong>ad</strong></span> <span class='ocrx_word' id='word_1_207' title='bbox 2759 1794 3118 1849; x_wconf 88' lang='lat' dir='ltr'><strong>ministerium</strong></span> <span class='ocrx_word' id='word_1_208' title='bbox 3148 1812 3331 1850; x_wconf 87' lang='lat' dir='ltr'><strong>sacer-</strong></span> 
     </span>
    </p>
   </div>
   <div class='ocr_carea' id='block_1_33' title="bbox 95 1882 3336 1970">
    <p class='ocr_par' dir='ltr' id='par_1_33' title="bbox 95 1882 3336 1970">
     <span class='ocr_line' id='line_1_33' title="bbox 95 1882 3336 1970; baseline -0.002 -22"><span class='ocrx_word' id='word_1_209' title='bbox 95 1899 309 1970; x_wconf 77' lang='lat' dir='ltr'><strong>frugibus</strong></span> <span class='ocrx_word' id='word_1_210' title='bbox 359 1899 582 1952; x_wconf 80' lang='lat' dir='ltr'><strong>tertiam</strong></span> <span class='ocrx_word' id='word_1_211' title='bbox 636 1905 1070 1966; x_wconf 88' lang='lat' dir='ltr'><strong>consequantur,</strong></span> <span class='ocrx_word' id='word_1_212' title='bbox 1111 1893 1256 1963; x_wconf 91' lang='lat' dir='ltr'><strong>quod</strong></span> <span class='ocrx_word' id='word_1_213' title='bbox 1313 1893 1360 1948; x_wconf 91' lang='lat' dir='ltr'><strong>si</strong></span> <span class='ocrx_word' id='word_1_214' title='bbox 1419 1891 1650 1963; x_wconf 91' lang='lat' dir='ltr'><strong>amplius</strong></span> <span class='ocrx_word' id='word_1_215' title='bbox 1683 1883 1724 1941; x_wconf 88' lang='grc' dir='ltr'><strong>Β</strong></span> <span class='ocrx_word' id='word_1_216' title='bbox 1753 1882 1929 1938; x_wconf 89' lang='lat' dir='ltr'><strong>dotale</strong></span> <span class='ocrx_word' id='word_1_217' title='bbox 1957 1883 2241 1938; x_wconf 90' lang='lat' dir='ltr'><strong>discurrat.</strong></span> <span class='ocrx_word' id='word_1_218' title='bbox 2275 1883 2513 1940; x_wconf 90' lang='lat' dir='ltr'><strong>Caveant</strong></span> <span class='ocrx_word' id='word_1_219' title='bbox 2540 1899 2668 1955; x_wconf 89' lang='lat' dir='ltr'><strong>ergo</strong></span> <span class='ocrx_word' id='word_1_220' title='bbox 2699 1887 2891 1942; x_wconf 88' lang='lat' dir='ltr'><strong>amodo</strong></span> <span class='ocrx_word' id='word_1_221' title='bbox 2921 1887 3092 1942; x_wconf 74' lang='lat' dir='ltr'><strong>levitte</strong></span> <span class='ocrx_word' id='word_1_222' title='bbox 3120 1889 3336 1958; x_wconf 81' lang='lat' dir='ltr'><strong>gemino</strong></span> 
     </span>
    </p>
   </div>
   <div class='ocr_carea' id='block_1_34' title="bbox 95 1981 1648 2061">
    <p class='ocr_par' dir='ltr' id='par_1_34' title="bbox 95 1981 1648 2061">
     <span class='ocr_line' id='line_1_34' title="bbox 95 1981 1648 2061; baseline -0.004 -19"><span class='ocrx_word' id='word_1_223' title='bbox 95 1989 339 2061; x_wconf 86' lang='lat' dir='ltr'><strong>quidpiam</strong></span> <span class='ocrx_word' id='word_1_224' title='bbox 373 1989 445 2042; x_wconf 92' lang='lat' dir='ltr'><strong>ab</strong></span> <span class='ocrx_word' id='word_1_225' title='bbox 487 1988 567 2042; x_wconf 92' lang='lat' dir='ltr'><strong>eis</strong></span> <span class='ocrx_word' id='word_1_226' title='bbox 596 1995 980 2057; x_wconf 69' lang='lat' dir='ltr'><strong>praesumptum</strong></span> <span class='ocrx_word' id='word_1_227' title='bbox 1009 1983 1299 2049; x_wconf 81' lang='lat' dir='ltr'><strong>exstiterit,</strong></span> <span class='ocrx_word' id='word_1_228' title='bbox 1333 1997 1432 2052; x_wconf 91' lang='lat' dir='ltr'><strong>per</strong></span> <span class='ocrx_word' id='word_1_229' title='bbox 1469 1981 1648 2036; x_wconf 86' lang='lat' dir='ltr'><strong>conci-</strong></span> 
     </span>
    </p>
   </div>
   <div class='ocr_carea' id='block_1_35' title="bbox 95 2072 1649 2146">
    <p class='ocr_par' dir='ltr' id='par_1_35' title="bbox 95 2072 1649 2146">
     <span class='ocr_line' id='line_1_35' title="bbox 95 2072 1649 2146; baseline -0.003 -16"><span class='ocrx_word' id='word_1_230' title='bbox 95 2080 201 2132; x_wconf 88' lang='lat' dir='ltr'><strong>lium</strong></span> <span class='ocrx_word' id='word_1_231' title='bbox 244 2086 607 2140; x_wconf 88' lang='lat' dir='ltr'><strong>reslauretur,</strong></span> <span class='ocrx_word' id='word_1_232' title='bbox 631 2075 1024 2146; x_wconf 90' lang='lat' dir='ltr'><strong>appellantibus</strong></span> <span class='ocrx_word' id='word_1_233' title='bbox 1045 2083 1224 2129; x_wconf 90' lang='lat' dir='ltr'><strong>autem</strong></span> <span class='ocrx_word' id='word_1_234' title='bbox 1250 2073 1378 2142; x_wconf 89' lang='lat' dir='ltr'><strong>ipsis</strong></span> <span class='ocrx_word' id='word_1_235' title='bbox 1405 2072 1649 2127; x_wconf 91' lang='lat' dir='ltr'><strong>condito-</strong></span> 
     </span>
    </p>
   </div>
   <div class='ocr_carea' id='block_1_36' title="bbox 95 2161 1649 2237">
    <p class='ocr_par' dir='ltr' id='par_1_36' title="bbox 95 2161 1649 2237">
     <span class='ocr_line' id='line_1_36' title="bbox 95 2161 1649 2237; baseline -0.005 -15"><span class='ocrx_word' id='word_1_236' title='bbox 95 2171 235 2234; x_wconf 71' lang='lat' dir='ltr'><strong>ribus,</strong></span> <span class='ocrx_word' id='word_1_237' title='bbox 251 2177 341 2222; x_wconf 92' lang='lat' dir='ltr'><strong>aut</strong></span> <span class='ocrx_word' id='word_1_238' title='bbox 367 2177 522 2224; x_wconf 87' lang='lat' dir='ltr'><strong>certe</strong></span> <span class='ocrx_word' id='word_1_239' title='bbox 542 2166 858 2237; x_wconf 87' lang='lat' dir='ltr'><strong>propinquis</strong></span> <span class='ocrx_word' id='word_1_240' title='bbox 873 2182 1086 2232; x_wconf 90' lang='lat' dir='ltr'><strong>eorum,</strong></span> <span class='ocrx_word' id='word_1_241' title='bbox 1110 2166 1154 2220; x_wconf 91' lang='lat' dir='ltr'><strong>si</strong></span> <span class='ocrx_word' id='word_1_242' title='bbox 1169 2166 1281 2236; x_wconf 89' lang='lat' dir='ltr'><strong>jam</strong></span> <span class='ocrx_word' id='word_1_243' title='bbox 1305 2163 1378 2219; x_wconf 92' lang='lat' dir='ltr'><strong>illi</strong></span> <span class='ocrx_word' id='word_1_244' title='bbox 1401 2179 1430 2218; x_wconf 91' lang='lat' dir='ltr'><strong>a</strong></span> <span class='ocrx_word' id='word_1_245' title='bbox 1454 2161 1649 2219; x_wconf 69' lang='lat' dir='ltr'><strong>sweulo</strong></span> 
     </span>
    </p>
   </div>
   <div class='ocr_carea' id='block_1_37' title="bbox 100 2253 1648 2327">
    <p class='ocr_par' dir='ltr' id='par_1_37' title="bbox 100 2253 1648 2327">
     <span class='ocr_line' id='line_1_37' title="bbox 100 2253 1648 2327; baseline -0.006 -12"><span class='ocrx_word' id='word_1_246' title='bbox 100 2261 439 2314; x_wconf 86' lang='lat' dir='ltr'><strong>decesserunt.</strong></span> <span class='ocrx_word' id='word_1_247' title='bbox 483 2258 748 2314; x_wconf 75' lang='lat' dir='ltr'><strong>Noverint</strong></span> <span class='ocrx_word' id='word_1_248' title='bbox 798 2271 927 2327; x_wconf 78' lang='lat' dir='ltr'><strong>ergo</strong></span> <span class='ocrx_word' id='word_1_249' title='bbox 956 2255 1266 2312; x_wconf 88' lang='lat' dir='ltr'><strong>conditores</strong></span> <span class='ocrx_word' id='word_1_250' title='bbox 1303 2253 1648 2310; x_wconf 85' lang='lat' dir='ltr'><strong>basilicarum</strong></span> 
     </span>
    </p>
   </div>
   <div class='ocr_carea' id='block_1_38' title="bbox 98 2345 1651 2420">
    <p class='ocr_par' dir='ltr' id='par_1_38' title="bbox 98 2345 1651 2420">
     <span class='ocr_line' id='line_1_38' title="bbox 98 2345 1651 2420; baseline -0.003 -17"><span class='ocrx_word' id='word_1_251' title='bbox 98 2353 136 2404; x_wconf 91' lang='lat' dir='ltr'><strong>in</strong></span> <span class='ocrx_word' id='word_1_252' title='bbox 166 2353 314 2406; x_wconf 87' lang='lat' dir='ltr'><strong>rebus</strong></span> <span class='ocrx_word' id='word_1_253' title='bbox 340 2365 483 2420; x_wconf 90' lang='lat' dir='ltr'><strong>quas</strong></span> <span class='ocrx_word' id='word_1_254' title='bbox 510 2349 714 2404; x_wconf 88' lang='lat' dir='ltr'><strong>eisdem</strong></span> <span class='ocrx_word' id='word_1_255' title='bbox 739 2347 984 2414; x_wconf 75' lang='lat' dir='ltr'><strong>ecclesiis</strong></span> <span class='ocrx_word' id='word_1_256' title='bbox 1007 2348 1295 2404; x_wconf 91' lang='lat' dir='ltr'><strong>conferunt</strong></span> <span class='ocrx_word' id='word_1_257' title='bbox 1327 2345 1529 2400; x_wconf 89' lang='lat' dir='ltr'><strong>nullam</strong></span> <span class='ocrx_word' id='word_1_258' title='bbox 1552 2359 1651 2414; x_wconf 91' lang='lat' dir='ltr'><strong>po-</strong></span> 
     </span>
    </p>
   </div>
   <div class='ocr_carea' id='block_1_39' title="bbox 98 2434 1648 2508">
    <p class='ocr_par' dir='ltr' id='par_1_39' title="bbox 98 2434 1648 2508">
     <span class='ocr_line' id='line_1_39' title="bbox 98 2434 1648 2508; baseline -0.003 -17"><span class='ocrx_word' id='word_1_259' title='bbox 98 2446 312 2494; x_wconf 83' lang='lat' dir='ltr'><strong>testatem</strong></span> <span class='ocrx_word' id='word_1_260' title='bbox 361 2439 594 2504; x_wconf 91' lang='lat' dir='ltr'><strong>habere,</strong></span> <span class='ocrx_word' id='word_1_261' title='bbox 624 2437 720 2493; x_wconf 89' lang='lat' dir='ltr'><strong>sed</strong></span> <span class='ocrx_word' id='word_1_262' title='bbox 747 2437 901 2508; x_wconf 86' lang='lat' dir='ltr'><strong>juxta</strong></span> <span class='ocrx_word' id='word_1_263' title='bbox 929 2451 1197 2492; x_wconf 88' lang='lat' dir='ltr'><strong>canonum</strong></span> <span class='ocrx_word' id='word_1_264' title='bbox 1231 2436 1477 2490; x_wconf 87' lang='lat' dir='ltr'><strong>instituta</strong></span> <span class='ocrx_word' id='word_1_265' title='bbox 1507 2434 1648 2490; x_wconf 90' lang='lat' dir='ltr'><strong>sicut</strong></span> 
     </span>
    </p>
   </div>
   <div class='ocr_carea' id='block_1_40' title="bbox 95 2525 1646 2596">
    <p class='ocr_par' dir='ltr' id='par_1_40' title="bbox 95 2525 1646 2596">
     <span class='ocr_line' id='line_1_40' title="bbox 95 2525 1646 2596; baseline -0.003 -12"><span class='ocrx_word' id='word_1_266' title='bbox 95 2530 287 2585; x_wconf 82' lang='lat' dir='ltr'><strong>ecclesia</strong></span> <span class='ocrx_word' id='word_1_267' title='bbox 310 2571 324 2595; x_wconf 95' lang='lat'><strong>,</strong></span> <span class='ocrx_word' id='word_1_268' title='bbox 368 2529 447 2584; x_wconf 90' lang='lat' dir='ltr'><strong>ita</strong></span> <span class='ocrx_word' id='word_1_269' title='bbox 502 2537 558 2583; x_wconf 91' lang='lat' dir='ltr'><strong>et</strong></span> <span class='ocrx_word' id='word_1_270' title='bbox 602 2529 698 2584; x_wconf 91' lang='lat' dir='ltr'><strong>dos</strong></span> <span class='ocrx_word' id='word_1_271' title='bbox 724 2526 838 2596; x_wconf 84' lang='lat' dir='ltr'><strong>ejus</strong></span> <span class='ocrx_word' id='word_1_272' title='bbox 865 2527 932 2582; x_wconf 88' lang='lat' dir='ltr'><strong>ad</strong></span> <span class='ocrx_word' id='word_1_273' title='bbox 970 2526 1367 2584; x_wconf 89' lang='lat' dir='ltr'><strong>ordinationem</strong></span> <span class='ocrx_word' id='word_1_274' title='bbox 1407 2525 1646 2596; x_wconf 83' lang='lat' dir='ltr'><strong>episcopi</strong></span> 
     </span>
    </p>
   </div>
   <div class='ocr_carea' id='block_1_41' title="bbox 97 2619 350 2688">
    <p class='ocr_par' dir='ltr' id='par_1_41' title="bbox 97 2619 350 2688">
     <span class='ocr_line' id='line_1_41' title="bbox 97 2619 350 2688; baseline 0.016 -20"><span class='ocrx_word' id='word_1_275' title='bbox 97 2619 350 2688; x_wconf 82' lang='lat' dir='ltr'><strong>pertineat.</strong></span> 
     </span>
    </p>
   </div>
   <div class='ocr_carea' id='block_1_42' title="bbox 150 2695 1645 2782">
    <p class='ocr_par' dir='ltr' id='par_1_42' title="bbox 150 2695 1645 2782">
     <span class='ocr_line' id='line_1_42' title="bbox 150 2695 1645 2782; baseline -0.001 -18"><span class='ocrx_word' id='word_1_276' title='bbox 150 2695 372 2766; x_wconf 80' lang='lat' dir='ltr'><strong>XXXIII.</strong></span> <span class='ocrx_word' id='word_1_277' title='bbox 440 2711 766 2782; x_wconf 82' lang='lat' dir='ltr'><strong>Quicunque</strong></span> <span class='ocrx_word' id='word_1_278' title='bbox 829 2724 1112 2781; x_wconf 80' lang='lat' dir='ltr'><strong>episcopus</strong></span> <span class='ocrx_word' id='word_1_279' title='bbox 1161 2718 1380 2764; x_wconf 79' lang='lat' dir='ltr'><strong>alterius</strong></span> <span class='ocrx_word' id='word_1_280' title='bbox 1408 2707 1645 2780; x_wconf 81' lang='lat' dir='ltr'><strong>episcopi</strong></span> 
     </span>
    </p>
   </div>
   <div class='ocr_carea' id='block_1_43' title="bbox 96 2799 1650 2876">
    <p class='ocr_par' dir='ltr' id='par_1_43' title="bbox 96 2799 1650 2876">
     <span class='ocr_line' id='line_1_43' title="bbox 96 2799 1650 2876; baseline -0.001 -20"><span class='ocrx_word' id='word_1_281' title='bbox 96 2801 337 2859; x_wconf 77' lang='lat' dir='ltr'><strong>ditecesim</strong></span> <span class='ocrx_word' id='word_1_282' title='bbox 368 2819 472 2876; x_wconf 91' lang='lat' dir='ltr'><strong>per</strong></span> <span class='ocrx_word' id='word_1_283' title='bbox 516 2813 735 2874; x_wconf 80' lang='lat' dir='ltr'><strong>triginta</strong></span> <span class='ocrx_word' id='word_1_284' title='bbox 772 2817 942 2857; x_wconf 92' lang='lat' dir='ltr'><strong>annos</strong></span> <span class='ocrx_word' id='word_1_285' title='bbox 969 2803 1087 2857; x_wconf 91' lang='lat' dir='ltr'><strong>sine</strong></span> <span class='ocrx_word' id='word_1_286' title='bbox 1122 2801 1300 2870; x_wconf 91' lang='lat' dir='ltr'><strong>aliqua</strong></span> <span class='ocrx_word' id='word_1_287' title='bbox 1344 2799 1650 2871; x_wconf 85' lang='lat' dir='ltr'><strong>interpela-</strong></span> 
     </span>
    </p>
   </div>
   <div class='ocr_carea' id='block_1_44' title="bbox 99 2889 1648 2962">
    <p class='ocr_par' dir='ltr' id='par_1_44' title="bbox 99 2889 1648 2962">
     <span class='ocr_line' id='line_1_44' title="bbox 99 2889 1648 2962; baseline -0.003 -17"><span class='ocrx_word' id='word_1_288' title='bbox 99 2893 215 2948; x_wconf 86' lang='lat' dir='ltr'><strong>tione</strong></span> <span class='ocrx_word' id='word_1_289' title='bbox 241 2893 536 2962; x_wconf 88' lang='lat' dir='ltr'><strong>possiderit</strong></span> <span class='ocrx_word' id='word_1_290' title='bbox 555 2933 570 2957; x_wconf 95' lang='lat'><strong>,</strong></span> <span class='ocrx_word' id='word_1_291' title='bbox 593 2893 717 2962; x_wconf 90' lang='lat' dir='ltr'><strong>quia</strong></span> <span class='ocrx_word' id='word_1_292' title='bbox 749 2891 1045 2947; x_wconf 91' lang='lat' dir='ltr'><strong>secundum</strong></span> <span class='ocrx_word' id='word_1_293' title='bbox 1071 2890 1160 2962; x_wconf 89' lang='lat' dir='ltr'><strong>jus</strong></span> <span class='ocrx_word' id='word_1_294' title='bbox 1200 2890 1330 2960; x_wconf 83' lang='lat' dir='ltr'><strong>legis</strong></span> <span class='ocrx_word' id='word_1_295' title='bbox 1359 2889 1476 2960; x_wconf 92' lang='lat' dir='ltr'><strong>ejus</strong></span> <span class='ocrx_word' id='word_1_296' title='bbox 1499 2889 1648 2942; x_wconf 91' lang='lat' dir='ltr'><strong>vide-</strong></span> 
     </span>
    </p>
   </div>
   <div class='ocr_carea' id='block_1_45' title="bbox 96 2981 1642 3048">
    <p class='ocr_par' dir='ltr' id='par_1_45' title="bbox 96 2981 1642 3048">
     <span class='ocr_line' id='line_1_45' title="bbox 96 2981 1642 3048; baseline -0.002 -15"><span class='ocrx_word' id='word_1_297' title='bbox 96 2992 165 3034; x_wconf 87' lang='lat' dir='ltr'><strong>tur</strong></span> <span class='ocrx_word' id='word_1_298' title='bbox 201 2998 312 3038; x_wconf 87' lang='lat' dir='ltr'><strong>esse</strong></span> <span class='ocrx_word' id='word_1_299' title='bbox 345 2982 626 3048; x_wconf 68' lang='lat' dir='ltr'><strong>dimcesis,</strong></span> <span class='ocrx_word' id='word_1_300' title='bbox 678 2981 1009 3036; x_wconf 88' lang='lat' dir='ltr'><strong>admittenda</strong></span> <span class='ocrx_word' id='word_1_301' title='bbox 1043 2995 1150 3034; x_wconf 92' lang='lat' dir='ltr'><strong>non</strong></span> <span class='ocrx_word' id='word_1_302' title='bbox 1177 2989 1258 3033; x_wconf 92' lang='lat' dir='ltr'><strong>est</strong></span> <span class='ocrx_word' id='word_1_303' title='bbox 1295 2988 1483 3034; x_wconf 91' lang='lat' dir='ltr'><strong>contra</strong></span> <span class='ocrx_word' id='word_1_304' title='bbox 1519 2993 1642 3032; x_wconf 87' lang='lat' dir='ltr'><strong>eum</strong></span> 
     </span>
    </p>
   </div>
   <div class='ocr_carea' id='block_1_46' title="bbox 96 3066 1642 3142">
    <p class='ocr_par' dir='ltr' id='par_1_46' title="bbox 96 3066 1642 3142">
     <span class='ocr_line' id='line_1_46' title="bbox 96 3066 1642 3142; baseline -0.003 -19"><span class='ocrx_word' id='word_1_305' title='bbox 96 3071 209 3125; x_wconf 86' lang='lat' dir='ltr'><strong>actio</strong></span> <span class='ocrx_word' id='word_1_306' title='bbox 256 3070 600 3142; x_wconf 88' lang='lat' dir='ltr'><strong>reposcendi,</strong></span> <span class='ocrx_word' id='word_1_307' title='bbox 648 3069 740 3124; x_wconf 92' lang='lat' dir='ltr'><strong>sed</strong></span> <span class='ocrx_word' id='word_1_308' title='bbox 785 3071 887 3124; x_wconf 91' lang='lat' dir='ltr'><strong>hoc</strong></span> <span class='ocrx_word' id='word_1_309' title='bbox 934 3070 1073 3122; x_wconf 87' lang='lat' dir='ltr'><strong>intra</strong></span> <span class='ocrx_word' id='word_1_310' title='bbox 1103 3085 1263 3122; x_wconf 91' lang='lat' dir='ltr'><strong>unam</strong></span> <span class='ocrx_word' id='word_1_311' title='bbox 1304 3066 1642 3137; x_wconf 87' lang='lat' dir='ltr'><strong>parochiam,</strong></span> 
     </span>
    </p>
   </div>
   <div class='ocr_carea' id='block_1_47' title="bbox 96 3159 1634 3226">
    <p class='ocr_par' dir='ltr' id='par_1_47' title="bbox 96 3159 1634 3226">
     <span class='ocr_line' id='line_1_47' title="bbox 96 3159 1634 3226; baseline 0 -14"><span class='ocrx_word' id='word_1_312' title='bbox 96 3170 220 3215; x_wconf 75' lang='lat' dir='ltr'><strong>extra</strong></span> <span class='ocrx_word' id='word_1_313' title='bbox 244 3177 368 3218; x_wconf 90' lang='lat' dir='ltr'><strong>vero</strong></span> <span class='ocrx_word' id='word_1_314' title='bbox 393 3162 554 3218; x_wconf 90' lang='lat' dir='ltr'><strong>nullo</strong></span> <span class='ocrx_word' id='word_1_315' title='bbox 578 3161 755 3226; x_wconf 91' lang='lat' dir='ltr'><strong>modo,</strong></span> <span class='ocrx_word' id='word_1_316' title='bbox 782 3176 849 3215; x_wconf 92' lang='lat' dir='ltr'><strong>ne</strong></span> <span class='ocrx_word' id='word_1_317' title='bbox 873 3161 999 3214; x_wconf 91' lang='lat' dir='ltr'><strong>dum</strong></span> <span class='ocrx_word' id='word_1_318' title='bbox 1031 3160 1285 3215; x_wconf 74' lang='lat' dir='ltr'><strong>(limcesis</strong></span> <span class='ocrx_word' id='word_1_319' title='bbox 1305 3159 1634 3224; x_wconf 83' lang='lat' dir='ltr'><strong>defenditur,</strong></span> 
     </span>
    </p>
   </div>
   <div class='ocr_carea' id='block_1_48' title="bbox 96 3248 1176 3317">
    <p class='ocr_par' dir='ltr' id='par_1_48' title="bbox 96 3248 1176 3317">
     <span class='ocr_line' id='line_1_48' title="bbox 96 3248 1176 3317; baseline 0.003 -17"><span class='ocrx_word' id='word_1_320' title='bbox 96 3252 466 3317; x_wconf 72' lang='lat' dir='ltr'><strong>provinciarum</strong></span> <span class='ocrx_word' id='word_1_321' title='bbox 510 3251 727 3306; x_wconf 88' lang='lat' dir='ltr'><strong>termini</strong></span> <span class='ocrx_word' id='word_1_322' title='bbox 759 3248 1176 3306; x_wconf 86' lang='lat' dir='ltr'><strong>confundantur.</strong></span> 
     </span>
    </p>
   </div>
   <div class='ocr_carea' id='block_1_49' title="bbox 151 3340 1644 3410">
    <p class='ocr_par' dir='ltr' id='par_1_49' title="bbox 151 3340 1644 3410">
     <span class='ocr_line' id='line_1_49' title="bbox 151 3340 1644 3410; baseline -0.003 -14"><span class='ocrx_word' id='word_1_323' title='bbox 151 3343 366 3400; x_wconf 83' lang='lat' dir='ltr'><strong>XXXIV.</strong></span> <span class='ocrx_word' id='word_1_324' title='bbox 385 3345 548 3400; x_wconf 90' lang='lat' dir='ltr'><strong>Sicut</strong></span> <span class='ocrx_word' id='word_1_325' title='bbox 571 3343 842 3398; x_wconf 58' lang='lat' dir='ltr'><strong>dioecesim</strong></span> <span class='ocrx_word' id='word_1_326' title='bbox 862 3342 1086 3396; x_wconf 89' lang='lat' dir='ltr'><strong>alienam</strong></span> <span class='ocrx_word' id='word_1_327' title='bbox 1105 3340 1415 3397; x_wconf 91' lang='lat' dir='ltr'><strong>tricennalis</strong></span> <span class='ocrx_word' id='word_1_328' title='bbox 1434 3353 1644 3410; x_wconf 87' lang='lat' dir='ltr'><strong>posses-</strong></span> 
     </span>
    </p>
   </div>
   <div class='ocr_carea' id='block_1_50' title="bbox 97 3431 1647 3499">
    <p class='ocr_par' dir='ltr' id='par_1_50' title="bbox 97 3431 1647 3499">
     <span class='ocr_line' id='line_1_50' title="bbox 97 3431 1647 3499; baseline 0.001 -14"><span class='ocrx_word' id='word_1_329' title='bbox 97 3433 159 3487; x_wconf 87' lang='lat' dir='ltr'><strong>sio</strong></span> <span class='ocrx_word' id='word_1_330' title='bbox 181 3433 328 3499; x_wconf 91' lang='lat' dir='ltr'><strong>tollit,</strong></span> <span class='ocrx_word' id='word_1_331' title='bbox 361 3435 443 3489; x_wconf 85' lang='lat' dir='ltr'><strong>ita</strong></span> <span class='ocrx_word' id='word_1_332' title='bbox 491 3432 747 3488; x_wconf 91' lang='lat' dir='ltr'><strong>territorii</strong></span> <span class='ocrx_word' id='word_1_333' title='bbox 770 3440 1090 3488; x_wconf 88' lang='lat' dir='ltr'><strong>conventum</strong></span> <span class='ocrx_word' id='word_1_334' title='bbox 1117 3446 1222 3486; x_wconf 92' lang='lat' dir='ltr'><strong>non</strong></span> <span class='ocrx_word' id='word_1_335' title='bbox 1253 3431 1472 3496; x_wconf 89' lang='lat' dir='ltr'><strong>amittit,</strong></span> <span class='ocrx_word' id='word_1_336' title='bbox 1498 3431 1647 3486; x_wconf 90' lang='lat' dir='ltr'><strong>ideo-</strong></span> 
     </span>
    </p>
   </div>
   <div class='ocr_carea' id='block_1_51' title="bbox 98 3521 1642 3594">
    <p class='ocr_par' dir='ltr' id='par_1_51' title="bbox 98 3521 1642 3594">
     <span class='ocr_line' id='line_1_51' title="bbox 98 3521 1642 3594; baseline 0.001 -20"><span class='ocrx_word' id='word_1_337' title='bbox 98 3537 182 3590; x_wconf 86' lang='lat' dir='ltr'><strong>que</strong></span> <span class='ocrx_word' id='word_1_338' title='bbox 219 3525 479 3589; x_wconf 61' lang='lat' dir='ltr'><strong>basilicw,</strong></span> <span class='ocrx_word' id='word_1_339' title='bbox 523 3537 642 3594; x_wconf 64' lang='lat' dir='ltr'><strong>quae</strong></span> <span class='ocrx_word' id='word_1_340' title='bbox 680 3539 831 3578; x_wconf 74' lang='lat' dir='ltr'><strong>novae</strong></span> <span class='ocrx_word' id='word_1_341' title='bbox 869 3522 1101 3578; x_wconf 71' lang='lat' dir='ltr'><strong>conditae</strong></span> <span class='ocrx_word' id='word_1_342' title='bbox 1153 3521 1376 3587; x_wconf 81' lang='lat' dir='ltr'><strong>fuerint,</strong></span> <span class='ocrx_word' id='word_1_343' title='bbox 1414 3522 1480 3576; x_wconf 89' lang='lat' dir='ltr'><strong>ad</strong></span> <span class='ocrx_word' id='word_1_344' title='bbox 1519 3537 1642 3577; x_wconf 90' lang='lat' dir='ltr'><strong>eum</strong></span> 
     </span>
    </p>
   </div>
   <div class='ocr_carea' id='block_1_52' title="bbox 96 3613 1644 3684">
    <p class='ocr_par' dir='ltr' id='par_1_52' title="bbox 96 3613 1644 3684">
     <span class='ocr_line' id='line_1_52' title="bbox 96 3613 1644 3684; baseline 0.001 -19"><span class='ocrx_word' id='word_1_345' title='bbox 96 3613 253 3679; x_wconf 84' lang='lat' dir='ltr'><strong>procul</strong></span> <span class='ocrx_word' id='word_1_346' title='bbox 276 3613 444 3669; x_wconf 93' lang='lat' dir='ltr'><strong>dubio</strong></span> <span class='ocrx_word' id='word_1_347' title='bbox 479 3613 790 3683; x_wconf 86' lang='lat' dir='ltr'><strong>episcopum</strong></span> <span class='ocrx_word' id='word_1_348' title='bbox 826 3613 1188 3683; x_wconf 87' lang='lat' dir='ltr'><strong>pertinebant,</strong></span> <span class='ocrx_word' id='word_1_349' title='bbox 1223 3613 1376 3684; x_wconf 92' lang='lat' dir='ltr'><strong>cujus</strong></span> <span class='ocrx_word' id='word_1_350' title='bbox 1410 3628 1644 3668; x_wconf 87' lang='lat' dir='ltr'><strong>conven-</strong></span> 
     </span>
    </p>
   </div>
   <div class='ocr_carea' id='block_1_53' title="bbox 96 3705 645 3761">
    <p class='ocr_par' dir='ltr' id='par_1_53' title="bbox 96 3705 645 3761">
     <span class='ocr_line' id='line_1_53' title="bbox 96 3705 645 3761; baseline 0.007 -8"><span class='ocrx_word' id='word_1_351' title='bbox 96 3711 162 3756; x_wconf 90' lang='lat' dir='ltr'><strong>tus</strong></span> <span class='ocrx_word' id='word_1_352' title='bbox 184 3718 290 3760; x_wconf 88' lang='lat' dir='ltr'><strong>esse</strong></span> <span class='ocrx_word' id='word_1_353' title='bbox 315 3705 645 3761; x_wconf 90' lang='lat' dir='ltr'><strong>constiterit.</strong></span> 
     </span>
    </p>
   </div>
   <div class='ocr_carea' id='block_1_54' title="bbox 148 3792 1641 3866">
    <p class='ocr_par' dir='ltr' id='par_1_54' title="bbox 148 3792 1641 3866">
     <span class='ocr_line' id='line_1_54' title="bbox 148 3792 1641 3866; baseline 0.003 -20"><span class='ocrx_word' id='word_1_354' title='bbox 148 3792 344 3853; x_wconf 76' lang='lat' dir='ltr'><strong>XXXV.</strong></span> <span class='ocrx_word' id='word_1_355' title='bbox 374 3796 704 3866; x_wconf 86' lang='lat' dir='ltr'><strong>Episcopum</strong></span> <span class='ocrx_word' id='word_1_356' title='bbox 735 3811 833 3866; x_wconf 91' lang='lat' dir='ltr'><strong>per</strong></span> <span class='ocrx_word' id='word_1_357' title='bbox 880 3806 1102 3852; x_wconf 87' lang='lat' dir='ltr'><strong>cunctas</strong></span> <span class='ocrx_word' id='word_1_358' title='bbox 1149 3795 1430 3861; x_wconf 66' lang='lat' dir='ltr'><strong>dioeceses,</strong></span> <span class='ocrx_word' id='word_1_359' title='bbox 1477 3809 1641 3866; x_wconf 87' lang='lat' dir='ltr'><strong>paro-</strong></span> 
     </span>
    </p>
   </div>
   <div class='ocr_carea' id='block_1_55' title="bbox 95 3881 1643 3957">
    <p class='ocr_par' dir='ltr' id='par_1_55' title="bbox 95 3881 1643 3957">
     <span class='ocr_line' id='line_1_55' title="bbox 95 3881 1643 3957; baseline 0.006 -23"><span class='ocrx_word' id='word_1_360' title='bbox 95 3881 318 3954; x_wconf 84' lang='lat' dir='ltr'><strong>chiasque</strong></span> <span class='ocrx_word' id='word_1_361' title='bbox 349 3902 484 3941; x_wconf 87' lang='lat' dir='ltr'><strong>suas</strong></span> <span class='ocrx_word' id='word_1_362' title='bbox 528 3900 626 3956; x_wconf 90' lang='lat' dir='ltr'><strong>per</strong></span> <span class='ocrx_word' id='word_1_363' title='bbox 658 3885 896 3956; x_wconf 88' lang='lat' dir='ltr'><strong>singulos</strong></span> <span class='ocrx_word' id='word_1_364' title='bbox 934 3902 1105 3942; x_wconf 90' lang='lat' dir='ltr'><strong>annos</strong></span> <span class='ocrx_word' id='word_1_365' title='bbox 1148 3887 1227 3942; x_wconf 90' lang='lat' dir='ltr'><strong>ire</strong></span> <span class='ocrx_word' id='word_1_366' title='bbox 1273 3895 1530 3957; x_wconf 89' lang='lat' dir='ltr'><strong>oportet,</strong></span> <span class='ocrx_word' id='word_1_367' title='bbox 1584 3895 1643 3943; x_wconf 91' lang='lat' dir='ltr'><strong>ut</strong></span> 
     </span>
    </p>
   </div>
   <div class='ocr_carea' id='block_1_56' title="bbox 97 3979 1641 4052">
    <p class='ocr_par' dir='ltr' id='par_1_56' title="bbox 97 3979 1641 4052">
     <span class='ocr_line' id='line_1_56' title="bbox 97 3979 1641 4052; baseline 0.005 -26"><span class='ocrx_word' id='word_1_368' title='bbox 97 3979 307 4047; x_wconf 79' lang='lat' dir='ltr'><strong>exquirat</strong></span> <span class='ocrx_word' id='word_1_369' title='bbox 331 3980 468 4051; x_wconf 89' lang='lat' dir='ltr'><strong>quid</strong></span> <span class='ocrx_word' id='word_1_370' title='bbox 506 3995 840 4050; x_wconf 81' lang='lat' dir='ltr'><strong>unaquaeque</strong></span> <span class='ocrx_word' id='word_1_371' title='bbox 886 3979 1111 4035; x_wconf 90' lang='lat' dir='ltr'><strong>basilica</strong></span> <span class='ocrx_word' id='word_1_372' title='bbox 1158 3980 1212 4034; x_wconf 90' lang='lat' dir='ltr'><strong>in</strong></span> <span class='ocrx_word' id='word_1_373' title='bbox 1242 3981 1641 4052; x_wconf 89' lang='lat' dir='ltr'><strong>reparationem</strong></span> 
     </span>
    </p>
   </div>
   <div class='ocr_carea' id='block_1_57' title="bbox 93 4069 1644 4143">
    <p class='ocr_par' dir='ltr' id='par_1_57' title="bbox 93 4069 1644 4143">
     <span class='ocr_line' id='line_1_57' title="bbox 93 4069 1644 4143; baseline 0.006 -24"><span class='ocrx_word' id='word_1_374' title='bbox 93 4069 159 4122; x_wconf 89' lang='lat' dir='ltr'><strong>sui</strong></span> <span class='ocrx_word' id='word_1_375' title='bbox 185 4070 392 4143; x_wconf 83' lang='lat' dir='ltr'><strong>indiget,</strong></span> <span class='ocrx_word' id='word_1_376' title='bbox 431 4072 574 4143; x_wconf 92' lang='lat' dir='ltr'><strong>quod</strong></span> <span class='ocrx_word' id='word_1_377' title='bbox 602 4072 649 4127; x_wconf 90' lang='lat' dir='ltr'><strong>si</strong></span> <span class='ocrx_word' id='word_1_378' title='bbox 685 4072 799 4142; x_wconf 90' lang='lat' dir='ltr'><strong>ipse</strong></span> <span class='ocrx_word' id='word_1_379' title='bbox 841 4082 933 4127; x_wconf 93' lang='lat' dir='ltr'><strong>aut</strong></span> <span class='ocrx_word' id='word_1_380' title='bbox 963 4073 1217 4143; x_wconf 83' lang='lat' dir='ltr'><strong>languore</strong></span> <span class='ocrx_word' id='word_1_381' title='bbox 1246 4073 1519 4137; x_wconf 90' lang='lat' dir='ltr'><strong>detentus,</strong></span> <span class='ocrx_word' id='word_1_382' title='bbox 1551 4082 1644 4128; x_wconf 93' lang='lat' dir='ltr'><strong>aut</strong></span> 
     </span>
    </p>
   </div>
   <div class='ocr_carea' id='block_1_58' title="bbox 97 4159 1641 4236">
    <p class='ocr_par' dir='ltr' id='par_1_58' title="bbox 97 4159 1641 4236">
     <span class='ocr_line' id='line_1_58' title="bbox 97 4159 1641 4236; baseline 0.006 -25"><span class='ocrx_word' id='word_1_383' title='bbox 97 4159 194 4217; x_wconf 84' lang='lat' dir='ltr'><strong>aliis</strong></span> <span class='ocrx_word' id='word_1_384' title='bbox 219 4163 632 4236; x_wconf 86' lang='lat' dir='ltr'><strong>ocupationibus</strong></span> <span class='ocrx_word' id='word_1_385' title='bbox 658 4165 962 4235; x_wconf 90' lang='lat' dir='ltr'><strong>implicatus</strong></span> <span class='ocrx_word' id='word_1_386' title='bbox 988 4165 1043 4220; x_wconf 89' lang='lat' dir='ltr'><strong>id</strong></span> <span class='ocrx_word' id='word_1_387' title='bbox 1070 4164 1364 4234; x_wconf 83' lang='lat' dir='ltr'><strong>adimplere</strong></span> <span class='ocrx_word' id='word_1_388' title='bbox 1391 4166 1641 4235; x_wconf 90' lang='lat' dir='ltr'><strong>nequive-</strong></span> 
     </span>
    </p>
   </div>
   <div class='ocr_carea' id='block_1_59' title="bbox 95 4251 1639 4326">
    <p class='ocr_par' dir='ltr' id='par_1_59' title="bbox 95 4251 1639 4326">
     <span class='ocr_line' id='line_1_59' title="bbox 95 4251 1639 4326; baseline 0.006 -25"><span class='ocrx_word' id='word_1_389' title='bbox 95 4251 176 4316; x_wconf 89' lang='lat' dir='ltr'><strong>rit,</strong></span> <span class='ocrx_word' id='word_1_390' title='bbox 196 4257 538 4326; x_wconf 85' lang='lat' dir='ltr'><strong>presbyteros</strong></span> <span class='ocrx_word' id='word_1_391' title='bbox 566 4255 874 4324; x_wconf 88' lang='lat' dir='ltr'><strong>probabiles</strong></span> <span class='ocrx_word' id='word_1_392' title='bbox 903 4262 997 4309; x_wconf 87' lang='lat' dir='ltr'><strong>aut</strong></span> <span class='ocrx_word' id='word_1_393' title='bbox 1027 4255 1278 4310; x_wconf 90' lang='lat' dir='ltr'><strong>diacones</strong></span> <span class='ocrx_word' id='word_1_394' title='bbox 1313 4255 1523 4319; x_wconf 88' lang='lat' dir='ltr'><strong>mittat,</strong></span> <span class='ocrx_word' id='word_1_395' title='bbox 1549 4257 1639 4325; x_wconf 87' lang='lat' dir='ltr'><strong>qui</strong></span> 
     </span>
    </p>
   </div>
   <div class='ocr_carea' id='block_1_60' title="bbox 92 4345 1640 4416">
    <p class='ocr_par' dir='ltr' id='par_1_60' title="bbox 92 4345 1640 4416">
     <span class='ocr_line' id='line_1_60' title="bbox 92 4345 1640 4416; baseline 0.004 -22"><span class='ocrx_word' id='word_1_396' title='bbox 92 4350 134 4394; x_wconf 87' lang='lat' dir='ltr'><strong>et</strong></span> <span class='ocrx_word' id='word_1_397' title='bbox 156 4345 373 4402; x_wconf 89' lang='lat' dir='ltr'><strong>redditus</strong></span> <span class='ocrx_word' id='word_1_398' title='bbox 411 4346 756 4401; x_wconf 80' lang='lat' dir='ltr'><strong>basilicarum</strong></span> <span class='ocrx_word' id='word_1_399' title='bbox 780 4356 835 4402; x_wconf 90' lang='lat' dir='ltr'><strong>et</strong></span> <span class='ocrx_word' id='word_1_400' title='bbox 855 4346 1226 4416; x_wconf 91' lang='lat' dir='ltr'><strong>reparationes</strong></span> <span class='ocrx_word' id='word_1_401' title='bbox 1249 4355 1304 4402; x_wconf 91' lang='lat' dir='ltr'><strong>et</strong></span> <span class='ocrx_word' id='word_1_402' title='bbox 1327 4346 1640 4401; x_wconf 89' lang='lat' dir='ltr'><strong>ministran-</strong></span> 
     </span>
    </p>
   </div>
   <div class='ocr_carea' id='block_1_61' title="bbox 93 4434 1114 4508">
    <p class='ocr_par' dir='ltr' id='par_1_61' title="bbox 93 4434 1114 4508">
     <span class='ocr_line' id='line_1_61' title="bbox 93 4434 1114 4508; baseline 0.01 -22"><span class='ocrx_word' id='word_1_403' title='bbox 93 4434 202 4490; x_wconf 86' lang='lat' dir='ltr'><strong>tlum</strong></span> <span class='ocrx_word' id='word_1_404' title='bbox 227 4438 386 4494; x_wconf 86' lang='lat' dir='ltr'><strong>vitam</strong></span> <span class='ocrx_word' id='word_1_405' title='bbox 422 4439 719 4508; x_wconf 88' lang='lat' dir='ltr'><strong>inquirant.</strong></span> <span class='ocrx_word' id='word_1_406' title='bbox 1109 4453 1114 4458; x_wconf 85' lang='lat'><strong><em>&#39;</em></strong></span> 
     </span>
    </p>
   </div>
   <div class='ocr_carea' id='block_1_62' title="bbox 146 4517 1639 4602">
    <p class='ocr_par' dir='ltr' id='par_1_62' title="bbox 146 4517 1639 4602">
     <span class='ocr_line' id='line_1_62' title="bbox 146 4517 1639 4602; baseline 0.005 -23"><span class='ocrx_word' id='word_1_407' title='bbox 146 4517 379 4584; x_wconf 65' lang='lat' dir='ltr'><strong>XXXVI.</strong></span> <span class='ocrx_word' id='word_1_408' title='bbox 415 4527 732 4598; x_wconf 87' lang='lat' dir='ltr'><strong>Quicunque</strong></span> <span class='ocrx_word' id='word_1_409' title='bbox 757 4530 993 4600; x_wconf 90' lang='lat' dir='ltr'><strong>episcopi</strong></span> <span class='ocrx_word' id='word_1_410' title='bbox 1045 4529 1307 4601; x_wconf 68' lang='lat' dir='ltr'><strong>suffragio</strong></span> <span class='ocrx_word' id='word_1_411' title='bbox 1351 4530 1639 4602; x_wconf 89' lang='lat' dir='ltr'><strong>cujuslibet</strong></span> 
     </span>
    </p>
   </div>
   <div class='ocr_carea' id='block_1_63' title="bbox 1750 1975 3332 2048">
    <p class='ocr_par' dir='ltr' id='par_1_63' title="bbox 1750 1975 3332 2048">
     <span class='ocr_line' id='line_1_63' title="bbox 1750 1975 3332 2048; baseline 0.003 -18"><span class='ocrx_word' id='word_1_412' title='bbox 1750 1976 1825 2030; x_wconf 89' lang='lat' dir='ltr'><strong>uti</strong></span> <span class='ocrx_word' id='word_1_413' title='bbox 1871 1975 2073 2041; x_wconf 89' lang='lat' dir='ltr'><strong>orario,</strong></span> <span class='ocrx_word' id='word_1_414' title='bbox 2115 1976 2208 2031; x_wconf 91' lang='lat' dir='ltr'><strong>sed</strong></span> <span class='ocrx_word' id='word_1_415' title='bbox 2253 1992 2416 2031; x_wconf 91' lang='lat' dir='ltr'><strong>unum</strong></span> <span class='ocrx_word' id='word_1_416' title='bbox 2474 1986 2679 2032; x_wconf 90' lang='lat' dir='ltr'><strong>tantum</strong></span> <span class='ocrx_word' id='word_1_417' title='bbox 2717 1988 2770 2032; x_wconf 92' lang='lat' dir='ltr'><strong>et</strong></span> <span class='ocrx_word' id='word_1_418' title='bbox 2795 1995 3012 2048; x_wconf 91' lang='lat' dir='ltr'><strong>purum,</strong></span> <span class='ocrx_word' id='word_1_419' title='bbox 3072 1995 3172 2034; x_wconf 91' lang='lat' dir='ltr'><strong>nec</strong></span> <span class='ocrx_word' id='word_1_420' title='bbox 3210 1980 3332 2035; x_wconf 90' lang='lat' dir='ltr'><strong>ullis</strong></span> 
     </span>
    </p>
   </div>
   <div class='ocr_carea' id='block_1_64' title="bbox 1750 2066 2864 2140">
    <p class='ocr_par' dir='ltr' id='par_1_64' title="bbox 1750 2066 2864 2140">
     <span class='ocr_line' id='line_1_64' title="bbox 1750 2066 2864 2140; baseline 0.002 -19"><span class='ocrx_word' id='word_1_421' title='bbox 1750 2066 2022 2122; x_wconf 87' lang='lat' dir='ltr'><strong>coloribus</strong></span> <span class='ocrx_word' id='word_1_422' title='bbox 2057 2077 2151 2120; x_wconf 87' lang='lat' dir='ltr'><strong>aut</strong></span> <span class='ocrx_word' id='word_1_423' title='bbox 2189 2081 2220 2120; x_wconf 92' lang='lat' dir='ltr'><strong>a</strong></span> <span class='ocrx_word' id='word_1_424' title='bbox 2248 2075 2365 2140; x_wconf 88' lang='lat' dir='ltr'><strong>tyro</strong></span> <span class='ocrx_word' id='word_1_425' title='bbox 2387 2079 2640 2124; x_wconf 90' lang='lat' dir='ltr'><strong>ornatum</strong></span> <span class='ocrx_word' id='word_1_426' title='bbox 2667 2067 2864 2124; x_wconf 90' lang='lat' dir='ltr'><strong>ferant.</strong></span> 
     </span>
    </p>
   </div>
   <div class='ocr_carea' id='block_1_65' title="bbox 1820 2155 3329 2218">
    <p class='ocr_par' dir='ltr' id='par_1_65' title="bbox 1820 2155 3329 2218">
     <span class='ocr_line' id='line_1_65' title="bbox 1820 2155 3329 2218; baseline 0.006 -9"><span class='ocrx_word' id='word_1_427' title='bbox 1820 2155 1930 2210; x_wconf 87' lang='lat' dir='ltr'><strong>XL.</strong></span> <span class='ocrx_word' id='word_1_428' title='bbox 1972 2157 2173 2213; x_wconf 88' lang='lat' dir='ltr'><strong>Omnes</strong></span> <span class='ocrx_word' id='word_1_429' title='bbox 2213 2158 2395 2214; x_wconf 90' lang='lat' dir='ltr'><strong>clerici</strong></span> <span class='ocrx_word' id='word_1_430' title='bbox 2448 2159 2532 2214; x_wconf 85' lang='lat' dir='ltr'><strong>vel</strong></span> <span class='ocrx_word' id='word_1_431' title='bbox 2584 2159 2816 2216; x_wconf 90' lang='lat' dir='ltr'><strong>lectores</strong></span> <span class='ocrx_word' id='word_1_432' title='bbox 2867 2161 3007 2216; x_wconf 91' lang='lat' dir='ltr'><strong>sicut</strong></span> <span class='ocrx_word' id='word_1_433' title='bbox 3055 2162 3228 2218; x_wconf 74' lang='lat' dir='ltr'><strong>levita:</strong></span> <span class='ocrx_word' id='word_1_434' title='bbox 3274 2173 3329 2218; x_wconf 90' lang='lat' dir='ltr'><strong>et</strong></span> 
     </span>
    </p>
   </div>
   <div class='ocr_carea' id='block_1_66' title="bbox 1750 2247 3328 2322">
    <p class='ocr_par' dir='ltr' id='par_1_66' title="bbox 1750 2247 3328 2322">
     <span class='ocr_line' id='line_1_66' title="bbox 1750 2247 3328 2322; baseline 0.004 -21"><span class='ocrx_word' id='word_1_435' title='bbox 1750 2247 2061 2302; x_wconf 89' lang='lat' dir='ltr'><strong>sacerdotes</strong></span> <span class='ocrx_word' id='word_1_436' title='bbox 2127 2248 2350 2303; x_wconf 91' lang='lat' dir='ltr'><strong>detonso</strong></span> <span class='ocrx_word' id='word_1_437' title='bbox 2401 2251 2647 2320; x_wconf 91' lang='lat' dir='ltr'><strong>superius</strong></span> <span class='ocrx_word' id='word_1_438' title='bbox 2708 2251 2886 2322; x_wconf 90' lang='lat' dir='ltr'><strong>capite</strong></span> <span class='ocrx_word' id='word_1_439' title='bbox 2935 2260 3046 2307; x_wconf 92' lang='lat' dir='ltr'><strong>toto</strong></span> <span class='ocrx_word' id='word_1_440' title='bbox 3102 2252 3328 2308; x_wconf 90' lang='lat' dir='ltr'><strong>inferius</strong></span> 
     </span>
    </p>
   </div>
   <div class='ocr_carea' id='block_1_67' title="bbox 1749 2337 3330 2424">
    <p class='ocr_par' dir='ltr' id='par_1_67' title="bbox 1749 2337 3330 2424">
     <span class='ocr_line' id='line_1_67' title="bbox 1749 2337 3330 2424; baseline 0.004 -30"><span class='ocrx_word' id='word_1_441' title='bbox 1749 2337 1918 2394; x_wconf 89' lang='lat' dir='ltr'><strong>solam</strong></span> <span class='ocrx_word' id='word_1_442' title='bbox 1949 2339 2136 2394; x_wconf 88' lang='lat' dir='ltr'><strong>circuli</strong></span> <span class='ocrx_word' id='word_1_443' title='bbox 2179 2355 2436 2424; x_wconf 62' lang='lat' dir='ltr'><strong>coronam</strong></span> <span class='ocrx_word' id='word_1_444' title='bbox 2483 2342 2830 2411; x_wconf 89' lang='lat' dir='ltr'><strong>relinquant,</strong></span> <span class='ocrx_word' id='word_1_445' title='bbox 2880 2360 2987 2398; x_wconf 95' lang='lat' dir='ltr'><strong>non</strong></span> <span class='ocrx_word' id='word_1_446' title='bbox 3037 2345 3176 2400; x_wconf 91' lang='lat' dir='ltr'><strong>sicut</strong></span> <span class='ocrx_word' id='word_1_447' title='bbox 3224 2347 3330 2401; x_wconf 92' lang='lat' dir='ltr'><strong>huc</strong></span> 
     </span>
    </p>
   </div>
   <div class='ocr_carea' id='block_1_68' title="bbox 1747 2430 3330 2502">
    <p class='ocr_par' dir='ltr' id='par_1_68' title="bbox 1747 2430 3330 2502">
     <span class='ocr_line' id='line_1_68' title="bbox 1747 2430 3330 2502; baseline 0.003 -17"><span class='ocrx_word' id='word_1_448' title='bbox 1747 2441 1921 2502; x_wconf 79' lang='lat' dir='ltr'><strong>usque</strong></span> <span class='ocrx_word' id='word_1_449' title='bbox 1948 2431 2002 2485; x_wconf 90' lang='lat' dir='ltr'><strong>in</strong></span> <span class='ocrx_word' id='word_1_450' title='bbox 2034 2430 2299 2486; x_wconf 63' lang='lat' dir='ltr'><strong>Callaecia:</strong></span> <span class='ocrx_word' id='word_1_451' title='bbox 2324 2433 2569 2502; x_wconf 89' lang='lat' dir='ltr'><strong>partibus</strong></span> <span class='ocrx_word' id='word_1_452' title='bbox 2592 2433 2770 2490; x_wconf 89' lang='lat' dir='ltr'><strong>facere</strong></span> <span class='ocrx_word' id='word_1_453' title='bbox 2799 2435 3029 2492; x_wconf 92' lang='lat' dir='ltr'><strong>lectores</strong></span> <span class='ocrx_word' id='word_1_454' title='bbox 3059 2438 3330 2502; x_wconf 91' lang='lat' dir='ltr'><strong>videntur,</strong></span> 
     </span>
    </p>
   </div>
   <div class='ocr_carea' id='block_1_69' title="bbox 1747 2519 3332 2600">
    <p class='ocr_par' dir='ltr' id='par_1_69' title="bbox 1747 2519 3332 2600">
     <span class='ocr_line' id='line_1_69' title="bbox 1747 2519 3332 2600; baseline 0.006 -26"><span class='ocrx_word' id='word_1_455' title='bbox 1747 2519 1839 2592; x_wconf 93' lang='lat' dir='ltr'><strong>qui</strong></span> <span class='ocrx_word' id='word_1_456' title='bbox 1878 2522 2122 2590; x_wconf 80' lang='lat' dir='ltr'><strong>prolixis,</strong></span> <span class='ocrx_word' id='word_1_457' title='bbox 2151 2533 2212 2577; x_wconf 92' lang='lat' dir='ltr'><strong>ut</strong></span> <span class='ocrx_word' id='word_1_458' title='bbox 2248 2523 2411 2590; x_wconf 91' lang='lat' dir='ltr'><strong>laici,</strong></span> <span class='ocrx_word' id='word_1_459' title='bbox 2447 2525 2618 2580; x_wconf 91' lang='lat' dir='ltr'><strong>comis</strong></span> <span class='ocrx_word' id='word_1_460' title='bbox 2668 2525 2722 2580; x_wconf 85' lang='lat' dir='ltr'><strong>in</strong></span> <span class='ocrx_word' id='word_1_461' title='bbox 2773 2526 2887 2582; x_wconf 92' lang='lat' dir='ltr'><strong>solo</strong></span> <span class='ocrx_word' id='word_1_462' title='bbox 2935 2528 3130 2600; x_wconf 89' lang='lat' dir='ltr'><strong>capitis</strong></span> <span class='ocrx_word' id='word_1_463' title='bbox 3180 2529 3332 2598; x_wconf 89' lang='lat' dir='ltr'><strong>apice</strong></span> 
     </span>
    </p>
   </div>
   <div class='ocr_carea' id='block_1_70' title="bbox 1749 2615 3326 2683">
    <p class='ocr_par' dir='ltr' id='par_1_70' title="bbox 1749 2615 3326 2683">
     <span class='ocr_line' id='line_1_70' title="bbox 1749 2615 3326 2683; baseline 0.004 -15"><span class='ocrx_word' id='word_1_464' title='bbox 1749 2615 2020 2670; x_wconf 71' lang='lat' dir='ltr'><strong>modicum</strong></span> <span class='ocrx_word' id='word_1_465' title='bbox 2078 2615 2344 2670; x_wconf 91' lang='lat' dir='ltr'><strong>circulum</strong></span> <span class='ocrx_word' id='word_1_466' title='bbox 2399 2617 2664 2683; x_wconf 88' lang='lat' dir='ltr'><strong>tondent,</strong></span> <span class='ocrx_word' id='word_1_467' title='bbox 2724 2619 2861 2673; x_wconf 90' lang='lat' dir='ltr'><strong>ritus</strong></span> <span class='ocrx_word' id='word_1_468' title='bbox 2915 2620 3060 2674; x_wconf 92' lang='lat' dir='ltr'><strong>enim</strong></span> <span class='ocrx_word' id='word_1_469' title='bbox 3123 2621 3225 2676; x_wconf 91' lang='lat' dir='ltr'><strong>iste</strong></span> <span class='ocrx_word' id='word_1_470' title='bbox 3273 2621 3326 2675; x_wconf 93' lang='lat' dir='ltr'><strong>in</strong></span> 
     </span>
    </p>
   </div>
   <div class='ocr_carea' id='block_1_71' title="bbox 1748 2703 3334 2782">
    <p class='ocr_par' dir='ltr' id='par_1_71' title="bbox 1748 2703 3334 2782">
     <span class='ocr_line' id='line_1_71' title="bbox 1748 2703 3334 2782; baseline 0.006 -24"><span class='ocrx_word' id='word_1_471' title='bbox 1748 2703 2018 2776; x_wconf 74' lang='lat' dir='ltr'><strong>Ilspauiis</strong></span> <span class='ocrx_word' id='word_1_472' title='bbox 2055 2706 2332 2776; x_wconf 88' lang='lat' dir='ltr'><strong>hucusque</strong></span> <span class='ocrx_word' id='word_1_473' title='bbox 2357 2707 2734 2764; x_wconf 76' lang='lat' dir='ltr'><strong>hzereticorum</strong></span> <span class='ocrx_word' id='word_1_474' title='bbox 2764 2709 2902 2775; x_wconf 90' lang='lat' dir='ltr'><strong>fuit,</strong></span> <span class='ocrx_word' id='word_1_475' title='bbox 2953 2711 3094 2766; x_wconf 92' lang='lat' dir='ltr'><strong>unde</strong></span> <span class='ocrx_word' id='word_1_476' title='bbox 3122 2720 3334 2782; x_wconf 90' lang='lat' dir='ltr'><strong>oportet</strong></span> 
     </span>
    </p>
   </div>
   <div class='ocr_carea' id='block_1_72' title="bbox 1749 2800 3329 2874">
    <p class='ocr_par' dir='ltr' id='par_1_72' title="bbox 1749 2800 3329 2874">
     <span class='ocr_line' id='line_1_72' title="bbox 1749 2800 3329 2874; baseline 0.003 -22"><span class='ocrx_word' id='word_1_477' title='bbox 1749 2809 1807 2853; x_wconf 93' lang='lat' dir='ltr'><strong>ut</strong></span> <span class='ocrx_word' id='word_1_478' title='bbox 1834 2815 1932 2870; x_wconf 91' lang='lat' dir='ltr'><strong>pro</strong></span> <span class='ocrx_word' id='word_1_479' title='bbox 1958 2802 2285 2870; x_wconf 85' lang='lat' dir='ltr'><strong>amputaudo</strong></span> <span class='ocrx_word' id='word_1_480' title='bbox 2319 2801 2386 2856; x_wconf 92' lang='lat' dir='ltr'><strong>ab</strong></span> <span class='ocrx_word' id='word_1_481' title='bbox 2414 2800 2658 2857; x_wconf 88' lang='lat' dir='ltr'><strong>ecclesiis</strong></span> <span class='ocrx_word' id='word_1_482' title='bbox 2697 2802 2952 2858; x_wconf 87' lang='lat' dir='ltr'><strong>seandalo</strong></span> <span class='ocrx_word' id='word_1_483' title='bbox 2980 2804 3083 2858; x_wconf 90' lang='lat' dir='ltr'><strong>hoc</strong></span> <span class='ocrx_word' id='word_1_484' title='bbox 3117 2804 3329 2874; x_wconf 84' lang='lat' dir='ltr'><strong>signum</strong></span> 
     </span>
    </p>
   </div>
   <div class='ocr_carea' id='block_1_73' title="bbox 1748 2891 3330 2957">
    <p class='ocr_par' dir='ltr' id='par_1_73' title="bbox 1748 2891 3330 2957">
     <span class='ocr_line' id='line_1_73' title="bbox 1748 2891 3330 2957; baseline 0.002 -12"><span class='ocrx_word' id='word_1_485' title='bbox 1748 2891 2027 2946; x_wconf 87' lang='lat' dir='ltr'><strong>dedecoris</strong></span> <span class='ocrx_word' id='word_1_486' title='bbox 2053 2891 2350 2957; x_wconf 82' lang='lat' dir='ltr'><strong>auferatur,</strong></span> <span class='ocrx_word' id='word_1_487' title='bbox 2376 2900 2432 2946; x_wconf 92' lang='lat' dir='ltr'><strong>et</strong></span> <span class='ocrx_word' id='word_1_488' title='bbox 2457 2892 2530 2946; x_wconf 89' lang='lat' dir='ltr'><strong>sit</strong></span> <span class='ocrx_word' id='word_1_489' title='bbox 2575 2908 2680 2946; x_wconf 93' lang='lat' dir='ltr'><strong>una</strong></span> <span class='ocrx_word' id='word_1_490' title='bbox 2727 2900 2948 2948; x_wconf 89' lang='lat' dir='ltr'><strong>tonsura</strong></span> <span class='ocrx_word' id='word_1_491' title='bbox 2989 2893 3072 2948; x_wconf 88' lang='lat' dir='ltr'><strong>vel</strong></span> <span class='ocrx_word' id='word_1_492' title='bbox 3113 2893 3330 2948; x_wconf 89' lang='lat' dir='ltr'><strong>habitus</strong></span> 
     </span>
    </p>
   </div>
   <div class='ocr_carea' id='block_1_74' title="bbox 1748 2982 3328 3052">
    <p class='ocr_par' dir='ltr' id='par_1_74' title="bbox 1748 2982 3328 3052">
     <span class='ocr_line' id='line_1_74' title="bbox 1748 2982 3328 3052; baseline 0.002 -15"><span class='ocrx_word' id='word_1_493' title='bbox 1748 2983 1891 3037; x_wconf 91' lang='lat' dir='ltr'><strong>sicut</strong></span> <span class='ocrx_word' id='word_1_494' title='bbox 1931 2983 2096 3038; x_wconf 89' lang='lat' dir='ltr'><strong>totius</strong></span> <span class='ocrx_word' id='word_1_495' title='bbox 2138 2982 2408 3052; x_wconf 73' lang='lat' dir='ltr'><strong>Hispania:</strong></span> <span class='ocrx_word' id='word_1_496' title='bbox 2436 2992 2519 3038; x_wconf 86' lang='lat' dir='ltr'><strong>est</strong></span> <span class='ocrx_word' id='word_1_497' title='bbox 2565 2999 2713 3038; x_wconf 91' lang='lat' dir='ltr'><strong>usus.</strong></span> <span class='ocrx_word' id='word_1_498' title='bbox 2739 2984 2841 3050; x_wconf 84' lang='lat' dir='ltr'><strong>Qui</strong></span> <span class='ocrx_word' id='word_1_499' title='bbox 2872 2993 3050 3040; x_wconf 90' lang='lat' dir='ltr'><strong>autem</strong></span> <span class='ocrx_word' id='word_1_500' title='bbox 3089 2985 3192 3040; x_wconf 90' lang='lat' dir='ltr'><strong>hoc</strong></span> <span class='ocrx_word' id='word_1_501' title='bbox 3222 3001 3328 3040; x_wconf 93' lang='lat' dir='ltr'><strong>non</strong></span> 
     </span>
    </p>
   </div>
   <div class='ocr_carea' id='block_1_75' title="bbox 1748 3072 2851 3139">
    <p class='ocr_par' dir='ltr' id='par_1_75' title="bbox 1748 3072 2851 3139">
     <span class='ocr_line' id='line_1_75' title="bbox 1748 3072 2851 3139; baseline -0.001 -11"><span class='ocrx_word' id='word_1_502' title='bbox 1748 3073 2088 3139; x_wconf 89' lang='lat' dir='ltr'><strong>custodierit,</strong></span> <span class='ocrx_word' id='word_1_503' title='bbox 2118 3072 2235 3128; x_wconf 82' lang='lat' dir='ltr'><strong>fidei</strong></span> <span class='ocrx_word' id='word_1_504' title='bbox 2265 3073 2545 3129; x_wconf 72' lang='lat' dir='ltr'><strong>catholica:</strong></span> <span class='ocrx_word' id='word_1_505' title='bbox 2576 3089 2700 3129; x_wconf 91' lang='lat' dir='ltr'><strong>reus</strong></span> <span class='ocrx_word' id='word_1_506' title='bbox 2728 3075 2851 3128; x_wconf 89' lang='lat' dir='ltr'><strong>erit.</strong></span> 
     </span>
    </p>
   </div>
   <div class='ocr_carea' id='block_1_76' title="bbox 1821 3162 3330 3220">
    <p class='ocr_par' dir='ltr' id='par_1_76' title="bbox 1821 3162 3330 3220">
     <span class='ocr_line' id='line_1_76' title="bbox 1821 3162 3330 3220; baseline 0.001 -2"><span class='ocrx_word' id='word_1_507' title='bbox 1821 3163 1950 3218; x_wconf 86' lang='lat' dir='ltr'><strong>XLI.</strong></span> <span class='ocrx_word' id='word_1_508' title='bbox 2004 3163 2136 3218; x_wconf 90' lang='lat' dir='ltr'><strong>Cum</strong></span> <span class='ocrx_word' id='word_1_509' title='bbox 2184 3163 2396 3218; x_wconf 84' lang='lat' dir='ltr'><strong>clericis</strong></span> <span class='ocrx_word' id='word_1_510' title='bbox 2442 3171 2713 3219; x_wconf 72' lang='lat' dir='ltr'><strong>extranea:</strong></span> <span class='ocrx_word' id='word_1_511' title='bbox 2765 3162 2978 3219; x_wconf 66' lang='lat' dir='ltr'><strong>femina:</strong></span> <span class='ocrx_word' id='word_1_512' title='bbox 3024 3163 3330 3220; x_wconf 87' lang='lat' dir='ltr'><strong>nullatenus</strong></span> 
     </span>
    </p>
   </div>
   <div class='ocr_carea' id='block_1_77' title="bbox 1668 3235 3325 3321">
    <p class='ocr_par' dir='ltr' id='par_1_77' title="bbox 1668 3235 3325 3321">
     <span class='ocr_line' id='line_1_77' title="bbox 1668 3235 3325 3321; baseline 0.001 -14"><span class='ocrx_word' id='word_1_513' title='bbox 1668 3235 1718 3300; x_wconf 66' lang='grc' dir='ltr'><strong>(ἶ</strong></span> <span class='ocrx_word' id='word_1_514' title='bbox 1750 3253 2016 3319; x_wconf 86' lang='lat' dir='ltr'><strong>habitent,</strong></span> <span class='ocrx_word' id='word_1_515' title='bbox 2047 3254 2148 3308; x_wconf 91' lang='lat' dir='ltr'><strong>nisi</strong></span> <span class='ocrx_word' id='word_1_516' title='bbox 2180 3262 2385 3308; x_wconf 86' lang='lat' dir='ltr'><strong>tantum</strong></span> <span class='ocrx_word' id='word_1_517' title='bbox 2413 3262 2606 3318; x_wconf 89' lang='lat' dir='ltr'><strong>mater,</strong></span> <span class='ocrx_word' id='word_1_518' title='bbox 2629 3261 2683 3308; x_wconf 92' lang='lat' dir='ltr'><strong>ct</strong></span> <span class='ocrx_word' id='word_1_519' title='bbox 2703 3268 2876 3320; x_wconf 88' lang='lat' dir='ltr'><strong>soror,</strong></span> <span class='ocrx_word' id='word_1_520' title='bbox 2909 3252 3037 3319; x_wconf 81' lang='lat' dir='ltr'><strong>(illa,</strong></span> <span class='ocrx_word' id='word_1_521' title='bbox 3061 3254 3244 3321; x_wconf 88' lang='lat' dir='ltr'><strong>amita,</strong></span> <span class='ocrx_word' id='word_1_522' title='bbox 3269 3255 3325 3309; x_wconf 94' lang='lat' dir='ltr'><strong>in</strong></span> 
     </span>
    </p>
   </div>
   <div class='ocr_carea' id='block_1_78' title="bbox 1749 3334 3328 3414">
    <p class='ocr_par' dir='ltr' id='par_1_78' title="bbox 1749 3334 3328 3414">
     <span class='ocr_line' id='line_1_78' title="bbox 1749 3334 3328 3414; baseline 0.003 -18"><span class='ocrx_word' id='word_1_523' title='bbox 1749 3343 1944 3412; x_wconf 90' lang='lat' dir='ltr'><strong>quibus</strong></span> <span class='ocrx_word' id='word_1_524' title='bbox 1964 3345 2210 3414; x_wconf 89' lang='lat' dir='ltr'><strong>personis</strong></span> <span class='ocrx_word' id='word_1_525' title='bbox 2235 3342 2364 3396; x_wconf 91' lang='lat' dir='ltr'><strong>nihil</strong></span> <span class='ocrx_word' id='word_1_526' title='bbox 2387 3342 2608 3398; x_wconf 91' lang='lat' dir='ltr'><strong>sceleris</strong></span> <span class='ocrx_word' id='word_1_527' title='bbox 2631 3334 2886 3398; x_wconf 59' lang='lat' dir='ltr'><strong>azsti&#39;mari</strong></span> <span class='ocrx_word' id='word_1_528' title='bbox 2911 3351 3119 3398; x_wconf 60' lang='lat' dir='ltr'><strong>natura:</strong></span> <span class='ocrx_word' id='word_1_529' title='bbox 3151 3343 3328 3400; x_wconf 75' lang='lat' dir='ltr'><strong>ftedus</strong></span> 
     </span>
    </p>
   </div>
   <div class='ocr_carea' id='block_1_79' title="bbox 1747 3432 3326 3504">
    <p class='ocr_par' dir='ltr' id='par_1_79' title="bbox 1747 3432 3326 3504">
     <span class='ocr_line' id='line_1_79' title="bbox 1747 3432 3326 3504; baseline 0.001 -16"><span class='ocrx_word' id='word_1_530' title='bbox 1747 3434 2035 3504; x_wconf 82' lang='lat' dir='ltr'><strong>permittit,</strong></span> <span class='ocrx_word' id='word_1_531' title='bbox 2068 3435 2119 3488; x_wconf 90' lang='lat' dir='ltr'><strong>id</strong></span> <span class='ocrx_word' id='word_1_532' title='bbox 2145 3434 2287 3488; x_wconf 90' lang='lat' dir='ltr'><strong>enim</strong></span> <span class='ocrx_word' id='word_1_533' title='bbox 2315 3443 2369 3487; x_wconf 93' lang='lat' dir='ltr'><strong>et</strong></span> <span class='ocrx_word' id='word_1_534' title='bbox 2395 3432 2708 3489; x_wconf 89' lang='lat' dir='ltr'><strong>constitutio</strong></span> <span class='ocrx_word' id='word_1_535' title='bbox 2737 3433 3081 3503; x_wconf 89' lang='lat' dir='ltr'><strong>antiquorum</strong></span> <span class='ocrx_word' id='word_1_536' title='bbox 3103 3432 3326 3489; x_wconf 83' lang='lat' dir='ltr'><strong>Patrum</strong></span> 
     </span>
    </p>
   </div>
   <div class='ocr_carea' id='block_1_80' title="bbox 1750 3525 2007 3579">
    <p class='ocr_par' dir='ltr' id='par_1_80' title="bbox 1750 3525 2007 3579">
     <span class='ocr_line' id='line_1_80' title="bbox 1750 3525 2007 3579; baseline -0.012 0"><span class='ocrx_word' id='word_1_537' title='bbox 1750 3525 2007 3579; x_wconf 89' lang='lat' dir='ltr'><strong>decrevit.</strong></span> 
     </span>
    </p>
   </div>
   <div class='ocr_carea' id='block_1_81' title="bbox 1820 3612 3324 3684">
    <p class='ocr_par' dir='ltr' id='par_1_81' title="bbox 1820 3612 3324 3684">
     <span class='ocr_line' id='line_1_81' title="bbox 1820 3612 3324 3684; baseline 0.001 -18"><span class='ocrx_word' id='word_1_538' title='bbox 1820 3613 1973 3667; x_wconf 83' lang='lat' dir='ltr'><strong>XLII.</strong></span> <span class='ocrx_word' id='word_1_539' title='bbox 2002 3613 2231 3680; x_wconf 84' lang='lat' dir='ltr'><strong>Quidam</strong></span> <span class='ocrx_word' id='word_1_540' title='bbox 2274 3613 2455 3669; x_wconf 91' lang='lat' dir='ltr'><strong>clerici</strong></span> <span class='ocrx_word' id='word_1_541' title='bbox 2497 3612 2734 3684; x_wconf 79' lang='lat' dir='ltr'><strong>legitime</strong></span> <span class='ocrx_word' id='word_1_542' title='bbox 2765 3628 2872 3668; x_wconf 89' lang='lat' dir='ltr'><strong>non</strong></span> <span class='ocrx_word' id='word_1_543' title='bbox 2900 3613 3164 3670; x_wconf 87' lang='lat' dir='ltr'><strong>habentes</strong></span> <span class='ocrx_word' id='word_1_544' title='bbox 3191 3629 3324 3670; x_wconf 92' lang='lat' dir='ltr'><strong>con-</strong></span> 
     </span>
    </p>
   </div>
   <div class='ocr_carea' id='block_1_82' title="bbox 1739 3702 3326 3775">
    <p class='ocr_par' dir='ltr' id='par_1_82' title="bbox 1739 3702 3326 3775">
     <span class='ocr_line' id='line_1_82' title="bbox 1739 3702 3326 3775; baseline 0.001 -17"><span class='ocrx_word' id='word_1_545' title='bbox 1739 3702 1946 3774; x_wconf 77' lang='lat' dir='ltr'><strong>jugium</strong></span> <span class='ocrx_word' id='word_1_546' title='bbox 1972 3743 1987 3770; x_wconf 91' lang='lat'><strong>,</strong></span> <span class='ocrx_word' id='word_1_547' title='bbox 2020 3714 2401 3759; x_wconf 81' lang='lat' dir='ltr'><strong>extranearum</strong></span> <span class='ocrx_word' id='word_1_548' title='bbox 2439 3702 2720 3775; x_wconf 83' lang='lat' dir='ltr'><strong>mulierum</strong></span> <span class='ocrx_word' id='word_1_549' title='bbox 2748 3703 2831 3759; x_wconf 90' lang='lat' dir='ltr'><strong>vel</strong></span> <span class='ocrx_word' id='word_1_550' title='bbox 2857 3702 3169 3758; x_wconf 90' lang='lat' dir='ltr'><strong>ancillarum</strong></span> <span class='ocrx_word' id='word_1_551' title='bbox 3200 3720 3326 3759; x_wconf 90' lang='lat' dir='ltr'><strong>sua-</strong></span> 
     </span>
    </p>
   </div>
   <div class='ocr_carea' id='block_1_83' title="bbox 1747 3793 3324 3866">
    <p class='ocr_par' dir='ltr' id='par_1_83' title="bbox 1747 3793 3324 3866">
     <span class='ocr_line' id='line_1_83' title="bbox 1747 3793 3324 3866; baseline 0.001 -19"><span class='ocrx_word' id='word_1_552' title='bbox 1747 3809 1866 3848; x_wconf 93' lang='lat' dir='ltr'><strong>rum</strong></span> <span class='ocrx_word' id='word_1_553' title='bbox 1907 3794 2193 3848; x_wconf 88' lang='lat' dir='ltr'><strong>interdicta</strong></span> <span class='ocrx_word' id='word_1_554' title='bbox 2233 3795 2336 3848; x_wconf 89' lang='lat' dir='ltr'><strong>sibi</strong></span> <span class='ocrx_word' id='word_1_555' title='bbox 2387 3793 2661 3849; x_wconf 86' lang='lat' dir='ltr'><strong>consortia</strong></span> <span class='ocrx_word' id='word_1_556' title='bbox 2708 3801 2990 3863; x_wconf 91' lang='lat' dir='ltr'><strong>appetunt,</strong></span> <span class='ocrx_word' id='word_1_557' title='bbox 3035 3794 3156 3848; x_wconf 88' lang='lat' dir='ltr'><strong>ideo</strong></span> <span class='ocrx_word' id='word_1_558' title='bbox 3203 3809 3324 3866; x_wconf 69' lang='lat' dir='ltr'><strong>quae</strong></span> 
     </span>
    </p>
   </div>
   <div class='ocr_carea' id='block_1_84' title="bbox 1746 3884 3323 3958">
    <p class='ocr_par' dir='ltr' id='par_1_84' title="bbox 1746 3884 3323 3958">
     <span class='ocr_line' id='line_1_84' title="bbox 1746 3884 3323 3958; baseline -0.001 -16"><span class='ocrx_word' id='word_1_559' title='bbox 1746 3887 2032 3958; x_wconf 91' lang='lat' dir='ltr'><strong>conjuncte</strong></span> <span class='ocrx_word' id='word_1_560' title='bbox 2099 3885 2278 3940; x_wconf 89' lang='lat' dir='ltr'><strong>taliter</strong></span> <span class='ocrx_word' id='word_1_561' title='bbox 2331 3901 2453 3940; x_wconf 90' lang='lat' dir='ltr'><strong>cum</strong></span> <span class='ocrx_word' id='word_1_562' title='bbox 2498 3884 2710 3940; x_wconf 90' lang='lat' dir='ltr'><strong>clericis</strong></span> <span class='ocrx_word' id='word_1_563' title='bbox 2759 3893 2883 3940; x_wconf 92' lang='lat' dir='ltr'><strong>sunt</strong></span> <span class='ocrx_word' id='word_1_564' title='bbox 2926 3887 2994 3940; x_wconf 89' lang='lat' dir='ltr'><strong>ab</strong></span> <span class='ocrx_word' id='word_1_565' title='bbox 3031 3887 3323 3956; x_wconf 91' lang='lat' dir='ltr'><strong>episcopo,</strong></span> 
     </span>
    </p>
   </div>
   <div class='ocr_carea' id='block_1_85' title="bbox 1746 3977 3322 4050">
    <p class='ocr_par' dir='ltr' id='par_1_85' title="bbox 1746 3977 3322 4050">
     <span class='ocr_line' id='line_1_85' title="bbox 1746 3977 3322 4050; baseline -0.001 -16"><span class='ocrx_word' id='word_1_566' title='bbox 1746 3979 2061 4034; x_wconf 88' lang='lat' dir='ltr'><strong>auferantur</strong></span> <span class='ocrx_word' id='word_1_567' title='bbox 2103 3988 2158 4034; x_wconf 92' lang='lat' dir='ltr'><strong>et</strong></span> <span class='ocrx_word' id='word_1_568' title='bbox 2186 3979 2594 4044; x_wconf 91' lang='lat' dir='ltr'><strong>venundentur,</strong></span> <span class='ocrx_word' id='word_1_569' title='bbox 2635 3977 2741 4032; x_wconf 93' lang='lat' dir='ltr'><strong>illis</strong></span> <span class='ocrx_word' id='word_1_570' title='bbox 2773 3994 2871 4048; x_wconf 90' lang='lat' dir='ltr'><strong>pro</strong></span> <span class='ocrx_word' id='word_1_571' title='bbox 2923 3987 3165 4050; x_wconf 91' lang='lat' dir='ltr'><strong>tempore</strong></span> <span class='ocrx_word' id='word_1_572' title='bbox 3193 3979 3322 4034; x_wconf 81' lang='lat' dir='ltr'><strong>reli-</strong></span> 
     </span>
    </p>
   </div>
   <div class='ocr_carea' id='block_1_86' title="bbox 1745 4071 3252 4142">
    <p class='ocr_par' dir='ltr' id='par_1_86' title="bbox 1745 4071 3252 4142">
     <span class='ocr_line' id='line_1_86' title="bbox 1745 4071 3252 4142; baseline -0.001 -16"><span class='ocrx_word' id='word_1_573' title='bbox 1745 4073 1886 4142; x_wconf 82' lang='lat' dir='ltr'><strong>gatis</strong></span> <span class='ocrx_word' id='word_1_574' title='bbox 1909 4073 1975 4126; x_wconf 94' lang='lat' dir='ltr'><strong>ad</strong></span> <span class='ocrx_word' id='word_1_575' title='bbox 1996 4072 2369 4142; x_wconf 76' lang='lat' dir='ltr'><strong>pmniteutiam</strong></span> <span class='ocrx_word' id='word_1_576' title='bbox 2403 4086 2539 4142; x_wconf 90' lang='lat' dir='ltr'><strong>quos</strong></span> <span class='ocrx_word' id='word_1_577' title='bbox 2557 4086 2654 4126; x_wconf 90' lang='lat' dir='ltr'><strong>sua</strong></span> <span class='ocrx_word' id='word_1_578' title='bbox 2683 4071 2903 4126; x_wconf 89' lang='lat' dir='ltr'><strong>libidine</strong></span> <span class='ocrx_word' id='word_1_579' title='bbox 2929 4071 3252 4128; x_wconf 91' lang='lat' dir='ltr'><strong>infecerunt.</strong></span> 
     </span>
    </p>
   </div>
   <div class='ocr_carea' id='block_1_87' title="bbox 1815 4161 3328 4232">
    <p class='ocr_par' dir='ltr' id='par_1_87' title="bbox 1815 4161 3328 4232">
     <span class='ocr_line' id='line_1_87' title="bbox 1815 4161 3328 4232; baseline 0.001 -17"><span class='ocrx_word' id='word_1_580' title='bbox 1815 4161 1996 4216; x_wconf 86' lang='lat' dir='ltr'><strong>XLIII.</strong></span> <span class='ocrx_word' id='word_1_581' title='bbox 2056 4162 2249 4217; x_wconf 88' lang='lat' dir='ltr'><strong>Clerici</strong></span> <span class='ocrx_word' id='word_1_582' title='bbox 2303 4163 2394 4231; x_wconf 91' lang='lat' dir='ltr'><strong>qui</strong></span> <span class='ocrx_word' id='word_1_583' title='bbox 2455 4162 2573 4217; x_wconf 88' lang='lat' dir='ltr'><strong>sine</strong></span> <span class='ocrx_word' id='word_1_584' title='bbox 2633 4161 2882 4217; x_wconf 81' lang='lat' dir='ltr'><strong>consultu</strong></span> <span class='ocrx_word' id='word_1_585' title='bbox 2948 4163 3182 4232; x_wconf 89' lang='lat' dir='ltr'><strong>episcopi</strong></span> <span class='ocrx_word' id='word_1_586' title='bbox 3244 4163 3328 4217; x_wconf 88' lang='lat' dir='ltr'><strong>sui</strong></span> 
     </span>
    </p>
   </div>
   <div class='ocr_carea' id='block_1_88' title="bbox 1745 4253 3326 4322">
    <p class='ocr_par' dir='ltr' id='par_1_88' title="bbox 1745 4253 3326 4322">
     <span class='ocr_line' id='line_1_88' title="bbox 1745 4253 3326 4322; baseline 0 -14"><span class='ocrx_word' id='word_1_587' title='bbox 1745 4269 1943 4309; x_wconf 85' lang='lat' dir='ltr'><strong>uxores</strong></span> <span class='ocrx_word' id='word_1_588' title='bbox 1979 4255 2267 4319; x_wconf 85' lang='lat' dir='ltr'><strong>duxerint,</strong></span> <span class='ocrx_word' id='word_1_589' title='bbox 2308 4264 2401 4308; x_wconf 88' lang='lat' dir='ltr'><strong>aut</strong></span> <span class='ocrx_word' id='word_1_590' title='bbox 2447 4253 2692 4318; x_wconf 84' lang='lat' dir='ltr'><strong>viduam,</strong></span> <span class='ocrx_word' id='word_1_591' title='bbox 2724 4253 2807 4308; x_wconf 87' lang='lat' dir='ltr'><strong>vel</strong></span> <span class='ocrx_word' id='word_1_592' title='bbox 2840 4253 3211 4322; x_wconf 90' lang='lat' dir='ltr'><strong>tripudiatam,</strong></span> <span class='ocrx_word' id='word_1_593' title='bbox 3241 4255 3326 4310; x_wconf 86' lang='lat' dir='ltr'><strong>vel</strong></span> 
     </span>
    </p>
   </div>
   <div class='ocr_carea' id='block_1_89' title="bbox 1745 4343 3323 4414">
    <p class='ocr_par' dir='ltr' id='par_1_89' title="bbox 1745 4343 3323 4414">
     <span class='ocr_line' id='line_1_89' title="bbox 1745 4343 3323 4414; baseline 0.002 -17"><span class='ocrx_word' id='word_1_594' title='bbox 1745 4344 2088 4398; x_wconf 89' lang='lat' dir='ltr'><strong>meretricem</strong></span> <span class='ocrx_word' id='word_1_595' title='bbox 2124 4343 2178 4398; x_wconf 91' lang='lat' dir='ltr'><strong>in</strong></span> <span class='ocrx_word' id='word_1_596' title='bbox 2209 4343 2514 4414; x_wconf 82' lang='lat' dir='ltr'><strong>conjugium</strong></span> <span class='ocrx_word' id='word_1_597' title='bbox 2545 4343 2876 4413; x_wconf 89' lang='lat' dir='ltr'><strong>acceperint,</strong></span> <span class='ocrx_word' id='word_1_598' title='bbox 2904 4345 3146 4414; x_wconf 89' lang='lat' dir='ltr'><strong>separari</strong></span> <span class='ocrx_word' id='word_1_599' title='bbox 3173 4359 3268 4400; x_wconf 91' lang='lat' dir='ltr'><strong>eos</strong></span> <span class='ocrx_word' id='word_1_600' title='bbox 3292 4359 3323 4399; x_wconf 91' lang='lat' dir='ltr'><strong>a</strong></span> 
     </span>
    </p>
   </div>
   <div class='ocr_carea' id='block_1_90' title="bbox 1745 4437 2561 4507">
    <p class='ocr_par' dir='ltr' id='par_1_90' title="bbox 1745 4437 2561 4507">
     <span class='ocr_line' id='line_1_90' title="bbox 1745 4437 2561 4507; baseline -0.001 -18"><span class='ocrx_word' id='word_1_601' title='bbox 1745 4437 1963 4507; x_wconf 90' lang='lat' dir='ltr'><strong>proprio</strong></span> <span class='ocrx_word' id='word_1_602' title='bbox 1995 4437 2248 4506; x_wconf 89' lang='lat' dir='ltr'><strong>episc0po</strong></span> <span class='ocrx_word' id='word_1_603' title='bbox 2269 4437 2561 4505; x_wconf 90' lang='lat' dir='ltr'><strong>oportebit.</strong></span> 
     </span>
    </p>
   </div>
   <div class='ocr_carea' id='block_1_91' title="bbox 1819 4526 3324 4599">
    <p class='ocr_par' dir='ltr' id='par_1_91' title="bbox 1819 4526 3324 4599">
     <span class='ocr_line' id='line_1_91' title="bbox 1819 4526 3324 4599; baseline 0.001 -18"><span class='ocrx_word' id='word_1_604' title='bbox 1819 4526 1998 4592; x_wconf 82' lang='lat' dir='ltr'><strong>XLIV,</strong></span> <span class='ocrx_word' id='word_1_605' title='bbox 2039 4526 2234 4583; x_wconf 86' lang='lat' dir='ltr'><strong>Clerici</strong></span> <span class='ocrx_word' id='word_1_606' title='bbox 2284 4528 2376 4598; x_wconf 86' lang='lat' dir='ltr'><strong>qui</strong></span> <span class='ocrx_word' id='word_1_607' title='bbox 2416 4530 2469 4582; x_wconf 91' lang='lat' dir='ltr'><strong>in</strong></span> <span class='ocrx_word' id='word_1_608' title='bbox 2499 4544 2819 4599; x_wconf 87' lang='lat' dir='ltr'><strong>quacunque</strong></span> <span class='ocrx_word' id='word_1_609' title='bbox 2864 4531 3132 4585; x_wconf 79' lang='lat' dir='ltr'><strong>seditione</strong></span> <span class='ocrx_word' id='word_1_610' title='bbox 3176 4545 3324 4584; x_wconf 85' lang='lat' dir='ltr'><strong>arma</strong></span> 
     </span>
    </p>
   </div>
   <div class='ocr_carea' id='block_1_92' title="bbox 93 4607 3326 4692">
    <p class='ocr_par' dir='ltr' id='par_1_92' title="bbox 93 4607 3326 4692">
     <span class='ocr_line' id='line_1_92' title="bbox 93 4607 3326 4692; baseline 0.003 -27"><span class='ocrx_word' id='word_1_611' title='bbox 93 4615 263 4685; x_wconf 84' lang='lat' dir='ltr'><strong>aliquid</strong></span> <span class='ocrx_word' id='word_1_612' title='bbox 289 4619 670 4676; x_wconf 71' lang='lat' dir='ltr'><strong>ecclesiastica:</strong></span> <span class='ocrx_word' id='word_1_613' title='bbox 697 4619 943 4675; x_wconf 91' lang='lat' dir='ltr'><strong>utilitatis</strong></span> <span class='ocrx_word' id='word_1_614' title='bbox 983 4622 1352 4690; x_wconf 89' lang='lat' dir='ltr'><strong>providerint,</strong></span> <span class='ocrx_word' id='word_1_615' title='bbox 1375 4631 1428 4675; x_wconf 92' lang='lat' dir='ltr'><strong>et</strong></span> <span class='ocrx_word' id='word_1_616' title='bbox 1456 4637 1553 4692; x_wconf 89' lang='lat' dir='ltr'><strong>pro</strong></span> <span class='ocrx_word' id='word_1_617' title='bbox 1575 4637 1639 4675; x_wconf 88' lang='lat' dir='ltr'><strong>eo</strong></span> <span class='ocrx_word' id='word_1_618' title='bbox 1674 4607 1718 4664; x_wconf 77' lang='grc' dir='ltr'><strong>Ι)</strong></span> <span class='ocrx_word' id='word_1_619' title='bbox 1747 4618 1986 4672; x_wconf 78' lang='lat' dir='ltr'><strong>volentes</strong></span> <span class='ocrx_word' id='word_1_620' title='bbox 2007 4617 2353 4687; x_wconf 88' lang='lat' dir='ltr'><strong>sumpserint,</strong></span> <span class='ocrx_word' id='word_1_621' title='bbox 2375 4628 2469 4673; x_wconf 90' lang='lat' dir='ltr'><strong>aut</strong></span> <span class='ocrx_word' id='word_1_622' title='bbox 2488 4628 2852 4690; x_wconf 89' lang='lat' dir='ltr'><strong>sumpserunt,</strong></span> <span class='ocrx_word' id='word_1_623' title='bbox 2880 4622 3098 4691; x_wconf 90' lang='lat' dir='ltr'><strong>reperti,</strong></span> <span class='ocrx_word' id='word_1_624' title='bbox 3124 4621 3326 4674; x_wconf 89' lang='lat' dir='ltr'><strong>amisso</strong></span> 
     </span>
    </p>
   </div>
   <div class='ocr_carea' id='block_1_93' title="bbox 93 4709 1638 4783">
    <p class='ocr_par' dir='ltr' id='par_1_93' title="bbox 93 4709 1638 4783">
     <span class='ocr_line' id='line_1_93' title="bbox 93 4709 1638 4783; baseline 0.005 -23"><span class='ocrx_word' id='word_1_625' title='bbox 93 4709 418 4782; x_wconf 87' lang='lat' dir='ltr'><strong>quodcunque</strong></span> <span class='ocrx_word' id='word_1_626' title='bbox 451 4711 789 4767; x_wconf 91' lang='lat' dir='ltr'><strong>commodum</strong></span> <span class='ocrx_word' id='word_1_627' title='bbox 817 4712 870 4766; x_wconf 93' lang='lat' dir='ltr'><strong>in</strong></span> <span class='ocrx_word' id='word_1_628' title='bbox 913 4715 1403 4767; x_wconf 88' lang='lat' dir='ltr'><strong>remunerationem</strong></span> <span class='ocrx_word' id='word_1_629' title='bbox 1437 4713 1638 4783; x_wconf 90' lang='lat' dir='ltr'><strong>promi-</strong></span> 
     </span>
    </p>
   </div>
   <div class='ocr_carea' id='block_1_94' title="bbox 95 4799 1693 4874">
    <p class='ocr_par' dir='ltr' id='par_1_94' title="bbox 95 4799 1693 4874">
     <span class='ocr_line' id='line_1_94' title="bbox 95 4799 1693 4874; baseline 0.005 -25"><span class='ocrx_word' id='word_1_630' title='bbox 95 4799 254 4865; x_wconf 87' lang='lat' dir='ltr'><strong>serint,</strong></span> <span class='ocrx_word' id='word_1_631' title='bbox 275 4801 526 4872; x_wconf 88' lang='lat' dir='ltr'><strong>promissi</strong></span> <span class='ocrx_word' id='word_1_632' title='bbox 552 4800 874 4858; x_wconf 89' lang='lat' dir='ltr'><strong>solutionem</strong></span> <span class='ocrx_word' id='word_1_633' title='bbox 905 4815 998 4856; x_wconf 89' lang='lat' dir='ltr'><strong>eos</strong></span> <span class='ocrx_word' id='word_1_634' title='bbox 1037 4803 1316 4857; x_wconf 81' lang='lat' dir='ltr'><strong>exsolvere</strong></span> <span class='ocrx_word' id='word_1_635' title='bbox 1343 4803 1636 4873; x_wconf 89' lang='lat' dir='ltr'><strong>oportebit,</strong></span> <span class='ocrx_word' id='word_1_636' title='bbox 1684 4866 1693 4874; x_wconf 40' lang='grc'><em>,</em></span> 
     </span>
    </p>
   </div>
   <div class='ocr_carea' id='block_1_95' title="bbox 96 4885 1638 4963">
    <p class='ocr_par' dir='ltr' id='par_1_95' title="bbox 96 4885 1638 4963">
     <span class='ocr_line' id='line_1_95' title="bbox 96 4885 1638 4963; baseline 0.007 -25"><span class='ocrx_word' id='word_1_637' title='bbox 96 4885 154 4940; x_wconf 84' lang='lat' dir='ltr'><strong>ita</strong></span> <span class='ocrx_word' id='word_1_638' title='bbox 185 4899 238 4943; x_wconf 93' lang='lat' dir='ltr'><strong>ut</strong></span> <span class='ocrx_word' id='word_1_639' title='bbox 287 4893 336 4946; x_wconf 93' lang='lat' dir='ltr'><strong>id</strong></span> <span class='ocrx_word' id='word_1_640' title='bbox 382 4893 452 4948; x_wconf 89' lang='lat' dir='ltr'><strong>ad</strong></span> <span class='ocrx_word' id='word_1_641' title='bbox 474 4891 758 4948; x_wconf 88' lang='lat' dir='ltr'><strong>concilium</strong></span> <span class='ocrx_word' id='word_1_642' title='bbox 781 4892 1108 4963; x_wconf 88' lang='lat' dir='ltr'><strong>provinciale</strong></span> <span class='ocrx_word' id='word_1_643' title='bbox 1129 4892 1423 4958; x_wconf 89' lang='lat' dir='ltr'><strong>deferatur,</strong></span> <span class='ocrx_word' id='word_1_644' title='bbox 1447 4904 1507 4949; x_wconf 91' lang='lat' dir='ltr'><strong>ut</strong></span> <span class='ocrx_word' id='word_1_645' title='bbox 1542 4910 1638 4949; x_wconf 89' lang='lat' dir='ltr'><strong>co-</strong></span> 
     </span>
    </p>
   </div>
   <div class='ocr_carea' id='block_1_96' title="bbox 96 4982 1630 5055">
    <p class='ocr_par' dir='ltr' id='par_1_96' title="bbox 96 4982 1630 5055">
     <span class='ocr_line' id='line_1_96' title="bbox 96 4982 1630 5055; baseline 0.005 -24"><span class='ocrx_word' id='word_1_646' title='bbox 96 4991 193 5033; x_wconf 85' lang='lat' dir='ltr'><strong>rum</strong></span> <span class='ocrx_word' id='word_1_647' title='bbox 217 4983 554 5039; x_wconf 87' lang='lat' dir='ltr'><strong>conuiventia</strong></span> <span class='ocrx_word' id='word_1_648' title='bbox 605 4982 957 5040; x_wconf 74' lang='lat' dir='ltr'><strong>confirmetur</strong></span> <span class='ocrx_word' id='word_1_649' title='bbox 979 4985 1102 5055; x_wconf 92' lang='lat' dir='ltr'><strong>quia</strong></span> <span class='ocrx_word' id='word_1_650' title='bbox 1128 4986 1266 5040; x_wconf 90' lang='lat' dir='ltr'><strong>sicut</strong></span> <span class='ocrx_word' id='word_1_651' title='bbox 1295 4985 1490 5041; x_wconf 87' lang='lat' dir='ltr'><strong>Paulus</strong></span> <span class='ocrx_word' id='word_1_652' title='bbox 1517 4987 1591 5040; x_wconf 90' lang='lat' dir='ltr'><strong>ait</strong></span> <span class='ocrx_word' id='word_1_653' title='bbox 1619 5004 1630 5038; x_wconf 94' lang='lat'>:</span> 
     </span>
    </p>
   </div>
   <div class='ocr_carea' id='block_1_97' title="bbox 101 5068 1632 5147">
    <p class='ocr_par' dir='ltr' id='par_1_97' title="bbox 101 5068 1632 5147">
     <span class='ocr_line' id='line_1_97' title="bbox 101 5068 1632 5147; baseline 0.004 -25"><span class='ocrx_word' id='word_1_654' title='bbox 101 5084 112 5113; x_wconf 80' lang='grc' dir='ltr'>ι</span> <span class='ocrx_word' id='word_1_655' title='bbox 139 5068 319 5141; x_wconf 84' lang='lat' dir='ltr'><strong>Dignus</strong></span> <span class='ocrx_word' id='word_1_656' title='bbox 345 5083 430 5130; x_wconf 91' lang='lat' dir='ltr'><strong>est</strong></span> <span class='ocrx_word' id='word_1_657' title='bbox 451 5077 731 5145; x_wconf 89' lang='lat' dir='ltr'><strong>operarius</strong></span> <span class='ocrx_word' id='word_1_658' title='bbox 759 5077 1004 5130; x_wconf 87' lang='lat' dir='ltr'><strong>mercede</strong></span> <span class='ocrx_word' id='word_1_659' title='bbox 1036 5090 1129 5130; x_wconf 91' lang='lat' dir='ltr'><strong>sua</strong></span> <span class='ocrx_word' id='word_1_660' title='bbox 1155 5075 1357 5147; x_wconf 76' lang='lat' dir='ltr'><strong>(Ij&#39;l&#39;im.</strong></span> <span class='ocrx_word' id='word_1_661' title='bbox 1382 5092 1434 5142; x_wconf 92' lang='lat' dir='ltr'><strong>v,</strong></span> <span class='ocrx_word' id='word_1_662' title='bbox 1468 5076 1574 5147; x_wconf 78' lang='grc'><strong>18).</strong></span> <span class='ocrx_word' id='word_1_663' title='bbox 1614 5096 1632 5128; x_wconf 74' lang='grc' dir='ltr'><strong><em>ι</em></strong></span> 
     </span>
    </p>
   </div>
   <div class='ocr_carea' id='block_1_98' title="bbox 151 5156 1637 5220">
    <p class='ocr_par' dir='ltr' id='par_1_98' title="bbox 151 5156 1637 5220">
     <span class='ocr_line' id='line_1_98' title="bbox 151 5156 1637 5220; baseline 0.005 -9"><span class='ocrx_word' id='word_1_664' title='bbox 151 5156 393 5219; x_wconf 88' lang='lat' dir='ltr'><strong>XXXVII.</strong></span> <span class='ocrx_word' id='word_1_665' title='bbox 433 5163 791 5220; x_wconf 74' lang='lat' dir='ltr'><strong>Praebendum</strong></span> <span class='ocrx_word' id='word_1_666' title='bbox 821 5174 905 5220; x_wconf 89' lang='lat' dir='ltr'><strong>est</strong></span> <span class='ocrx_word' id='word_1_667' title='bbox 939 5181 966 5218; x_wconf 92' lang='lat' dir='ltr'><strong>a</strong></span> <span class='ocrx_word' id='word_1_668' title='bbox 999 5166 1369 5220; x_wconf 87' lang='lat' dir='ltr'><strong>sacerdotibus</strong></span> <span class='ocrx_word' id='word_1_669' title='bbox 1398 5166 1520 5220; x_wconf 71' lang='lat' dir='ltr'><strong>vitze</strong></span> <span class='ocrx_word' id='word_1_670' title='bbox 1549 5181 1637 5220; x_wconf 92' lang='lat' dir='ltr'><strong>so-</strong></span> 
     </span>
    </p>
   </div>
   <div class='ocr_carea' id='block_1_99' title="bbox 99 5243 1639 5325">
    <p class='ocr_par' dir='ltr' id='par_1_99' title="bbox 99 5243 1639 5325">
     <span class='ocr_line' id='line_1_99' title="bbox 99 5243 1639 5325; baseline 0.008 -29"><span class='ocrx_word' id='word_1_671' title='bbox 99 5243 252 5304; x_wconf 81' lang='lat' dir='ltr'><strong>latium</strong></span> <span class='ocrx_word' id='word_1_672' title='bbox 297 5253 681 5325; x_wconf 77' lang='lat' dir='ltr'><strong>indigentibus,</strong></span> <span class='ocrx_word' id='word_1_673' title='bbox 727 5265 784 5310; x_wconf 91' lang='lat' dir='ltr'><strong>et</strong></span> <span class='ocrx_word' id='word_1_674' title='bbox 819 5256 1054 5310; x_wconf 79' lang='lat' dir='ltr'><strong>maxime</strong></span> <span class='ocrx_word' id='word_1_675' title='bbox 1102 5255 1188 5309; x_wconf 88' lang='lat' dir='ltr'><strong>his</strong></span> <span class='ocrx_word' id='word_1_676' title='bbox 1231 5255 1429 5325; x_wconf 90' lang='lat' dir='ltr'><strong>quibus</strong></span> <span class='ocrx_word' id='word_1_677' title='bbox 1480 5256 1639 5310; x_wconf 87' lang='lat' dir='ltr'><strong>resti-</strong></span> 
     </span>
    </p>
   </div>
   <div class='ocr_carea' id='block_1_100' title="bbox 98 5341 1639 5417">
    <p class='ocr_par' dir='ltr' id='par_1_100' title="bbox 98 5341 1639 5417">
     <span class='ocr_line' id='line_1_100' title="bbox 98 5341 1639 5417; baseline 0.007 -28"><span class='ocrx_word' id='word_1_678' title='bbox 98 5341 264 5394; x_wconf 84' lang='lat' dir='ltr'><strong>tuenda</strong></span> <span class='ocrx_word' id='word_1_679' title='bbox 291 5343 602 5399; x_wconf 87' lang='lat' dir='ltr'><strong>vicissitudo</strong></span> <span class='ocrx_word' id='word_1_680' title='bbox 638 5353 739 5400; x_wconf 90' lang='lat' dir='ltr'><strong>est.</strong></span> <span class='ocrx_word' id='word_1_681' title='bbox 786 5345 1102 5415; x_wconf 86' lang='lat' dir='ltr'><strong>Quicunque</strong></span> <span class='ocrx_word' id='word_1_682' title='bbox 1144 5360 1274 5417; x_wconf 82' lang='lat' dir='ltr'><strong>ergo</strong></span> <span class='ocrx_word' id='word_1_683' title='bbox 1305 5345 1542 5400; x_wconf 85' lang='lat' dir='ltr'><strong>fidelium</strong></span> <span class='ocrx_word' id='word_1_684' title='bbox 1572 5346 1639 5400; x_wconf 91' lang='lat' dir='ltr'><strong>de</strong></span> 
     </span>
    </p>
   </div>
   <div class='ocr_carea' id='block_1_101' title="bbox 99 5424 1635 5507">
    <p class='ocr_par' dir='ltr' id='par_1_101' title="bbox 99 5424 1635 5507">
     <span class='ocr_line' id='line_1_101' title="bbox 99 5424 1635 5507; baseline 0.008 -30"><span class='ocrx_word' id='word_1_685' title='bbox 99 5424 407 5490; x_wconf 89' lang='lat' dir='ltr'><strong>facultatibus</strong></span> <span class='ocrx_word' id='word_1_686' title='bbox 449 5435 562 5491; x_wconf 89' lang='lat' dir='ltr'><strong>suis</strong></span> <span class='ocrx_word' id='word_1_687' title='bbox 587 5436 834 5492; x_wconf 75' lang='lat' dir='ltr'><strong>ecclesia:</strong></span> <span class='ocrx_word' id='word_1_688' title='bbox 869 5437 1070 5507; x_wconf 89' lang='lat' dir='ltr'><strong>aliquid</strong></span> <span class='ocrx_word' id='word_1_689' title='bbox 1100 5437 1388 5492; x_wconf 88' lang='lat' dir='ltr'><strong>devotione</strong></span> <span class='ocrx_word' id='word_1_690' title='bbox 1415 5437 1635 5506; x_wconf 91' lang='lat' dir='ltr'><strong>propria</strong></span> 
     </span>
    </p>
   </div>
   <div class='ocr_carea' id='block_1_102' title="bbox 100 5522 1639 5598">
    <p class='ocr_par' dir='ltr' id='par_1_102' title="bbox 100 5522 1639 5598">
     <span class='ocr_line' id='line_1_102' title="bbox 100 5522 1639 5598; baseline 0.008 -31"><span class='ocrx_word' id='word_1_691' title='bbox 100 5522 410 5592; x_wconf 89' lang='lat' dir='ltr'><strong>contulerint,</strong></span> <span class='ocrx_word' id='word_1_692' title='bbox 436 5528 480 5582; x_wconf 86' lang='lat' dir='ltr'><strong>si</strong></span> <span class='ocrx_word' id='word_1_693' title='bbox 511 5526 650 5582; x_wconf 88' lang='lat' dir='ltr'><strong>forte</strong></span> <span class='ocrx_word' id='word_1_694' title='bbox 672 5527 771 5598; x_wconf 92' lang='lat' dir='ltr'><strong>ipsi</strong></span> <span class='ocrx_word' id='word_1_695' title='bbox 795 5537 883 5583; x_wconf 92' lang='lat' dir='ltr'><strong>aut</strong></span> <span class='ocrx_word' id='word_1_696' title='bbox 906 5528 1198 5584; x_wconf 88' lang='lat' dir='ltr'><strong>filiieorum</strong></span> <span class='ocrx_word' id='word_1_697' title='bbox 1223 5527 1421 5582; x_wconf 89' lang='lat' dir='ltr'><strong>redacti</strong></span> <span class='ocrx_word' id='word_1_698' title='bbox 1440 5526 1639 5582; x_wconf 89' lang='lat' dir='ltr'><strong>fuerint</strong></span> 
     </span>
    </p>
   </div>
   <div class='ocr_carea' id='block_1_103' title="bbox 102 5607 1637 5690">
    <p class='ocr_par' dir='ltr' id='par_1_103' title="bbox 102 5607 1637 5690">
     <span class='ocr_line' id='line_1_103' title="bbox 102 5607 1637 5690; baseline 0.009 -33"><span class='ocrx_word' id='word_1_699' title='bbox 102 5607 156 5659; x_wconf 87' lang='lat' dir='ltr'><strong>ad</strong></span> <span class='ocrx_word' id='word_1_700' title='bbox 180 5615 395 5684; x_wconf 85' lang='lat' dir='ltr'><strong>inopiam</strong></span> <span class='ocrx_word' id='word_1_701' title='bbox 419 5658 433 5682; x_wconf 94' lang='lat'><strong>,</strong></span> <span class='ocrx_word' id='word_1_702' title='bbox 462 5619 530 5673; x_wconf 91' lang='lat' dir='ltr'><strong>ab</strong></span> <span class='ocrx_word' id='word_1_703' title='bbox 558 5619 745 5673; x_wconf 87' lang='lat' dir='ltr'><strong>eadem</strong></span> <span class='ocrx_word' id='word_1_704' title='bbox 775 5619 1001 5675; x_wconf 90' lang='lat' dir='ltr'><strong>ecclesia</strong></span> <span class='ocrx_word' id='word_1_705' title='bbox 1029 5617 1344 5690; x_wconf 71' lang='lat' dir='ltr'><strong>suffragium</strong></span> <span class='ocrx_word' id='word_1_706' title='bbox 1378 5619 1502 5672; x_wconf 70' lang='lat' dir='ltr'><strong>vita:</strong></span> <span class='ocrx_word' id='word_1_707' title='bbox 1538 5633 1637 5688; x_wconf 90' lang='lat' dir='ltr'><strong>pro</strong></span> 
     </span>
    </p>
   </div>
   <div class='ocr_carea' id='block_1_104' title="bbox 104 5705 1638 5780">
    <p class='ocr_par' dir='ltr' id='par_1_104' title="bbox 104 5705 1638 5780">
     <span class='ocr_line' id='line_1_104' title="bbox 104 5705 1638 5780; baseline 0.009 -30"><span class='ocrx_word' id='word_1_708' title='bbox 104 5705 329 5770; x_wconf 87' lang='lat' dir='ltr'><strong>temporis</strong></span> <span class='ocrx_word' id='word_1_709' title='bbox 353 5723 447 5762; x_wconf 87' lang='lat' dir='ltr'><strong>usu</strong></span> <span class='ocrx_word' id='word_1_710' title='bbox 477 5709 796 5780; x_wconf 88' lang='lat' dir='ltr'><strong>percipiant.</strong></span> <span class='ocrx_word' id='word_1_711' title='bbox 827 5711 882 5766; x_wconf 90' lang='lat' dir='ltr'><strong>Si</strong></span> <span class='ocrx_word' id='word_1_712' title='bbox 910 5711 1056 5765; x_wconf 91' lang='lat' dir='ltr'><strong>enim</strong></span> <span class='ocrx_word' id='word_1_713' title='bbox 1088 5711 1299 5766; x_wconf 90' lang='lat' dir='ltr'><strong>clericis</strong></span> <span class='ocrx_word' id='word_1_714' title='bbox 1326 5725 1421 5766; x_wconf 90' lang='lat' dir='ltr'><strong>seu</strong></span> <span class='ocrx_word' id='word_1_715' title='bbox 1448 5725 1638 5765; x_wconf 89' lang='lat' dir='ltr'><strong>mona-</strong></span> 
     </span>
    </p>
   </div>
   <div class='ocr_carea' id='block_1_105' title="bbox 101 5791 1634 5876">
    <p class='ocr_par' dir='ltr' id='par_1_105' title="bbox 101 5791 1634 5876">
     <span class='ocr_line' id='line_1_105' title="bbox 101 5791 1634 5876; baseline 0.007 -28"><span class='ocrx_word' id='word_1_716' title='bbox 101 5791 194 5847; x_wconf 83' lang='lat' dir='ltr'><strong>chis</strong></span> <span class='ocrx_word' id='word_1_717' title='bbox 248 5799 324 5852; x_wconf 86' lang='lat' dir='ltr'><strong>vel</strong></span> <span class='ocrx_word' id='word_1_718' title='bbox 385 5804 680 5873; x_wconf 82' lang='lat' dir='ltr'><strong>peregrinis</strong></span> <span class='ocrx_word' id='word_1_719' title='bbox 742 5815 836 5860; x_wconf 93' lang='lat' dir='ltr'><strong>aut</strong></span> <span class='ocrx_word' id='word_1_720' title='bbox 885 5804 1182 5876; x_wconf 89' lang='lat' dir='ltr'><strong>quamlibet</strong></span> <span class='ocrx_word' id='word_1_721' title='bbox 1247 5804 1634 5862; x_wconf 88' lang='lat' dir='ltr'><strong>necessitatem</strong></span> 
     </span>
    </p>
   </div>
   <div class='ocr_carea' id='block_1_106' title="bbox 1745 4709 3326 4778">
    <p class='ocr_par' dir='ltr' id='par_1_106' title="bbox 1745 4709 3326 4778">
     <span class='ocr_line' id='line_1_106' title="bbox 1745 4709 3326 4778; baseline 0.001 -14"><span class='ocrx_word' id='word_1_722' title='bbox 1745 4709 1954 4764; x_wconf 82' lang='lat' dir='ltr'><strong>ordinis</strong></span> <span class='ocrx_word' id='word_1_723' title='bbox 2006 4711 2086 4764; x_wconf 87' lang='lat' dir='ltr'><strong>sui</strong></span> <span class='ocrx_word' id='word_1_724' title='bbox 2140 4709 2308 4778; x_wconf 79' lang='lat' dir='ltr'><strong>gradu</strong></span> <span class='ocrx_word' id='word_1_725' title='bbox 2367 4709 2422 4764; x_wconf 91' lang='lat' dir='ltr'><strong>in</strong></span> <span class='ocrx_word' id='word_1_726' title='bbox 2493 4713 2882 4766; x_wconf 88' lang='lat' dir='ltr'><strong>monasterium</strong></span> <span class='ocrx_word' id='word_1_727' title='bbox 2941 4712 3326 4766; x_wconf 90' lang='lat' dir='ltr'><strong>coutradantur</strong></span> 
     </span>
    </p>
   </div>
   <div class='ocr_carea' id='block_1_107' title="bbox 1743 4803 2098 4874">
    <p class='ocr_par' dir='ltr' id='par_1_107' title="bbox 1743 4803 2098 4874">
     <span class='ocr_line' id='line_1_107' title="bbox 1743 4803 2098 4874; baseline -0.003 -18"><span class='ocrx_word' id='word_1_728' title='bbox 1743 4803 2098 4874; x_wconf 68' lang='lat' dir='ltr'><strong>pmnitentire.</strong></span> 
     </span>
    </p>
   </div>
   <div class='ocr_carea' id='block_1_108' title="bbox 1816 4892 3323 4964">
    <p class='ocr_par' dir='ltr' id='par_1_108' title="bbox 1816 4892 3323 4964">
     <span class='ocr_line' id='line_1_108' title="bbox 1816 4892 3323 4964; baseline 0.001 -17"><span class='ocrx_word' id='word_1_729' title='bbox 1816 4892 1975 4948; x_wconf 89' lang='lat' dir='ltr'><strong>XLV.</strong></span> <span class='ocrx_word' id='word_1_730' title='bbox 2007 4894 2062 4948; x_wconf 88' lang='lat' dir='ltr'><strong>Si</strong></span> <span class='ocrx_word' id='word_1_731' title='bbox 2111 4894 2231 4964; x_wconf 91' lang='lat' dir='ltr'><strong>quis</strong></span> <span class='ocrx_word' id='word_1_732' title='bbox 2270 4906 2497 4950; x_wconf 82' lang='lat' dir='ltr'><strong>clericus</strong></span> <span class='ocrx_word' id='word_1_733' title='bbox 2546 4912 2597 4949; x_wconf 89' lang='lat' dir='ltr'><strong>In</strong></span> <span class='ocrx_word' id='word_1_734' title='bbox 2661 4895 3017 4950; x_wconf 87' lang='lat' dir='ltr'><strong>dernoliendis</strong></span> <span class='ocrx_word' id='word_1_735' title='bbox 3058 4895 3323 4964; x_wconf 86' lang='lat' dir='ltr'><strong>sepulcris</strong></span> 
     </span>
    </p>
   </div>
   <div class='ocr_carea' id='block_1_109' title="bbox 1744 4984 3324 5057">
    <p class='ocr_par' dir='ltr' id='par_1_109' title="bbox 1744 4984 3324 5057">
     <span class='ocr_line' id='line_1_109' title="bbox 1744 4984 3324 5057; baseline 0.001 -19"><span class='ocrx_word' id='word_1_736' title='bbox 1744 4984 1906 5040; x_wconf 83' lang='lat' dir='ltr'><strong>fuerit</strong></span> <span class='ocrx_word' id='word_1_737' title='bbox 1930 4986 2294 5054; x_wconf 88' lang='lat' dir='ltr'><strong>deprehensus</strong></span> <span class='ocrx_word' id='word_1_738' title='bbox 2315 5025 2328 5050; x_wconf 91' lang='lat'><strong>,</strong></span> <span class='ocrx_word' id='word_1_739' title='bbox 2365 4986 2493 5055; x_wconf 90' lang='lat' dir='ltr'><strong>quia</strong></span> <span class='ocrx_word' id='word_1_740' title='bbox 2536 4986 2744 5041; x_wconf 84' lang='lat' dir='ltr'><strong>facinus</strong></span> <span class='ocrx_word' id='word_1_741' title='bbox 2786 4987 2887 5040; x_wconf 91' lang='lat' dir='ltr'><strong>hoc</strong></span> <span class='ocrx_word' id='word_1_742' title='bbox 2916 5000 3014 5056; x_wconf 91' lang='lat' dir='ltr'><strong>pro</strong></span> <span class='ocrx_word' id='word_1_743' title='bbox 3039 4986 3324 5057; x_wconf 80' lang='lat' dir='ltr'><strong>sacrilegio</strong></span> 
     </span>
    </p>
   </div>
   <div class='ocr_carea' id='block_1_110' title="bbox 1743 5077 3323 5148">
    <p class='ocr_par' dir='ltr' id='par_1_110' title="bbox 1743 5077 3323 5148">
     <span class='ocr_line' id='line_1_110' title="bbox 1743 5077 3323 5148; baseline 0.002 -17"><span class='ocrx_word' id='word_1_744' title='bbox 1743 5077 1947 5148; x_wconf 86' lang='lat' dir='ltr'><strong>legibus</strong></span> <span class='ocrx_word' id='word_1_745' title='bbox 1973 5077 2200 5145; x_wconf 90' lang='lat' dir='ltr'><strong>publicis</strong></span> <span class='ocrx_word' id='word_1_746' title='bbox 2247 5078 2507 5147; x_wconf 82' lang='lat' dir='ltr'><strong>sanguine</strong></span> <span class='ocrx_word' id='word_1_747' title='bbox 2550 5078 2857 5132; x_wconf 87' lang='lat' dir='ltr'><strong>vindicatur</strong></span> <span class='ocrx_word' id='word_1_748' title='bbox 2877 5118 2891 5141; x_wconf 94' lang='lat'><strong>,</strong></span> <span class='ocrx_word' id='word_1_749' title='bbox 2923 5086 3135 5148; x_wconf 88' lang='lat' dir='ltr'><strong>oportet</strong></span> <span class='ocrx_word' id='word_1_750' title='bbox 3163 5094 3323 5134; x_wconf 82' lang='lat' dir='ltr'><strong>cano-</strong></span> 
     </span>
    </p>
   </div>
   <div class='ocr_carea' id='block_1_111' title="bbox 1743 5167 3322 5236">
    <p class='ocr_par' dir='ltr' id='par_1_111' title="bbox 1743 5167 3322 5236">
     <span class='ocr_line' id='line_1_111' title="bbox 1743 5167 3322 5236; baseline 0.004 -17"><span class='ocrx_word' id='word_1_751' title='bbox 1743 5167 1898 5220; x_wconf 90' lang='lat' dir='ltr'><strong>nibus</strong></span> <span class='ocrx_word' id='word_1_752' title='bbox 1933 5167 1986 5220; x_wconf 90' lang='lat' dir='ltr'><strong>in</strong></span> <span class='ocrx_word' id='word_1_753' title='bbox 2022 5167 2109 5220; x_wconf 91' lang='lat' dir='ltr'><strong>tali</strong></span> <span class='ocrx_word' id='word_1_754' title='bbox 2149 5167 2352 5222; x_wconf 90' lang='lat' dir='ltr'><strong>scelere</strong></span> <span class='ocrx_word' id='word_1_755' title='bbox 2403 5168 2672 5236; x_wconf 91' lang='lat' dir='ltr'><strong>proditum</strong></span> <span class='ocrx_word' id='word_1_756' title='bbox 2723 5183 2752 5220; x_wconf 88' lang='lat' dir='ltr'><strong>a</strong></span> <span class='ocrx_word' id='word_1_757' title='bbox 2806 5168 3094 5225; x_wconf 90' lang='lat' dir='ltr'><strong>clericatus</strong></span> <span class='ocrx_word' id='word_1_758' title='bbox 3131 5170 3322 5225; x_wconf 87' lang='lat' dir='ltr'><strong>ordine</strong></span> 
     </span>
    </p>
   </div>
   <div class='ocr_carea' id='block_1_112' title="bbox 1741 5258 3066 5331">
    <p class='ocr_par' dir='ltr' id='par_1_112' title="bbox 1741 5258 3066 5331">
     <span class='ocr_line' id='line_1_112' title="bbox 1741 5258 3066 5331; baseline 0.002 -17"><span class='ocrx_word' id='word_1_759' title='bbox 1741 5258 2068 5323; x_wconf 89' lang='lat' dir='ltr'><strong>submovcri,</strong></span> <span class='ocrx_word' id='word_1_760' title='bbox 2093 5267 2146 5314; x_wconf 92' lang='lat' dir='ltr'><strong>et</strong></span> <span class='ocrx_word' id='word_1_761' title='bbox 2175 5259 2506 5327; x_wconf 72' lang='lat' dir='ltr'><strong>pceuitentize</strong></span> <span class='ocrx_word' id='word_1_762' title='bbox 2540 5259 2773 5314; x_wconf 88' lang='lat' dir='ltr'><strong>triennio</strong></span> <span class='ocrx_word' id='word_1_763' title='bbox 2800 5261 3066 5331; x_wconf 89' lang='lat' dir='ltr'><strong>deputari.</strong></span> 
     </span>
    </p>
   </div>
   <div class='ocr_carea' id='block_1_113' title="bbox 1811 5349 3314 5422">
    <p class='ocr_par' dir='ltr' id='par_1_113' title="bbox 1811 5349 3314 5422">
     <span class='ocr_line' id='line_1_113' title="bbox 1811 5349 3314 5422; baseline 0.003 -18"><span class='ocrx_word' id='word_1_764' title='bbox 1811 5349 1995 5404; x_wconf 86' lang='lat' dir='ltr'><strong>XLVI.</strong></span> <span class='ocrx_word' id='word_1_765' title='bbox 2029 5349 2376 5420; x_wconf 61' lang='lat' dir='ltr'><strong>Praecipieute</strong></span> <span class='ocrx_word' id='word_1_766' title='bbox 2397 5350 2618 5404; x_wconf 90' lang='lat' dir='ltr'><strong>domino</strong></span> <span class='ocrx_word' id='word_1_767' title='bbox 2644 5360 2829 5406; x_wconf 92' lang='lat' dir='ltr'><strong>nostro</strong></span> <span class='ocrx_word' id='word_1_768' title='bbox 2859 5361 3020 5422; x_wconf 90' lang='lat' dir='ltr'><strong>atque</strong></span> <span class='ocrx_word' id='word_1_769' title='bbox 3044 5354 3314 5409; x_wconf 83' lang='lat' dir='ltr'><strong>excellen-</strong></span> 
     </span>
    </p>
   </div>
   <div class='ocr_carea' id='block_1_114' title="bbox 1742 5439 3319 5511">
    <p class='ocr_par' dir='ltr' id='par_1_114' title="bbox 1742 5439 3319 5511">
     <span class='ocr_line' id='line_1_114' title="bbox 1742 5439 3319 5511; baseline 0.003 -17"><span class='ocrx_word' id='word_1_770' title='bbox 1742 5441 1948 5495; x_wconf 87' lang='lat' dir='ltr'><strong>tissimo</strong></span> <span class='ocrx_word' id='word_1_771' title='bbox 1971 5439 2271 5496; x_wconf 84' lang='lat' dir='ltr'><strong>Sisenaudo</strong></span> <span class='ocrx_word' id='word_1_772' title='bbox 2299 5456 2440 5511; x_wconf 82' lang='lat' dir='ltr'><strong>rege,</strong></span> <span class='ocrx_word' id='word_1_773' title='bbox 2472 5441 2524 5495; x_wconf 92' lang='lat' dir='ltr'><strong>id</strong></span> <span class='ocrx_word' id='word_1_774' title='bbox 2556 5443 2835 5497; x_wconf 89' lang='lat' dir='ltr'><strong>constituit</strong></span> <span class='ocrx_word' id='word_1_775' title='bbox 2861 5453 3106 5499; x_wconf 91' lang='lat' dir='ltr'><strong>sanctum</strong></span> <span class='ocrx_word' id='word_1_776' title='bbox 3137 5445 3319 5499; x_wconf 88' lang='lat' dir='ltr'><strong>conci-</strong></span> 
     </span>
    </p>
   </div>
   <div class='ocr_carea' id='block_1_115' title="bbox 1737 5531 3320 5605">
    <p class='ocr_par' dir='ltr' id='par_1_115' title="bbox 1737 5531 3320 5605">
     <span class='ocr_line' id='line_1_115' title="bbox 1737 5531 3320 5605; baseline 0.003 -20"><span class='ocrx_word' id='word_1_777' title='bbox 1737 5532 1890 5598; x_wconf 89' lang='lat' dir='ltr'><strong>liutu,</strong></span> <span class='ocrx_word' id='word_1_778' title='bbox 1921 5542 1980 5586; x_wconf 92' lang='lat' dir='ltr'><strong>ut</strong></span> <span class='ocrx_word' id='word_1_779' title='bbox 2011 5548 2198 5587; x_wconf 90' lang='lat' dir='ltr'><strong>omnes</strong></span> <span class='ocrx_word' id='word_1_780' title='bbox 2237 5532 2454 5601; x_wconf 79' lang='lat' dir='ltr'><strong>ingenui</strong></span> <span class='ocrx_word' id='word_1_781' title='bbox 2484 5531 2665 5587; x_wconf 91' lang='lat' dir='ltr'><strong>clerici</strong></span> <span class='ocrx_word' id='word_1_782' title='bbox 2694 5549 2792 5604; x_wconf 89' lang='lat' dir='ltr'><strong>pro</strong></span> <span class='ocrx_word' id='word_1_783' title='bbox 2831 5533 3006 5589; x_wconf 75' lang='lat' dir='ltr'><strong>ofﬁcio</strong></span> <span class='ocrx_word' id='word_1_784' title='bbox 3048 5535 3320 5605; x_wconf 79' lang='lat' dir='ltr'><strong>religionis</strong></span> 
     </span>
    </p>
   </div>
   <div class='ocr_carea' id='block_1_116' title="bbox 1741 5623 3311 5694">
    <p class='ocr_par' dir='ltr' id='par_1_116' title="bbox 1741 5623 3311 5694">
     <span class='ocr_line' id='line_1_116' title="bbox 1741 5623 3311 5694; baseline 0 -16"><span class='ocrx_word' id='word_1_785' title='bbox 1741 5623 1805 5678; x_wconf 88' lang='lat' dir='ltr'><strong>ab</strong></span> <span class='ocrx_word' id='word_1_786' title='bbox 1831 5625 1974 5679; x_wconf 92' lang='lat' dir='ltr'><strong>omni</strong></span> <span class='ocrx_word' id='word_1_787' title='bbox 2011 5623 2221 5693; x_wconf 88' lang='lat' dir='ltr'><strong>publica</strong></span> <span class='ocrx_word' id='word_1_788' title='bbox 2254 5623 2544 5678; x_wconf 88' lang='lat' dir='ltr'><strong>indictione</strong></span> <span class='ocrx_word' id='word_1_789' title='bbox 2584 5634 2748 5694; x_wconf 91' lang='lat' dir='ltr'><strong>atque</strong></span> <span class='ocrx_word' id='word_1_790' title='bbox 2793 5624 2979 5680; x_wconf 87' lang='lat' dir='ltr'><strong>labore</strong></span> <span class='ocrx_word' id='word_1_791' title='bbox 3012 5625 3311 5679; x_wconf 90' lang='lat' dir='ltr'><strong>habeantur</strong></span> 
     </span>
    </p>
   </div>
   <div class='ocr_carea' id='block_1_117' title="bbox 1739 5712 3317 5784">
    <p class='ocr_par' dir='ltr' id='par_1_117' title="bbox 1739 5712 3317 5784">
     <span class='ocr_line' id='line_1_117' title="bbox 1739 5712 3317 5784; baseline 0.004 -18"><span class='ocrx_word' id='word_1_792' title='bbox 1739 5713 2025 5776; x_wconf 89' lang='lat' dir='ltr'><strong>immunes,</strong></span> <span class='ocrx_word' id='word_1_793' title='bbox 2059 5723 2118 5766; x_wconf 94' lang='lat' dir='ltr'><strong>ut</strong></span> <span class='ocrx_word' id='word_1_794' title='bbox 2145 5712 2297 5767; x_wconf 91' lang='lat' dir='ltr'><strong>liberi</strong></span> <span class='ocrx_word' id='word_1_795' title='bbox 2329 5712 2438 5768; x_wconf 91' lang='lat' dir='ltr'><strong>Deo</strong></span> <span class='ocrx_word' id='word_1_796' title='bbox 2474 5715 2713 5769; x_wconf 87' lang='lat' dir='ltr'><strong>serviant</strong></span> <span class='ocrx_word' id='word_1_797' title='bbox 2741 5757 2753 5779; x_wconf 93' lang='lat'><strong>,</strong></span> <span class='ocrx_word' id='word_1_798' title='bbox 2788 5715 3040 5784; x_wconf 90' lang='lat' dir='ltr'><strong>nullaque</strong></span> <span class='ocrx_word' id='word_1_799' title='bbox 3074 5717 3317 5784; x_wconf 79' lang='lat' dir='ltr'><strong>przedicti</strong></span> 
     </span>
    </p>
   </div>
   <div class='ocr_carea' id='block_1_118' title="bbox 1740 5805 3256 5865">
    <p class='ocr_par' dir='ltr' id='par_1_118' title="bbox 1740 5805 3256 5865">
     <span class='ocr_line' id='line_1_118' title="bbox 1740 5805 3256 5865; baseline 0.004 -6"><span class='ocrx_word' id='word_1_800' title='bbox 1740 5805 2062 5861; x_wconf 86' lang='lat' dir='ltr'><strong>necessitate</strong></span> <span class='ocrx_word' id='word_1_801' title='bbox 2090 5807 2157 5861; x_wconf 89' lang='lat' dir='ltr'><strong>ab</strong></span> <span class='ocrx_word' id='word_1_802' title='bbox 2182 5806 2562 5863; x_wconf 86' lang='lat' dir='ltr'><strong>ecclesiasticis</strong></span> <span class='ocrx_word' id='word_1_803' title='bbox 2591 5807 2780 5864; x_wconf 88' lang='lat' dir='ltr'><strong>ofliciis</strong></span> <span class='ocrx_word' id='word_1_804' title='bbox 2804 5809 3166 5865; x_wconf 83' lang='lat' dir='ltr'><strong>retrahautur.</strong></span> <span class='ocrx_word' id='word_1_805' title='bbox 3252 5809 3256 5815; x_wconf 86' lang='grc'><em>’</em></span> 
     </span>
    </p>
   </div>
  </div>
