3910 6438
583 362 686 415 «I75

1373 352 1658 407 ΑΡΡΕΜ).
1705 351 1792 404 .-\D
1819 348 1991 405 SJEC.
2019 350 2105 404 IX.
2143 349 2485 407 —-ISIDORI
2533 349 2977 408 MERCATORIS

3725 357 3824 409 £76

652 471 857 527 XLVII.
897 469 1003 525 Eos
1033 481 1167 539 quos
1211 478 1521 521 ceconomos
1561 463 1734 520 Graeci
1776 471 2006 529 vocant,
2055 463 2158 518 hoc
2183 473 2233 534 Α
2260 463 2338 518 sia
2359 461 2718 520 anathematis
2752 468 3016 522 sententia
3042 468 3483 525 condemnentur.
3522 480 3636 527 non
3671 475 3824 530 aliter

581 572 686 628 est,
716 563 807 633 qui
839 561 955 616 vice
983 560 1353 629 episcopormn
1376 571 1464 611 res
1484 553 1878 610 ecclesiasticas
1901 562 2152 620 tractant,

581 655 721 709 sicut
750 659 934 707 sancta
960 647 1196 720 synodus
1213 645 1664 702 Chalcedonensis
1691 644 2156 720 instituit,omnes

580 743 860 813 episcopos
897 741 962 796 de
987 713 1228 811 'proprio
1278 737 1423 793 clero
1475 736 1544 791 ad
1587 736 1853 807 regendas
1897 713 2174 790 ecclesias.

579 835 778 888 habere
811 837 1041 902 Oportet,
1079 829 1171 899 qui
1220 835 1400 882 autem
1447 825 1700 895 deinceps
1746 825 2152 896 contempserit,

579 921 843 977 obnoxius
879 918 1122 988 ejusdem
1150 915 1328 988 magni
1359 914 1575 970 concilii
1597 915 1721 969 erit.

647 1012 876 1071 XLVIII.
902 1012 1224 1068 Monachum
1257 1017 1350 1064 aut
1377 1016 1604 1080 paterna
1643 1006 1880 1072 devotio,
1910 1015 2002 1061 aut
2026 1021 2156 1077 pro-

576 1108 695 1180 pria
726 1105 987 1178 professio
1021 1103 1190 1183 facit,
1229 1101 1489 1174 quidquid
1527 1100 1722 1155 horum
1764 1097 1929 1153 fuerit
1972 1097 2160 1170 alliga-

579 1207 694 1252 tum
732 1196 965 1260 tenebit,
991 1194 1219 1264 proinde
1257 1193 1341 1246 his
1370 1191 1436 1244 ad
1467 1189 1726 1244 mundum
1765 1187 1964 1242 reverti
1993 1188 2160 1242 inter-

581 1289 845 1344 cludimus
869 1287 1098 1350 aditum,
1119 1291 1176 1338 et
1199 1296 1389 1338 omnes
1417 1280 1484 1335 ad
1510 1278 1762 1336 saeculum
1785 1277 2154 1334 interdicimus

581 1392 879 1449 regressus.

651 1469 836 1525 XLIX.
866 1467 1058 1523 Clerici
1095 1465 1188 1538 qui
1217 1463 1606 1521 monachorum
1633 1462 1968 1532 propositum
1998 1474 2159 1531 appe-

583 1567 725 1622 tunt,
746 1557 870 1627 quia
897 1557 1176 1612 meliorem
1205 1553 1372 1608 vitam
1405 1551 1556 1622 sequi
1583 1551 1808 1621 cupiunt
1828 1550 2050 1614 liberos,
2079 1548 2158 1604 eis

583 1649 650 1702 ab
680 1649 931 1719 episcopo
956 1646 1010 1700 in
1032 1643 1378 1700 monasteriis
1399 1641 1584 1714 largiri
1617 1649 1831 1711 oportet
1860 1640 2155 1712 ingressus,

579 1753 682 1793 nec
722 1737 969 1794 interdici
1011 1736 1342 1808 propositum
1377 1748 1565 1788 eorum
1606 1732 1698 1802 qui
1729 1731 1798 1787 ad
1828 1728 2159 1802 contempla-

581 1833 742 1887 tionis
771 1831 1094 1885 desiderium
1126 1828 1358 1883 transire
1389 1827 1657 1880 nituntur.

647 1921 710 1976 L.
739 1920 1050 1975 Nuntiatum
1074 1929 1158 1974 est
1178 1918 1428 1988 praesenti
1457 1916 1720 1982 concilio,
1751 1930 1816 1971 eo
1850 1915 1994 1985 quod
2034 1930 2152 1970 mo-

2258 554 2312 609 hi
2329 557 2420 624 qui
2442 572 2469 611 a
2486 559 2799 626 parentibus
2819 559 3028 614 detonsi
3049 559 3267 614 fuerunt
3289 571 3378 615 aut
3399 573 3591 632 sponte
3610 566 3824 621 amissis

2256 648 2570 714 parentibus
2609 650 2814 718 seipsos
2853 649 3096 719 religioni
3129 651 3483 717 devoverant,
3535 663 3590 709 et
3637 666 3824 725 postea

2258 736 2497 792 habitum
2521 740 2831 796 saecularem
2854 751 3216 811 sumpserunt,
3241 751 3298 798 et
3314 744 3473 800 iidem
3494 761 3523 799 a
3543 750 3826 806 sacerdote

2257 829 2633 897 comprehensi
2672 831 2739 885 ad
2777 829 2979 885 cultum
3028 831 3302 904 religionis
3337 844 3455 889 acta
3479 835 3632 905 prius
3662 840 3827 906 pinni-

2257 917 2426 972 teutia
2476 929 2814 976 revocentur.
2852 920 3005 988 Quod
3061 923 3104 978 si
3159 927 3401 980 converti
3454 942 3561 981 non
3601 942 3829 997 possunt

2255 1008 2402 1065 velut
2423 1020 2682 1082 apostats
2725 1015 3086 1070 auathematis
3132 1018 3411 1073 sententia:
3452 1019 3825 1090 subjiciantur,

2257 1115 2376 1171 qua:
2404 1100 2578 1156 forma
2617 1103 2920 1158 servabitur
2962 1105 3125 1159 etiam
3174 1107 3225 1162 in
3273 1107 3450 1163 viduis
3475 1149 3489 1175 ,
3533 1111 3826 1182 virginibus

2257 1198 2448 1260 sacris,
2471 1212 2534 1252 ac
2552 1198 2936 1268 paenitentibus
2963 1197 3197 1267 feminis,
3225 1216 3345 1270 qua:
3366 1203 3826 1259 sanctimonialem

2259 1289 2499 1343 habitum
2547 1289 2855 1357 induerunt,
2896 1298 2950 1346 et
2995 1301 3179 1362 postea
3209 1302 3304 1348 aut
3340 1303 3544 1349 vestem
3589 1304 3832 1348 mutave-

2258 1389 2407 1445 runt,
2431 1389 2525 1435 aut
2547 1381 2615 1436 ad
2641 1381 2854 1452 nuptias
2883 1383 3234 1438 transierunt.

2327 1470 2439 1526 LV.
2499 1472 2611 1526 Duo
2656 1481 2782 1526 sunt
2835 1487 3032 1543 genera
3089 1475 3408 1542 viduarum,
3441 1475 3735 1532 sarculares
3772 1486 3819 1530 et

2259 1561 2732 1626 sanctimoniales,
2781 1564 3066 1620 smeulares
3113 1565 3285 1621 viduze
3331 1575 3459 1622 sunt
3496 1582 3619 1637 qua:
3664 1567 3826 1621 adhuc

2259 1653 2602 1722 disponentes
2647 1655 2850 1711 nubere
2907 1656 3150 1712 Iaicalem
3207 1657 3448 1714 habitum
3503 1673 3616 1714 non
3673 1661 3820 1729 depo-

2259 1752 2505 1810 suerunt,
2528 1746 2965 1803 sanctimoniales
2992 1760 3116 1804 sunt
3141 1747 3384 1818 quatiam
3415 1759 3626 1805 mutato
3652 1749 3821 1805 habitu

2183 1837 2229 1898 B
2256 1836 2499 1891 saeculari
2527 1837 2628 1892 sub
2661 1837 2910 1910 religioso
2948 1839 3093 1896 cultu
3120 1839 3174 1895 in
3213 1849 3506 1910 conspectu
3536 1841 3824 1898 sacerdods

2257 1932 2311 1979 et
2338 1924 2578 1980 ecclesia:
2599 1937 2983 1998 apparuerunt,
3009 1931 3092 1985 ha:
3121 1930 3165 1985 si
3192 1929 3258 1984 ad
3281 1931 3496 2000 nuptias
3519 1933 3823 1988 transierint

577 2014 736 2069 nachi
765 2012 1055 2084 episcopali
1092 2011 1318 2081 imperio
1353 2009 1538 2064 servili
1563 2022 1726 2078 opere
1755 2007 2152 2077 mancipenwl‘.
2251 2013 2407 2085 juxta
2434 2015 2748 2086 Apostolum
2796 2034 2905 2074 non
2951 2020 3067 2076 sine
3104 2020 3447 2077 damnatione
3471 2033 3676 2089 erunt,
3716 2027 3821 2095 quia

576 2117 633 2163 et
657 2107 799 2175 'jura
844 2104 1298 2160 monasteriorum
1351 2109 1539 2156 contra
1589 2100 1834 2154 instituta
1885 2113 2152 2154 canonum

579 2196 765 2252 illicita
809 2193 1228 2265 praesumptione
1271 2199 1622 2260 usurpentur,
1677 2190 1750 2244 ita
1800 2195 1858 2242 ut
1902 2203 2040 2259 pene
2089 2202 2156 2242 ex

579 2285 826 2343 coenobio
848 2284 1118 2354 possessio
1150 2282 1270 2346 ﬁat,
1304 2290 1466 2350 atque
1499 2279 1724 2334 illustris
1753 2279 1931 2349 portio
1956 2277 2157 2333 Christi

578 2378 647 2433 ad
673 2376 1017 2431 inanitionem
1060 2375 1479 2442 servitutemque
1498 2369 1795 2441 perveniat.
1821 2368 2158 2440 Quapropter

578 2481 860 2522 monemus
903 2479 998 2520 eos
1045 2464 1136 2535 qui
1187 2462 1430 2518 ecclesiis
1459 2457 1715 2532 praesunt,
1762 2470 1821 2516 ut
1861 2461 2001 2516 ultra
2030 2459 2156 2516 talia

574 2573 682 2612 non
709 2563 1057 2625 praesumant,
1082 2554 1176 2608 sed
1207 2554 1312 2608 hoc
1341 2560 1548 2608 tantum
1579 2552 1678 2607 sibi
1727 2552 1779 2607 in
1825 2552 2156 2608 monasterio

574 2654 864 2709 vendieeut
885 2652 1196 2708 sacerdotes
1218 2650 1356 2722 quod
1382 2649 1699 2720 praecipiunt
1719 2663 1975 2713 canones,
1999 2648 2051 2702 id
2072 2656 2158 2705 est

576 2742 876 2798 monachos
921 2741 988 2796 ad
1035 2742 1498 2796 conversationem
1539 2749 1781 2796 sanctam
1823 2753 2158 2808 praemonere

575 2835 816 2898 abhates,
845 2831 1054 2901 aliaque
1081 2831 1254 2885 ollicia
1300 2839 1638 2894 construere,
1673 2836 1836 2898 atque
1875 2837 2029 2881 extra
2073 2840 2157 2881 re-

577 2921 756 2992 gulam
785 2919 925 2974 facta
957 2914 1224 2990 corrigere
1245 2959 1258 2984 ,
1284 2918 1428 2988 quod
1470 2918 1515 2973 si
1565 2916 1766 2986 aliquid
1795 2916 1846 2970 iu
1878 2915 2157 2970 monachis

576 3013 876 3069 cauonibus
897 3012 1244 3067 interdictum
1277 3009 1743 3080 praesumpserint,
1768 3017 1862 3061 aut
1890 3022 2157 3076 usurpare

576 3103 852 3173 quidpiam
875 3103 939 3158 de
963 3101 1270 3156 monasterii
1293 3101 1452 3156 rebus
1477 3098 1820 3165 tentaverint,
1850 3113 1956 3152 non
1983 3098 2157 3152 deerit

577 3193 646 3248 ab
675 3193 779 3248 illis
801 3192 1066 3248 sententia
1087 3189 1685 3254 excommunicationis,
1710 3189 1799 3258 qui
1822 3203 1880 3244 se
1900 3187 2154 3258 deinceps
2181 3199 2225 3261 ι]
2259 3210 2327 3264 ad
2391 3187 2860 3268 οιπίειῖθηειειρηί
2889 3217 3058 3272 coacti

576 3301 915 3355 nequaquam
943 3283 1219 3340 sustulerit
1250 3283 1315 3337 ab
1350 3282 1568 3338 illicitis.

648 3379 732 3433 Ll.
763 3377 1014 3432 Nonnulli
1069 3377 1456 3431 monachorum
1505 3374 1844 3445 egredientes
1885 3389 1915 3427 a
1965 3389 2150 3428 mona-

575 3471 744 3532 sterio
774 3475 878 3524 uo‘n
904 3467 1075 3524 solum
1098 3468 1164 3522 ad
1185 3466 1437 3522 saeculum
1462 3475 1828 3532 revertuntur,
1859 3466 1954 3521 sed
1985 3466 2151 3520 etiam

572 3571 631 3618 et
661 3577 855 3617 uxores
884 3560 1178 3631 accipiunt,
1209 3560 1371 3630 igitur
1393 3561 1627 3616 revocati
1668 3562 1720 3614 in
1747 3562 1934 3614 eodem
1968 3574 2153 3614 mona-

570 3656 742 3710 sterio
769 3670 799 3708 a
827 3670 933 3724 quo
954 3654 1220 3720 exierant,
1249 3653 1580 3724 pceuiteutize
1602 3654 1946 3722 deputentur,
1975 3651 2155 3721 ibique

575 3744 810 3802 defleant
836 3743 1062 3798 crimina
1096 3759 1193 3799 sua
1224 3746 1363 3798 unde
1389 3743 1770 3798 discesserunt.

643 3833 755 3889 LII.
796 3817 1051 3904 Religiosi
1079 3832 1311 3902 prepriae
1344 3832 1578 3902 regionis
1608 3833 1698 3900 qui
1740 3847 1840 3886 nec
1872 3830 2012 3884 inter
2053 3831 2158 3886 cle—

575 3925 724 3980 ricos
754 3939 855 3978 nec
881 3925 1021 3978 inter
1049 3923 1340 3978 monachos
1373 3923 1657 3988 habentur,
1701 3921 1814 3977 sive
1845 3923 1899 3977 hi
1930 3923 2021 3994 qui
2063 3939 2160 3993 per

571 4015 791 4070 diversa
830 4013 944 4068 loca
982 4013 1104 4084 vagi
1143 4013 1407 4078 feruntur,
1445 4014 1511 4068 ab
1541 4014 1806 4083 episcopis
1844 4013 1896 4068 in
1928 4029 2156 4085 quorum

572 4113 844 4158 conventu
895 4103 1220 4158 commorari
1288 4113 1624 4170 noscuntur,
1683 4103 1898 4159 licentia
1970 4119 2156 4159 eorum

571 4201 916 4258 .coerccatur,
946 4200 1006 4246 ut
1031 4201 1125 4246 aut
1152 4193 1205 4245 in
1238 4192 1382 4247 clero
1424 4201 1516 4246 aut
1547 4192 1600 4247 in
1635 4193 1964 4272 monasterio
1992 4195 2156 4265 depu-

574 4293 761 4338 tentur
794 4294 1012 4354 propter
1042 4299 1136 4339 eos
1168 4285 1258 4354 qui
1287 4284 1356 4339 ab
1392 4285 1644 4356 episcopo
1665 4301 1762 4342 suo
1810 4298 1904 4342 aut
1937 4298 2156 4359 propter

573 4376 890 4446 languorem
923 4375 1123 4430 fuerint
1144 4377 1393 4432 absoluti.

645 4468 781 4522 LIII.
823 4468 878 4523 Si
909 4470 998 4538 qui
1032 4469 1085 4522 in
1117 4469 1426 4525 discrimine
1461 4471 1736 4526 constituti
1779 4471 2151 4541 paenitentiam

574 4561 848 4630 accipiunt
903 4559 1048 4612 nulla
1097 4558 1379 4614 manifesta
1420 4560 1621 4615 scelera
1673 4561 2009 4625 confitentes,
2058 4562 2153 4617 sed
2184 4555 2230 4613 D
2258 4555 2570 4646 ηοεουηιιῇιι,
2599 4582 2724 4651 quia
2772 4593 2959 4639 contra

578 4659 784 4706 tantum
807 4664 865 4704 se
887 4657 1199 4718 peccatores
1223 4664 1342 4704 esse
1372 4649 1750 4720 praedicantes,
1779 4651 2082 4719 hujusmodi
2106 4652 2152 4706 si

576 4739 937 4797 revelaverint
957 4779 972 4804 ,
1023 4746 1249 4808 possunt
1273 4740 1434 4795 etiam
1460 4756 1557 4810 per
1585 4755 1793 4796 morum
1830 4741 2152 4813 probitatem

574 4831 643 4885 ad
697 4831 895 4902 gradus
940 4831 1334 4887 ecclesiasticos
1384 4835 1689 4903 pervenire.
1746 4833 1848 4901 Qui
1897 4848 2026 4890 vero
2077 4835 2151 4889 ita

574 4923 950 4994 pmniteutiam
981 4923 1273 4993 accipiunt,
1298 4933 1359 4977 ιιι
1386 4923 1602 4994 aliquod
1625 4923 1851 4979 mortale
1872 4933 2151 4994 peccatum

574 5024 917 5084 perpetrasse
942 5015 1153 5083 publice
1173 5013 1467 5082 fateantur,
1498 5017 1564 5071 ad
1589 5015 1792 5072 clerum
1815 5016 1899 5072 vel
1922 5018 2157 5074 honores

574 5105 972 5161 ecclesiasticos
992 5107 1275 5175 pervenire
1299 5106 1605 5162 nullatenus
1624 5117 1910 5179 poterunt,
1944 5109 2070 5163 uuia
2093 5123 2154 5165 se

577 5193 918 5248 confessione
942 5195 1160 5263 propria
1186 5202 1525 5249 notaverunt.

647 5287 780 5343 LIV.
835 5287 1151 5360 Quicunque
1192 5304 1259 5344 ex
1295 5289 1644 5346 saecularibus
1679 5289 2006 5360 accipientes
2038 5303 2152 5360 pm-

577 5379 860 5433 nitentiam
889 5381 1240 5436 totonderunt
1289 5397 1368 5448 se,
1408 5391 1463 5436 et
1500 5397 1692 5437 rursus
1733 5383 2151 5452 praevaricantes

575 5469 699 5524 laici
724 5469 900 5525 eﬂ'ecti
933 5481 1098 5535 sunt,
1143 5472 1517 5542 comprehensi
1557 5473 1625 5527 ab
1669 5472 1922 5542 episcopo
1962 5487 2059 5527 suo
2082 5475 2151 5528 ad

573 5561 948 5630 paenitentiam
994 5577 1059 5616 ex
1103 5579 1209 5632 qua
1253 5572 1596 5619 recesserunt
1635 5573 1977 5619 revocentur.
2002 5563 2154 5630 Quod

577 5652 625 5706 si
683 5652 847 5723 aliqui
897 5669 993 5724 per
1041 5656 1413 5725 paenitentiam
1466 5654 1846 5711 irrevocabiles
1893 5663 2021 5709 sunt
2057 5672 2158 5711 nec

563 5723 834 5816 fadmoniti
865 5761 1229 5820 revertuntur,
1261 5762 1320 5808 ut
1351 5769 1476 5811 vere
1504 5762 1760 5825 apostatae
1780 5768 1962 5810 coram
1982 5753 2158 5810 eccle-

2256 2119 2315 2160 se
2343 2105 2575 2175 primum
2604 2108 2714 2164 Deo
2755 2117 3011 2166 voventes
3059 2122 3246 2183 postea
3295 2115 3564 2171 castitatis
3588 2118 3824 2187 proposi-

2259 2203 2369 2250 tum
2397 2196 2730 2267 abjecerunt.

2331 2286 2460 2342 LVI.
2493 2287 2569 2344 De
2603 2288 2801 2347 Iudaeis
2853 2300 3030 2347 autem
3069 2295 3327 2366 praecepit
3368 2306 3555 2352 sancta
3599 2299 3822 2368 synodus

2257 2378 2462 2433 nemini
2501 2379 2755 2451 deinceps
2802 2381 2870 2438 ad
2927 2383 3253 2440 credendum
3305 2387 3411 2440 vim
3464 2385 3692 2443 inferre.
3739 2388 3821 2444 Cui

2257 2470 2402 2525 enim
2430 2471 2542 2526 vult
2589 2472 2731 2528 Deus
2778 2475 3084 2543 miseretur,
3135 2487 3190 2533 et
3233 2494 3394 2550 quem
3438 2480 3554 2535 vult
3596 2481 3817 2548 indurat,

2259 2578 2364 2618 non
2394 2564 2540 2620 enim
2571 2565 2703 2621 tales
2727 2567 2881 2622 inviti
2911 2568 3154 2626 salvandi
3188 2580 3332 2638 sunt,
3363 2573 3458 2628 sed
3488 2573 3754 2640 volentes,
3772 2583 3820 2628 ut

2257 2654 2468 2724 integra
2495 2656 2568 2711 sit
2596 2655 2769 2712 forma
2788 2658 3029 2729 justitize.
3069 2659 3217 2716 Sicut
3257 2664 3400 2718 enim
3428 2664 3593 2720 homo
3620 2665 3818 2736 propria

2259 2749 2469 2805 arbitrii
2520 2749 2798 2808 voluntate
2845 2754 3080 2823 serpenti
3131 2755 3389 2811 obediens
3417 2757 3605 2828 periit,
3639 2759 3718 2814 sic
3742 2774 3820 2814 vo-

2258 2848 2415 2894 cante
2458 2854 2517 2895 se
2556 2841 2728 2911 gratia
2777 2841 2873 2898 Dei
2920 2845 3150 2914 propria:
3203 2846 3400 2902 mentis
3447 2849 3814 2914 conversione,

2259 2929 2420 2986 homo
2457 2933 2686 3002 quisque
2724 2934 2991 2990 credendo
3034 2935 3290 2992 salvatur.
3320 2937 3459 3008 Ergo
3499 2954 3608 2994 non
3639 2941 3712 3005 vi,
3737 2940 3816 2995 sed

2258 3024 2426 3080 libera
2449 3027 2659 3083 arbitrii
2684 3027 2995 3096 voluntate,
3046 3042 3106 3085 ut
3153 3043 3541 3087 convertantur
3571 3034 3814 3090 suadendi

2260 3127 2386 3173 sunt
2405 3135 2512 3174 non
2556 3121 2733 3190 potius
2769 3123 3090 3192 impellendi.
3134 3123 3234 3192 Qui
3284 3137 3462 3182 autem
3512 3126 3813 3199 jampridem

3123 3227 3251 3273 sunt
3301 3219 3444 3274 sicut
3491 3219 3695 3276 factum
3747 3231 3814 3276 est

2255 3299 2588 3370 temporibus
2632 3303 3021 3374 religiosissimi
3067 3307 3328 3377 principis
3367 3308 3608 3364 Sisebuti
3635 3351 3651 3376 ,
3706 3311 3812 3381 quia

2244 3385 2358 3455 jam
2395 3397 2609 3445 constat
2665 3406 2758 3447 eos
2799 3396 3151 3450 sacramentis
3201 3397 3396 3453 divinis
3437 3399 3734 3454 ass0ciatos
3770 3409 3813 3453 et

2252 3479 2509 3551 baptismi
2560 3485 2789 3554 gratiam
2835 3487 3168 3558 suscepisse,
3211 3497 3266 3544 et
3305 3490 3598 3547 chrismate
3646 3499 3813 3547 unctos

2254 3586 2410 3639 esse,
2468 3581 2522 3628 et
2577 3577 2820 3644 corporis
2871 3577 3080 3634 Domini
3128 3589 3183 3634 et
3239 3582 3517 3653 sanguinis
3555 3584 3811 3639 exstitisse

2255 3664 2566 3734 participes,
2603 3676 2814 3738 oportet
2857 3678 2917 3724 ut
2954 3670 3111 3726 ﬁdem
3141 3674 3302 3728 etiam
3333 3689 3494 3744 quam
3524 3676 3576 3731 vi
3619 3675 3702 3730 vel
3738 3691 3814 3731 ne-

2257 3756 2512 3814 cessitate
2547 3770 2931 3830 susceperuut,
2969 3770 3152 3820 tenere
3191 3775 3481 3837 cogantur,
3518 3782 3586 3822 ne
3638 3783 3810 3822 nomen

2260 3845 2470 3902 Domini
2524 3848 2962 3921 blasphemetur,
3003 3863 3056 3908 et
3104 3855 3236 3912 fides
3273 3873 3432 3928 quam
3475 3869 3812 3931 susceperunt

2260 3937 2381 3992 vilis
2412 3954 2476 3993 ac
2496 3943 2916 4011 contemptibilis
2942 3945 3225 4002 habeatur.

2329 4030 2482 4086 LVII.
2508 4032 2680 4090 Tanta
2697 4046 2780 4091 est
2801 4041 3154 4108 quorumdam
3176 4059 3195 4093 ‹
3227 4042 3589 4113 cupiditas,ut
3612 4047 3809 4118 quidam

2258 4135 2376 4177 eam
2404 4134 2714 4196 appetentes
2748 4128 2920 4200 (juxta
2962 4133 3105 4201 quod
3145 4135 3223 4188 ait
3271 4136 3580 4210 Apostolus)
3611 4139 3806 4194 etiam:

2259 4213 2362 4269 ﬁde
2392 4226 2708 4272 erraverunt
2737 4218 2788 4290 (I
2823 4219 2954 4275 Tim.
2980 4239 3069 4290 vr,
3101 4224 3208 4296 I0).
3246 4245 3266 4279 ι
3301 4225 3449 4283 ΜυΙιί
3491 4231 3685 4300 quippe
3724 4231 3804 4285 htt-

2257 4318 2460 4393 cusque
2508 4323 2576 4363 ex
2620 4312 2990 4368 sacerdotibus
3042 4325 3205 4386 atque
3251 4317 3402 4374 laicis
3440 4321 3804 4393 accipientes:

2255 4391 2455 4451 Iudicis
2499 4413 2759 4466 munera,
2807 4402 3086 4470 perfidiam
3144 4420 3332 4460 eorum
3389 4424 3489 4463 suo
3528 4391 3804 4480 patrocinio

2256 4486 2460 4555 fovent,
2483 4489 2573 4558 qui
2603 4505 2707 4546 non
2731 4493 3000 4549 immerito
3029 4510 3095 4549 ex
3117 4511 3342 4566 corpore
3366 4499 3682 4557 Antichristi
3704 4515 3803 4557 esse

3005 4585 3280 4642 Christum
3328 4589 3554 4646 faciunt.
3598 4592 3803 4661 Quicun-

2254 4683 2360 4738 que
2379 4685 2508 4740 ergo
2532 4671 2786 4744 deinceps
2810 4676 3093 4748 episcopus
3119 4680 3233 4735 sive
3271 4682 3503 4738 clericus
3526 4686 3639 4740 sive
3661 4701 3802 4740 δίκας

2265 4761 2395 4821 laris
2417 4763 2522 4819 illis
2549 4776 2736 4821 contra
2788 4768 2946 4822 ﬁdem
2976 4769 3340 4828 Christianam
3387 4774 3710 4849 suﬂ‘ragium,
3733 4775 3801 4830 vel

2257 4867 2479 4909 munere
2509 4857 2591 4910 vel
2625 4855 2812 4912 favore
2835 4861 3172 4929 praestiterit,
3198 4871 3256 4917 ut
3285 4863 3545 4932 profanus
3581 4878 3634 4922 et
3661 4866 3800 4922 sacri-

2262 4941 2413 5012 legus
2481 4947 2767 5001 anathema
2827 4949 3052 5006 effectus
3117 4952 3185 5007 ab
3253 4953 3496 5010 Ecclesia
3560 4957 3796 5013 catholica

2262 5033 2524 5088 habeatur
2546 5045 2837 5093 extraneus
2860 5079 2874 5104 ,
2905 5041 3030 5109 quia
3074 5043 3266 5112 dignus
3295 5054 3377 5100 est
3397 5087 3409 5111 ,
3442 5058 3504 5102 ut
3537 5063 3568 5102 a
3604 5062 3798 5120 corpore

2257 5120 2460 5178 Christi
2509 5135 2829 5193 separetur,
2879 5130 2971 5198 qui
3028 5131 3260 5188 inimicis
3313 5134 3516 5194 Christi
3570 5150 3797 5210 patronus

2256 5213 2502 5271 edicitur.

2328 5303 2503 5358 LVIII.
2532 5305 2781 5377 Plerique
2807 5312 2899 5380 qui
2931 5327 2996 5367 ex
3017 5309 3220 5371 Judmis
3243 5319 3440 5373 dudum
3473 5321 3541 5377 ad
3571 5319 3794 5377 Christia-

2259 5410 2382 5449 nam
2413 5395 2569 5452 Iidem
2614 5403 2846 5468 promoti
2895 5413 3058 5471 sunt,
3111 5423 3254 5463 nunc
3299 5408 3716 5482 blasphemantes
3749 5412 3792 5466 in

2259 5485 2496 5554 Christo,
2527 5505 2632 5546 non
2659 5491 2833 5548 solum
2873 5492 3120 5563 judaicos
3171 5499 3307 5555 ritus
3335 5513 3672 5572 perpetrasse
3694 5516 3793 5557 nos-

2261 5587 2498 5646 cuntur,
2561 5583 2654 5637 sed
2723 5584 2886 5638 etiam
2950 5587 3339 5646 abominandas
3396 5594 3794 5650 circumcisiones

2260 5683 2514 5727 exercere
2556 5688 3016 5748 prazsumpserunt
3040 5721 3055 5744 ,
3103 5683 3170 5736 de
3202 5684 3399 5753 quibus
3423 5685 3656 5742 consultu
3688 5683 3794 5753 piis-

2261 5759 2382 5815 siuii
2412 5777 2474 5816 ac
2502 5763 2888 5834 religiosissimi
2918 5769 3118 5825 domini
3161 5774 3332 5828 nostri
3365 5773 3556 5830 Sisens
3577 5773 3638 5828 'di
3677 5771 3791 5839 regis
