3910 6438
83 428 168 483 477

1166 426 1654 484 υΕϐῐὶΕΤΑιιυδί
1695 424 2102 486 COLLECTIO.

3210 445 3320 509 478

81 549 167 602 hoc
212 551 450 598 sanetum
501 539 736 597 decrevit
793 541 1081 596 concilium
1115 581 1132 608 ,
1195 551 1254 598 ut
1315 543 1623 614 hujusmodi
1652 545 1698 606 Α
1729 550 1874 597 ctum
1899 542 2392 614 elegitconeilium,
2423 555 2479 600 ut
2507 544 2709 603 Judais
2735 564 2842 604 non
2864 550 3024 605 liceat
3050 549 3318 609 Christia~

80 647 485 704 transgressores
540 631 838 702 pontiﬁcali
895 633 1218 689 auctoritate
1270 636 1504 690 correcti
1562 636 1630 692 ad

79 729 256 785 cultum
287 724 574 781 Christiani
609 725 875 794 dogmatis
919 735 1245 781 revocentur
1281 735 1342 781 ut
1368 742 1505 796 quos
1534 743 1631 784 vo-

78 819 229 874 luntas
255 816 467 886 prapria
515 831 618 870 non
665 817 918 870 emendat
954 818 1354 874 animadversio
1381 820 1633 876 sacerdo-

80 910 182 964 talis
200 915 465 964 coerceat.
499 906 603 961 Eos
629 915 808 961 autem
836 922 970 977 quos
997 907 1411 974 circumcidunt,
1454 909 1499 966 si
1534 910 1630 966 filii

79 1015 237 1056 eorum
280 1005 427 1061 sunt,
472 1012 503 1050 a
549 1006 834 1067 parentum
885 998 1159 1053 consortio
1209 1008 1550 1070 separentur,
1586 1001 1631 1056 si

80 1088 219 1148 servi.
250 1103 346 1158 pro
370 1086 568 1156 injuria
599 1088 846 1157 corporis
879 1089 962 1143 sui
991 1088 1228 1144 libertati
1256 1092 1558 1147 tradantur.

134 1179 256 1234 LIX.
285 1177 591 1234 Jndaorum
623 1179 762 1236 ﬁlios
789 1179 872 1234 vel
915 1180 1051 1236 ﬁlias
1089 1197 1158 1236 ne
1182 1193 1465 1252 parentum
1493 1183 1632 1240 ultra

81 1273 389 1329 involvantur
415 1272 723 1338 erroribus,
767 1275 835 1327 ab
871 1288 1059 1328 eorum
1088 1276 1362 1332 consortio
1391 1276 1634 1346 separari

82 1365 386 1421 decernimus
440 1363 758 1435 deputatos,
808 1372 903 1418 aut
949 1365 1296 1421 monasteriis
1339 1374 1433 1420 aut
1475 1366 1633 1422 Chri-

83 1457 241 1512 stianis
267 1457 417 1522 viris,
442 1464 538 1510 aut
567 1457 882 1512 mulieribus
910 1458 1077 1512 Deum
1096 1459 1430 1525 timentibus,
1457 1468 1517 1514 ut
1533 1459 1636 1514 sub

80 1565 234 1603 eorum
264 1549 680 1604 conversatione
705 1549 910 1604 cultum
947 1548 1069 1604 ﬁdei
1103 1551 1354 1617 discant,
1384 1560 1550 1622 atque
1577 1553 1634 1607 in

84 1639 241 1693 melius
269 1639 528 1706 instituti,
558 1650 665 1695 tam
693 1639 747 1694 in
773 1641 1032 1708 moribus,
1066 1656 1227 1712 quam
1267 1643 1322 1698 in
1370 1642 1475 1698 ﬁde
1509 1659 1635 1715 pro:

85 1731 251 1784 ficiant.

138 1821 231 1876 LX.
257 1820 425 1877 Judai
469 1821 769 1893 baptizati,
814 1821 860 1878 si
893 1832 1080 1893 postea
1114 1824 1536 1894 pravaricantes
1578 1826 1630 1881 in

1732 651 1831 690 nos
1855 649 2063 702 servos,
2089 651 2190 693 nec
2219 636 2529 694 Christiana
2561 641 2830 710 mancipia
2855 657 3057 709 emere,
3084 659 3185 701 nec
3214 661 3312 702 cu-

1726 723 1984 796 jusquam
2033 728 2291 796 consequi
2337 727 2664 800 largitatem.
2710 729 2872 787 Nefas
2915 733 3060 788 enim
3108 744 3212 802 est,
3264 745 3324 791 ut

1733 818 1972 872 membra
2039 818 2240 874 Christi
2313 821 2552 877 serviant
2614 823 2934 879 Antichristi
3015 827 3318 896 ministris,

1732 908 1875 977 quod
1899 909 1945 962 si
1977 908 2232 979 deinceps
2261 925 2448 966 servos
2480 911 2822 970 Christianos
2853 916 2935 971 vel
2965 917 3193 972 ancillas
3222 920 3318 974 Ju-

1733 998 1830 1054 dai
1856 999 2053 1054 habere
2079 1003 2541 1070 prasumpserint,
2586 1005 2783 1058 sublati
2827 1006 2896 1060 ab
2933 1023 3124 1061 eorum
3150 1009 3325 1063 domi-

1732 1099 1863 1145 natn
1890 1092 2194 1147 libertatem
2227 1109 2256 1146 a
2283 1094 2532 1165 principe
2558 1109 2982 1167 consequantur.

1803 1179 1989 1234 LXVI.
2013 1181 2080 1236 Et
2104 1183 2150 1236 si
2196 1182 2270 1237 illi
2302 1183 2394 1252 qui
2442 1184 2584 1240 nulla
2623 1201 2690 1240 ex
2736 1188 2898 1242 rebus
2926 1188 3040 1243 suis
3066 1191 3322 1260 pauperi-

1722 1268 1835 1324 bus
1861 1269 2066 1326 Christi
2113 1271 2466 1340 distribuunt,
2510 1277 2698 1330 aterni
2741 1278 2940 1348 jndicis
2962 1295 3096 1335 voce
3135 1281 3188 1334 in
3239 1279 3324 1334 fu-

1735 1371 1856 1417 turo
1891 1364 2420 1430 condemnabuntur,
2471 1379 2675 1438 quanto
2721 1373 2893 1440 magis
2937 1373 2991 1426 hi
3024 1373 3114 1443 qui
3165 1373 3323 1428 anfe-

1734 1462 1861 1509 runt
1887 1455 2214 1526 pauperibus
2240 1473 2360 1527 qua
2383 1475 2489 1514 non
2514 1459 2826 1516 dederunt?
2855 1463 3192 1534 Quapropter
3220 1466 3306 1536 cpi

1733 1547 1883 1617 scopi
1913 1547 2003 1617 qui
2035 1547 2168 1602 nihil
2193 1563 2259 1604 ex
2283 1551 2506 1620 proprio
2536 1567 2636 1607 suo
2673 1553 2920 1609 ecclesia
2956 1554 3158 1610 Christi
3180 1573 3328 1612 com-

1733 1648 2119 1706 pensaverunt,
2151 1640 2292 1696 banc
2321 1642 2562 1697 divinam
2608 1648 2932 1702 sententiam
2965 1658 3226 1716 metuant,
3273 1659 3330 1706 et

1734 1727 1955 1782 libertos
2011 1744 2077 1783 ex
2125 1730 2350 1786 familiis
2401 1733 2650 1789 ecclesia
2700 1738 2767 1790 ad
2817 1738 3324 1795 condemnationem

1735 1830 1890 1871 suam
1944 1816 2125 1874 facere
2168 1836 2273 1876 non
2304 1833 2664 1892 prasumant,
2715 1825 2939 1896 impium
2983 1838 3067 1883 est
3096 1831 3239 1884 enim
3270 1839 3329 1885 ut

87 1911 319 1968 Christum
339 1890 584 1983 qualibet
609 1928 768 1983 pana
793 1890 1034 1968 damnati
1057 1890 1389 1978 existiterint,
1417 1931 1448 1970 a
1471 1915 1630 1972 rebus

1752 1911 1824 1978 ιιιί
1853 1926 1940 1966 res
1957 1926 2086 1966 suas
2111 1913 2358 1968 ecclesia
2381 1930 2485 1970 non
2513 1917 2803 1972 contulerit
2824 1920 3080 1976 damnum
3105 1922 3324 1986 inferat,

86 2018 236 2056 eorum
288 2001 472 2058 ﬁdeles
531 2003 669 2058 ﬁlios
713 2002 928 2060 excludi
983 2020 1089 2059 non
1136 2009 1458 2076 oportebit,
1504 2009 1632 2080 quia

88 2095 302 2164 scriptum
329 2102 432 2148 est.
464 2113 485 2144 ς
521 2093 689 2149 Filius
710 2109 816 2150 non
842 2095 1078 2166 portabit
1097 2097 1268 2167 patris
1290 2097 1634 2168 iniquitatem

90 2185 265 2254 (Each.
297 2201 449 2252 xvm,
489 2186 605 2256 20).
640 2205 661 2238 ›

143 2275 254 2330 LXI.
290 2277 441 2346 Saepe
472 2278 742 2333 malorum
775 2280 1051 2335 consortia
1093 2280 1256 2335 etiam
1301 2281 1472 2338 bonos
1516 2298 1636 2338 cor-

91 2379 324 2439 rumpunt,
350 2378 562 2440 quanto
597 2371 768 2440 magis
796 2387 890 2428 eos
921 2372 1012 2442 qni
1041 2373 1109 2426 ad
1140 2373 1269 2428 vitia
1299 2374 1456 2444 proni
1487 2370 1633 2430 sunt.

91 2460 211 2515 Nulla
252 2477 374 2532 ergo
423 2463 742 2520 communio
779 2463 919 2518 ultra
965 2463 1037 2519 sit
1071 2463 1314 2520 Habreis
1359 2467 1428 2520 ad
1476 2466 1635 2521 ﬁdem

93 2551 412 2608 Christianam
447 2554 734 2610 translatis
764 2570 886 2610 cutn
916 2555 1006 2624 bis
1050 2555 1141 2625 qui
1178 2555 1354 2611 adhuc
1385 2555 1438 2610 in
1465 2555 1638 2612 veteri

94 2644 174 2699 ritu
211 2647 553 2713 consistunt,
592 2661 660 2702 ne
701 2646 842 2703 forte
867 2661 1055 2702 eorum
1087 2646 1372 2718 participio
1405 2645 1636 2703 subver-

94 2742 256 2789 tantur.
282 2734 606 2807 Quicunque
637 2751 766 2807 ergo
807 2735 1002 2791 amodo
1032 2751 1100 2791 ex
1125 2736 1213 2791 bis
1249 2737 1342 2808 qui
1377 2737 1635 2807 baptizati

94 2832 190 2878 sunt
213 2823 502 2882 infidelium
529 2827 806 2882 consortia
832 2842 939 2882 non
970 2826 1278 2894 vitaverint,
1310 2837 1366 2884 et
1395 2829 1446 2882 hi
1475 2828 1634 2884 Chri-

93 2915 246 2972 stianis
265 2918 462 2975 donent
477 2935 564 2985 ur,
588 2928 644 2974 et
668 2919 742 2974 illi
769 2919 1000 2989 publicis
1023 2921 1263 2976 cadibus
1288 2922 1634 2992 deputentur.

1736 2011 1791 2057 et
1809 2000 1900 2070 jus
1935 2002 2180 2058 ecclesia
2207 2005 2448 2061 alienare
2467 2009 2777 2063 contendat.
2821 2009 2980 2066 Tales
3005 2027 3132 2082 ergo
3164 2011 3328 2067 liber-

1741 2100 1823 2146 tos
1860 2107 2146 2147 successor
2195 2093 2485 2164 episcopus
2515 2097 2721 2167 absque
2751 2098 2930 2168 aliqua
2986 2101 3326 2171 oppositione

1740 2183 1804 2238 ad
1829 2183 1917 2252 jus
1945 2183 2187 2239 ecclesiae
2216 2185 2666 2256 revocabit,-quia
2693 2203 2787 2243 eos
2815 2205 2920 2244 non
2940 2191 3196 2260 aquitas,
3225 2190 3326 2246 sed

1739 2271 2057 2342 improbitas
2087 2272 2336 2328 absolvit.

1808 2361 2016 2418 LXVII.
2054 2361 2351 2434 Episcopus
2395 2365 2486 2435 qui
2532 2368 2859 2438 mancipium
2898 2369 3040 2441 juris
3087 2372 3331 2428 ecclesia

1738 2468 1845 2508 non
1877 2463 2088 2509 retento
2117 2455 2490 2511 ecclesiastico
2516 2459 2820 2527 patrocinio
2850 2462 3156 2517 manumitti
3189 2464 3331 2518 desi-

1738 2545 1915 2611 derat,
1955 2546 2090 2601 duos
2115 2547 2291 2602 meriti
2318 2547 2557 2617 ejusdem
2587 2560 2641 2604 et
2666 2551 2859 2621 peculii
2890 2567 3073 2608 coram
3097 2553 3328 2610 concilio

1736 2638 1978 2694 ecclesia
1999 2639 2086 2693 cui
2115 2642 2428 2711 praeminet
2453 2658 2550 2712 per
2576 2647 3056 2704 commutationem
3083 2648 3327 2703 subscri-

1735 2727 1989 2783 bentibus
2018 2730 2390 2786 sacerdotibus
2418 2730 2632 2798 offerat,
2685 2743 2744 2789 ut
2775 2745 2892 2790 rata
2935 2745 2989 2791 et
3008 2735 3154 2806 justa
3180 2739 3330 2793 inve-

1737 2818 1923 2874 niatur
1971 2820 2218 2876 deﬁnitio
2255 2825 2661 2880 commutantis.
2709 2825 2860 2882 Tunc
2908 2828 3053 2882 enim
3103 2828 3331 2884 liberam

1737 2911 2239 2978 manumissionem,
2277 2913 2394 2969 sine
2422 2915 2725 2984 patrocinio
2746 2916 2990 2972 ecclesia
3019 2918 3324 2974 concedere

144 3006 275 3066 LXII.
303 3011 486 3068 Judaei
516 3013 608 3083 qui
635 3011 972 3068 Christianas
998 3013 1253 3070 mulieres
1291 3014 1345 3069 in
1384 3015 1635 3086 conjugio

1752 3003 1955 3072 poterit,
2003 3003 2095 3072 qni
2135 3019 2259 3059 eum
2309 3019 2470 3074 quem
2519 3005 2760 3061 libertati
2814 3007 3030 3062 tradere
3072 3008 3327 3077 disponit,

98 3101 277 3172 habent,
302 3107 454 3162 admo
468 3115 700 3162 neantur
719 3107 787 3160 ab
809 3105 1061 3177 episcopo
1089 3107 1327 3162 civitatis
1358 3107 1544 3178 ipsius,
1581 3115 1640 3161 ut

1759 3090 1968 3161 amjuri
1990 3093 2208 3162 proprio
2243 3094 2550 3163 acquisivit.
2591 3093 2904 3163 Huiusmodi
2933 3106 3111 3150 autem
3136 3097 3330 3152 liberto

103 3193 135 3247 si
158 3210 257 3251 cum
279 3197 353 3253 eis
371 3211 700 3268 permanere
720 3197 964 3266 cupiunt,
991 3197 1285 3254 Christiani
1313 3197 1633 3264 efﬁciantur,

1740 3184 2002 3238 adversus
2033 3183 2322 3240 ecclesiam
2345 3183 2497 3253 cujus
2519 3183 2658 3254 juris
2682 3187 2892 3242 exstitit
2919 3187 3207 3241 accusandi
3245 3186 3329 3240 vel

106 3245 134 3247 ρ
164 3245 257 3251 ,_-__
283 3245 352 3253 ___
374 3245 696 3268 run“---
724 3245 964 3266 "rm",
997 3245 1285 3254 -..κω-,η
1316 3245 1633 3264 -_-.__.__.,

104 3285 213 3352 quod
255 3288 296 3343 si
327 3288 588 3345 admoniti
634 3289 924 3355 noluerint,
970 3297 1329 3359 separentur,
1361 3289 1488 3359 quia
1527 3306 1636 3344 non

1752 3277 2068 3332 testiﬁcandi
2109 3245 2672 3348 denegeturvlicentla.
2705 3280 2857 3346 Quod
2897 3280 2941 3334 si
2972 3293 3332 3350 prasumpsc-

105 3385 243 3443 potest
263 3379 488 3434 inﬁdelis
513 3378 569 3433 in
595 3377 710 3447 ejus
737 3393 1057 3449 permanere
1092 3378 1493 3448 conjunctione,
1521 3394 1640 3449 qua

99 3467 185 3535 jam
214 3469 260 3522 in
285 3469 649 3527 Christianam
681 3469 940 3525 translata
985 3479 1070 3526 est
1115 3470 1296 3536 ﬁdem,
1333 3463 1428 3526 ﬁlii
1458 3480 1640 3526 autem

104 3558 173 3627 qui
211 3576 269 3616 ex
317 3564 512 3619 talibus
556 3562 669 3617 nati
712 3563 955 3617 existunt
990 3561 1149 3616 ﬁdem
1185 3571 1347 3632 atque
1378 3562 1644 3618 conditio-

106 3663 198 3703 nem
223 3653 396 3708 matris
428 3661 752 3723 sequantur,
789 3651 1041 3707 similiter
1065 3661 1120 3707 et
1150 3652 1205 3706 hi
1233 3652 1326 3722 qui
1369 3652 1641 3724 procreati

103 3748 201 3792 sunt
248 3742 308 3797 de
357 3741 667 3799 inﬁdelibus
737 3741 1052 3797 mulieribus
1102 3750 1157 3798 et
1209 3741 1457 3798 ﬁdelibus
1512 3741 1645 3797 viris

103 3824 420 3888 Christianam
502 3832 818 3904 religionem
863 3843 1180 3904 sequantur,
1211 3849 1318 3889 non
1361 3832 1644 3889 Iudaicam

102 3921 520 3984 superstitionem.

155 4004 310 4063 LXIII.
340 4010 454 4067 Non
498 4019 681 4082 potest
714 4027 845 4082 erga
881 4011 1128 4068 homines
1171 4027 1293 4068 esse
1339 4011 1512 4068 ﬁdelis
1552 4013 1644 4082 qui

103 4092 190 4150 Deo
232 4102 494 4158 exstiterit
560 4102 807 4158 infidelis.
880 4100 1050 4158 Judai
1116 4118 1246 4174 ergo
1287 4103 1380 4174 qui
1445 4104 1645 4159 dudum

103 4183 350 4247 Christiani
383 4194 567 4250 effecti
607 4203 772 4262 sunt,
805 4201 860 4250 et
894 4210 1038 4250 nunc
1086 4193 1289 4250 Christi
1324 4195 1480 4250 ﬁdem
1511 4211 1650 4264 pra-

102 4280 288 4338 varicati
348 4297 519 4354 sunt,
584 4289 652 4344 ad
709 4287 1080 4345 testimonium
1146 4287 1432 4344 dicendum
1490 4289 1650 4360 116

104 4366 279 4427 admitti
315 4392 418 4431 non
467 4376 684 4443 debent,
735 4377 983 4449 quamvis
1031 4393 1150 4434 esse
1202 4392 1261 4433 se
1308 4378 1648 4432 Christianos

106 4465 406 4535 anmmtient,
437 4469 567 4540 quia
594 4470 736 4524 sicut
779 4471 834 4524 in
861 4470 966 4525 ﬁde
995 4470 1197 4525 Christi
1229 4471 1465 4541 suspecti
1497 4479 1647 4536 sunt,

106 4552 164 4608 ita
188 4558 232 4612 in
261 4564 565 4620 testimonio
595 4566 832 4621 humano
859 4566 1004 4621 dubii
1050 4566 1339 4621 habentur.
1380 4564 1646 4620 Inﬁrmari

107 4660 210 4717 ergo
251 4666 454 4723 oportet
502 4672 691 4713 eorum
725 4657 1092 4713 testimonium
1135 4657 1227 4728 qui
1274 4657 1328 4712 in
1379 4656 1482 4712 ﬁde
1527 4657 1648 4712 falsi

109 4737 350 4813 docentur,
380 4765 481 4804 nec
513 4749 594 4805 eis
627 4763 748 4806 esse
771 4748 1099 4806 credendum
1122 4749 1216 4820 qui
1244 4748 1488 4805 veritatis
1519 4765 1552 4804 ει
1592 4763 1651 4805 se

112 4828 237 4887 fidem
261 4837 587 4907 abjecerunt.

167 4919 326 4980 LXIV.
369 4928 721 5000 Pracipientc
748 4928 977 4984 Domino
1007 4939 1168 5000 atque
1197 4928 1654 4985 excellentissimo

115 5007 372 5074 Sisenando
401 5035 524 5091 rege
569 5021 852 5075 constituit
887 5021 940 5074 id
971 5028 1216 5074 sanctum
1241 5021 1550 5085 concilium,
1595 5029 1656 5073 ut

113 5097 249 5158 Judai
271 5119 356 5162 aut
379 5110 431 5164 hi
460 5112 549 5182 qni
579 5127 644 5164 ex
675 5109 874 5166 Judais
894 5119 1018 5166 sunt
1040 5109 1211 5166 oﬁicia
1237 5111 1449 5180 publica
1481 5111 1653 5166 nulla-

119 5199 246 5249 tenus
267 5210 532 5268 appetant,
560 5201 684 5272 quia
723 5201 826 5256 sub
873 5202 975 5256 hac
1010 5201 1296 5257 occasione
1330 5202 1655 5258 Christianis

119 5277 332 5351 iniuriam
362 5291 582 5358 faciunt,
617 5293 844 5364 ideoque
861 5291 1072 5361 judices
1102 5293 1498 5362 provinciarum
1532 5310 1652 5349 cum

124 5379 448 5439 sacerdotibus
471 5400 658 5441 eorum
697 5385 1073 5454 subreptiones
1111 5383 1481 5440 fraudulenter
1526 5386 1654 5442 reli-

125 5471 217 5520 clas
248 5479 578 5544 suSpendant,
625 5487 679 5532 et
719 5476 894 5533 ofﬁcia
936 5476 1150 5546 publica
1197 5491 1292 5532 eos
1336 5491 1500 5548 agere
1546 5493 1658 5534 non

129 5561 418 5622 permittant.
467 5568 522 5622 Si
552 5569 674 5638 quis
701 5577 878 5623 autem
911 5568 1026 5622 hac
1051 5568 1382 5637 permiserit,
1431 5568 1579 5626 velut
1605 5570 1657 5625 in

130 5651 408 5723 sacrilegum
449 5658 937 5713 excomntunicatio
983 5656 1307 5727 proferatur,
1361 5668 1418 5715 et
1468 5660 1516 5715 is
1567 5661 1657 5732 qui

131 5735 415 5811 Subrepserit
443 5750 666 5818 publicis
701 5749 938 5804 cadibus
963 5748 1267 5820 deputetur.

181 5826 316 5887 LXV.
345 5837 416 5892 Ex
447 5842 662 5898 decreto
686 5841 1061 5912 gloriosissimi
1089 5841 1350 5913 principis
1387 5844 1490 5901 hoc
1531 5858 1660 5901 san-

1745 3368 1830 3430 rit,
1861 3367 2038 3439 placet
2059 3377 2117 3422 ut
2136 3377 2315 3424 stante
2339 3371 2764 3425 commutatione
2787 3371 2840 3424 in
2871 3371 3182 3427 servitutem
3209 3385 3333 3441 pro-

1743 3461 1916 3532 priam
1950 3471 2234 3516 revocetur
2269 3461 2354 3516 cui
2383 3475 2580 3516 nocere
2609 3471 2858 3518 conatur.

1814 3549 2039 3606 LXVIII.
2077 3550 2384 3607 Consensus
2410 3553 2578 3607 totius
2605 3551 2817 3608 concilii
2847 3552 3108 3618 deﬁnivit,
3150 3561 3209 3608 ut
3237 3568 3326 3608 sa-

1742 3644 1990 3700 cerdotes
2037 3643 2129 3712 qui
2159 3651 2253 3697 aut
2298 3657 2384 3700 res
2413 3657 2540 3699 suas
2575 3643 2817 3700 ecclesia:
2861 3644 3197 3713 relinquunt,
3241 3655 3336 3700 aut

1745 3733 1880 3789 nihil
1915 3734 2198 3799 habentes,
2240 3733 2420 3804 aliqua
2470 3743 2648 3788 tamen
2691 3735 2912 3805 pradia,
2963 3745 3057 3789 aut
3103 3735 3337 3792 familias

1747 3825 1994 3883 ecclesiis
2039 3826 2152 3882 suis
2179 3827 2528 3895 conquirunt,
2579 3827 2758 3881 licebit
2801 3826 2905 3881 illis
2934 3826 3143 3896 aliquos
3164 3827 3230 3882 de
3254 3826 3335 3882 fa-

1747 3915 1909 3971 mulis
1938 3915 2181 3986 ejusdem
2209 3915 2454 3971 ecclesiae
2485 3917 2869 3972 manumittere
2896 3915 3048 3985 juxta
3097 3918 3176 3972 rei
3219 3917 3334 3973 col-

1747 4005 1868 4062 lata
1890 4006 2108 4062 modum
2129 4021 2291 4077 quem
2329 4005 2536 4076 antiqui
2566 4021 2806 4063 canones
2836 4008 3224 4073 decreverunt,
3258 4006 3334 4061 ita

1749 4107 1951 4154 utcum
1977 4097 2188 4168 peculio
2209 4106 2265 4152 et
2291 4099 2610 4169 posteritate
2639 4113 2736 4154 sua
2766 4098 2985 4170 ingenui
3014 4100 3115 4154 sub
3153 4108 3338 4170 patro-

1751 4191 1895 4246 cinio
1915 4191 2158 4246 ecclesia
2186 4200 2459 4258 maneant,
2488 4193 2752 4248 utilitates
2772 4193 3041 4263 injunctas
3059 4194 3162 4250 sibi
3172 4193 3329 4264 juxta

1751 4284 1893 4354 qud
1917 4283 2192 4353 potuerint
2220 4294 2626 4354 prosequentes.

1822 4374 2009 4429 LXI-X.
2059 4374 2264 4430 Liberti
2295 4375 2539 4432 ecclesia
2579 4376 2729 4448 (quia
2783 4391 3059 4448 nunquam
3109 4377 3340 4433 moritur

1753 4479 1940 4521 eorum
1978 4465 2229 4537 patrona)
2261 4483 2293 4521 a
2333 4467 2640 4536 patrocinio
2663 4466 2904 4536 ejusdem
2947 4483 3224 4538 nunquam
3252 4469 3336 4524 di-

1754 4564 2000 4622 scedant,
2029 4572 2132 4612 nec
2167 4558 2458 4627 posteritas
2485 4558 2703 4627 quidem
2739 4574 2926 4615 eorum
2961 4560 3104 4615 sicut
3128 4560 3341 4629 priores

1755 4662 1992 4704 canones
2011 4648 2387 4706 decreverunt.
2424 4648 2502 4705 Ac
2522 4665 2588 4705 ne
2613 4650 2834 4706 libertas
2859 4666 3044 4707 eorum
3077 4651 3131 4705 in
3155 4650 3336 4704 futura

1752 4741 1904 4812 prole
1925 4757 2032 4797 non
2054 4751 2258 4812 pateat,
2277 4741 2499 4812 ipsaque
2523 4742 2814 4812 posteritas
2835 4741 3065 4797 naturali
3090 4741 3339 4810 ingenui-

1756 4840 1867 4888 tate
1895 4831 2146 4889 obnitens
2173 4846 2293 4888 sese
2323 4832 2392 4886 ab
2426 4833 2670 4888 ecclesia
2717 4831 3015 4901 patrocinio
3056 4830 3343 4885 subtrahat

1757 4939 1982 4980 necesse
2002 4933 2103 4990 est,
2137 4935 2198 4979 ut
2219 4933 2327 4978 tam
2359 4923 2415 4978 hi
2443 4923 2645 4989 liberti,
2679 4937 2841 4992 quam
2873 4922 2941 4975 ab
2969 4920 3050 4976 eis
3075 4921 3340 4992 progeniti

1759 5017 2148 5088 professionem
2173 5017 2428 5088 episcopo
2454 5032 2553 5071 suo
2583 5014 2800 5080 faciant,
2832 5029 2929 5084 per
2961 5029 3123 5084 quam
3148 5030 3217 5068 ex
3260 5014 3340 5068 fa-

1757 5110 1906 5167 milia
1946 5109 2190 5166 ecclesia
2235 5110 2458 5165 Iibertos
2505 5107 2728 5163 effectos
2770 5121 2828 5162 se
2881 5122 3002 5163 esse
3041 5107 3337 5173 fateantur,

1755 5203 1981 5274 ejusque
2008 5201 2366 5272 patrocinium
2402 5215 2508 5256 non
2539 5199 2866 5269 relinquant,
2916 5199 3010 5255 sed
3047 5200 3204 5271 juxta
3231 5199 3345 5254 vir-

1759 5303 1928 5349 tutem
1956 5309 2110 5349 suam
2139 5293 2458 5364 obsequium
2483 5291 2565 5346 vel
2597 5291 2958 5346 obedientiam
2990 5293 3287 5363 prabeant.

1829 5383 1996 5439 LXX.
2026 5383 2232 5440 Liberti
2261 5383 2503 5439 ecclesia
2529 5383 2620 5453 qui
2651 5398 2680 5436 a
2704 5383 3004 5453 patrocinio
3032 5382 3148 5452 ejus
3171 5383 3344 5436 disce-

1763 5479 1952 5534 dentes
1973 5475 2300 5548 quibuslibet
2327 5475 2572 5546 personis
2599 5475 2966 5543 adhaserunt,
3007 5475 3051 5532 si
3082 5474 3362 5552 admoniti

1763 5571 1943 5628 redire
1969 5569 2413 5640 contempserint,
2461 5571 2813 5627 manumissio
2835 5585 3024 5626 eorum
3069 5569 3220 5623 irrita
3249 5559 3365 5640 sitd-

1765 5615 1943 5628 ων...
1972 5615 2413 5640 νν..-ν...,,--....-,
2461 5615 2811 5627 -..,..,.....,υ.ν
2838 5615 3024 5626 πη...
3249 5615 3343 5634 ---,

1762 5663 1890 5733 quia
1934 5678 2030 5733 per
2060 5661 2434 5718 inobedientia
2489 5671 2858 5720 contemotum
2901 5663 3096 5734 ingrati
3134 5615 3375 5718 actioner'

1765 5763 2037 5810 tenentur.

1837 5842 2020 5900 LXXI.
2051 5843 2256 5902 Liberti
2284 5844 2524 5903 ecclesia
2546 5860 2637 5912 qui
2661 5860 2693 5900 a
2724 5843 3132 5910 quibuscunque
3159 5857 3346 5899 manu-
