3910 6424
501 355 606 412 479

1314 333 1733 396 APPEND.‘AD
1774 336 1947 392 sec.
1988 335 2075 389 Ix.
2121 367 2183 376 -
2225 334 2472 393 tsmont
2511 337 2947 396 MERCATORIS

3669 339 3782 394 48L

502 472 654 528 missi
695 475 851 534 sunt,
891 473 944 523 et
973 462 1217 522 ecclesia:
1250 461 1554 531 patrocinio
1585 457 1945 514 commendati
1973 455 2088 510 exi-
2116 462 2162 518 Α
2189 464 2271 510 est
2298 455 2613 526 pcrjurium,
2648 472 2745 512 nec
2772 458 2986 526 regibus
3013 455 3212 512 inferre
3236 456 3481 511 exitium.
3518 455 3788 511 llostibus

504 574 676 630 stunt,
721 563 861 618 sicut
897 557 1094 630 regula:
1129 557 1475 623 antiquorum
1509 551 1731 606 Patrum
1784 548 2085 604 constitue-

507 663 653 718 runt,
685 651 1006 709 sacerdotali
1039 647 1351 704 defensione
1403 660 1434 698 a
1475 641 1760 710 cujuslibet
1806 638 2090 694 insolentia

503 753 858 814 protegantur
893 742 1010 797 sive
1040 741 1095 795 in
1128 733 1592 808 statuJibertatis,
1621 732 1735 788 sive
1781 731 1835 785 in
1877 729 2090 801 peculio

507 838 649 908 quod
682 838 879 892 habere
902 843 1222 897 noscuntur,

580 925 792 980 LXXII.
833 925 1154 993 Quicunque
1195 922 1497 977 libertatem
1530 935 1560 973 a
1591 917 1823 972 dominis
1860 917 1974 972 suis
2020 917 2090 969 ita

506 1017 833 1086 percipiunt,
868 1025 926 1070 ut
949 1015 1158 1069 nullum
1180 1013 1280 1068 sibi
1313 1013 1364 1066 in
1387 1011 1466 1066 eis
1492 1009 1809 1080 obsequium
1835 1015 2094 1077 patronus

508 1114 760 1170 retentet,
806 1106 891 1160 isti
916 1105 960 1159 si
989 1104 1107 1159 sine
1143 1103 1372 1157 crimine
1397 1110 1524 1154 sunt
1545 1099 1610 1153 ad
1639 1097 1925 1153 clericatus
1951 1093 2098 1149 ordi-

509 1211 632 1251 nem
677 1197 1075 1266 suscipiantur,
1111 1194 1238 1263 quia
1282 1192 1487 1247 directa
1529 1187 1955 1244 manumissione
2000 1187 2096 1238 ab-

510 1289 672 1344 soluti
711 1298 1051 1351 noscuntur;
1089 1287 1179 1356 qui
1213 1299 1340 1339 vero
1371 1290 1581 1337 retento
1619 1278 1880 1348 obsequio
1911 1292 2096 1331 manu-

511 1381 662 1434 missi
701 1388 846 1450 sunt,
879 1393 977 1448 pro
1006 1392 1071 1432 eo
1107 1376 1248 1445 quod
1281 1374 1456 1428 adhuc
1491 1370 1700 1440 patroni
1737 1369 1996 1424 servitute
2028 1376 2101 1421 te-

513 1479 712 1526 nentur
750 1468 1006 1532 obnoxii,
1054 1465 1358 1520 nullatenus
1405 1470 1530 1516 sunt
1568 1461 1636 1514 ad
1668 1458 2096 1515 ecclesiasticum

514 1559 761 1614 ordinem
815 1556 1189 1627 promovendi,
1240 1570 1307 1607 ne
1341 1552 1557 1622 quando
1606 1547 1876 1603 voluerint
1912 1561 2102 1602 eorum

515 1651 741 1713 domini,
774 1649 905 1703 ﬁant
933 1664 1000 1702 ex
1031 1646 1247 1702 clericis
1276 1644 1441 1700 servi.

590 1738 824 1794 LXXIII.
854 1737 930 1791 De
957 1737 1174 1790 familiis
1200 1734 1441 1789 ecclesiae
1464 1732 1796 1788 constituere
1823 1729 2102 1800 presbyte-

2191 550 2388 621 quippe
2430 550 2561 605 ﬁdes
2608 551 2749 619 pacti
2793 552 2973 614 datur,
3027 567 3127 606 nec
3156 549 3406 604 violatur.
3459 549 3608 616 Quod
3645 548 3693 602 si
3728 547 3784 601 in

2191 642 2332 697 bello
2358 641 2489 697 ﬁdes
2518 643 2713 713 vigeat,
2745 650 2950 712 quanto
2982 643 3152 712 magis
3187 641 3240 696 in
3268 641 3480 696 caeteris
3509 639 3786 695 servanda

2194 731 2676 801 estlsaerilegium
2703 731 2900 801 quippe
2946 740 3049 796 est,
3093 730 3136 785 si
3192 728 3423 784 violetur
3455 743 3485 782 a
3524 727 3790 799 gentibus

2194 835 2378 889 regum
2430 835 2648 874 suorum
2691 821 2954 890 promissa
2999 821 3154 884 ﬁdes,
3199 820 3324 889 quia
3370 833 3474 872 non
3511 817 3692 874 solum
3733 817 3790 871 in

2195 927 2296 966 eos
2321 912 2379 965 Iit
2409 911 2550 981 pacti
2583 911 2964 980 transgressio,
2995 910 3087 967 sed
3134 919 3189 964 ct
3223 911 3278 964 in
3326 909 3512 974 Deum,
3543 909 3596 963 in
3628 908 3790 979 cujus

2197 1003 2413 1058 nomine
2462 1003 2746 1073 pollicetur
2790 1003 2906 1072 ipsa
2953 1003 3260 1073 promissio.
3333 1000 3458 1056 lude
3502 1009 3580 1056 est
3642 1000 3790 1068 quod

2199 1096 2364 1150 multa
2419 1079 2582 1164 rcgna
2633 1105 2898 1150 terrarum
2950 1095 3185 1150 caelestis
3229 1094 3528 1161 iracundia,
3553 1093 3634 1149 ita
3669 1108 3792 1164 per-

2201 1190 2423 1244 mutavit
2453 1199 2511 1244 ut
2535 1205 2632 1259 pro
2671 1189 2944 1259 impietate
2993 1188 3114 1242 ﬁdei
3159 1197 3212 1242 et
3257 1203 3490 1252 morum,
3535 1186 3681 1242 alter
3725 1185 3791 1240 ab

2200 1282 2369 1336 altero
2413 1281 2733 1337 solveretur.
2767 1280 2917 1336 Unde
2953 1288 3007 1335 et
3034 1296 3132 1336 nos
3175 1295 3367 1334 cavere
3398 1287 3609 1349 oportet
3658 1294 3790 1333 cau-

2202 1389 2315 1428 sam
2345 1373 2646 1442 hujusmodi
2687 1371 2952 1444 gentium,
2995 1387 3064 1427 ne
3109 1371 3359 1426 similiter
3416 1371 3566 1442 plaga
3627 1368 3791 1426 feria-

2203 1465 2626 1536 murprarcipiti,
2659 1475 2716 1519 et
2759 1479 2918 1534 pmna
2954 1465 3241 1534 puniamur
3274 1462 3498 1518 crudeli.
3542 1462 3599 1517 Si
3647 1463 3788 1516 enim

2205 1559 2346 1612 Deus
2373 1555 2577 1628 angelis
2600 1556 2652 1609 in
2681 1570 2738 1610 se
2761 1553 3245 1626 przevarieantibus
3284 1570 3386 1607 non
3410 1551 3674 1623 pepercit,
3704 1551 3790 1619 qui

2204 1663 2299 1718 per
2329 1645 2743 1703 inobedientiam
2772 1644 2991 1701 caeleste
3018 1643 3382 1698 habitaculum
3411 1641 3788 1713 perdiderunt,

2207 1743 2346 1798 unde
2397 1751 2451 1797 et
2487 1757 2583 1813 per
2622 1741 2816 1796 Isaiam
2859 1740 3005 1803 dicit,
3064 1759 3081 1790 ι
3117 1739 3413 1794 inebriatus
3458 1746 3542 1792 est
3584 1737 3790 1808 gladius

517 1845 627 1895 ros,
660 1838 715 1884 et
743 1830 996 1884 diacones
1040 1843 1138 1898 per
1179 1825 1463 1896 parochias
1505 1825 1687 1890 liceat,
1735 1838 1871 1893 quos
1921 1832 2102 1876 tamen

2222 1849 2359 1888 neus
2387 1834 2440 1888 in
2468 1832 2606 1890 etelo
2649 1831 2808 1903 (Isai.
2846 1847 3035 1896 xxxw,
3072 1830 3146 1898 5),
3186 1851 3202 1881 ι
3243 1839 3448 1900 quanto
3488 1830 3664 1900 magis
3701 1845 3791 1883 nos

518 1922 646 1978 vita:
676 1921 964 1986 rectitudo,
1007 1930 1062 1975 et
1100 1919 1341 1991 probitas
1380 1933 1589 1974 morum
1635 1916 1996 1981 commendat,
2041 1929 2104 1970 ea

518 2019 702 2066 tamen
735 2011 945 2066 ratione
973 2019 1035 2065 ut
1058 2017 1217 2065 antea
1248 2003 1562 2063 man'umissi
1606 2003 1910 2062 libertatem
1933 2015 2107 2062 'status

519 2104 605 2159 sui
646 2103 976 2174 percipiant,
1017 2112 1072 2156 et
1117 2103 1292 2157 denuo
1333 2101 1398 2156 ad
1435 2100 1831 2156 ecclesiasticos
1875 2099 2108 2154 honores

522 2195 839 2252 succedant.
888 2194 982 2248 Est
1025 2194 1168 2248 enim
1195 2192 1552 2261 irreligiosum
1585 2190 1846 2260 obligatos
1875 2190 2108 2246 existere

525 2287 794 2352 servituti,
845 2287 936 2358 qui
981 2285 1119 2346 sacri
1171 2286 1378 2341 ordinis
1424 2285 1724 2354 suscipiunt
1770 2284 2105 2356 dignitatem,

521 2375 784 2447 quidquid
835 2385 1014 2430 autem
1063 2375 1252 2430 talibus
1298 2385 1390 2429 aut
1418 2389 1515 2445 per
1549 2374 1848 2429 libertatem
1890 2388 2112 2429 conceso

525 2479 671 2532 sum,
703 2474 798 2521 aut
843 2465 1188 2522 successione
1215 2465 1485 2520 exstiterit
1513 2465 1720 2529 datum,
1757 2475 1850 2519 aut
1875 2464 2112 2535 quolibet

523 2559 812 2614 commodo
837 2557 1114 2623 collatum,
1148 2572 1252 2611 non
1285 2555 1468 2611 licebit
1497 2557 1577 2611 eis
1607 2556 1879 2626 quippiam
1909 2557 2032 2612 inde
2060 2557 2114 2610 in

525 2659 814 2706 extraneas
839 2663 1097 2720 personas
1137 2648 1531 2714 transmittere,
1566 2650 1662 2704 sed
1693 2649 1873 2704 omnia
1902 2649 1968 2722 ad
2001 2647 2115 2716 ejus

525 2741 812 2798 ecclesiam
860 2757 965 2811 qua
1003 2741 1318 2794 manumissi
1363 2748 1490 2794 sunt
1517 2749 1642 2811 post
1687 2755 1872 2796 eorum
1902 2739 2114 2794 obitum

524 2835 819 2907 pertinere.
855 2833 950 2888 His
978 2848 1192 2903 quoque
1213 2834 1353 2888 sicut
1375 2841 1434 2888 et
1457 2833 1669 2888 czeteris
1694 2834 1935 2888 ecclesia:
1961 2834 2119 2890 liber-

526 2926 599 2980 tis
629 2924 916 2980 accusandi
945 2923 1030 2978 vel
1060 2922 1383 2978 testiﬁcandi
1408 2924 1668 2977 adversus
1693 2923 1978 2978 ecclesiam
2005 2924 2118 2979 adi-

531 3024 616 3071 tus
642 3015 1041 3082 intercluditur,
1071 3015 1137 3070 ad
1160 3014 1305 3085 quod
1332 3014 1377 3069 si
1404 3013 1779 3084 aspiraverint,
1809 3029 1913 3068 non
1944 3014 2116 3070 solum

529 3109 800 3164 libertatis
819 3106 1082 3163 beneﬁcio
1106 3115 1349 3173 careant,
1380 3106 1473 3161 sed
1491 3105 1653 3160 etiam
1678 3105 1899 3160 honoris
1925 3106 2117 3174 gradu,

2205 1934 2405 1979 nostra:
2427 1923 2614 1979 salutis
2634 1923 2907 1978 interitum
2941 1922 3131 1976 timere
3155 1921 3432 1983 debemus,
3469 1935 3535 1975 ne
3555 1936 3660 1990 per
3680 1920 3793 1974 infi-

2206 2017 2480 2071 delitatem
2510 2016 2698 2070 eodem
2730 2013 2982 2069 saaviente
3013 2012 3337 2082 pereamus!
3395 2011 3549 2078 Quod
3581 2010 3630 2065 si
3667 2010 3793 2065 divi-

2206 2123 2329 2161 nam
2359 2105 2692 2160 iracundiam
2715 2105 2887 2158 vitare
2916 2102 3184 2167 volumus,
3215 2110 3269 2155 et
3298 2101 3656 2156 severitatem
3686 2100 3794 2169 ejus

2209 2200 2275 2253 ad
2333 2197 2672 2252 clementiam
2725 2209 3022 2264 provocare
3047 2195 3315 2263 cupimus,
3363 2207 3649 2247 servemus
3671 2205 3792 2260 erga

2210 2291 2376 2345 Deum
2409 2288 2682 2359 religionis
2710 2286 2913 2341 cultum
2943 2294 3103 2354 atque
3129 2285 3402 2348 timorem,
3433 2283 3796 2338 custodiamus

2210 2395 2341 2450 erga
2370 2378 2640 2451 principes
2681 2384 2897 2431 nostros
2924 2365 3216 2444 pollicitam
3247 2372 3406 2427 ﬁdem
3435 2381 3600 2442 atque
3637 2386 3791 2442 spon-

2213 2475 2439 2531 sionem.
2489 2471 2604 2526 Non
2636 2469 2708 2524 sit
2731 2469 2785 2522 in
2833 2467 2988 2522 nobis
3024 2474 3082 2520 ut
3108 2466 3161 2519 in
3191 2464 3512 2535 quibusdam
3555 2465 3796 2535 gentibus

2215 2563 2544 2620 inﬁdelitatis
2571 2559 2842 2616 subtilitas
2863 2559 3050 2629 impia,
3074 2573 3180 2612 non
3205 2555 3442 2612 subdola:
3465 2557 3665 2611 mentis
3683 2571 3796 2627 per-

2215 2657 2363 2722 ﬁdia,
2412 2671 2517 2710 non
2539 2651 2761 2724 perjurii
2800 2650 2976 2716 nefas,
3005 2659 3061 2704 et
3086 2648 3524 2720 conjurationum
3576 2647 3796 2702 nefanda

2215 2747 2511 2803 molimina.
2539 2743 2726 2798 Nullus
2749 2743 2888 2812 apud
2909 2756 3007 2796 nos
3027 2755 3200 2810 praesu
3211 2740 3446 2809 mptione
3470 2753 3696 2810 regnum
3715 2753 3796 2791 ac-

2217 2837 2420 2906 cipiat,
2473 2833 2651 2889 nullus
2707 2832 3175 2887 excitetmutuas
3229 2830 3522 2886 seditiones
3584 2829 3794 2891 civium,

2217 2945 2377 2985 nemo
2420 2927 2709 2982 meditetur
2755 2924 3006 2978 interitus
3055 2935 3267 2992 regum,
3307 2920 3399 2975 sed
3453 2917 3706 2974 defuncto
3748 2917 3794 2970 in

2219 3037 2353 3094 pace
2372 3019 2633 3094 principe,
2658 3019 2920 3089 primates
2945 3014 3118 3087 gentis
3138 3029 3262 3069 cum
3284 3011 3662 3068 sacerdotibus
3689 3023 3795 3064 sue-

2222 3128 2492 3170 cessorem
2521 3111 2670 3183 regni
2699 3107 2928 3165 concilio
2957 3105 3229 3161 communi
3253 3105 3585 3160 constituant
3604 3112 3664 3158 ut
3681 3101 3794 3157 dum

531 3217 693 3272 quem
719 3217 823 3256 non
856 3200 1117 3271 dignitate
1141 3208 1372 3266 natura},
1402 3198 1497 3254 sed
1523 3206 1764 3268 lemporc
1785 3197 2122 3254 ιιθεθεεὶωιὶε
2150 3204 2196 3266 C
2228 3205 2448 3261 unitatis
2481 3204 2768 3260 concordia
2809 3218 2838 3256 a
2871 3201 3026 3257 nobis
3066 3201 3352 3265 retinetur,
3383 3199 3590 3254 nullum
3624 3197 3795 3268 patria:

536 3298 979 3361 promeruerunt.

605 3382 841 3439 LXXIV.
877 3383 1006 3439 Post
1031 3383 1271 3438 instituta
1318 3384 1562 3454 quredam
1593 3384 1943 3443 ecclesiastici
1978 3384 2120 3440 ordi-

535 3473 623 3530 Iis
646 3475 728 3529 vel
762 3475 980 3530 decreta
1013 3490 1133 3545 qum
1163 3475 1230 3529 ad
1259 3477 1616 3545 quorumdam
1649 3479 1916 3547 pertinent
1960 3477 2121 3532 disci-

535 3567 756 3638 plinam,
791 3576 1064 3638 postrema
1091 3567 1248 3622 nobis
1273 3569 1484 3623 cunctis
1510 3570 1878 3625 sacerdotibus
1908 3578 2124 3624 senten-

537 3658 614 3712 tia
644 3667 746 3720 est,
792 3673 888 3726 pro
933 3658 1130 3712 robore
1173 3666 1482 3713 nostrorum
1512 3674 1719 3729 regum,
1753 3668 1808 3714 et
1833 3659 2124 3714 stabilitate

539 3747 716 3816 gentis
744 3745 1040 3801 Gothorum
1077 3747 1385 3816 pontiﬁcale
1417 3748 1663 3802 ultimum
1685 3751 1786 3806 sub
1815 3752 1924 3806 Deo
1943 3750 2126 3820 judice

539 3836 685 3892 ferre
711 3836 1010 3892 decretum.
1060 3837 1342 3892 Multarum
1373 3838 1570 3908 quippe
1604 3840 1840 3910 gentium
1875 3840 1958 3910 (ut
1984 3839 2126 3894 fama

541 3926 647 3996 est)
674 3935 822 3980 tanta
845 3935 1023 3982 exstat
1050 3927 1273 3996 perﬁdia
1313 3927 1640 3992 animorum,
1673 3937 1732 3982 ut
1753 3929 1910 3984 ﬁdem
1940 3945 2126 3984 sacra-

543 4026 727 4072 mento
748 4018 1070 4086 promissam
1089 4017 1305 4088 regibus
1319 4017 1429 4071 suis
1447 4017 1736 4072 observare
1757 4027 2128 4086 contemnant,

543 4115 599 4162 et
627 4121 720 4179 ore
747 4105 1325 4175 simulcntjuramenti
1371 4105 1780 4175 professionem,
1829 4107 1955 4161 dum
2001 4108 2130 4162 reti-

556 4207 722 4253 neant
747 4207 927 4252 mente
965 4197 1206 4267 perﬁdia:
1235 4197 1589 4266 impietatem,
1639 4199 1822 4268 jurant
1858 4201 2000 4254 enim
2049 4215 2132 4255 re-

549 4291 707 4360 gibus
731 4290 861 4353 suis,
911 4298 964 4344 et
993 4287 1155 4343 ﬁdem
1196 4303 1357 4358 quam
1387 4289 1726 4359 pollicentur,
1768 4291 2132 4360 praevarican-

549 4390 660 4447 tur,
711 4394 810 4435 nec
850 4389 1099 4434 metuunt
1148 4379 1399 4434 volumen
1449 4379 1579 4434 illttd
1631 4380 1818 4448 judicii
1870 4382 1986 4446 Dei,
2040 4397 2136 4451 per

549 4471 693 4542 quod
722 4471 992 4525 inducitur
1024 4469 1360 4534 maledictio,
1386 4469 1661 4540 multaque
1683 4487 1964 4540 pmnarum
1995 4487 2136 4527 com-

549 4563 776 4618 minatio
806 4577 968 4631 super
995 4576 1110 4626 eos,
1139 4561 1229 4630 qui
1255 4559 1440 4629 jurant
1466 4561 1520 4614 in
1544 4561 1759 4617 nomine
1785 4561 1882 4616 Dei
1912 4564 2133 4617 menda-
2167 4556 2214 4614 D

549 4653 705 4707 citer.
757 4652 886 4718 Qua:
913 4667 1042 4722 ergo
1067 4667 1188 4720 spes
1233 4651 1430 4706 talibus
1463 4652 1673 4722 populis
1715 4661 1903 4708 contra
1955 4654 2137 4709 hostes

549 4742 924 4797 laborantibus
952 4741 1098 4796 erit?
1129 4740 1258 4806 Qua:
1283 4739 1418 4795 ﬁdes
1440 4741 1579 4795 ultra
1601 4758 1721 4796 cum
1745 4743 1866 4798 aliis
1890 4743 2139 4814 gentibus

551 4834 606 4888 in
636 4848 769 4902 pace
799 4831 1064 4887 credenda
1091 4841 1208 4902 post
1237 4832 1413 4888 foedus
1461 4849 1567 4888 non
1603 4834 1956 4889 violandum?
2006 4835 2136 4903 Qua:

554 4923 608 4976 in
667 4923 911 4977 hostibus
958 4921 1082 4991 jura
1148 4922 1325 4976 stabili
1374 4925 1770 4992 permanebunt
1825 4927 2134 4996 sponsione,

555 5015 773 5084 quando
798 5029 896 5068 nec
921 5014 1052 5082 ipsis
1074 5015 1308 5084 propriis
1337 5015 1551 5085 regibus
1568 5015 1804 5084 juratam
1829 5016 1986 5072 ﬁdem
2009 5034 2142 5073 eon-

557 5116 798 5169 servant,
825 5105 948 5174 quis
976 5107 1118 5159 enim
1144 5107 1277 5161 adeo
1301 5105 1533 5161 furiosus
1554 5115 1657 5172 est,
1682 5108 1774 5177 qui
1801 5119 1961 5176 caput
1983 5125 2137 5164 suum

559 5212 724 5251 manu
770 5212 865 5250 sua
899 5198 1116 5266 propria
1159 5197 1419 5253 desecet?
1466 5198 1564 5264 Illi,
1597 5208 1655 5252 ιιι
1687 5208 1870 5253 notum
1905 5210 2008 5267 est,
2041 5203 2140 5256 im-

561 5300 830 5340 memores
875 5286 1065 5342 salutis
1097 5303 1208 5342 suae
1237 5287 1451 5358 propria
1501 5304 1660 5342 manu
1710 5289 1916 5359 scipsos
1960 5291 2144 5347 interi-

562 5385 719 5432 munt
746 5378 798 5430 iu
827 5379 1147 5449 semetipsos
1191 5394 1424 5450 suosque
1460 5395 1615 5450 reges
1643 5382 1892 5451 proprias
1921 5398 2144 5437 conver-

565 5469 728 5524 tendo
749 5468 911 5523 vires.
941 5468 1149 5524 Etcum
1181 5470 1436 5525 Dominus
1461 5470 1642 5524 dicat:
1681 5491 1698 5521 ι
1727 5470 1905 5526 Nolite
1928 5481 2145 5542 tangere

562 5563 812 5618 Cbristos
836 5579 984 5618 meos
1022 5563 1072 5633 (1
1105 5562 1236 5617 Par.
1275 5581 1385 5630 xvi,
1419 5565 1533 5635 2‘2),
1571 5585 1589 5618 ι
1632 5575 1685 5622 et
1716 5567 1884 5621 David
1917 5584 1931 5622 :
1966 5587 1982 5618 ι
2013 5568 2145 5634 Quis

565 5657 804 5710 extendit
834 5671 1050 5710 manum
1074 5671 1226 5711 suam
1253 5658 1305 5711 in
1344 5657 1617 5714 Christum
1646 5660 1879 5726 Domini,
1910 5671 1967 5714 et
1994 5661 2144 5715 iuno-

552 5761 697 5813 ,ceus
726 5748 829 5804 erit
855 5750 877 5803 ?
908 5768 927 5803 ι
964 5749 1016 5821 (Ι
1045 5748 1173 5820 Reg.
1217 5765 1364 5819 xxvi,
1387 5750 1442 5820 9)
1478 5752 1582 5810 illis
1632 5768 1731 5810 nec
1771 5754 1940 5809 vitare
1969 5761 2143 5808 metus

2226 3295 2506 3367 gentisque
2557 3293 2835 3349 dissidium
2870 3307 2967 3362 per
2992 3292 3098 3346 vim
3144 3290 3456 3346 ambitionis
3509 3297 3789 3345 moveatur.

2226 3386 2379 3456 Quod
2406 3385 2451 3441 si
2481 3385 2595 3440 haec
2621 3384 2917 3440 admonitio
2948 3392 3155 3439 mentes
3193 3392 3406 3439 nostras
3434 3399 3540 3439 non
3568 3383 3792 3454 corrigit,

2225 3485 2281 3532 et
2319 3476 2385 3530 ad
2422 3475 2647 3531 salutem
2686 3489 3029 3530 communem
3065 3489 3160 3529 cor
3187 3483 3429 3530 nostrum
3469 3489 3790 3545 nequaquam

2225 3571 2493 3642 perducit,
2512 3570 2635 3626 audi
2652 3571 2978 3625 sententiam
2995 3578 3255 3625 nostram.
3275 3570 3594 3639 Quicunque
3606 3583 3726 3638 ergo
3736 3581 3793 3622 ex

2229 3664 2404 3729 nobis,
2436 3663 2519 3720 vel
2555 3663 2721 3718 totius
2754 3661 3021 3730 Hispania:
3050 3662 3259 3732 populis
3305 3661 3547 3732 qualibet
3565 3660 3794 3730 coniura-

2229 3755 2396 3820 tione,
2446 3753 2531 3810 vel
2559 3752 2739 3808 studio
2767 3761 3167 3807 sacramentum
3201 3751 3320 3806 fidei
3354 3767 3485 3816 suae,
3531 3751 3670 3822 quod
3710 3762 3794 3819 pro

2231 3846 2421 3916 patriae
2456 3843 2736 3915 gentisque
2761 3840 3060 3896 Gothorum
3094 3848 3257 3906 statu,
3289 3840 3370 3896 vel
3400 3839 3794 3896 conservatione

2233 3939 2392 4010 regia:
2423 3935 2610 3992 salutis
2655 3933 2927 4004 pollicitus
2965 3940 3067 3999 est,
3095 3933 3462 3994 temeraverit,
3509 3939 3601 3985 aut
3631 3943 3792 4000 regem

2235 4045 2366 4086 nece
2410 4026 2800 4091 attrectaverit,
2829 4033 2923 4079 aut
2949 4031 3214 4094 potestate
3256 4023 3408 4094 regni
3443 4023 3672 4086 exuerit,
3713 4028 3792 4073 aut

2235 4119 2649 4192 prmsumptione
2673 4115 2951 4189 tyrannica
2981 4115 3127 4186 regni
3162 4113 3432 4185 fastigium
3455 4113 3788 4185 usurpaverit,

2237 4215 2523 4270 anathema
2556 4211 2626 4266 sit
2673 4211 2724 4264 in
2769 4217 3063 4276 conspectu
3111 4205 3204 4260 Dei
3250 4205 3460 4270 Patris,
3505 4214 3560 4261 et
3605 4203 3787 4275 angelo-

2237 4315 2397 4369 rum,
2453 4311 2617 4372 atque
2653 4303 2724 4357 ab
2765 4300 3006 4355 Ecclesia
3059 4298 3323 4354 catholica
3370 4313 3533 4368 quam
3583 4295 3790 4368 perjurio

2240 4393 2622 4465 profanaverit,
2677 4391 2937 4446 eﬁiciatur
2965 4398 3276 4453 extraneus,
3322 4399 3378 4444 et
3403 4391 3470 4442 ab
3499 4391 3640 4444 omni
3671 4398 3789 4442 emta

2240 4485 2670 4540 Christianorum
2702 4482 2909 4537 alienus
2934 4496 3057 4536 cum
3099 4481 3349 4536 omnibus
3393 4481 3681 4550 impietatis
3705 4493 3793 4533 sua:

2242 4575 2422 4641 sociis,
2478 4573 2605 4643 quia
2650 4580 2863 4642 oportet
2903 4579 2962 4625 ut
2999 4585 3103 4625 una
3149 4585 3308 4640 poena
3343 4579 3522 4624 teneat
3560 4569 3793 4625 obnoxios

2243 4678 2378 4733 quos
2398 4663 2587 4717 similis
2608 4676 2761 4717 error
2800 4661 3068 4715 invenerit
3101 4660 3423 4731 implicatos.
3449 4661 3602 4728 Quod
3628 4662 3791 4715 iterum

2244 4755 2480 4810 secundo
2529 4751 2873 4823 replicamus,
2927 4751 3211 4807 dicentes:
3265 4750 3583 4820 Quicunque
3628 4751 3792 4806 amotio

2244 4860 2308 4898 ex
2343 4843 2517 4907 nobis,
2551 4841 2635 4896 vel
2662 4841 2874 4897 cunctis
2902 4839 3176 4910 Hispania:
3211 4841 3418 4912 populis
3445 4841 3676 4911 quolibet
3701 4851 3790 4892 Ira-

2247 4942 2412 4997 ctatu,
2446 4932 2528 4986 vel
2579 4932 2760 4986 studio
2811 4940 3210 4986 sacramentum
3262 4931 3382 4985 ﬁdei
3419 4947 3530 4985 sua:
3559 4931 3690 5001 quod
3712 4944 3789 4999 pro

2244 5024 2432 5096 patria}
2452 5022 2733 5093 gentisque
2773 5020 3070 5075 Gothorum
3101 5031 3240 5076 statu
3261 5063 3274 5086 ,
3300 5023 3382 5076 vel
3411 5023 3789 5078 conservatione

2248 5115 2409 5184 regia:
2460 5113 2650 5168 salutis
2690 5111 2962 5182 pollicitus
3003 5121 3106 5174 est,
3163 5111 3466 5179 violaverit,
3518 5122 3610 5168 aut
3637 5125 3783 5182 regenti

2247 5221 2379 5261 nece
2407 5205 2800 5270 attrectaverit,
2853 5213 2946 5257 aut
2971 5212 3234 5273 potestate
3270 5207 3420 5274 regni
3452 5208 3686 5271 exuerit,
3712 5214 3783 5258 aut

2245 5295 2662 5368 praesumptione
2688 5293 2968 5364 tyrannica
2993 5295 3138 5364 regni
3165 5294 3437 5365 fastigium
3465 5295 3780 5367 usurpaverit,

2247 5389 2535 5442 anathema
2563 5387 2615 5440 in
2642 5393 2936 5454 conspeCtu
2977 5384 3179 5439 Christi
3211 5396 3265 5440 et
3309 5389 3665 5457 apostolorum
3693 5385 3782 5454 ejus

2247 5480 2338 5543 sit,
2371 5487 2531 5546 atque
2567 5478 2634 5531 ab
2662 5476 2900 5531 Ecclesia
2949 5478 3211 5533 catholica
3241 5493 3404 5548 quam
3437 5481 3662 5552 perjurio
3686 5493 3781 5551 pro-

2251 5570 2532 5632 fanaverit,
2558 5567 2826 5622 eﬁieiatur
2845 5576 3158 5631 extraneus,
3199 5577 3252 5622 et
3277 5568 3346 5623 ab
3375 5574 3522 5626 omni
3549 5569 3780 5628 consortio

2251 5663 2680 5718 Christianorum
2719 5660 2927 5714 alienus
2952 5668 3007 5714 et
3031 5659 3316 5718 damnatus
3344 5663 3396 5718 in
3426 5664 3779 5736 futurojudicio

2255 5754 2366 5809 Dei.
2397 5753 2667 5832 ﬂabeatur
2688 5768 2808 5807 cum
2830 5751 3182 5832 participibus
3198 5755 3331 5820 suis,
3349 5757 3472 5825 quia
3488 5758 3686 5828 dignum
3699 5762 3777 5813 est.
