3910 6442
129 419 238 483 ιει

1321 407 1810 470 DECRETALIUM
1843 407 2241 469 COLLECTIO.

3308 398 3463 470 δεῆ-

132 551 198 596 ut
231 539 330 610 qui
362 537 559 594 talibus
588 535 880 598 sociantur,
910 528 1009 603 ipsi
1049 529 1213 588 etiam
1247 526 1610 585 damnationis
1637 537 1731 579 eo-
1759 526 1807 584 Α
1835 520 2011 593 legum
2044 524 2274 594 superba
2324 517 2691 580 dominatione
2732 533 2786 579 et
2816 520 3035 595 fastigio
3070 522 3125 578 in
3173 522 3410 595 flagitiis;

134 646 263 685 rum
311 627 729 699 participatione
781 624 1001 681 obnoxii
1047 629 1352 679 teneantur.
1404 618 1517 674 lloe
1563 615 1729 671 etiam

132 720 308 777 tertio
334 719 718 782 acclamamus.
764 717 1044 774 dicentes:
1078 714 1398 783 Quicunque
1436 706 1632 766 amodo
1659 722 1728 763 ex

130 810 301 867 nobis
346 802 432 867 vel
459 811 666 866 cunctis
686 796 961 881 Hispania:
987 806 1198 879 pupulis
1218 802 1466 875 qualibet
1496 801 1725 856 inedita-

130 902 309 964 tione,
338 900 425 957 vel
453 900 650 967 studio,
680 906 1081 956 sacramentum
1113 894 1237 952 ﬁdei
1280 908 1413 959 suae,
1435 892 1579 962 quod
1604 903 1727 961 pro-

129 994 273 1065 pria:
303 992 495 1050 salutis
524 992 801 1064 gentisque
828 990 1128 1047 Gothorum
1177 996 1345 1052 statu,
1393 985 1480 1040 vel
1522 983 1728 1040 incolu-

131 1084 337 1140 mitate
358 1083 525 1154 regiae
544 1083 831 1153 potestatis
866 1081 1141 1151 pollicitus
1173 1087 1277 1143 est,
1304 1075 1608 1140 violaverit,
1633 1080 1728 1127 aut

138 1187 330 1246 regem
359 1188 492 1229 nece
519 1166 913 1237 attre'etaveri‘t,
963 1179 1055 1226 aut
1085 1177 1350 1247 potestate
1377 1166 1527 1237 regni
1556 1178 1726 1221 exue-

135 1267 231 1331 rit,
261 1273 360 1320 aut
383 1260 799 1336 praesumptione
815 1258 1093 1335 tyrannica
1107 1261 1254 1332 regni
1271 1258 1544 1329 fastigium
1572 1271 1727 1312 usur-

135 1360 375 1430 paverit,
426 1361 712 1416 anathema
741 1360 812 1415 sit
844 1359 898 1414 in
943 1365 1235 1428 conspectu
1274 1353 1510 1425 Spiritus
1554 1351 1726 1407 sancti

137 1458 192 1506 et
221 1451 526 1523 martyrum
557 1450 803 1517 Christi,
840 1458 1003 1518 atque
1051 1448 1119 1504 ab
1147 1445 1390 1503 Ecclesia
1434 1441 1724 1508 catholicas

136 1556 305 1613 quam
327 1540 570 1612 periurio
605 1539 1006 1612 profanaverit',
1040 1546 1331 1593 extraneus
1358 1534 1641 1599 etirciatur,
1672 1543 1728 1589 et

137 1635 207 1689 ab
254 1629 407 1688 dmni
452 1616 832 1689 communione
871 1630 1307 1688 Christianorum
1348 1629 1583 1692 alienus,
1626 1640 1728 1682 nec

139 1734 351 1795 partem
377 1725 573 1781 habeat
602 1724 899 1795 iustorum,
927 1724 1021 1779 sed
1042 1737 1166 1779 cum
1200 1720 1416 1777 diabolo
1439 1730 1496 1777 et
1517 1717 1728 1791 angelis

136 1814 255 1884 ejus
283 1816 506 1873 :eternis
537 1815 813 1888 suppliciis
837 1816 1232 1872 condemnetur
1254 1828 1360 1869 una
1382 1830 1503 1869 cum
1533 1814 1614 1869 eis
1631 1813 1725 1883 qui

1828 622 1885 666 et
1911 612 2171 679 facinore,
2197 614 2312 669 sive
2336 615 2633 685 cupiditate
2670 613 3044 670 crudelissima
3086 625 3410 684 potestatem
3457 640 3466 650 -

1830 703 1883 758 in
1939 704 2153 774 populis
2216 706 2525 761 exercuerit
2554 746 2569 771 ,
2627 705 2985 761 anatliematis
3058 708 3326 763 sententia
3382 718 3417 762 a

1827 794 2045 850 Christo
2063 795 2291 851 domino
2305 797 2711 863 condemnetur,
2729 796 2994 853 ethabeat
3013 812 3045 852 a
3061 798 3170 854 Deo
3196 814 3419 870 separa-

1828 886 2027 942 tionem
2062 897 2225 958 atque
2266 887 2528 958 judicium
2575 899 2795 960 propter
2838 891 2979 961 quod
3008 891 3415 962 prtesumpserit

1825 991 1990 1049 prava
2024 988 2187 1049 agere
2214 987 2270 1034 et
2308 980 2361 1033 in
2393 980 2685 1050 perniciem
2733 992 2959 1052 regnum
2997 980 3283 1037 deducere.
3334 982 3414 1038 De

1827 1069 2169 1126 Simithilane
2223 1085 2353 1127 vero
2395 1072 2487 1143 qui
2526 1072 2743 1142 propria
2787 1072 2994 1128 scelera
3041 1081 3288 1129 metuens
3328 1087 3416 1129 se-

1826 1163 2003 1233 ipsum
2053 1178 2220 1234 regno
2264 1163 2530 1234 privavit,
2576 1173 2632 1218 et
2670 1163 2954 1235 potestatis
3001 1164 3242 1219 fascibus
3266 1164 3418 1219 exuit

1827 1252 1882 1307 id
1939 1268 2064 1309 cum
2118 1254 2296 1325 gentis
2353 1253 2604 1308 consultu
2657 1253 2998 1309 decrevimus
3026 1293 3042 1317 .
3113 1262 3175 1308 ut
3233 1268 3414 1324 neque

1824 1358 1949 1399 eum
2018 1343 2104 1399 vel
2157 1358 2380 1399 uxorem
2434 1344 2550 1415 ejus
2605 1353 2826 1415 prepter
2885 1345 3037 1423 mala.
3091 1359 3211 1415 quae
3263 1359 3415 1400 eom-

1827 1433 2093 1489 miserunt
2138 1448 2313 1504 neque
2341 1432 2480 1489 ﬁlios
2519 1442 2707 1489 eorum
2733 1433 2926 1489 unitati
2951 1444 3151 1491 nostrae
3177 1449 3416 1504 unquam

1827 1525 2224 1590 ceusociemus,
2263 1539 2365 1581 nec
2403 1534 2496 1580 eos
2539 1524 2608 1579 ad
2654 1524 2891 1581 honores
2917 1540 2949 1579 a
2974 1525 3171 1596 quibus
3207 1527 3279 1583 ob
3309 1525 3417 1580 ini-

1827 1613 2089 1684 quitatem
2157 1613 2354 1685 dejecti
2418 1624 2548 1670 sunt
2621 1614 2912 1685 aliquando
2975 1631 3415 1687 promoveamus.

1828 1706 2039 1777 Quique
2073 1706 2240 1761 etiam
2268 1706 2431 1762 sicut
2473 1707 2527 1761 in
2562 1706 2781 1779 fastigio
2827 1709 2978 1780 regni
3026 1709 3301 1765 habentur
3320 1724 3418 1766 ex-

1830 1797 2003 1853 tranei
2028 1837 2044 1863 ,
2094 1797 2169 1852 ita
2212 1798 2556 1868 possessione
2601 1813 2783 1855 rerum
2820 1814 2959 1868 quas
2991 1800 3059 1856 de
3095 1800 3418 1865 miserorum

134 1905 388 1961 eamdem
426 1906 860 1978 'conjurationem
887 1905 1155 1968 nituntur,
1191 1912 1254 1958 ut
1294 1918 1396 1973 par
1424 1917 1586 1973 penna
1609 1916 1726 1973 per-

1831 1889 2138 1960 sumptibus
2162 1898 2430 1945 auxerant
2471 1900 2728 1946 maneant
2753 1890 2914 1947 alieni
2950 1901 3147 1962 praeter
3178 1892 3235 1947 id
3268 1893 3421 1962 “quod

138 1997 362 2054 ditibuis
398 1998 735 2069 constringat
775 2008 910 2068 quos
939 1995 997 2050 in
1036 1995 1332 2065 perniciem
1362 2007 1525 2065 prava
1555 1994 1727 2049 socie-

138 2099 223 2144 tas
247 2089 486 2160 copulat.
525 2090 591 2145 Et
637 2090 779 2156 ideo,
807 2090 853 2145 si
875 2089 1052 2161 placet
1074 2088 1325 2143 omnibus
1372 2086 1464 2157 qui
1497 2088 1720 2153 adestis,

139 2183 242 2236 nec
265 2182 427 2237 tertio
455 2181 708 2238 reiterata
750 2180 1019 2238 sententia
1046 2188 1242 2235 vestrae
1269 2178 1417 2235 vocis
1457 2192 1725 2235 consensu

140 2269 374 2326 ﬁrmate.
404 2272 485 2328 Ab
502 2272 754 2328 universo
775 2272 921 2328 clem
943 2280 999 2326 et
1022 2270 1217 2341 populo
1239 2271 1443 2325 dictum
1470 2278 1583 2324 est:
1613 2266 1712 2335 Qui

140 2369 325 2417 centra
378 2361 519 2418 hanc
555 2368 794 2419 nostram
843 2361 1208 2417 definitionem
1256 2359 1723 2431 praesumpserint,

138 2453 432 2508 anathema
460 2454 802 2519 maranatha,
840 2453 942 2509 hee
967 2461 1071 2518 est,
1116 2452 1352 2522 perditio
1396 2452 1448 2507 in
1491 2452 1749 2507 adventu.

138 2541 352 2597 Detnini
382 2542 491 2597 sint
509 2583 525 2608 ,
570 2550 772 2599 etcum
803 2542 939 2598 Juda
968 2543 1227 2598 lscarioth
1256 2554 1463 2612 partem
1493 2543 1727 2599 habeant

138 2635 260 2705 ipsi,
304 2645 364 2692 et
391 2636 525 2693 socii
556 2651 764 2692 eorum.
791 2636 983 2692 Amen.
1016 2636 1352 2708 Quapropter
1380 2651 1479 2692 nos
1518 2636 1641 2707 ipsi,
1669 2644 1728 2691 et

136 2733 451 2788 sacerdotes
498 2748 687 2788 omnes
734 2741 977 2788 sanctam
1025 2731 1321 2786 Eeelesiam
1372 2731 1608 2792 Christi,
1660 2746 1726 2786 ac

135 2820 391 2889 populum
418 2820 794 2887 admonemus,
835 2829 895 2876 ut
935 2822 1050 2876 haec
1092 2820 1393 2886 tremenda,
1440 2833 1498 2876 et
1524 2820 1726 2877 totiens

137 2912 392 2967 reiterata
438 2913 705 2968 sententia
736 2912 942 2968 nullum
990 2926 1056 2968 ex
1096 2913 1254 2968 nobis
1283 2914 1535 2983 pras‘enti
1560 2922 1726 2983 atque

136 3010 345 3057 aeterno
397 3002 721 3059 condemnet
764 3002 996 3073 judicio,
1051 3001 1149 3058 sed
1201 3001 1362 3057 ﬁdem
1398 3001 1724 3072 promissam

135 3107 266 3163 erga
315 3091 768 3164 gloriosissimum
816 3094 1093 3149 dominum
1157 3101 1408 3149 nostrum
1462 3093 1725 3150 Sisenan-

135 3184 267 3238 dum
325 3198 513 3255 regem
575 3185 976 3250 custodientes,
1036 3200 1099 3241 ac
1158 3185 1368 3241 sincera
1424 3184 1498 3240 illi
1556 3187 1724 3243 devo-

1824 1984 2026 2056 pietate
2039 1984 2266 2056 piissimi
2285 1984 2548 2055 principis
2560 1986 2732 2041 nostri
2748 1984 2972 2041 fuerunt
2989 1985 3283 2042 “consecuti.
3300 1984 3420 2042 Non

1824 2078 1985 2134 aliter
2004 2077 2364 2135 etGeillanem
2388 2079 2669 2135 memorati
2695 2078 3038 2137 Simitb'rlane
3068 2090 3125 2135 et
3156 2080 3420 2151 sanguine

1824 2176 1880 2223 et
1901 2167 2106 2224 scelere
2127 2167 2372 2234 fratrem,
2394 2168 2486 2238 qui
2506 2182 2607 2223 nee
2622 2169 2675 2223 in
2697 2169 3071 2239 germanitatis
3085 2168 3191 2225 ﬁde
3211 2169 3422 2225 stabilis

1823 2260 2033 2317 exstitit
2052 2278 2074 2326 ι,
2095 2276 2197 2317 nec
2218 2259 2376 2317 fidem
2397 2261 2633 2333 glorioso
2645 2263 2865 2318 domino
2897 2271 3085 2317 nostro
3119 2263 3415 2334 pollicitam
3446 2310 3447 2313 η

1824 2356 2189 2419 conservavit,
2206 2353 2350 2409 hunc
2368 2367 2497 2424 ergo
2518 2350 2641 2409 cum
2663 2351 2890 2426 conjuge
2910 2369 3031 2420 sua,
3053 2355 3194 2409 sicut
3209 2363 3265 2410 et
3286 2364 3417 2409 ante

1824 2435 2026 2501 factum
2057 2454 2157 2511 est,
2199 2461 2232 2501 a
2256 2446 2516 2502 societate
2529 2445 2702 2516 gentis
2747 2455 2911 2516 atque
2928 2447 3203 2502 consortio
3229 2455 3421 2502 nostro

1825 2536 2028 2607 placuit
2054 2537 2317 2608 separari,
2346 2537 2516 2593 necin
2542 2539 2757 2594 amissis
2773 2537 3190 2595 facultatibusin
3216 2540 3447 2610 quibus.

1825 2644 1922 2699 per
1968 2629 2305 2700 iniquitatem
2347 2639 2633 2687 creverant
2675 2632 2904 2687 reduces
2938 2632 3054 2688 fieri
3074 2659 3094 2698 ε,
3139 2640 3335 2703 praeter
3362 2633 3417 2688 id

1825 2721 1967 2792 quod
2010 2722 2288 2777 consecuti
2334 2721 2757 2793 fuerintpietate
2774 2721 3183 2778 clementissimi
3205 2724 3415 2794 princi-

1826 2814 1932 2884 pis,
1963 2813 2117 2885 cujus
2157 2813 2334 2885 gratia
2369 2814 2541 2870 bonos
2568 2814 2836 2871 donorum
2863 2814 3105 2885 praemiis
3148 2815 3310 2879 ditat,
3353 2825 3412 2871 et

1828 2901 2000 2959 malos
2044 2918 2075 2957 a
2123 2903 2486 2960 beneficentia
2529 2919 2626 2960 sua
2655 2920 2762 2960 non
2798 2914 3036 2976 separat.
3080 2903 3266 2961 Gloria
3320 2921 3421 2961 au-

1826 3002 1935 3050 tem
1964 3004 2020 3050 et
2045 2995 2224 3050 honor
2249 2996 2610 3068 omnipotenti
2651 2996 2762 3051 Deo
2800 3005 2988 3052 nostro
3024 2996 3079 3051 in
3121 2996 3277 3069 cujus
3323 3011 3419 3051 no-

1827 3087 1975 3144 mine
2002 3088 2315 3160 congregati
2366 3103 2574 3144 sumus.
2621 3087 2754 3145 Post
2782 3089 2900 3146 haec
2924 3104 3028 3160 pax
3072 3100 3129 3146 et
3171 3090 3319 3145 salus
3364 3099 3425 3145 et

1827 3178 2156 3235 diuturnitas
2176 3180 2421 3249 piissimo
2438 3188 2499 3235 et
2519 3180 2749 3237 amatori
2769 3180 2969 3237 Christi
2993 3181 3214 3238 domino
3237 3191 3449 3239 nostro'

138 3274 289 3329 tione
336 3272 698 3341 famulantes,
758 3291 867 3332 non
930 3275 1104 3332 solum
1160 3275 1357 3331 divinae
1400 3276 1621 3346 pietatis
1672 3278 1726 3334 in
1754 3279 1803 3344 α
1835 3266 2136 3324 Sisenando
2177 3270 2315 3339 regi,
2343 3268 2500 3340 cujus
2526 3271 2744 3327 devotio
2783 3285 2883 3326 nos
2907 3272 2977 3327 ad
3002 3274 3108 3329 hoc
3144 3274 3423 3330 decretum

134 3365 299 3422 nobis
354 3366 698 3423 clementiam
747 3383 1105 3439 provocemus
1169 3370 1327 3441 117
1355 3410 1372 3436 ,
1431 3370 1525 3426 sed
1563 3370 1729 3425 etiam

134 3456 371 3525 gratiam
434 3456 657 3513 antcfuti
720 3459 983 3530 principis
1054 3460 1337 3531 percipere
1403 3476 1727 3517 mereantur.

136 3546 218 3603 Te
277 3562 495 3617 quoque
551 3559 875 3618 praesentem
947 3567 1126 3623 regem
1195 3568 1260 3608 ac
1325 3551 1537 3609 futuros
1596 3565 1728 3610 aeta-

135 3648 252 3692 tum
309 3639 653 3709 sequentium
707 3641 980 3712 principes
1024 3642 1327 3697 humilitate
1391 3645 1571 3700 debita
1636 3644 1731 3701 de-

133 3730 438 3803 poscimus,
481 3740 540 3786 ut
584 3733 849 3788 moderati
878 3743 934 3789 et
963 3734 1123 3790 mites
1152 3749 1278 3805 erga
1323 3734 1596 3803 subjectos
1634 3752 1732 3792 ex-

134 3824 387 3889 istentes,
423 3839 544 3879 cum
568 3824 779 3895 justitia
826 3834 882 3881 et
911 3826 1110 3897 pietate
1154 3828 1379 3898 populos
1419 3844 1448 3882 a
1492 3829 1603 3886 Deo
1644 3846 1732 3886 vo-

134 3915 224 3970 bis
282 3915 523 3970 creditos
573 3918 776 3986 regalis
799 3957 815 3982 ,
849 3917 1155 3987 bonamque
1184 3919 1608 3976 vicissitudinem
1635 3923 1728 3991 qui

133 4020 234 4060 vos
263 4004 424 4060 nobis
442 4006 726 4061 constituit
747 4006 989 4078 largitori
1017 4007 1233 4063 Christo
1262 4012 1608 4080 rependatis,
1643 4027 1729 4068 re-

133 4107 367 4169 gnantes
432 4097 486 4151 in
547 4097 853 4153 humilitate
909 4097 1088 4154 cordis
1140 4114 1261 4154 cum
1329 4102 1507 4156 studio
1572 4103 1728 4159 bona:

131 4188 388 4244 actionis.
417 4179 527 4242 Nec
553 4187 835 4259 quisquam
879 4196 1116 4244 vestrum
1144 4187 1289 4244 solus
1325 4188 1381 4244 in
1421 4206 1584 4246 causa
1635 4206 1727 4247 ca-

131 4282 339 4353 ptivum
371 4320 389 4346 ,
427 4288 518 4335 aut
552 4294 705 4336 reum
770 4281 1036 4337 sententia
1076 4280 1278 4347 feriat,
1335 4284 1426 4339 sed
1457 4290 1724 4342 consensu

131 4376 353 4447 publico
379 4389 500 4431 cum
542 4375 843 4431 rectoribus
882 4388 951 4432 ex
984 4372 1191 4444 judicio
1236 4377 1523 4434 manifesto
1556 4379 1725 4435 delin-

132 4468 418 4537 quentium
444 4465 597 4536 culpa
627 4474 871 4536 patescat
912 4475 1125 4522 servata
1150 4482 1182 4522 a
1223 4468 1375 4523 vobis
1421 4468 1473 4521 in
1504 4457 1723 4525 offensis

132 4557 571 4621 mansuetudine,
602 4566 662 4612 ut
682 4573 789 4613 non
825 4558 1115 4614 severitate
1139 4559 1312 4630 magis
1333 4559 1386 4614 in
1425 4560 1529 4615 illis
1557 4576 1719 4631 quam

1831 3362 2173 3418 salutiferam
2200 3363 2557 3419 convocavit.
2610 3363 2939 3421 Corroboret
2961 3378 3092 3437 ergo
3132 3366 3304 3437 gratia
3338 3375 3419 3420 re-

1830 3468 1993 3526 gnum
2027 3455 2193 3521 lllius,
2220 3464 2514 3525 gentesque
2553 3454 2857 3512 Gothorum
2899 3455 2955 3511 in
2997 3455 3101 3510 fide
3127 3456 3416 3520 catholica,

1831 3546 1988 3601 annis
2037 3555 2093 3600 et
2136 3546 2343 3601 meritis
2391 3554 2637 3617 protegat
2667 3545 2814 3600 illum
2864 3559 3037 3616 usque
3079 3547 3146 3600 ad
3174 3545 3422 3600 ultimam

1831 3646 2162 3693 senectutem
2220 3638 2415 3693 summi
2472 3636 2565 3693 Dei
2617 3637 2814 3708 gratia,
2859 3646 2916 3693 et
2965 3647 3089 3709 post
3137 3639 3433 3709 praesentis

1832 3729 1981 3800 regni
2019 3728 2246 3800 gluriam
2266 3726 2351 3784 ad
2382 3736 2643 3784 aeternum
2673 3740 2896 3800 regnum
2927 3737 3186 3794 transeat,
3219 3737 3277 3783 ut
3304 3728 3424 3785 sine

1832 3821 1941 3878 line
1985 3831 2206 3893 regnet,
2237 3822 2330 3893 qui
2369 3822 2422 3876 in
2470 3822 2668 3878 saeculo
2719 3820 2949 3877 feliciter
2992 3821 3259 3891 imperat,
3307 3821 3425 3891 ipso

1830 3916 2122 3986 praestante
2142 3915 2234 3984 qui
2263 3924 2350 3970 est
2387 3914 2501 3970 Rex
2537 3929 2724 3986 regum
2771 3921 2825 3969 et
2866 3911 3126 3969 Dominus
3171 3911 3424 3969 domino-

1831 4025 1948 4062 rum
1980 4017 2104 4061 cum
2149 4005 2309 4061 Patre
2345 4015 2400 4060 ct
2445 4004 2647 4076 Spiritu
2694 4013 2883 4061 sancto
2928 4006 2983 4061 in
3022 4005 3216 4062 sarcula
3256 4020 3426 4061 szeeu-

1831 4102 2028 4156 IOrum.
2080 4102 2272 4156 Amen.
2340 4100 2584 4157 Definitis
2636 4102 2820 4171 itaque
2876 4101 2962 4157 his
3013 4113 3134 4170 quae
3178 4100 3427 4170 superius

1829 4192 2221 4263 comprehensa
2243 4202 2391 4258 sunt,
2421 4203 2691 4247 annuente
2720 4191 3127 4261 religiosissime
3153 4191 3417 4262 principe,

1825 4284 2027 4357 placuit
2037 4284 2232 4341 deinde
2245 4284 2391 4340 nulla
2406 4301 2463 4340 re
2480 4284 2803 4355 impediente
2816 4295 2845 4340 a
2861 4285 3101 4356 quolibet
3114 4294 3423 4340 nostrorum

1826 4390 1946 4445 qua:
1982 4375 2276 4431 constituta
2327 4385 2455 4429 sunt
2501 4374 2799 4441 temerari,
2842 4376 2935 4430 sed
2980 4381 3174 4430 cuncta
3223 4373 3426 4430 salubri

1826 4467 2058 4524 concilio
2101 4465 2435 4522 conservari.
2494 4462 2562 4520 Et
2620 4465 2746 4535 quia
2794 4465 3130 4536 profectibus
3177 4465 3427 4520 ecclesia:

1824 4566 1880 4612 et
1931 4558 2127 4611 animae
2170 4564 2372 4612 nosme
2411 4554 2780 4620 cont'enimtt,
2820 4555 2984 4609 etiam
3033 4554 3249 4625 propria
3295 4553 3445 4607 sub~

132 4647 466 4718 indulgentia
490 4638 755 4717 polleatis,
782 4658 839 4703 et
868 4648 994 4704 dum
1022 4649 1202 4705 omnia
1221 4623 1336 4706 hazc
1372 4623 1595 4707 auctore
1614 4646 1724 4708 Deo
1754 4623 2127 4719 l)seriptione
2157 4647 2240 4718 (ut
2262 4648 2637 4719 permaneant)
2672 4647 3009 4701 ruboramus.
3034 4623 3166 4714 —Ego
3189 4642 3425 4705 Isidorus

132 4741 220 4810 pio
264 4756 295 4793 a
322 4740 480 4795 vobis
517 4739 884 4796 moderamine
921 4750 1334 4807 conserventur,
1383 4751 1438 4798 et
1473 4750 1627 4815 reges
1668 4746 1720 4799 in

132 4831 349 4903 populis
374 4871 391 4895 ,
420 4840 475 4885 et
514 4830 694 4901 pepuli
739 4831 791 4885 in
835 4832 1073 4902 regibus,
1105 4841 1162 4887 et
1207 4833 1348 4888 Deus
1394 4834 1445 4888 in
1479 4824 1724 4904 utrisque

135 4924 369 4979 laetetur.
419 4921 563 4977 Sane
605 4923 671 4977 de
701 4922 897 4977 futuris
952 4924 1165 4994 regibus
1214 4924 1356 4980 hanc
1404 4926 1725 4981 sententiam

134 5013 576 5084 promulgamus,
617 5021 674 5068 ut
700 5013 744 5068 si
788 5013 911 5085 quis
946 5029 1012 5069 ex
1041 5015 1121 5070 eis
1147 5025 1337 5071 contra
1365 5018 1726 5072 reverentiam

1830 4738 1885 4795 in
1915 4739 2116 4795 Christi
2156 4738 2374 4793 nomine
2405 4736 2682 4807 Spalensis
2708 4736 2949 4792 ecclesiae
2977 4732 3425 4803 metropolitanus

1830 4833 2115 4903 episcopus
2156 4832 2272 4886 haec
2309 4830 2647 4887 constituens
2695 4826 3007 4897 subscripsi.
3059 4823 3322 4880 Similiter
3369 4831 3426 4877 et

1833 4923 1923 4978 alii
1954 4923 2191 4994 episcopi
2223 4923 2669 4993 subscripserunt
2715 4932 2941 4974 numero
2965 4915 3344 4987 quadraginta.

146 5147 3419 5190 W

958 5241 1301 5350 ιΝειΡιυιῆΤ
1330 5289 1676 5350 CAPITULA
1712 5284 2007 5385 CONCILII
2041 5280 2387 5385 TQLETANI
2413 5282 2673 5355 QUINTI.

1084 5449 1268 5508 Habiti
1292 5468 1401 5509 trra
1432 5458 1687 5520 ntxxxrv,
1710 5466 1849 5508 anno
1883 5451 2053 5522 primo
2083 5445 2418 5505 Chiutillam’.

206 5635 257 5688 Ι.
304 5633 380 5687 Dc
407 5633 742 5688 institutione
768 5646 1026 5685 novarum
1067 5629 1401 5685 litaniarum.

201 5726 259 5780 2.
300 5724 375 5780 De
399 5724 651 5803 custodia
672 5723 865 5778 salutis
896 5737 1086 5794 regum
1116 5728 1173 5778 et
1211 5722 1524 5780 defensione
1556 5723 1726 5795 prolis

351 5815 481 5869 tium
507 5814 832 5884 principum.
1200 5826 1204 5830 ·

462 5908 738 5965 Ρηιωι.
780 5903 1043 5968 CXXX.

1906 5627 1963 5683 ὅ.
2004 5627 2081 5682 De
2116 5623 2498 5697 reprobatione
2531 5636 2887 5697 personarum
2915 5628 3037 5690 qua:
3059 5584 3417 5689 prohibentur

1828 5719 2059 5791 adipisci
2080 5733 2331 5790 regnum.

1818 5820 1825 5825 '
1916 5809 2069 5866 4.·οε
2093 5804 2177 5865 his
2198 5811 2289 5880 qui
2310 5811 2411 5867 sibi
2435 5810 2783 5876 blandiuntur
2805 5818 2899 5874 spe
2935 5816 3064 5870 rege
3093 5799 3415 5875 superstitet

2929 5893 2999 5951 16
