3834 5428
481 338 590 396 483
1292 335 1582 392 APPEND.
1615 337 1706 390 AD
1753 332 1928 392 ΞΛΜ).
1961 332 2051 389 IX.

2200 332 2452 391 lSlDORl
2489 331 2934 392 MERCATORIS
3627 339 3712 395 ΑΜ

554 452 609 507 5.
680 450 756 507 De
814 450 899 507 his
969 451 1060 521 qui
1127 451 1400 522 principes
1468 451 1796 508 maledicere
1869 467 2070 524 pracsu-
2103 459 2146 514 Α
2175 450 2548 520 probationem
2588 465 2737 506 vocis
2781 450 2927 506 clare
2976 461 3046 506 on
3076 453 3373 508 custodiam
3426 462 3503 510 sut
3539 458 3718 509 cunctis

485 553 659 598 munt.
2181 543 2374 597 debeat
2406 543 2764 598 innotescere.

555 636 608 690 6.
659 635 730 692 Ut
785 653 972 708 regum
1020 636 1204 692 tideles
1261 651 1290 691 a
1329 639 1730 695 successoribus
1772 654 1957 711 regum
1992 656 2074 695 re-
2249 638 2304 693 8.
2344 637 2418 692 De
2449 639 2777 711 indulgentia
2803 641 3104 712 principum
3138 641 3314 696 noxiis
3351 651 3579 697 servata.

485 743 604 782 rum
629 728 752 800 jure
781 728 1233 795 nonl'raudentnr
1266 743 1365 798 pro
1389 730 1666 785 servitutis
1697 733 1964 786 mercede.
2248 728 2302 784 9.
2350 729 2425 784 De
2490 729 2673 788 favore
2727 734 3028 804 principum
3083 735 3298 790 concilii
3368 735 3724 792 acclamatione

559 819 610 871 7.
676 818 828 886 Quod
877 819 930 874 in
989 817 1303 873 celebritate
1345 829 1666 874 cunctorum
1709 821 2070 877 conciliorum
2176 837 2455 879 concesso.

483 911 721 981 synodus
749 909 1009 966 Toletana
1040 910 1372 981 temporibus
1420 908 1704 966 Sisenandi
1749 911 1932 967 habita
1971 928 2068 983 per

859 1183 1322 1274 INCIPIT
1391 1182 2065 1278 CONCILIUM
2140 1184 2745 1280 TOLETANI
2830 1188 3443 1298 QUINTUM.

549 1395 706 1467 Apud
747 1397 937 1453 urbem
992 1394 1310 1450 Toletanam
1374 1394 1604 1450 diversis
1656 1409 1725 1451 ex
1779 1395 2074 1466 provinciis
2177 1399 2279 1453 sita
2325 1397 2548 1455 laedendi
2580 1416 2674 1458 eos
2703 1401 3005 1473 praebeatur
3032 1445 3048 1469 ,
3086 1420 3185 1460 nec
3229 1422 3560 1480 quocunque
3606 1413 3731 1468 modo

484 1485 757 1556 lliSpanite
785 1487 1099 1542 sacerdotes
1125 1485 1336 1540 Domini
1367 1487 1458 1557 qui
1491 1486 1542 1539 in
1575 1501 1682 1541 uno
1717 1487 1868 1556 pacis
1889 1487 2073 1543 osculo
2176 1491 2506 1561 quibuslibet
2569 1494 2730 1548 rebus
2779 1504 2958 1564 spreta
3032 1496 3320 1554 dilectione
3379 1501 3730 1556 molestentur.

485 1578 542 1632 in
602 1577 827 1634 basilica
887 1586 1090 1634 sancta:
1137 1578 1394 1649 martyris
1439 1576 1756 1632 Leochadite
1823 1578 2073 1633 consedi-
2177 1581 2302 1638 Haec
2354 1585 2496 1638 enim
2547 1583 2762 1640 licentia
2807 1583 2970 1640 cllicit
3013 1597 3070 1641 et
3099 1580 3371 1660 principes
3425 1592 3486 1645 in
3515 1591 3732 1660 subjectis

478 1684 602 1725 mus
627 1670 924 1741 gratiarum
977 1669 1218 1725 actiones
1264 1669 1617 1739 omnipotenti
1661 1668 1772 1724 Deo
1812 1670 2074 1740 persolvi-
2176 1687 2474 1749 suspectos,
2525 1691 2580 1734 et
2608 1679 2879 1750 subjectos
2923 1679 2973 1734 in
3004 1681 3159 1738 bonis
3184 1684 3493 1754 principum
3523 1688 3732 1756 cupidos.

476 1774 622 1826 imis.
676 1770 900 1831 ριὀριθτ
927 1775 1082 1815 suam
1112 1758 1538 1814 mileTiCOI‘diam
1593 1773 1866 1828 magnam,
1919 1758 2073 1828 cujus
2105 1788 2149 1846 Β
2177 1768 2438 1834 Quocirca
2454 1785 2518 1825 ne
2541 1779 2594 1825 et
2617 1772 2890 1839 prannissa
2920 1781 3358 1839 contemnantur,
3385 1784 3442 1829 et
3485 1785 3546 1828 ut
3568 1777 3736 1845 cupidi-

477 1858 613 1904 nutu
661 1849 716 1904 in
747 1850 890 1906 hanc
939 1851 1293 1906 convenimus
1319 1850 1662 1905 concordiam
1687 1889 1703 1914 ,
1752 1860 1809 1904 et
1849 1851 2068 1922 gloriosi

2186 1870 2260 1918 las
2301 1862 2451 1916 radix
2481 1863 2723 1918 omnium
2753 1863 3010 1918 malorum
3041 1864 3342 1929 auferatur,
3391 1877 3736 1922 contestamur

474 1940 738 2012 principis
765 1941 934 1997 nostri
962 1939 1274 1996 Cbintillani
1311 1942 1454 2012 regis
1479 1941 1650 2007 initia,
1687 1942 1757 1996 ob
1797 1940 1950 2011 cujus
1984 1958 2071 1998 sa-

2186 1970 2365 2011 limites
2392 1964 2684 2026 praesentes
2711 1963 2765 2012 et
2793 1958 3062 2023 absentes,
3095 1958 3176 2013 vel
3215 1959 3380 2014 etiam
3411 1957 3614 2015 futuris
3633 1970 3737 2014 tein-

476 2030 606 2122 lutis
631 2041 688 2088 et
712 2031 990 2122 felicitatis
1013 2033 1374 2122 constantiam
1405 2047 1693 2102 supernam
1720 2031 2072 2101 imploramus
2175 2047 2394 2118 poribus
2445 2057 2862 2119 consequentes,
2887 2064 3068 2104 coram
3117 2049 3226 2105 υεο
3273 2063 3326 2105 ει
3375 2051 3591 2122 angens
3626 2051 3734 2120 eius.

475 2121 844 2186 clementiam,
870 2123 961 2191 qui
988 2136 1048 2177 se
1089 2121 1143 2176 in
1190 2121 1369 2177 medio
1395 2122 1564 2192 nostri
1599 2132 1774 2176 cretus
1797 2122 2071 2192 ingressus

2186 2138 2318 2208 quod
2346 2138 2390 2192 si
2419 2139 2706 2208 quisquam
2739 2141 3146 2195 contestationis
3169 2121 3476 2196 temerator
3502 2144 3738 2197 exstiterit

476 2226 603 2267 cum
630 2211 983 2302 optimatibus
1023 2219 1079 2266 et
1125 2211 1428 2302 senioribus
1474 2210 1659 2282 palatii
1691 2212 1917 2302 supplex
1962 2225 2077 2266 om-
2177 2239 2340 2299 atque
2397 2239 2758 2299 contemplo...
2816 2239 2872 2287 ει
2927 2246 3248 2302 quacunque
3296 2234 3738 2302 πεηιηεηιειίοπε

476 2302 630 2357 nium
675 2301 1012 2359 orationibus
1039 2301 1464 2368 commendavit,
1495 2316 1730 2372 suosque
1766 2301 1951 2358 ﬁdeles
2000 2302 2071 2356 ita

2186 2320 2363 2375 odiose
2387 2333 2480 2375 cos
2507 2320 2816 2388 molestare,
2859 2331 2952 2376 aut
2995 2321 3049 2376 in
3089 2301 3269 2391 aliquo
3319 2301 3492 2378 fuerit
3548 2333 3740 2378 conatus
3831 2361 3834 2391 ε

475 2391 658 2449 facere
724 2404 914 2449 sancta
978 2393 1359 2450 exhortatione
1414 2394 1632 2464 coegit,
1705 2402 1866 2465 atque
1934 2394 2071 2448 hanc

2186 2412 2414 2478 lzedere,
2459 2411 2531 2467 sit
2583 2413 2872 2467 anathema
2927 2413 2982 2468 in
3033 2413 3483 2470 Christianorum
3532 2416 3737 2470 omnium

471 2485 876 2543 institutionem
904 2502 1067 2558 quam
1089 2501 1154 2542 ex
1169 2495 1436 2558 praecepto
1451 2485 1567 2556 ejus
1578 2494 1634 2541 et
1648 2485 1868 2546 decreto
1889 2493 2071 2542 nostro

2186 2514 2343 2569 εωιιι,
2373 2512 2536 2573 atque
2557 2518 2789 2574 superno
2815 2503 3201 2559 condemnetur
3217 2505 3446 2576 judicio,
3477 2506 3555 2560 sit
3580 2521 3739 2576 expre-

481 2579 785 2645 sancimus.
815 2579 995 2636 divina
1019 2579 1372 2650 inspiratione
1397 2579 1679 2650 praemis"-
2177 2594 3029 2650 hrabilisomnibuscatboliciset
3054 2594 3436 2651 abominabilis
3452 2596 3653 2650 sanctis
3670 2611 3739 2647 an-

546 2668 678 2724 C‘P-
707 2667 754 2723 I-
793 2667 1014 2726 δείιίεεῑ
1043 2678 1101 2724 ιη
1129 2669 1184 2724 in
1212 2677 1408 2724 ωηειο
1435 2684 1601 2740 νεεηο
1622 2683 1652 2722 ³
1678 2668 1787 2724 Deo
1819 2684 2077 2726 οοηοθεδο
2178 2683 2312 2754 gelis
2357 2684 2410 2738 in
2458 2684 2762 2739 ministerio
2795 2684 2887 2739 Dei
2934 2683 3266 2749 constitutis,
3315 2685 3388 2740 sit
3420 2687 3534 2741 hoc
3581 2686 3740 2740 saeculo

477 2757 790 2828 specialiter
803 2767 858 2812 et
885 2758 1101 2828 propria
1127 2759 1244 2814 haec
1274 2757 1523 2828 religiosa
1553 2758 1699 2820 omni
1723 2767 1964 2830 tempore
2000 2769 2071 2814 te-

2186 2776 2439 2846 perditus,
2477 2783 2530 2830 ct
2571 2775 2625 2831 in
2673 2773 2856 2831 futuro
2887 2776 3273 2832 condemnatus
3301 2776 3396 2847 qni
3447 2786 3567 2832 tam
3614 2786 3740 2830 ret-ta:

475 2856 672 2904 neatur
719 2849 1060 2906 observantia
1089 2887 1106 2914 ,
1142 2857 1204 2904 ut
1245 2863 1276 2902 a
1327 2848 1414 2904 die
1451 2849 1641 2911 Iduum
1701 2849 2076 2905 Decembrium
2180 2865 2474 2935 ρι-ονίείοηί
2505 2863 2676 2921 nolui;
2700 2865 2942 2935 pmbere
2969 2880 3319 2922 consensum.

476 2938 663 2994 litania
695 2939 871 2995 triduo
898 2941 1098 3010 ubique
1143 2955 1325 2996 annua
1375 2941 1719 2997 successione
1770 2951 2074 3012 peragatur,

474 3039 532 3142 at
570 3031 1240 3142 {viviﬁcardeuewm
1272 3032 1530 3142 ιίξοτγηιξε
1552 3033 1893 3142 imPe‘mfs";
1919 3033 2077 3142 ρυρά
2180 3031 2840 3142 m.;.;..;;;“..‘.;.'.;.;...;
2862 3031 3322 3141 an}.;."‘..;.:
3353 3031 3740 3126 ;.;.'.;.'..a..:...

1453 3124 2074 3235 -Ἦ,-δξξ¹ξ¹ξ¹¹ξξεῖ¹ῗξξ
2102 3157 2145 3218 C
2177 3122 2543 3235 quorumdam‘
2562 3122 2791 3230 mentes,
2838 3122 2906 3217 εἰ
2937 3177 2996 3217 se
3035 3161 3261 3216 minime
3285 3161 3596 3230 capientes,
3637 3173 3741 3228 quos

474 3213 636 3268 mada
683 3212 1012 3279 celebretur,
1063 3222 1122 3268 ut
1146 3213 1399 3283 quoniam
1450 3213 1759 3269 abundante
1789 3214 2073 3284 iniquitate

475 3301 731 3370 edicitur,
765 3311 824 3358 ut
850 3318 1239 3374 usquequaque
1270 3303 1480 3374 prolata
1526 3303 1730 3359 malitia
1756 3319 1892 3359 nova
1919 3319 2074 3358 exer-

477 3407 599 3451 ceat
646 3395 922 3460 facinora,
979 3410 1119 3451 nova
1177 3410 1393 3466 quoque
1428 3395 1544 3452 haec
1607 3395 1720 3466 ipsa
1783 3404 2077 3465 consurgat

480 3486 839 3552 consuetudo,
896 3500 1018 3556 qua:
1067 3486 1236 3555 possit
1289 3494 1414 3540 ante
1459 3485 1845 3556 omnipotentis
1891 3483 2076 3540 oculos

481 3585 669 3631 nostra
697 3589 819 3631 esse
849 3575 1117 3647 purgatio.

549 3665 614 3720 II.
647 3663 870 3720 Summa
900 3672 1084 3719 autem
1133 3663 1288 3720 nobis
1333 3663 1611 3735 vigilantia
1637 3672 1694 3718 et
1721 3663 1909 3733 grandi
1950 3661 2075 3718 reli-

481 3755 658 3828 gionis
689 3770 816 3808 cura
847 3753 1237 3824 providendum
1287 3763 1395 3819 est,
1425 3763 1485 3808 ut
1524 3752 1664 3807 mala
1695 3767 1816 3823 quae
1861 3753 2077 3808 assidue

482 3847 751 3918 perhibito
775 3853 1160 3915 perpetrantur
1183 3844 1575 3915 circumspecta
1597 3843 1878 3912 disciplina
1905 3843 2078 3898 eccle-

485 3937 706 3992 siastica
734 3936 1126 4004 exstirpentur.
1178 3934 1294 3989 Non
1318 3934 1460 3989 enim
1492 3941 1576 3989 est
1621 3934 1892 3988 incassum
1938 3934 2077 3988 scri-

481 4038 636 4098 ptum
667 4044 682 4082 :
712 4026 1005 4082 Pestilente
1048 4024 1318 4096 ﬂagellato
1364 4025 1559 4081 stultus
1597 4024 1896 4096 sapientior
1948 4025 2071 4080 erit.

2247 4007 2335 4064 iV.
2381 4007 2520 4080 Ergo
2540 4007 2664 4077 quia
2688 4016 2744 4062 et
2779 4006 3025 4078 religioni
3051 4005 3329 4061 inimicum
3364 4013 3419 4060 et
3457 4005 3744 4062 [nominibus

479 4096 842 4186 Quamobrem
881 4117 1134 4186 quoniam
1170 4116 1614 4186 przeponderante
1655 4131 1822 4173 onere
1848 4114 2069 4170 delicto.
2177 4109 2392 4156 constat
2420 4116 2539 4154 esse
2582 4099 2943 4170 perniciosum
2973 4097 3148 4152 futura
3187 4096 3370 4152 illicite
3405 4099 3669 4168 cogitare,
3703 4104 3745 4148 et

479 4224 601 4262 rum
627 4206 964 4278 experientia
1012 4220 1186 4276 paruae
1232 4221 1446 4276 semper
1471 4221 1535 4261 ac
1580 4221 1722 4276 saepe
1768 4205 1885 4260 ﬁeri
1912 4204 2075 4258 disci-
2179 4210 2338 4250 casus
2383 4195 2684 4264 principum
2738 4194 3063 4262 exquirere,
3125 4208 3190 4248 ac
3239 4193 3343 4247 sibi
3395 4193 3448 4247 in
3491 4203 3739 4263 posterum

479 4316 603 4356 mus
631 4299 776 4370 quod
807 4311 1130 4370 magnopere
1179 4298 1352 4353 vitare
1377 4297 1655 4354 debemus.
1711 4295 1866 4365 Quod
1906 4296 2071 4350 etiam
2177 4287 2462 4356 providere
2515 4302 2636 4341 cum
2689 4287 2949 4355 scriptum
3000 4286 3070 4339 sit
3111 4299 3125 4338 :
3172 4302 3190 4336 ι
3226 4284 3345 4340 Νοιι
3392 4293 3476 4340 est
3536 4297 3743 4341 vestrum

479 4391 783 4458 custoditur
831 4405 954 4446 cntu
1004 4390 1106 4444 hoc
1133 4388 1277 4460 quod
1307 4387 1506 4442 divinis
1553 4386 1914 4443 sacramentis
1951 4400 2079 4456 spo-
2178 4395 2339 4434 nosse
2375 4388 2644 4434 momenta
2679 4377 2761 4433 vel
2813 4387 3050 4447 tempora
3099 4393 3220 4448 qua:
3273 4376 3436 4432 Pater
3481 4377 3662 4448 posuit
3702 4375 3742 4426 in

481 4482 767 4553 pondimus
792 4521 808 4547 ,
853 4463 1158 4559 temeritate
1213 4494 1320 4534 non
1372 4477 1658 4534 violamus.
1714 4476 1946 4546 Ideoque
1991 4485 2076 4531 est
2104 4513 2153 4572 D
2179 4487 2274 4526 sua
2318 4480 2583 4541 potestate
2638 4470 2774 4542 (Αει-
2812 4487 2853 4534 ι,
2881 4471 2960 4540 7).
2997 4489 3017 4522 ι
3046 4471 3150 4524 hoc
3179 4469 3401 4525 decreto
3445 4482 3741 4526 censent“.

481 4552 933 4644 compescendum
963 4572 1105 4642 quod
1131 4552 1329 4626 crebro
1353 4569 1624 4625 invenitur
1650 4558 2070 4640 transgressum.
2104 4552 2151 4572 ν
2181 4573 2239 4618 ιιι
2279 4564 2524 4634 quisquis
2572 4565 2819 4618 iuventus
2853 4563 3016 4619 fuerit
3047 4564 3173 4620 talia
3217 4565 3574 4636 perquisisse,
3613 4573 3663 4618 et
3684 4561 3744 4611 vi-

483 4667 591 4724 set]
622 4683 691 4724 ne
735 4667 1086 4722 succedentes
1109 4664 1436 4736 ιιι-ποειιθηι,
1479 4679 1543 4718 ac
1566 4662 1759 4718 deinde
1785 4671 2076 4730 sequentes
2179 4665 2338 4708 vente
2383 4655 2627 4724 principe
2673 4655 2725 4709 in
2758 4654 2922 4708 alium
2948 4655 3240 4710 attendisse
3268 4672 3368 4726 pro
3399 4655 3583 4710 futura
3614 4653 3737 4723 regni

484 4759 760 4818 invideant
789 4758 1097 4824 altioribus,
1137 4764 1194 4811 et
1215 4765 1412 4810 cuncta
1440 4753 1622 4824 quieta
1652 4762 1708 4808 et
1735 4761 1926 4822 pacata
1953 4765 2079 4821 pcr-
2178 4762 2294 4816 spe,
2322 4757 2414 4800 aut
2456 4745 2590 4801 alios
2619 4747 2668 4801 in
2696 4762 2754 4802 se
2782 4759 3000 4818 propter
3024 4748 3074 4802 id
3098 4748 3413 4811 attraxisse,
3442 4763 3471 4800 a
3498 4753 3739 4802 conventu

483 4857 759 4914 maneant,
809 4849 924 4904 haec
975 4848 1028 4902 in
1063 4821 1293 4902 concilio
1337 4821 1699 4900 communiter
1737 4821 2078 4897 considerata
2177 4835 2563 4892 catholicorum
2593 4853 2715 4892 cum
2744 4837 3328 4892 exeorntnunicationis
3371 4837 3642 4892 sententia
3663 4849 3738 4886 ex-

486 4939 730 4996 del‘ertur
753 4940 1041 5005 sententia,
1073 4947 1131 4993 nt
1157 4937 1392 4992 servetis
1415 4948 1750 5005 quaecunque
1784 4930 2075 4987 universali
2177 4925 2427 4996 pellatur.

485 5044 536 5076 nl
569 5048 760 5078 magna
803 5033 1010 5078 svnmin
1049 5031 1264 5080 nmvisa
1314 5027 1728 5084 conscrintaoue
1764 5027 1908 5082 circa
1935 5023 2078 5086 prin-
2257 5015 2321 5071 V.
2366 5016 2472 5073 Sed
2500 5028 2554 5070 et
2583 5017 2683 5071 hoc
2721 5031 2818 5086 pro
2845 5016 3231 5086 pestilentiosis
3277 5016 3557 5072 hominum
3603 5014 3737 5069 mori-

2178 3359 2294 3404 tant
2337 3349 2672 3417 licenterque
2701 3346 2768 3401 ad
2819 3345 3020 3415 regalia
3052 3343 3350 3414 majestatis
3379 3344 3665 3412 pervenire
3687 3345 3743 3391 fa-

2175 3439 2366 3510 stigia:
2403 3439 2562 3508 hujus
2608 3438 2686 3494 rei
2711 3453 2875 3494 causa
2903 3447 3089 3493 nostra
3113 3437 3355 3492 omnium
3399 3452 3533 3490 cum
3563 3437 3744 3490 invoca-

2179 3530 2324 3584 tione
2355 3529 2534 3583 divina
2561 3529 2832 3598 praebetur
2860 3528 3150 3591 sententia,
3179 3534 3237 3580 ut
3261 3528 3304 3582 si
3335 3527 3460 3596 quis
3505 3527 3628 3580 talia
3653 3539 3741 3576 me

2176 3620 2380 3675 ditatus
2403 3617 2590 3683 fuerit,
2616 3633 2777 3688 quem
2805 3632 2906 3673 nec
2935 3617 3128 3672 electio
3151 3616 3392 3671 omnium
3417 3618 3650 3687 prmﬁcit
3669 3629 3743 3668 nec

2175 3711 2418 3768 Gothica:
2444 3712 2623 3783 gentis
2650 3711 2904 3767 nobilitas
2945 3711 3012 3764 ad
3044 3711 3188 3766 hunc
3215 3709 3425 3780 apicem
3459 3711 3657 3770 trahit,
3691 3708 3745 3761 sit

2177 3805 2452 3860 consortio
2493 3803 2886 3859 catholicorum
2926 3804 3188 3873 privatus,
3229 3812 3286 3858 et
3313 3803 3505 3860 divino
3552 3804 3745 3857 anathe-

2179 3908 2322 3953 mate
2343 3898 2750 3954 condemnatus.

2248 2980 2332 3034 Ill.
2362 2977 2658 3050 lnexpertis
2678 2980 2834 3035 novis
2861 2978 3102 3036 moribus
3129 2993 3324 3034 novam
3345 2979 3514 3035 decet
3537 2977 3742 3034 invenire
3828 2983 3829 3050 ἦ

2177 3271 2278 3312 nec
2304 3257 2455 3327 origo
2491 3264 2669 3320 ornat,
2709 3269 2811 3310 nec
2837 3255 3007 3309 virtus
3037 3255 3274 3319 decorat,
3323 3253 3415 3322 qui
3442 3252 3647 3321 passim
3671 3265 3740 3318 pn-
3826 3293 3827 3327 ξ
