3910 6440
163 389 255 456 ηδ

1357 395 1854 457 ίῡΕριιΕΤΑιιυΜ
1885 399 2284 462 COLLECTIO.

3319 408 3427 468 ιιι

220 509 300 566 ιιι.
333 495 510 566 Simili
552 494 888 581 providentia
916 523 1016 580 pro
1047 506 1298 565 ﬁdelibus
1329 523 1515 578 regum
1546 518 1729 564 nostra
1760 515 1809 572 A
1907 511 2037 567 Vill.
2066 514 2124 570 ln
2168 515 2252 569 his
2279 515 2530 572 omnibus
2567 530 2688 586 quae
2714 513 3074 586 prmmisimus
3101 527 3425 590 potestatem

159 606 298 660 latnr
323 603 634 668 sententia,
687 610 750 657 ut
785 601 1042 673 quisquis
1099 610 1375 673 superstes
1422 602 1729 672 principum

159 696 428 760 :xstiterit,
456 693 610 763 juste
658 695 712 749 in
762 695 928 752 rebus
992 694 1294 767 proﬂigatis
1337 703 1428 750 aut
1483 694 1730 766 largitate

155 790 398 862 principis
425 788 712 859 acquisitis
734 787 936 843 nullam
980 788 1178 845 debeat
1204 787 1408 844 habere
1435 785 1726 856 iacturam,

154 900 264 938 nam
308 883 353 938 si
402 881 638 937 licenter
677 890 738 937 et
799 880 996 952 injuste
1043 883 1430 950 perturbentur
1493 880 1728 934 ﬁdelium

152 982 367 1036 «nentes,
408 987 582 1027 nemo
622 971 832 1042 optabit
882 972 1162 1042 proprium
1200 980 1265 1026 ac
1295 971 1454 1027 ﬁdele
1492 973 1733 1042 prtehere

156 1065 452 1136 sbsequium
484 1104 502 1130 ,
561 1064 688 1119 dum
724 1072 932 1120 cuncta
989 1073 1185 1120 nutant
1234 1064 1288 1118 in
1334 1065 1626 1130 incertum,
1675 1072 1736 1120 et

150 1174 197 1211 in
212 1156 389 1211 futuro
420 1155 762 1210 discriminis
787 1153 1088 1211 formidant
1114 1170 1353 1219 causam,
1380 1155 1474 1210 sed
1496 1155 1654 1209 saluti
1678 1163 1732 1210 et

151 1251 298 1304 rebus
325 1255 517 1303 eorum
544 1247 860 1319 principalis
883 1247 1058 1318 pietas
1083 1246 1504 1318 debet-prwhere
1543 1244 1734 1301 suﬂ'ra-

153 1339 242 1409 gia.
296 1337 565 1408 exemplis
622 1337 767 1393 enim
820 1338 1008 1393 cmteri
1054 1347 1418 1408 provocantur
1455 1339 1522 1392 ad
1570 1337 1730 1393 ﬁdem

154 1448 257 1488 sum
277 1431 464 1485 ﬁdeles
494 1446 604 1485 non
628 1430 952 1485 fraudantur
978 1431 1251 1486 mercede.

209 1522 313 1577 VII.
354 1522 594 1600 Propter
653 1522 921 1576 malarum
978 1522 1238 1576 mentium
1315 1520 1630 1600 facilitatem
1679 1529 1735 1576 et

149 1614 410 1670 memorize
430 1594 728 1669 oblivionis
741 1613 844 1669 hoc
873 1612 1240 1668 sacratissima
1263 1593 1452 1668 statuit
1475 1613 1731 1684 synodus,

156 1717 201 1760 at
221 1706 269 1760 in
300 1705 450 1760 omni
472 1704 718 1760 concilio
741 1703 1121 1774 episcoporum
1153 1702 1424 1774 Hispaniae
1453 1703 1736 1759 universa-

153 1802 207 1854 εἰς
249 1799 464 1855 concilii
525 1799 804 1854 decretum
832 1799 977 1869 quod
1026 1807 1248 1870 propter
1285 1795 1588 1869 principum
1633 1811 1732 1852 no-

1833 605 2176 676 indulgentite
2225 608 2278 662 in
2309 607 2482 679 culpis
2507 609 2936 678 delinquentium
2967 611 3196 682 principi
3246 627 3424 669 reser-

1831 712 2056 762 vamus,
2111 709 2171 752 ttt
2215 696 2372 766 juxta
2431 699 2692 754 bonitatis
2756 715 2868 756 sua:
2919 703 3266 762 moderamen
3327 705 3417 760 ubi

1831 789 2267 846 emendationem
2303 793 2644 861 prospexerit
2673 794 2958 861 mentium,
2987 797 3202 852 veniam
3225 797 3431 854 tribuat

1831 881 2132 950 culparum.

1900 970 1991 1026 lx.
2031 971 2127 1028 llis
2177 988 2305 1030 vero
2357 977 2609 1032 omnibus
2658 977 2821 1034 ﬁnem
2889 988 2945 1035 et
2981 981 3145 1035 robur
3186 981 3429 1039 subscri-

1835 1063 2020 1134 ptione
2049 1073 2236 1121 nostra
2283 1066 2571 1134 facientes,
2605 1070 2831 1138 gloriam
2857 1080 2916 1128 et
2939 1071 3150 1127 laudent
3179 1075 3425 1144 omnipo-

1834 1156 1966 1211 tenti
2015 1156 2244 1213 Domino
2291 1159 2399 1214 Deo
2429 1160 2480 1214 in
2529 1170 2791 1230 quantum
2837 1163 3148 1220 mortalium
3187 1165 3428 1222 valitudo

1832 1247 1984 1314 sinit,
2017 1247 2312 1316 reddimus;
2341 1264 2459 1321 post
2509 1252 2626 1308 haec
2651 1254 2855 1325 gratias
2882 1255 3340 1314 excellentissimo
3374 1267 3449 1314 et'

1832 1335 2222 1406 gloriosissimo
2270 1342 2498 1412 principi
2559 1351 2746 1398 nostro
2791 1341 3119 1400 Chintillano
3149 1347 3263 1418 regi
3305 1361 3430 1418 per-

1832 1428 2060 1499 agimus,
2081 1429 2233 1498 cujus
2255 1432 2418 1487 ardor
2439 1433 2559 1490 ﬁdei
2574 1435 2808 1489 studium
2831 1435 2984 1491 bonae
3010 1436 3348 1504 intentionis,
3370 1449 3428 1493 et

1833 1521 2206 1576 unanimitatis
2223 1523 2266 1591 ι
2279 1524 2386 1594 ιθ
2404 1526 2748 1581 concordiam
2774 1527 2931 1583 nobis
2959 1527 3148 1583 tribuit
3173 1537 3228 1582 et
3252 1529 3431 1584 chari-

1834 1610 1980 1665 tatis.
2009 1611 2181 1667 Donet
2222 1613 2273 1666 ei
2306 1613 2566 1668 Dominus
2592 1615 2658 1670 de
2695 1615 2934 1673 inimicis
2978 1618 3333 1688 triumphum,
3373 1628 3431 1674 et

1833 1701 1898 1756 de
1925 1702 2262 1758 beatitudine
2287 1704 2563 1774 gaudium,
2612 1707 2891 1762 custodiat
2929 1721 3053 1764 eum
3094 1711 3432 1780 protectione

1834 1793 2074 1861 assidua,
2103 1803 2158 1850 et
2200 1797 2410 1852 muniat
2449 1797 2605 1853 bona:
2627 1797 2925 1855 voluntatis
2953 1815 3065 1857 suae
3093 1802 3428 1872 circumspe-

158 1904 370 1948 strorum
395 1901 481 1946 est
503 1890 733 1947 salutem
750 1891 1132 1956 constitutum,
1153 1891 1393 1961 peractis
1412 1891 1664 1946 omnibus
1685 1894 1738 1946 in
1771 1869 1815 1928 Β
1842 1887 2024 1942 ctione
2075 1887 2364 1949 tutissima,
2392 1888 2547 1959 cujus
2599 1903 2825 1959 regnum
2877 1901 3063 1947 manet
3115 1892 3168 1946 in
3235 1869 3433 1948 sarcula

157 1983 340 2054 synodo
391 1981 612 2051 publica
656 1996 790 2038 voce
831 1982 1025 2037 debeat
1054 1979 1396 2052 pronuntiari
1415 2011 1438 2046 ~,
1469 1991 1738 2052 quatenus

160 2087 281 2143 saepe
325 2073 653 2142 replicatam
682 2072 906 2128 auribus
935 2071 1022 2127 vel
1072 2069 1392 2128 assiduitate
1428 2072 1736 2144 iniquorum

159 2177 292 2219 tuens
320 2165 518 2219 territa
546 2164 882 2234 corrigatur,
906 2179 1028 2234 quae
1069 2165 1137 2218 ad
1181 2165 1648 2235 prazvaricandm
1684 2171 1740 2222 et

158 2254 407 2311 oblivione
437 2264 495 2311 et
523 2254 789 2310 facilitate
820 2256 1164 2325 perducitur.

179 2391 1208 2417 W

1840 1978 2182 2035 saeculorum.
2225 1979 2338 2050 Ego
2366 1979 2641 2050 Eugenius
2677 1980 2951 2036 Toletante
2987 1981 3272 2047 Ecclesia},
3303 1997 3433 2053 pro-

1840 2072 2032 2128 vincia:
2050 2071 2495 2144 Carthaginiensis
2519 2073 2964 2144 metropolitanus
2999 2075 3308 2145 episcopus,
3346 2074 3436 2130 his

1840 2165 2095 2220 omnibus
2135 2165 2205 2220 de
2250 2165 2464 2220 ceteris
2499 2180 2747 2220 annuens
2796 2163 2916 2218 sub.
2962 2164 3226 2221 Similiter
3258 2172 3314 2221 et
3342 2163 3434 2219 alii

1843 2256 2082 2327 episcOpi
2105 2255 2549 2326 subscripserunt
2572 2270 2801 2311 numero
2831 2256 3041 2326 viginti.

990 2530 1344 2592 INCIPlUNT
1379 2531 1724 2592 CAPITULA
1754 2485 2047 2592 CONClLIl
2085 2528 2431 2591 TOLETANI
2467 2526 2695 2589 SEXTl.

222 2709 270 2776 ἶ.
303 2709 382 2775 De
409 2717 751 2790 p.enitudine
785 2716 906 2771 ﬁdei
930 2715 1243 2772 ‘catholicm.

222 2811 270 2866 ἰ.
301 2811 372 2866 De
399 2809 787 2866 observatione
809 2808 1148 2863 litaniarum.

221 2900 272 2958 ὅ.
309 2903 380 2958 De
409 2901 660 2958 custodia
689 2900 809 2957 ﬁdei
838 2898 1168 2955 Judzeorum.

224 2996 271 3050 4.
313 2997 386 3050 Be
423 2994 780 3050 damnatione
828 2992 1151 3047 clericorum
1201 3006 1298 3061 per
1343 2989 1624 3062 pecuniam
1655 3001 1742 3042 ec.

289 3088 627 3144 clesiasticos
651 3086 852 3158 gradus
875 3085 1302 3156 assequentium.

225 3177 273 3231 5.
311 3178 384 3233 De
422 3177 714 3248 stipendiis
766 3175 1090 3232 clericorum
1124 3191 1190 3230 ne
1223 3190 1252 3229 a
1279 3173 1404 3242 jure
1434 3173 1740 3229 alienentur

166 3268 518 3324 ecclesiarum.

229 3357 277 3410 6.
312 3356 386 3415 De
415 3359 553 3413 viris
576 3368 631 3413 et
659 3357 872 3413 feminis
896 3355 1071 3412 sacris
1094 3355 1432 3426 propositum
1462 3363 1739 3424 transgre—

173 3447 420 3505 dientibus
456 3465 700 3506 sacrum.

232 3539 279 3593 7-.
313 3540 387 3596 De
417 3541 813 3612 paenitentibus
841 3538 1359 3611 transgressorilms.

229 3629 279 3686 8.
313 3634 461 3701 Quod
488 3634 815 3705 quibusdam
839 3633 1231 3704 [annitentibus
1259 3629 1489 3701 pristina
1521 3626 1742 3684 tradatu-

175 3730 251 3796 tur
271 3723 511 3796 collegia.

231 3794 279 3848 9.
319 3796 388 3852 De
405 3792 834 3868 'professorihus
866 3803 921 3851 ct
961 3793 1271 3850 obedientia
1301 3792 1617 3847 libertorum
1648 3804 1739 3845 ec-

176 3883 353 3943 clesiaa.

229 3977 308 4033 i0.
349 3979 422 4035 De
465 3979 732 4052 progenie
775 3979 1095 4035 libertorum
1141 3975 1382 4032 ecclesia:
1437 3989 1507 4031 ne
1551 3971 1632 4030 eis
1659 3971 1744 4026 vel

290 4072 742 4142 pronuntiatione
766 4073 836 4127 ab
872 4070 1102 4128 ecclesia
1133 4069 1296 4125 liceat
1325 4066 1570 4138 evagari.

1922 2691 2007 2745 ll.
2051 2689 2128 2746 Ne
2156 2692 2209 2747 in
2240 2690 2589 2747 accusatione
2620 2691 2858 2762 legitima
2885 2699 3154 2764 Quispiam
3181 2689 3440 2748 condent.

1853 2792 2027 2838 τιθιιιτ.

1923 2872 2011 2927 12.
2054 2873 2129 2928 De
2155 2873 2596 2945 confugientibus
2623 2875 2689 2928 ad
2715 2874 2918 2930 hostes.

1923 2963 2011 3018 15.
2056 2965 2130 3019 De
2154 2966 2359 3021 honore
2393 2967 2685 3037 primatum
2717 2966 2925 3036 palatii.

1925 3059 2010 3110 li.
2053 3057 2126 3111 De
2156 3060 2593 3116 remuneratione
2613 3060 2812 3116 collata
2845 3056 3092 3116 ﬁdelibus
3123 3073 3332 3134 regum.

1916 3149 2000 3203 15.
2046 3148 2116 3205 Ut
2144 3167 2232 3207 res
2266 3151 2512 3208 ecclesia:
2545 3168 2575 3207 a
2613 3154 2942 3224 quibuslibet
2963 3155 3109 3226 juste
3145 3155 3363 3211 collata:
3385 3153 3435 3210 in

1843 3257 2028 3298 earum
2062 3243 2212 3298 ﬁrma
2245 3245 2537 3302 stabilitate
2564 3261 2787 3316 perman
2809 3257 2941 3302 aut.

1917 3331 1999 3388 l6.
2049 3334 2121 3388 De
2146 3333 2516 3390 incolumitate
2540 3345 2599 3391 et
2624 3335 2926 3392 adhibenda
2954 3339 3241 3394 dilectione
3267 3339 3430 3410 regia:

1846 3425 2034 3495 prolis.

1915 3519 2000 3572 Π.
2044 3518 2120 3572 De
2148 3519 2233 3574 his
2260 3519 2352 3589 qui
2390 3532 2513 3589 rege
2562 3523 2852 3589 superstite
2907 3532 2999 3576 aut
3042 3522 3141 3576 sibi
3174 3532 3269 3576 aut
3315 3505 3434 3577 aliis

1841 3609 2152 3664 adfuturum
2192 3610 2476 3680 provident
2532 3623 2772 3682 regnum,
2801 3621 2857 3665 et
2907 3611 2973 3666 de
3035 3611 3280 3681 personis
3317 3620 3440 3681 qus}.

1848 3700 2203 3771 prohibentur
2223 3701 2293 3756 ad
2315 3716 2540 3772 regnum
2575 3703 2853 3758 accedere.

1919 3791 2006 3846 l8.
2050 3791 2126 3848 De
2147 3793 2392 3848 custodia
2425 3794 2547 3848 vitae
2569 3793 2869 3864 principum
2901 3803 2955 3848 ct
2980 3793 3290 3850 defensione
3313 3811 3441 3866 pro~

1844 3882 2156 3940 cedentium
2208 3899 2396 3954 regum
2443 3899 2474 3939 a
2529 3886 2882 3954 sequentibus
2924 3887 3254 3942 adhibenda.

1927 3974 2014 4030 19.
2059 3977 2132 4032 De
2185 3978 2486 4048 gratiarum
2561 3978 2868 4033 actionibus
2938 3979 2990 4033 in
3064 3979 3442 4038 communione

1849 4065 2065 4122 concilii
2096 4066 2206 4120 Deo
2235 4076 2290 4120 el
2327 4066 2557 4137 principi
2595 4067 2754 4121 dalis.

533 4327 998 4421 INCIPIT
1039 4324 1710 4418 CONCILIUM
1786 4318 2528 4416 TOLETANUM
2601 4319 3128 4414 SEXTUM.

235 4538 678 4600 Convenientihus
747 4541 905 4596 nobis
959 4537 1340 4609 Hispaniarum
1393 4535 1741 4606 Galliciaeque
1769 4521 1819 4582 Ι)
1847 4550 1991 4600 xuv,
2021 4535 2103 4606 2),
2137 4553 2154 4586 ι
2181 4543 2236 4590 et
2272 4532 2432 4602 juxta
2454 4535 2774 4604 prophetam
2801 4552 2815 4588 :
2842 4534 3076 4592 Verbum
3105 4515 3232 4592 fecit
3256 4538 3440 4592 Domi-

181 4633 497 4698 pontiﬁcibns
544 4648 666 4690 cum
719 4630 1008 4688 orthodoxi
1053 4639 1109 4684 et
1155 4628 1376 4701 gloriosi
1428 4627 1741 4684 Ghintiliaui

183 4723 303 4792 regis
329 4725 656 4781 salutaribus
704 4721 1083 4786 hortamentis,
1127 4719 1332 4790 absque
1357 4719 1745 4791 impedimento

182 4810 226 4865 in
259 4821 496 4884 prauorio
525 4817 806 4883 Toletano,
861 4817 915 4871 in
969 4813 1196 4870 ecclesia
1245 4822 1449 4869 sanctae
1502 4811 1745 4868 Leocha-

183 4902 268 4958 diae
315 4911 566 4983 martyris
600 4909 820 4966 sedibus
844 4907 1144 4972 collocatis,
1177 4905 1281 4962 sub
1309 4907 1394 4962 die
1430 4915 1582 4961 sexta
1617 4905 1744 4960 ldus

183 4988 414 5066 Januarii,
444 5017 589 5057 anno
616 5003 792 5073 primo
817 4997 1060 5072 prmdicti
1081 4997 1341 5068 principis
1368 5005 1424 5052 et
1447 4995 1744 5066 triumpha-

186 5087 298 5143 loris
316 5089 533 5160 Christi,
560 5109 668 5150 tera
697 5105 932 5157 ncuxx,
963 5091 1256 5145 statuimus
1303 5089 1492 5144 subter
1518 5089 1742 5144 inserta.

241 5181 356 5242 Car.
377 5188 418 5243 I.
454 5189 589 5247 Cum
625 5191 859 5262 primum
882 5188 1238 5260 omnipotenti
1273 5186 1384 5243 Deo
1410 5202 1507 5258 pro
1543 5199 1744 5241 corona

188 5265 410 5346 fI'atrnm,
441 5283 516 5338 ita
547 5296 850 5337 numerosae
875 5281 1062 5353 gratiae
1096 5281 1149 5334 in
1178 5280 1339 5338 nobis
1362 5279 1592 5335 fuissent
1619 5291 1744 5348 per-

189 5367 320 5428 “lie,
368 5369 498 5426 nihil
532 5370 746 5436 melius,
791 5369 927 5425 nihil
957 5368 1230 5424 salubrius
1277 5369 1518 5424 omnimn
1550 5367 1748 5423 insedit

190 5450 346 5511 animo
384 5475 544 5530 quam
593 5474 745 5516 more
791 5460 984 5533 synodi
1031 5459 1358 5516 universalis
1388 5468 1511 5529 post
1551 5457 1748 5514 solem-

192 5539 266 5596 nia
294 5550 576 5615 perfuncta
631 5552 897 5608 orationis
930 5551 1074 5621 quo.l
1136 5558 1318 5605 mente
1376 5549 1614 5604 interius
1658 5565 1751 5606 ru-

195 5632 502 5700 minabamus
535 5645 719 5716 lingua
751 5657 1120 5708 narraremus,
1172 5652 1230 5698 et
1261 5642 1406 5713 quod
1431 5643 1598 5712 corde
1624 5657 1746 5698 cre-

196 5720 445 5800 debantus,
473 5751 567 5794 ore
593 5747 931 5792 ructaremus
965 5749 1198 5804 superna
1235 5732 1449 5788 favente
1477 5735 1746 5790 sententia

197 5825 296 5881 quin
316 5823 410 5881 ait:
443 5847 463 5882 ι
482 5831 758 5887 Eructavit
779 5845 872 5887 cor
898 5844 1076 5888 meum
1099 5827 1324 5881 verbum
1350 5827 1544 5882 bonum
1572 5825 1746 5898 (Psal.

1847 4644 1948 4684 nus
1976 4627 2352 4683 abhreviatum
2378 4640 2541 4696 super
2564 4635 2786 4682 terram.
2803 4626 3167 4696 Quamobrem
3183 4643 3247 4683 ex
3266 4631 3439 4684 abun-

1845 4719 2026 4776 dantia
2055 4717 2228 4774 nostri
2243 4717 2426 4773 cordis
2441 4718 2513 4772 sit
2536 4717 2806 4774 confessio
2821 4719 2968 4774 vocis
2992 4728 3051 4773 ut
3073 4719 3234 4774 ﬁdem
3265 4736 3430 4790 quam

1847 4812 2089 4869 omnium
2114 4825 2268 4865 mens
2299 4809 2629 4868 intrinsecus
2654 4817 2853 4884 gestat,
2893 4810 2946 4864 in
2973 4809 3322 4866 confessione
3351 4813 3439 4866 in-

1851 4913 2062 4974 terpres
2080 4900 2262 4970 lingua
2286 4899 2420 4956 foris
2444 4899 2704 4956 effundat.
2732 4900 2916 4969 Itaque
2937 4899 3212 4972 credimus
3237 4910 3292 4954 et
3321 4917 3444 4971 pro-

1847 4993 2064 5049 ﬁtemur
2109 4992 2537 5048 sacratissimum
2584 4991 3170 5063 omnipotentissimam
3202 4991 3440 5046 Trinita-

1849 5096 1983 5150 tem,
2003 5085 2240 5149 Patrem,
2269 5093 2326 5141 et
2356 5085 2579 5150 Filium,
2601 5092 2655 5140 et
2688 5083 2954 5155 Spiritum
2978 5095 3252 5149 sanctum,
3275 5102 3440 5140 unum

1848 5177 2019 5232 Deum
2065 5175 2243 5231 solum
2273 5189 2405 5240 non,
2434 5174 2761 5240 solitarium,
2811 5175 2973 5231 unius
3001 5176 3273 5242 essentiue,
3332 5193 3440 5231 γετ-

1851 5269 1983 5324 tutis
2015 5309 2030 5333 ,
2093 5267 2416 5340 potestatis,
2481 5265 2820 5336 maiestatis,
2888 5269 3155 5340 uniusque
3214 5279 3440 5332 naturai.

1849 5361 2141 5418 discretam
2188 5361 2242 5416 in
2297 5358 2695 5430 separabilibus
2751 5361 3039 5432 personis,
3092 5361 3438 5416 indiscretatn

1847 5455 2213 5514 essentialiter
2233 5454 2535 5510 substantia
2558 5453 2794 5518 deitatis,
2827 5455 3148 5510 creatricem
3192 5453 3435 5508 omnium

1846 5557 2220 5605 creaturarum
2253 5587 2267 5610 ,
2320 5545 2537 5601 Patrem
2588 5545 2886 5616 ingenitum
2936 5547 3262 5609 incrsatum,
3317 5542 3437 5597 fon-

1855 5651 1960 5696 tem
1994 5650 2050 5694 et
2081 5639 2349 5708 originem
2374 5638 2538 5693 totius
2558 5637 2882 5704 divinitatis,
2909 5637 3101 5693 Filium
3125 5651 3153 5689 a
3177 5635 3337 5689 Patre
3356 5635 3436 5688 in-

1839 5730 2225 5802 temporaliter
2256 5740 2382 5786 ante
2419 5745 2636 5786 omnem
2685 5739 2991 5786 creaturam
3026 5729 3143 5783 sine
3172 5727 3327 5783 initio
3349 5742 3440 5798 gc-

1854 5826 2026 5879 nitum
2057 5839 2160 5878 non
2192 5833 2520 5887 creaturam,
2555 5839 2677 5878 nam
2727 5838 2826 5878 nec
2845 5810 3012 5877 Pater
3043 5836 3294 5891 unquatn‘
3323 5819 3441 5876 sine
