3910 6438
522 389 621 445 5M
1280 390 1568 445 APPEND.
1613 391 1703 444 AD
1740 386 1913 446 SEC.
1958 387 2048 445 IX.
2091 387 2436 444 --lSll)ORl
2475 390 2920 448 MERCATORIS
3673 393 3758 456 488

520 505 674 569 Filio,
698 519 797 560 nec
829 503 993 559 Filius
1019 503 1224 559 exstitit
1248 505 1363 560 sine
1393 503 1686 569 Patre,sed
1720 512 1899 558 tamen
1926 501 2094 556 Filius
2127 509 2170 566 Α
2202 501 2436 555 Inereses
2470 500 2859 570 exstirpantur,
2899 501 2952 556 in
2996 502 3096 556 hac
3119 501 3296 557 omnis
3328 501 3567 558 Ecclesia
3591 506 3756 562 collata

516 595 658 650 Deus
684 597 750 650 de
779 595 936 650 Patre
983 596 1114 657 Deo,
1153 611 1259 648 non
1301 594 1463 649 Pater
1493 595 1635 650 Deus
1689 595 1755 650 de
1798 593 1936 649 Filio
1965 594 2096 658 Deo,
2196 592 2310 662 jam
2327 593 2540 648 caelesti
2571 608 2736 664 regno
2765 594 3023 664 deinceps
3053 594 3104 648 in
3155 595 3352 650 szeculo
3392 599 3635 666 praesenti
3669 601 3758 670 glo-

515 682 606 736 ille
659 690 838 736 autem
893 680 1060 734 Filius
1104 679 1301 744 Patris,
1355 688 1409 734 et
1463 680 1605 734 Deus
1658 681 1724 734 de
1789 679 1951 734 Patre
2003 694 2101 749 per
2200 683 2393 748 riatur,
2423 691 2615 738 etnon
2663 683 2716 738 in
2751 683 2855 738 alia
2890 683 2992 738 ﬁde
3026 694 3159 740 est't
3197 685 3367 749 salus,
3398 702 3498 742 nec
3522 689 3758 746 enimno—

513 774 694 828 ouania
738 773 1028 844 coaequalis
1067 771 1238 837 Patri,
1289 772 1430 827 Deus
1480 787 1640 829 verus
1679 772 1747 827 de
1794 773 1902 827 Deo
1949 787 2095 837 vero,
2202 788 2324 828 men
2381 773 2524 828 aliud
2573 782 2658 829 est
2694 775 2794 829 sub
2843 774 2981 831 caelo
3011 776 3193 830 datum
3231 776 3540 833 hominibus
3585 779 3635 834 in
3671 797 3760 852 quo

513 870 777 941 Spiritum
836 885 1022 924 verum
1076 877 1324 923 sanctum
1377 883 1552 937 neque
1621 867 1864 938 genitum
1923 882 2099 937 neque
2198 873 2569 936 oporteatnos
2596 865 2775 921 salvos
2805 867 2920 921 ﬁeri
2951 866 3094 937 (Act.
3129 883 3204 931 IV,
3244 867 3358 937 l2).
3385 887 3404 919 ι

510 973 774 1026 creatum,
815 960 908 1015 sed
940 959 1006 1014 de
1045 958 1207 1013 Patre
1250 953 1496 1028 Filioque
1545 958 1931 1028 procedentem
1963 959 2099 1012 utri-
2266 955 2332 1010 ll.
2373 955 2788 1026 Religiosissimi
2820 957 3080 1026 principis
3125 959 3298 1012 nostri
3350 959 3675 1015 devotionem
3715 975 3760 1018 et

509 1067 680 1121 usque
727 1065 848 1106 esse
894 1051 1179 1120 Spiritum.
1230 1049 1310 1105 Ac
1362 1064 1461 1120 per
1516 1050 1619 1105 hoc
1667 1049 2098 1105 substantialiter
2197 1055 2508 1102 nostrorum
2562 1049 3009 1104 consacerdotum
3071 1049 3249 1118 primo
3312 1065 3458 1104 anno
3506 1053 3645 1119 regni
3691 1056 3756 1108 sui

507 1161 674 1200 unum
705 1154 830 1200 sunt
856 1145 948 1215 qui
982 1153 1038 1199 et
1082 1159 1222 1198 unus
1267 1143 1336 1198 ab
1359 1151 1590 1213 utroque
1617 1142 1880 1213 procedit.
1912 1141 1966 1196 ln
1995 1143 2096 1197 hac
2195 1137 2634 1192 constitutionem
2689 1152 2810 1192 cum
2861 1152 3054 1208 magna
3110 1139 3417 1192 reverentia
3463 1149 3519 1194 et
3561 1157 3756 1197 venera-

425 1241 468 1261 ·“
508 1245 687 1292 autem
717 1235 984 1290 Triuitate
1011 1242 1158 1289 tanta
1191 1243 1277 1289 est
1299 1236 1480 1289 unitas
1509 1233 1850 1298 substantiae,
1882 1240 1942 1286 ut
1979 1233 2096 1302 plu-
2196 1230 2340 1285 tione
2365 1230 2747 1301 suscipientes,
2777 1246 2940 1301 quam
2971 1229 3323 1300 constatjam
3362 1231 3417 1285 in
3445 1233 3590 1285 omni
3620 1249 3755 1303 regno

506 1326 720 1380 ralitate
743 1332 945 1388 careat,
977 1332 1031 1378 et
1060 1323 1422 1393 aequalitatem
1455 1332 1654 1378 teneat.
1694 1321 1805 1378 Nec
1832 1323 2009 1378 minor
2038 1323 2092 1377 in
2193 1337 2294 1377 suo
2311 1338 2486 1377 annua
2517 1323 2638 1378 vice
2661 1322 2946 1387 celebrari,
2979 1339 3140 1392 quam
3167 1323 3373 1393 placuit
3405 1324 3566 1378 etiam
3598 1337 3753 1380 nostra

505 1415 733 1486 singulis
763 1429 926 1484 quam
962 1413 1015 1468 in
1042 1415 1309 1477 omnibus,
1345 1429 1444 1469 nec
1487 1415 1661 1482 major
1681 1429 1843 1484 quam
1879 1414 1934 1468 in
1979 1414 2092 1468 sin-
2193 1415 2497 1471 assertione
2530 1414 2737 1469 ﬁrmari
2769 1433 2781 1468 :
2818 1415 3046 1484 proinde
3090 1413 3417 1469 universalis
3465 1416 3756 1470 auctoritate

503 1507 644 1579 gulis
682 1507 932 1578 personis
959 1516 1159 1561 manet.
1207 1506 1285 1560 Ex
1320 1507 1403 1561 his
1427 1507 1602 1561 tribus
1633 1507 1937 1561 divinitatis
1970 1521 2093 1576 per-
2191 1521 2477 1563 censemus
2506 1506 2747 1572 concilii,
2768 1516 2826 1560 ut
2851 1506 2904 1560 bi
2932 1507 3047 1561 dies
3079 1506 3397 1561 litaniarum
3428 1522 3546 1576 qua:
3579 1507 3629 1561 in
3651 1525 3750 1579 syn~

504 1600 653 1655 souis
703 1588 874 1654 solum
916 1598 1114 1654 Filium
1152 1596 1388 1652 fatemur
1427 1599 1494 1654 ad
1522 1598 1943 1668 redemptionem
1986 1600 2090 1653 hu-
2189 1601 2295 1656 odo
2329 1600 2609 1671 praemissa
2649 1608 2776 1656 sunt
2817 1598 3074 1664 instituti,
3107 1599 3297 1653 eodem
3338 1599 3391 1652 iu
3423 1607 3651 1669 tempore
3669 1615 3754 1668 quo

503 1693 650 1748 mani
707 1692 941 1762 generis,
997 1699 1220 1761 propter
1273 1690 1554 1761 culparum
1601 1691 1781 1746 debita
1831 1707 1952 1761 quae
1993 1707 2092 1762 per
2185 1693 2322 1763 jussi
2354 1703 2482 1749 sunt
2509 1694 2702 1757 excoli,
2739 1709 2920 1749 annuo
2965 1709 3186 1748 recursu
3231 1693 3382 1747 omni
3411 1693 3753 1748 observatione

501 1783 1070 1840 inobedientiamAdre
1095 1782 1457 1854 originaliter,
1503 1791 1559 1837 et
1588 1791 1775 1838 nostro
1799 1783 1970 1839 libero
1996 1800 2085 1838 ar-
2195 1786 2493 1842 habeantur
2539 1785 2900 1852 celeberrimi,
2959 1767 3170 1856 ut'pro
3219 1785 3330 1839 illis
3393 1785 3585 1854 quibus
3635 1802 3750 1841 nunc

498 1875 662 1930 bitrio
683 1876 1063 1932 contraximus
1095 1875 1409 1930 resolvenda
1439 1885 1650 1930 secreto
1677 1873 1880 1940 Patris,
1907 1889 1975 1930 ex
2003 1890 2091 1930 ar-
2124 1867 2166 1926 Β
2195 1894 2367 1948 usque
2398 1878 2558 1934 simul
2598 1894 2786 1934 sumus
2815 1878 3076 1948 implicati
3103 1877 3341 1942 delictis,
3373 1877 3446 1933 sit
3480 1888 3653 1933 nostra
3671 1895 3749 1934 ex-

498 1979 636 2022 cano
661 1968 980 2038 prodidisse,
1007 1975 1060 2022 et
1080 1967 1354 2021 hominem
1406 1967 1522 2022 siue
1558 1977 1780 2036 peccato
1801 1968 1868 2023 de
1898 1977 2088 2024 sancta
2191 1969 2358 2040 piatio
2385 1978 2513 2024 ante
2535 1968 2722 2023 oculos
2756 1968 2852 2022 Dei
2875 1967 3286 2039 omnipotentis.

497 2071 714 2128 semper
730 2059 938 2130 virgine
954 2059 1120 2113 Maria
1151 2058 1538 2128 assumpsisse,
1557 2068 1617 2112 ut
1646 2059 1786 2114 idem
1806 2059 1974 2115 Filius
1995 2059 2088 2116 Dei
2259 2061 2344 2117 ιιι.
2383 2060 2693 2117 lnﬁexibilis
2716 2059 3025 2116 Iudaeorum
3054 2058 3282 2130 perﬁdia
3315 2056 3520 2114 deﬂexa
3561 2057 3746 2112 tandem

493 2148 674 2204 Patris
702 2158 845 2204 esset
867 2149 1038 2204 Filius
1065 2150 1325 2215 hominis,
1367 2149 1510 2205 Deus
1545 2148 1820 2220 perfectus
1848 2159 1903 2206 et
1930 2151 2091 2206 homo
2190 2152 2403 2208 videtur
2425 2153 2627 2222 pietate
2647 2161 2700 2206 et
2725 2151 2965 2220 potentia
2993 2165 3250 2220 superna.
3283 2149 3424 2205 Hinc
3450 2150 3587 2204 enim
3608 2149 3746 2218 liquet

493 2236 792 2307 perfectus,
845 2249 904 2293 ut
943 2239 1106 2294 homo
1144 2238 1416 2309 perfectus
1453 2247 1510 2294 et
1552 2239 1694 2294 Deus
1751 2249 1896 2296 esset
1950 2257 2089 2298 unus
2189 2245 2332 2317 quod
2363 2247 2417 2300 in
2463 2244 2760 2315 spiramine
2795 2243 2992 2298 summi
3040 2241 3132 2296 Dei
3187 2241 3664 2296 excellentissimus
3702 2247 3744 2293 et

493 2329 766 2395 Christus,
816 2330 1027 2386 naturis
1074 2330 1128 2384 in
1155 2331 1366 2386 duabus
1413 2347 1520 2387 una
1566 2345 1825 2402 persona,
1860 2347 1928 2387 ne
1957 2347 2088 2402 qua-
2187 2334 2685 2390 Christianissimus
2722 2331 2972 2402 princeps
3001 2332 3196 2386 ardore
3242 2331 3366 2384 ﬁdei
3395 2330 3741 2391 inﬂammatus,

494 2423 723 2481 ternitas
750 2423 1001 2479 Trinitati
1029 2426 1334 2490 accederet,
1378 2427 1423 2481 si
1478 2427 1530 2480 in
1561 2427 1780 2482 Christo
1810 2428 2083 2499 geminata
2187 2440 2310 2479 cum
2337 2423 2486 2494 regni
2513 2422 2595 2477 sui
2627 2421 2997 2476 sacerdotibus
3023 2421 3502 2490 praevaricationes
3521 2430 3572 2473 et
3590 2434 3740 2487 super-

490 2529 720 2588 persona
743 2527 906 2573 esset,
948 2517 1091 2588 Ergo
1117 2533 1147 2571 η
1181 2518 1359 2580 pane,
1395 2518 1684 2589 ριἐρῑισίιυ
1705 2529 1904 2576 sancio
1930 2535 2087 2591 sepa-
2187 2515 2434 2570 stitiones
2481 2528 2668 2568 eorum
2709 2514 2987 2568 eradicare
3023 2511 3186 2583 elegit
3222 2512 3489 2576 funditus,
3516 2525 3605 2564 nec
3635 2510 3742 2564 sinit

490 2607 678 2664 rabilis
708 2607 950 2664 creditur
967 2623 1222 2678 persona,
1254 2608 1322 2663 ab
1357 2608 1574 2664 homine
1601 2619 1781 2664 autem
1810 2621 2086 2682 assumpto
2187 2607 2382 2675 degere
2420 2607 2473 2660 in
2505 2621 2671 2676 regno
2695 2621 2792 2659 suo
2822 2620 2944 2660 eum
2976 2605 3069 2674 qui
3103 2620 3208 2658 non
3240 2615 3328 2658 est
3357 2603 3662 2666 catholicus,
3684 2602 3739 2654 ob

490 2697 863 2764 natura,idcm
893 2713 1014 2752 cum
1039 2698 1229 2753 eodem
1256 2695 1470 2753 homine
1497 2708 1635 2753 unus
1658 2709 2085 2770 existatpersona
2188 2699 2344 2767 cujus
2395 2697 2660 2752 fervorem
2716 2695 2837 2750 lidei
2885 2696 3090 2766 gratias
3138 2695 3498 2765 omnipotenti
3546 2693 3738 2749 Domino

488 2801 611 2841 cum
629 2785 789 2842 Patre
810 2797 865 2841 et
887 2786 1091 2858 Spiritu
1115 2795 1305 2842 sancto
1329 2796 1647 2855 natura,ac,
1672 2790 2081 2858 sicutdiximus,
2186 2790 2443 2846 cmlorum
2488 2789 2721 2858 agimus,
2768 2802 2834 2842 eo
2873 2787 3017 2856 quod
3068 2796 3176 2840 tam
3218 2786 3486 2841 illustrem
3511 2780 3738 2838 creaverit

488 2893 555 2933 ex
586 2877 794 2932 duabus
821 2879 1026 2932 naturis
1049 2887 1103 2933 et
1123 2893 1228 2932 una
1261 2889 1514 2948 perSOna,
1553 2895 1691 2933 unus
1721 2890 1804 2933 est
1829 2882 2084 2937 Dominus
2187 2884 2422 2938 animam
2444 2891 2499 2936 et
2523 2897 2619 2936 sua
2653 2880 2943 2951 repleverit
2972 2879 3261 2950 sapientia,
3307 2879 3424 2948 ipse
3446 2892 3642 2947 quoque
3662 2873 3736 2927 do-

490 2978 674 3026 noster
718 2968 876 3024 Jesus
919 2969 1190 3032 Christus,
1225 2971 1276 3023 in
1309 2969 1482 3023 forma
1534 2971 1830 3026 divinitatis
1858 2972 2084 3041 :equalis
2186 2977 2352 3032 ηοιοὶ
2391 2985 2444 3031 et
2475 2975 2526 3029 in
2551 2973 2803 3044 przeseuti
2845 2973 3042 3028 szeculo
3067 2973 3368 3043 longaevam
3407 2971 3588 3033 vitam,
3615 2975 3663 3022 et
3694 2967 3733 3019 in

488 3062 657 3128 Patri,
701 3063 756 3117 in
807 3062 980 3117 forma
1027 3062 1168 3116 servi
1198 3063 1374 3115 minor
1402 3061 1584 3116 Patre.
1640 3061 1770 3118 litec
1806 3073 1888 3117 est
1931 3065 2080 3119 enim
2189 3069 2370 3124 futuro
2399 3067 2626 3137 gloriam
2656 3077 2938 3120 aeternam.
2985 3064 3118 3120 Illud
3147 3073 3332 3118 autem
3356 3062 3570 3134 provida
3611 3059 3734 3114 nobis

485 3165 593 3208 vox
635 3151 754 3224 eius
785 3154 846 3208 'in
892 3154 1138 3224 psalmo:
1184 3172 1201 3204 ι
1243 3152 1317 3207 De
1340 3161 1527 3208 ventre
1552 3154 1741 3209 matris
1773 3171 1905 3210 mem
1936 3155 2079 3210 Deus
2187 3175 2340 3225 cura,
2370 3167 2425 3214 et
2449 3158 2602 3212 valde
2630 3167 2716 3212 est
2744 3157 3141 3212 decernendum
3169 3156 3417 3226 vigilanti
3441 3152 3660 3215 solertia,
3682 3164 3734 3202 ne

487 3259 642 3301 meus
675 3260 734 3300 es
755 3253 809 3301 tu
856 3244 1026 3318 (Psal.
1066 3260 1182 3312 xxi,
1238 3245 1351 3316 ll).
1393 3265 1410 3296 ι
1462 3245 1630 3301 Natus
1669 3247 1852 3317 itaque
1881 3263 1911 3302 a
1969 3249 2077 3305 Deo
2105 3229 2149 3289 (ἶ
2181 3251 2296 3320 ejus
2331 3250 2454 3306 ﬁdei
2482 3250 2648 3315 calor,
2672 3259 2724 3305 et
2752 3258 2938 3304 noster
2971 3249 3126 3304 labor
3147 3249 3479 3319 quandoque
3504 3248 3552 3301 in
3585 3256 3732 3315 poste-

486 3331 605 3392 s‘ine
633 3344 830 3401 matre,
867 3335 1303 3406 natusavirgine
1331 3335 1450 3391 sine
1481 3335 1662 3404 Patre,
1701 3337 1848 3392 solus
1887 3355 1904 3389 ι
1944 3339 2078 3393 Vcr-
2181 3343 2256 3398 ris
2279 3339 2578 3411 tepefactus
2606 3340 2887 3410 liquescat.
2918 3338 3182 3405 Quocirca
3207 3353 3502 3392 consonam
3536 3350 3644 3390 cum
3679 3347 3730 3386 eo

485 3427 612 3483 bum
642 3444 770 3484 caro
801 3429 999 3483 factum
1031 3436 1133 3496 est,
1163 3437 1220 3482 et
1260 3428 1525 3484 habitavit
1577 3430 1630 3485 in
1662 3430 1818 3486 nobis
1851 3431 2070 3503 (Joann.
2180 3436 2344 3492 corde
2375 3443 2430 3490 et
2477 3450 2572 3489 ore
2606 3432 3012 3503 promulgamus
3044 3433 3156 3486 Deo
3195 3431 3515 3500 placituram
3553 3437 3730 3484 senteno

485 3521 658 3592 1,14).
689 3541 706 3573 ι
744 3521 957 3576 Etcum
991 3529 1102 3577 tota
1143 3530 1432 3592 cooperata
1464 3523 1535 3577 sit
1579 3521 1819 3580 Trinitas
1869 3523 2077 3580 forma-
2182 3529 2334 3594 tiam,
2387 3527 2546 3582 simul
2581 3527 2747 3580 etiam
2799 3541 2922 3579 cum
2971 3540 3193 3580 suorum
3243 3524 3562 3594 optimatum
3608 3519 3727 3574 illus-

491 3615 664 3670 tioncs
693 3616 928 3685 suscepti
969 3615 1230 3680 hominis,
1272 3616 1526 3683 quOniam
1552 3615 1929 3685 inseparabilia
1951 3625 2077 3671 sunt
2183 3619 2461 3688 triumque
2509 3618 2746 3672 virorum
2779 3631 3046 3670 consensu
3078 3625 3133 3670 et
3161 3614 3547 3670 deliberatione
3590 3607 3728 3666 sanci-

485 3721 646 3777 opera
662 3699 970 3771 Trinitatis:
984 3707 1132 3761 solus
1157 3715 1333 3760 tamen
1351 3704 1520 3760 Filius
1541 3707 1777 3776 suscepit
1801 3708 2074 3762 hominem
2180 3724 2322 3774 mus,
2351 3717 2408 3762 ut
2435 3708 2683 3777 quisquis
2709 3707 3114 3761 succedentium
3143 3716 3449 3776 temporum
3480 3702 3616 3774 regni
3638 3716 3728 3756 sor-

488 3799 924 3870 iusiugularitate
954 3815 1220 3870 personzc,
1248 3816 1352 3853 non
1386 3801 1436 3853 in
1467 3799 1673 3855 unitate
1700 3801 2073 3856 diviuaznatu-
2181 3801 2310 3854 titus
2338 3797 2502 3853 fuerit
2532 3798 2762 3867 apicem,
2796 3813 2902 3851 non
2935 3806 3058 3853 ante
3086 3799 3424 3853 conscendat
3459 3809 3627 3866 regum
3658 3804 3728 3846 se-

486 3905 582 3955 ne,
622 3890 674 3944 id
703 3890 956 3959 estquod
987 3891 1264 3960 proprium
1297 3899 1382 3944 est
1413 3889 1533 3944 Filii
1591 3906 1694 3946 non
1728 3891 1868 3960 quod
1922 3908 2073 3946 coms
2177 3891 2332 3954 dem,
2357 3890 2670 3959 quaminter
2689 3889 2890 3958 reliqua
2910 3890 3280 3944 conditionum
3300 3880 3725 3954 sacramentapob

485 3996 648 4037 tuune
675 3991 754 4036 est
785 3982 1059 4036 Triuitati.
1103 3981 1238 4035 Nam
1271 3983 1314 4035 si
1348 3998 1508 4036 unam
1539 3983 1648 4036 uati
1680 3983 1933 4049 hominis,
1981 3984 2072 4038 Dei
2177 3980 2356 4041 licitus
2387 3985 2548 4040 fuerit
2580 3985 2720 4040 hanc
2758 3999 2814 4038 se
2853 3983 3175 4038 catholicam
3217 4001 3327 4039 non
3371 3983 3723 4056 permissurum

485 4073 713 4127 alteram
728 4073 1046 4128 confecisset
1064 4089 1372 4144 personam,
1399 4083 1508 4128 tota
1527 4071 1766 4130 Trinitas
1780 4089 1974 4146 corpus
1990 4092 2075 4131 as-
2175 4093 2271 4134 eos
2293 4077 2496 4132 violare
2527 4076 2708 4139 ﬁdem,
2761 4077 2852 4130 sed
2885 4087 2940 4129 et
2989 4075 3296 4130 nullatenus
3319 4092 3502 4132 eorum
3525 4069 3722 4144 perﬁdiae

484 4163 823 4234 sumpsisset,
845 4164 1100 4233 quoniam
1125 4172 1339 4219 constat
1362 4173 1612 4218 naturam
1641 4165 1925 4222 Trinitatis
1954 4182 2074 4223 esse
2177 4169 2365 4226 favens
2396 4169 2478 4224 vel
2521 4169 2757 4239 quolibet
2785 4167 3052 4238 neglectu,
3077 4179 3170 4221 aut
3195 4170 3492 4237 cupiditate
3521 4167 3717 4224 illectuS,

483 4270 671 4322 unam,
737 4272 842 4310 non
893 4264 1071 4310 tamen
1101 4271 1410 4326 personam.
1473 4256 1574 4311 Hic
1629 4272 1758 4328 ergo
1816 4259 2073 4315 Dominus
2176 4260 2244 4315 ad
2271 4259 2568 4330 praecipitia
2600 4258 2933 4313 inﬁdelitatis
2984 4259 3186 4312 aditum
3234 4261 3473 4329 praebeat
3505 4253 3720 4328 prmt'ari-

483 4354 670 4402 noster
690 4343 847 4401 Jesus
866 4345 1115 4400 Christus
1140 4346 1336 4402 missus
1357 4362 1387 4400 a
1419 4344 1581 4402 Patre
1605 4348 1906 4418 suscipiens
1927 4349 2070 4418 quod
2098 4393 2102 4398 .
2177 4351 2431 4414 cationis,
2492 4350 2585 4405 sed
2629 4350 2770 4418 quod
2817 4365 3145 4419 magnopere
3177 4360 3369 4406 nostro
3397 4359 3478 4406 est
3517 4355 3719 4415 tempore

483 4453 589 4493 non
633 4445 770 4501 erat,
825 4452 926 4492 nec
983 4437 1240 4493 amittens
1264 4438 1406 4509 quod
1443 4447 1585 4504 erat,
1637 4439 1962 4495 inviolabilis
2005 4443 2072 4498 de
2177 4442 2542 4513 conquisitum
2593 4441 2787 4495 debeat
2838 4441 3096 4496 illibatum
3129 4458 3478 4511 perseverare
3511 4442 3558 4495 in
3602 4438 3720 4492 futu-

481 4544 600 4593 suo,
637 4527 884 4582 mortalis
909 4529 976 4582 de
1001 4536 1206 4594 nostro,
1239 4529 1386 4583 venit
1413 4529 1465 4584 in
1495 4530 1638 4584 hunc
1669 4531 1924 4586 mundum
1948 4546 2072 4601 pec-
2103 4587 2145 4604 λ
2177 4550 2319 4589 rum.
2362 4533 2498 4588 Nam
2533 4533 2802 4588 incassum
2836 4533 3035 4588 bonum
3065 4535 3260 4604 agitur,
3288 4537 3334 4589 si
3371 4552 3472 4590 non
3496 4533 3601 4602 ejus
3619 4542 3716 4600 μνο-

481 4629 696 4676 calores
741 4619 918 4674 salvos
976 4619 1156 4675 facere
1199 4628 1254 4675 et
1299 4621 1584 4676 credentes
1623 4619 1947 4689 justilicare,
1991 4623 2070 4677 fa-
2100 4587 2147 4646 Ι)
2177 4627 2389 4683 videtur
2417 4627 2842 4698 perseverantia.
2881 4627 3020 4697 Ergo
3063 4637 3352 4697 postquam
3399 4628 3579 4682 ordine
3601 4635 3713 4693 prato

481 4713 739 4782 ciensque
788 4710 1057 4766 mirabilia
1100 4711 1330 4766 traditus
1367 4720 1452 4767 est
1479 4721 1700 4782 propter
1727 4710 1923 4767 delicta
1978 4729 2073 4769 no-
2178 4718 2467 4773 missorum
2504 4718 2569 4772 ad
2607 4718 2972 4788 gubernacula
3002 4721 3316 4788 iaccesserit
3351 4721 3529 4790 regni,
3557 4717 3594 4771 si
3623 4715 3713 4783 ipse

482 4811 615 4867 Sll'a.
648 4811 894 4857 mOI‘lllllS
928 4811 1011 4857 εει
1039 4813 1262 4872 ιποριθι*
1288 4803 1652 4874 expiationem
1693 4813 1956 4869 nostram.
1983 4820 2072 4859 νε·
2176 4820 2472 4866 temerator
2522 4808 2682 4878 hujus
2717 4811 2991 4865 exstiterit
3039 4813 3317 4880 promissi,
3352 4813 3420 4867 sit
3465 4809 3708 4864 anathema

481 4897 718 4951 surrexit
745 4903 968 4966 propter
1014 4894 1454 4967 justilicationem
1488 4905 1751 4960 nostram,
1805 4895 1961 4964 hujus
2000 4896 2066 4950 li-
2175 4903 2494 4956 marathana
2527 4902 2579 4956 in
2625 4910 2916 4971 conspectu
2951 4901 3066 4966 Dei,
3113 4912 3168 4958 et
3208 4904 3459 4972 pabulum
3488 4897 3709 4955 eﬁiciatur

482 5003 612 5042 vore
634 4988 832 5053 sanati,
855 4987 1015 5059 hujus
1042 4997 1217 5044 morte
1235 4988 1343 5042 Deo
1362 4987 1510 5042 Patri
1535 4987 1887 5049 reconciliati,
1913 4987 2020 5053 htljl

2174 4994 2318 5065 ignis
2347 4994 2556 5056 aeterni,
2591 4993 2859 5062 simulque
2886 5008 3008 5046 cum
3052 5009 3117 5049 eo
3147 4994 3490 5048 damnatione
3518 4981 3703 5059 peI‘CIIlSl

479 5078 880 5134 resurrectione
927 5093 1113 5135 sumus
1164 5078 1499 5134 resuscitati.
1529 5075 1703 5144 Quem
1734 5077 1896 5132 etiam
1931 5093 2065 5132 veno
2172 5085 2482 5154 quicunque
2533 5083 2874 5139 sacerdotum
2921 5085 3000 5138 vel
3053 5086 3280 5154 quilibet
3320 5083 3704 5140 Christianorum

482 5178 662 5222 turum
691 5166 743 5220 in
772 5167 879 5221 ﬁne
903 5177 1279 5238 exspectamus
1305 5166 1650 5231 steculorum,
1674 5181 1798 5221 cum
1823 5179 2026 5220 resurrt

2171 5191 2356 5231 eorum
2386 5175 2644 5244 implicati
2673 5175 2876 5232 fuerint
2904 5185 3134 5233 terrore.
3164 5176 3274 5234 Nos
3295 5178 3487 5234 etenim
3514 5175 3576 5228 iti
3597 5183 3701 5240 pra:-

474 5267 661 5314 Ὀιιοιιθ
699 5257 942 5312 omnium
983 5257 1291 5326 ωσιιιίεείιιιο
1339 5271 1437 5312 δυο
1474 5255 1676 5324 indic“)
1729 5253 2064 5309 redditurum
2171 5267 2343 5320 sentia
2376 5266 2739 5332 decernimus,
2787 5276 2846 5321 ut
2887 5269 3162 5337 prmterita
3199 5285 3319 5338 quae
3373 5268 3424 5322 in
3455 5254 3700 5319 universali

475 5349 638 5419 justis
652 5347 894 5420 prtemia,
911 5347 1087 5417 impiis
1102 5361 1310 5418 pinnas.
1331 5347 1626 5402 Ecclesiam
1642 5360 1858 5415 quoque
1871 5345 2019 5399 cathc

2170 5360 2375 5429 synodo
2421 5359 2488 5413 de
2537 5359 2737 5414 Judmis
2788 5360 3094 5429 conscripta
3163 5369 3290 5415 sunt
3346 5357 3695 5414 conﬁrmemusi

477 5440 638 5496 licam
655 5439 1059 5496 credimussine
1082 5439 1288 5494 macula
1312 5449 1364 5493 et
1392 5452 1544 5508 ruga,
1569 5451 1766 5506 corpus
1787 5433 1903 5504 ejus
1919 5449 2063 5499 esse,
2170 5452 2420 5522 quoniam
2462 5465 2525 5505 ea
2580 5467 2700 5520 qua,
2742 5453 3047 5506 necessaria
3080 5469 3178 5523 pro
3214 5467 3398 5508 eorum
3447 5443 3697 5504 sali-adnue

480 5546 816 5603 regnumque
851 5531 1153 5586 habituram
1198 5546 1321 5586 cum
1347 5531 1524 5600 capite
1568 5543 1667 5583 suo
1707 5527 2021 5597 omnipoten

2167 5545 2334 5602 scribi
2385 5552 2695 5614 potuerunt,
2744 5545 2796 5598 in
2841 5544 3045 5600 eisdem
3078 5560 3201 5600 esse
3250 5554 3407 5600 cauta
3450 5537 3689 5594 sancimus.

470 5622 868 5688 Christo-Iesu,
897 5631 1181 5694 postquam
1212 5623 1320 5676 hoc
1338 5619 1686 5689 corruptibile
1719 5619 1955 5674 induerit
1981 5619 2066 5673 in-
2171 5635 2510 5704 Quapropter
2529 5649 2649 5702 quae
2674 5643 2800 5688 tunc
2830 5633 3044 5688 decreta
3073 5642 3200 5688 sunt
3225 5633 3444 5688 valitura
3468 5639 3572 5681 esse
3595 5633 3692 5674 ccu-

480 5716 904 5786 corruptionem,
928 5725 982 5773 et
1006 5716 1229 5772 mortale
1251 5714 1731 5780 immortalitatem,
1749 5722 1807 5768 ut
1832 5714 1904 5768 sit
1925 5712 2070 5768 Deus
2173 5741 2374 5782 scmus,

477 5809 738 5864 omniain
760 5811 1030 5871 omnibus.
1068 5810 1178 5868 Hac
1205 5811 1307 5869 ﬁde
1333 5812 1491 5868 corda
1537 5807 1916 5882 puriﬁcantur,
1968 5810 2069 5867 hac
2243 5819 2331 5876 ιγ.
2373 5818 2526 5883 saepe
2565 5819 2877 5887 pullulantia
2907 5817 3194 5888 pravitatis
3219 5814 3450 5890 germina
3485 5808 3589 5864 licet
3610 5808 3686 5854 μ’
