3834 5428
66 295 157 352 ιλιι

63 409 264 480 pissime
304 407 538 478 primum
577 406 722 478 justa
777 410 1086 465 noverimus
1123 411 1409 465 severitate
1467 411 1612 465 dam-
1648 417 1692 474 Α

66 512 197 565 nata,
219 501 343 570 quia
371 510 550 556 tamen
577 501 783 557 crebris
812 504 1215 574 conspiciuntur
1243 504 1420 558 denuo
1443 502 1623 573 vigere

66 587 338 652 radicibus,
365 586 592 658 jus-tiliae
621 591 832 646 acriore
855 593 1038 664 vigore
1069 592 1324 646 radicitus
1344 599 1625 660 amputare

62 682 343 748 sancimus.
368 681 601 738 Proinde
641 686 950 756 quicunque
998 685 1236 742 Simonis
1277 685 1516 740 imitator
1550 685 1625 739 si-

61 774 300 828 moniacae
325 790 540 845 quoque
573 777 796 832 haeresis
818 779 1091 834 exstiterit
1113 787 1349 834 sectator
1374 785 1433 832 ut
1453 777 1624 833 eccle-

62 861 384 917 siasticorum
417 866 667 921 ordinum
709 869 908 938 gradus
957 884 1064 923 non
1119 868 1378 938 dignitate
1413 883 1623 922 morum

60 956 305 1021 obtineat,
329 957 425 1012 sed
452 974 734 1014 munerum
759 961 1092 1031 impensione
1132 961 1419 1031 conquirat
1446 969 1500 1014 et
1528 975 1627 1031 per

61 1046 218 1101 oblata
247 1064 472 1104 munera
519 1051 714 1122 capiat,
755 1052 952 1122 quibus
983 1053 1126 1108 hunc
1158 1069 1258 1110 nec
1287 1054 1514 1110 rationis
1539 1069 1628 1109 or-

63 1139 142 1204 do,
177 1155 271 1196 nec
293 1141 530 1211 dignitas
561 1157 770 1197 morum
818 1143 923 1198 ulla
967 1145 1330 1211 commendat,
1384 1145 1512 1200 talis
1548 1144 1626 1202 in-

62 1240 235 1284 ventus
278 1237 560 1287 sacrorum
611 1234 858 1289 ordinum
908 1236 1088 1312 apices
1139 1238 1354 1306 penitus
1401 1236 1627 1307 adipisci

65 1320 193 1375 nullo
226 1321 381 1376 modo
412 1323 780 1396 permittatur,
824 1325 917 1387 sed
973 1334 1029 1379 et
1071 1325 1116 1382 si
1165 1325 1391 1395 adeptus
1441 1324 1627 1389 fuerit,

64 1411 420 1467 communione
470 1413 716 1484 privatus
744 1430 868 1469 cum
921 1415 1326 1472 ordinatoribus
1362 1414 1476 1470 suis
1503 1429 1631 1486 pro—

64 1501 280 1574 priorum
307 1487 576 1557 bonorum
606 1504 900 1570 amissione
928 1504 1233 1569 damnetur.

125 1592 183 1645 V.
224 1591 377 1662 Saepe
424 1593 485 1648 fit
534 1602 592 1648 ut
626 1594 941 1664 proprietati
980 1594 1204 1666 originis
1241 1594 1473 1650 obsistat
1510 1592 1630 1650 lon-

68 1687 313 1758 ginquitas
349 1687 630 1756 temporis.
659 1686 996 1758 Quapropter
1009 1687 1353 1758 providentes
1381 1686 1626 1742 decerni-

70 1791 188 1839 mus,
219 1786 276 1830 ut
300 1779 423 1846 quis
468 1778 788 1832 clericorum
821 1779 1147 1848 stipendium
1176 1779 1242 1834 de
1269 1778 1430 1834 rebus
1452 1779 1628 1835 eccle-
1659 1764 1707 1824 Β

71 1868 148 1920 size
169 1867 481 1938 cujusquam
531 1871 767 1940 episcopi
815 1873 1042 1942 percipit
1088 1872 1358 1943 largitate,
1381 1873 1480 1927 sub
1515 1885 1633 1942 pre-

73 1958 215 2013 cariae
238 1961 458 2015 nomine
472 1960 658 2015 debeat
682 1962 1073 2031 professionem
1097 1963 1357 2030 scribere,
1386 1979 1484 2018 nec
1501 1978 1638 2032 prae-

75 2050 286 2104 tentione
354 2051 613 2105 diuturna
696 2052 1066 2121 praejudicium
1127 2054 1319 2108 aﬂ‘erat
1373 2053 1636 2118 ecclesiae,

78 2151 118 2192 et
146 2157 473 2212 quaecunque
491 2142 542 2196 in
559 2159 658 2197 usu
700 2146 1022 2214 perceperit,
1049 2145 1241 2200 debeat
1266 2145 1469 2200 utiliter
1494 2146 1642 2201 labo-

81 2246 202 2295 rare,
235 2241 416 2287 utnec
464 2249 551 2290 res
578 2233 744 2288 div-ini
770 2233 910 2310 juris
940 2235 1224 2294 videantur
1270 2237 1448 2306 aliqua
1482 2252 1640 2292 occa-

78 2321 207 2374 sione
229 2323 445 2393 negligi,
475 2333 528 2378 et
559 2325 856 2380 subsidium
880 2325 948 2380 ab
971 2327 1196 2391 ecclesia
1215 2329 1301 2384 cui
1329 2328 1644 2384 deserviunt

80 2412 326 2481 percipere
340 2413 555 2482 possint
586 2415 790 2470 clerici.
815 2416 966 2484 Quod
982 2418 1023 2472 si
1039 2419 1160 2488 quis
1192 2434 1378 2479 eorum
1395 2428 1639 2476 contem-

82 2503 220 2568 pserit
241 2503 437 2571 facere,
472 2507 586 2584 ipse
610 2522 666 2562 se
698 2509 963 2578 stipendio
977 2525 1074 2565 suo
1099 2511 1366 2566 videbitur
1403 2512 1638 2581 privare.

145 2591 216 2646 Vl.
254 2593 521 2650 Proclivis
545 2612 736 2652 cursus
757 2599 927 2652 estad
952 2599 1278 2669 voluptatem
1298 2608 1352 2656 et
1379 2600 1641 2654 imitatrix

85 2693 247 2736 natura
277 2685 570 2740 vitiorum:
611 2689 960 2756 quamobrem
991 2690 1239 2760 quisquis
1274 2691 1516 2745 virorum
1565 2691 1647 2744 vel

92 2773 346 2830 mulierum
387 2777 638 2832 habitum
670 2779 835 2834 semel
881 2779 1118 2836 induerit
1171 2791 1473 2851 spontanee
1527 2781 1650 2836 reli-

88 2866 286 2937 giosum,
316 2881 406 2923 aut
441 2870 488 2925 si
514 2871 598 2930 vir
620 2872 832 2927 deditus
861 2872 1122 2937 ecclesiae,
1151 2873 1231 2928 vel
1265 2873 1464 2928 femina
1487 2875 1651 2929 fuerit

92 2969 167 3012 aut
197 2959 286 3015 fuit
316 2961 565 3046 delegata
606 2953 906 3035 puellarum
951 2967 1304 3033 monasterio,
1336 2969 1390 3022 in
1421 2977 1650 3038 utroque

90 3062 198 3102 sexu
243 3053 622 3118 praevaricator
644 3053 710 3108 ad
751 3055 1088 3125 propositum
1111 3055 1312 3110 invitus
1341 3059 1536 3113 reverti
1564 3074 1652 3113 co-

93 3147 238 3205 gatur,
267 3150 322 3195 ut
349 3143 432 3197 vir
465 3115 923 3212 detondeaturxet
951 3146 1124 3215 puella
1167 3147 1234 3202 ad
1261 3149 1646 3203 monasterium
1677 3115 1722 3177 ς’

96 3232 417 3298 regrediatur.
449 3233 507 3288 Si
533 3242 710 3289 autem
739 3237 980 3306 quolibet
1008 3237 1311 3306 patrocinio
1338 3239 1650 3294 desertores

94 3334 380 3386 permanere
423 3323 715 3390 voluerint,
745 3327 1064 3381 sacerdotali
1105 3329 1366 3383 sententia
1419 3344 1448 3381 a
1488 3329 1648 3384 Chri—

68 3419 362 3468 stianorum
386 3425 532 3470 ccetu
557 3417 862 3472 habeantur
883 3429 1151 3486 extorres,
1184 3429 1244 3474 ut
1269 3435 1367 3475 nec
1393 3420 1544 3476 locus
1574 3421 1654 3476 eis

100 3503 215 3559 ullus
237 3507 302 3561 sit
323 3509 746 3564 communionis.
793 3511 976 3565 Vidua:
1016 3526 1231 3582 quoque
1271 3511 1412 3566 sicut
1439 3511 1657 3567 univer-

100 3598 205 3654 salis
247 3605 486 3672 synodus
516 3603 631 3674 jam
687 3606 878 3661 statuit
917 3607 1272 3678 professtonis
1322 3607 1404 3662 vel
1444 3608 1658 3664 habitus

97 3692 164 3744 sui
187 3693 506 3751 desertrices
525 3698 792 3766 superiori
818 3699 1086 3754 sententia
1109 3699 1558 3756 condemnentur.

163 3784 306 3856 119
341 3786 458 3842 VII.
501 3787 758 3854 Quamvis
789 3790 968 3860 priora
1002 3806 1272 3860 nunquam
1307 3790 1560 3845 siluerint
1591 3791 1660 3846 de

105 3879 232 3926 tanto
261 3875 502 3931 facinore
530 3877 780 3944 concilia,
812 3878 954 3934 ratio
1000 3887 1180 3933 tamen
1230 3879 1465 3950 deposcit
1499 3889 1557 3936 ut
1595 3896 1657 3936 ea

103 3977 204 4029 quae
244 3967 511 4037 frequenti
562 3969 1005 4038 praevaricatione
1058 3971 1344 4038 iterantur,
1392 3971 1661 4042 frequenti

107 4062 340 4116 sententia
371 4064 821 4124 condemnentur.
863 4065 930 4122 Et
960 4065 1100 4130 ideo,
1132 4073 1280 4120 tanta
1309 4065 1518 4121 exstitit
1542 4080 1663 4135 per-

108 4150 308 4205 versitas
349 4153 630 4208 hominum
672 4163 732 4210 ut
770 4155 848 4221 hi,
879 4170 1013 4226 quos
1057 4157 1155 4211 sub
1190 4155 1441 4225 religioso
1477 4156 1663 4210 habitu

111 4241 414 4304 paenitentiae
444 4245 708 4314 professio
743 4261 840 4315 pro
873 4245 1027 4301 venia
1069 4256 1414 4316 peccatorum
1457 4245 1523 4299 ad
1555 4260 1666 4299 ma-

113 4342 218 4382 num
246 4333 539 4388 sacerdotis
569 4335 788 4391 deducit
817 4335 898 4390 vel
928 4335 1173 4402 adduxit,
1202 4335 1397 4390 iterum
1427 4334 1665 4389 rediviva

115 4424 288 4480 malitia
328 4429 394 4484 ad
437 4427 561 4481 vitae
595 4427 838 4498 pristinae
877 4427 1062 4482 sordes
1099 4436 1334 4482 revocet.
1377 4425 1545 4496 llujus
1591 4427 1665 4481 rei

115 4534 276 4588 causa,
301 4531 485 4577 sancta
537 4519 775 4591 synodus
819 4519 1058 4574 decernit
1095 4528 1171 4585 ut,
1200 4519 1243 4572 si
1271 4519 1360 4589 qui
1403 4519 1664 4588 ingenuo-

120 4626 218 4666 rum
248 4616 522 4686 utriusque
558 4629 718 4669 sexus
758 4613 856 4667 sub
897 4613 1111 4668 nomine
1145 4613 1454 4684 ptenilentis
1484 4614 1536 4668 in
1575 4615 1679 4670 lia-.

121 4705 212 4757 bitu
276 4708 522 4777 religioso
583 4713 710 4762 sunt
758 4704 1095 4768 conversati,
1148 4712 1270 4774 post
1319 4704 1435 4758 haec
1489 4714 1670 4759 autem

123 4810 304 4850 comam
343 4800 640 4854 nutrientes
668 4797 754 4850 vel
783 4795 1100 4850 vestimenta
1137 4793 1413 4848 saecularia
1453 4811 1671 4856 sumen-

128 4895 213 4950 tes,
241 4888 304 4942 ad
345 4889 397 4943 id
433 4889 572 4959 quod
605 4887 961 4958 reliquerant,
992 4885 1296 4949 redierunt,
1319 4886 1387 4940 ab
1423 4887 1675 4955 episeopo

129 4979 354 5045 civitatis,
387 4986 434 5038 in
466 4984 620 5053 cujus
660 4980 934 5037 territorio
973 4990 1096 5035 sunt
1131 4980 1404 5045 conversi,
1436 4995 1680 5050 compre-

132 5067 261 5125 hensi
290 5090 466 5130 rursus
493 5075 704 5148 legibus
732 5071 1062 5144 pcenitentiae
1095 5073 1147 5127 in
1181 5073 1526 5128 monasteriis
1554 5071 1681 5127 sub-

134 5159 308 5218 dantur
333 5165 498 5234 inviti;
528 5166 673 5238 quod
703 5166 746 5220 si
773 5163 888 5218 fieri
919 5173 1136 5234 propter
1160 5165 1384 5232 alicujus
1405 5165 1689 5238 potestatis

136 5253 346 5324 vigorem
374 5259 581 5317 difficile
615 5258 798 5322 fuerit,
830 5263 957 5313 tunc
995 5256 1132 5314 sicut
1177 5257 1477 5326 priscorum
1520 5273 1682 5316 cano-

80 5355 82 5360 '
141 5362 246 5402 num
278 5359 563 5411 statuerunt
598 5355 844 5419 decreta,
867 5368 1144 5423 quousque
1178 5353 1257 5408 ad.
1283 5356 1560 5412 dimissum
1599 5371 1692 5418 ore.

1247 292 1733 352 DECRETALIUM
1768 291 2164 352 COLLECTIO.

3200 291 3303 348 ιθθ

1721 411 1766 466 si
1811 427 1905 466 eos
1953 411 2195 480 quolibet
2226 423 2450 464 munere
2497 407 2580 463 vel
2628 407 2811 463 favore
2847 415 2942 462 aut
2983 405 3304 477 negligentia

1723 501 2015 557 admonere
2055 500 2290 556 noluerit
2320 510 2378 556 ut
2409 511 2502 555 aut
2542 507 2874 555 revertentes
2901 497 3307 567 suscipiat,-ant

1723 600 2135 648 contemnentes
2176 593 2242 648 de
2281 592 2508 648 ecclesia
2562 590 2790 661 rejiciat,
2825 589 2987 646 simili
3037 589 3306 644 sententia

1725 681 2015 754 plectatur,
2040 697 2324 752 quousque
2347 682 2743 738 emendationis
2767 695 2956 738 eorum
2983 678 3068 735 vel
3093 678 3311 734 damna-

1724 773 1887 828 tionis
1913 773 1981 828 ab
2008 789 2074 828 eo
2100 774 2366 829 sententia
2392 774 2781 844 promulgetur.

1797 865 1929 920 Vlll.
1971 865 2192 935 Antiqui
2226 874 2280 920 et
2309 867 2637 921 sanctissimi
2685 877 2766 922 est
2811 866 2990 922 Patris
3039 865 3312 920 sententia

1727 971 1879 1027 papae
1909 955 2127 1022 Leonis,
2156 966 2214 1010 ut
2245 957 2290 1011 is
2317 956 2410 1026 qui
2451 957 2503 1012 in
2549 968 2708 1012 aetate
2749 957 3128 1013 adolescentiae
3170 956 3315 1026 posi-

1728 1057 1837 1115 tus,
1868 1049 1993 1103 dum
2023 1048 2216 1104 mortis
2255 1047 2511 1104 formidat
2535 1065 2743 1115 casum,
2768 1050 3077 1120 pervenerit
3103 1049 3170 1102 ad
3202 1062 3315 1117 pte-

1729 1141 2322 1206 nitentiaercmedium,
2350 1141 2392 1195 si
2419 1140 2739 1211 conjngatus
2768 1139 2910 1195 forte
2935 1139 3100 1195 fuerit
3129 1139 3317 1192 incon-

1731 1233 1930 1298 tinens,
1962 1250 2032 1288 ne
2073 1243 2261 1304 postea
2294 1232 2546 1287 adulterii
2592 1233 2833 1286 incurrat
2863 1231 3091 1300 lapsum,
3132 1230 3317 1283 redeat

1730 1325 1798 1386 ad
1847 1326 2134 1396 pristinum
2185 1325 2494 1397 conjugium
2543 1339 2825 1395 quousque
2875 1323 3048 1393 possit
3093 1319 3316 1390 adipisci

1734 1415 1991 1485 temporis
2031 1416 2344 1471 maturitate
2383 1415 2730 1471 continentiae
2777 1423 2999 1469 statum.
3028 1411 3180 1478 Quod
3221 1424 3320 1464 nos

1733 1505 1873 1560 sicut
1903 1505 1969 1560 de
2004 1505 2137 1560 viris
2169 1505 2245 1560 ita
2289 1505 2357 1561 de
2397 1504 2614 1560 feminis
2646 1518 2803 1575 aequo
2833 1503 2996 1559 modo
3013 1514 3320 1563 censemus,

1734 1614 1841 1652 non
1868 1598 2084 1667 quidem
2113 1599 2217 1654 hoc
2239 1598 2570 1669 generaliter
2595 1607 2651 1652 et
2676 1597 2937 1653 canonice
2966 1602 3318 1665 praeceptum,

1736 1690 1828 1745 sed
1855 1699 2072 1746 constat
2097 1705 2130 1745 a
2151 1689 2309 1746 nobis
2333 1705 2432 1760 pro
2453 1691 2686 1746 humana
2710 1688 3004 1758 fragilitate
3035 1685 3322 1746 indultum,

1736 1796 1802 1836 ea
1829 1781 2094 1835 duntaxat
2128 1781 2363 1847 ratione,
2391 1790 2451 1836 ut
2476 1781 2521 1836 si
2552 1781 2599 1836 is
2625 1781 2714 1851 qui
2743 1778 3074 1850 paenitentia:
3103 1791 3210 1832 non
3240 1784 3326 1830 est

1739 1872 1948 1943 legibus
1978 1873 2190 1931 deditus
2215 1881 2340 1928 ante
2369 1871 2434 1926 ab
2466 1871 2570 1926 hac
2597 1871 2706 1926 vita
2737 1869 3034 1925 decesserit
3061 1882 3223 1937 quam
3257 1881 3324 1920 ex

1741 1982 2008 2024 consensu
2061 1966 2128 2021 ad
2179 1965 2569 2021 continentiam
2613 1978 2801 2018 eorum
2847 1961 2990 2016 unde
3035 1959 3195 2015 fuerit
3237 1973 3327 2012 re-

1742 2074 1984 2131 gressus,
2016 2055 2289 2128 superstiti
2315 2071 2422 2110 non
2450 2054 2614 2110 liceat
2633 2053 2808 2108 denuo
2836 2052 2905 2106 ad
2927 2050 3115 2104 uxoris
3145 2058 3318 2102 trans

1745 2155 1825 2209 ire
1874 2151 2175 2222 amplexus.
2207 2149 2266 2204 Si
2316 2157 2498 2204 autem
2525 2147 2669 2202 illius
2697 2146 2807 2200 vita
2842 2143 3115 2201 exstiterit
3143 2155 3332 2211 super-

1745 2255 1858 2302 stes
1893 2245 1986 2316 qui
2025 2259 2130 2299 non
2176 2242 2388 2312 accepit
2431 2239 2861 2296 benedictionem
2894 2234 3207 2308 paenitentis
3235 2249 3331 2287 nu-

1744 2337 1858 2400 bat,
1888 2335 1935 2389 si
1967 2350 2026 2389 se
2053 2333 2335 2390 continere
2360 2345 2467 2387 non
2495 2337 2696 2402 potest,
2725 2337 2780 2385 et
2804 2327 3031 2384 ulterius
3058 2322 3332 2380 consortio

1747 2425 1960 2480 fruatur
2001 2424 2210 2488 uxoris,
2239 2421 2381 2492 quod
2419 2421 2487 2476 de
2527 2430 2758 2488 utroque
2795 2433 2927 2474 sexu
2971 2415 3087 2486 pari
3117 2413 3275 2469 modo
3302 2428 3335 2465 a

1727 2518 1904 2572 .nobis
1948 2516 2291 2571 manifestum
2321 2523 2407 2571 est
2440 2514 2721 2569 decretum
2767 2526 2907 2574 esse,
2942 2511 3014 2565 ita
3060 2507 3332 2570 videlicet,

1750 2617 1808 2662 nt
1839 2609 1890 2662 in
1925 2607 2008 2662 his
2033 2607 2286 2662 omnibus
2323 2605 2622 2662 sacerdotis
2659 2602 2933 2658 ordinatio
2965 2606 3334 2671 exspectetur,

1752 2705 1811 2752 ut
1843 2696 2000 2766 juxta
2036 2699 2180 2767 quod
2208 2706 2421 2752 aetatem
2443 2707 2624 2768 aptam
2658 2696 3015 2768 perspexerit,
3056 2695 3336 2750 continen-

1756 2790 1843 2844 tiae
1873 2790 2228 2845 absolutionis
2252 2789 2336 2844 vel
2363 2789 2718 2845 districtionis
2747 2789 2946 2844 tribuat
2975 2787 3173 2860 legem,

1825 2883 1916 2937 ΙΧ.
1951 2881 2371 2953 Longinquitate
2399 2897 2541 2952 saepe
2563 2881 2622 2937 ﬁt
2650 2882 2908 2952 temporis
2935 2890 2994 2936 ut
3019 2895 3125 2934 non
3157 2887 3362 2950 pateat:

1755 2974 1996 3030 conditio
2038 2973 2284 3043 originis,
2320 2973 2462 3028 unde
2496 2972 2609 3042 jam
2655 2973 2932 3030 decretum
2977 2981 3062 3027 est
3099 2972 3152 3027 in
3189 2979 3342 3026 antc-

1758 3065 1920 3120 rioris
1965 3065 2286 3119 universalis
2322 3064 2535 3120 concilii
2582 3080 2789 3120 canone
2827 3075 2909 3130 ut,
2949 3062 3340 3134 professionem

1755 3173 1910 3213 suam
1943 3157 2121 3211 liberti
2161 3156 2418 3212 Ecclesiae
2443 3155 2675 3210 debeant
2717 3155 2896 3209 facere
2931 3153 3020 3224 qui
3053 3151 3347 3222 profitean-

1756 3257 1845 3304 tur
1879 3264 1938 3304 se
1968 3258 2024 3304 et
2059 3248 2126 3302 de
2151 3246 2384 3301 familiis
2424 3261 2546 3302 esse
2575 3245 2846 3308 Ecclesiae,
2873 3252 2928 3298 et
2956 3243 3212 3298 Ecclesiae
3240 3242 3342 3297 ob-

1754 3339 2002 3407 sequium
2047 3351 2322 3405 nunquam
2367 3335 2674 3390 relicturos.
2706 3333 2858 3389 Unde
2885 3333 2970 3387 liis
2999 3345 3214 3402 quoque
3247 3346 3346 3384 nos

1755 3428 2038 3498 adjiciunus
2079 3435 2156 3491 ut,
2192 3426 2444 3496 quotiens
2471 3439 2692 3479 cursum
2720 3424 2842 3478 vitae
2867 3422 3125 3478 sacerdos
3154 3419 3346 3490 imple-

1757 3519 1913 3583 verit,
1946 3527 2002 3573 et
2038 3517 2104 3572 de
2144 3518 2247 3572 bac
2286 3516 2396 3571 vita
2433 3513 2771 3586 migraverit,
2803 3527 2927 3568 mox
2963 3527 3085 3566 cum
3130 3525 3349 3565 succes-

1759 3622 1853 3663 sor
1897 3606 2016 3676 ejus
2061 3605 2364 3669 advenerit,
2399 3620 2589 3660 omncs
2630 3603 2809 3658 liberti
2843 3601 3100 3658 Ecclesia:
3144 3600 3227 3655 vel
3279 3601 3349 3666 ab

1759 3700 1842 3755 eis
1869 3698 2135 3771 progeniti
2183 3696 2464 3754 cbartulas
2511 3710 2640 3750 suas
2687 3695 2740 3750 in
2781 3701 3069 3763 conspectu
3104 3690 3385 3754 omnium,

1764 3771 2003 3847 debeant
2031 3791 2152 3861 ipsi,
2181 3790 2273 3860 qui
2313 3788 2679 3852 substituitur,
2710 3785 2953 3857 pontifici
2990 3784 3264 3854 publicare
3299 3791 3353 3838 et

1764 3883 2158 3955 professionem
2205 3890 2496 3950 conspectu
2547 3879 2802 3935 Ecclesiae
2849 3891 3127 3937 renovare,
3162 3884 3360 3944 quateq

1765 3991 1868 4030 nus
1904 3984 2080 4030 status
2105 3973 2188 4028 sui
2219 3973 2458 4044 vigorem
2499 3971 2798 4035 obtineant,
2826 3979 2881 4024 et
2919 3967 3226 4028 obedientia
3261 3980 3356 4023 ουκ

1769 4082 1888 4123 rum
1933 4064 2176 4120 Ecclesia
2219 4080 2325 4119 non
2366 4071 2572 4118 careat.
2617 4060 2885 4124 Siautem
2924 4069 3018 4123 aut
3057 4058 3358 4128 scripturas

1768 4157 2030 4214 libertatis
2061 4171 2170 4212 suat
2194 4157 2336 4210 intra
2367 4151 2957 4218 annumprdinationis
2987 4149 3109 4206 novi
3138 4148 3356 4219 pontifi-

1769 4250 1850 4308 cis
1888 4246 2244 4310 manifestare
2267 4244 2713 4315 contempserint,
2745 4251 2837 4298 aut
2874 4241 3241 4312 professiones
3273 4253 3360 4294 re:

1774 4356 1974 4398 novare
2025 4337 2330 4401 noluerint,
2375 4350 2561 4390 vacuae
2605 4343 2659 4388 et
2705 4334 2896 4388 inanes
2933 4329 3195 4387 chartula:
3231 4329 3361 4399 ipsa:

1777 4437 2114 4496 remaneant,
2143 4426 2314 4492 etilli
2353 4425 2548 4497 origini
2588 4438 2701 4484 suae
2725 4423 2933 4486 redditi
2965 4422 3074 4478 sint
3103 4427 3364 4489 perpetuo

1773 4527 1938 4583 servi.

1847 4616 1916 4672 Χ.
1958 4614 2172 4672 Etenim
2214 4613 2371 4674 decet
2399 4621 2458 4667 ut
2495 4611 2808 4681 iniquorum
2848 4613 3105 4678 parentes
3149 4603 3364 4686 titulum

1777 4686 2050 4765 libertatis
2100 4707 2168 4762 de
2219 4705 2441 4762 familiis
2503 4702 2746 4762 ecclesiae
2798 4696 3172 4770 perceperint,
3227 4695 3372 4749 intra

1782 4801 2069 4858 ecclesiam
2117 4799 2207 4854 cui
2253 4797 2572 4868 obsequium
2616 4793 2815 4847 debent
2847 4803 3010 4845 causa
3051 4784 3376 4841 eruditionis

1784 4891 2152 4949 enutriantur.
2184 4891 2540 4958 Contemptus
2560 4887 2756 4953 quippe
2791 4893 2877 4936 est
2917 4888 3267 4953 patronorum
3306 4876 3374 4938 si,

1786 4983 1921 5054 ipsis
1951 4981 2235 5054 neglectis,
2258 4979 2377 5036 aliis
2417 4979 2484 5042 ad
2523 4973 2888 5033 educandum
2909 4973 3065 5028 detur
3093 4967 3388 5038 progenies.

1786 5075 2269 5137 manumissorum.

1861 5164 2051 5236 itaque
2075 5177 2358 5222 censemus
2391 5171 2466 5221 ,ιιι
2504 5158 2622 5215 sine
2655 5162 2835 5211 status
2868 5159 2949 5214 sui
2984 5149 3297 5226 pra'judicio
3321 5148 3388 5200 ab

1787 5256 2047 5327 episcopo
2074 5256 2373 5311 habeantur
2411 5252 2467 5304 in
2510 5243 2771 5304 doctrinae
2811 5243 3098 5318 obsequio,
3129 5247 3390 5308 quatenus

1791 5354 1851 5401 et
1897 5345 1972 5400 illi
2025 5345 2264 5402 debitum
2312 5339 2537 5396 reddant
2573 5332 2929 5408 famulatum,
2964 5342 3022 5392 et
3059 5328 3258 5385 nullum
3298 5339 3390 5428 pa:
