3910 6444
552 388 655 446 ιιι

1320 388 1608 445 ΑΡΡΕΝΙ).
1649 389 1739 442 AD
1777 388 1951 444 SIEC.
1990 388 2079 442 IX.
2118 416 2191 428 --
2229 385 2472 442 ISIDORI
2509 385 2966 444 MERCATORIS;

3653 355 3657 360 i
3687 397 3770 454 un

553 503 668 562 suis
721 483 850 557 dare
905 501 1357 570 contempserint,
1412 511 1468 557 et
1521 502 1657 558 alios
1716 502 1820 557 sibi
1883 510 2138 573 patronos
2167 503 2210 562 Α
2245 514 2365 554 mus
2394 497 2621 554 indivisa
2652 514 2903 570 zasquum
2947 512 3032 558 est
3071 503 3304 559 maxime
3343 515 3401 560 ut
3443 505 3596 564 rebus
3631 511 3770 567 eccle-

555 593 953 664 adoptaverint,
994 593 1330 664 ingratorum
1396 595 1666 651 feriantur
1731 595 1844 666 lege
1917 595 2138 650 liberto-

555 699 701 740 "In.

626 773 714 830 XI.
761 774 984 845 Dignum
1008 784 1093 830 est
1149 783 1210 830 ut
1239 775 1348 830 vita
1394 776 1696 833 innocentis
1730 775 1873 831 nulla
1909 775 2143 839 macule-

557 875 646 920 tur
696 869 937 937 pernicie
977 869 1330 925 accusatoris.
1378 867 1502 930 Ideo
1545 868 1791 939 quisquis
1832 882 1862 921 a
1903 866 2144 936 quolibet

552 956 897 1023 criminatur,
947 970 1053 1014 non
1107 966 1236 1017 ante
1288 967 1578 1015 accusatus
1634 956 1898 1029 supplicio
1961 956 2142 1023 detur,

553 1063 716 1116 quam
755 1059 1045 1106 accusator
1085 1061 1464 1120 praesentetur,
1499 1059 1664 1120 atque
1692 1049 1868 1119 legum
1897 1058 1953 1109 et
1981 1063 2144 1104 cano—

555 1154 682 1196 unm
712 1141 980 1201 sententia
1015 1141 1350 1216 exquiretur.
1387 1139 1538 1207 Quod
1568 1140 1622 1197 si
1642 1139 1856 1210 indigna
1889 1139 1958 1192 ad
1985 1153 2146 1193 aecus

553 1233 780 1292 saadnm
835 1247 1068 1303 persona
1113 1234 1408 1300 invenitur,
1451 1233 1520 1290 ad
1569 1233 1688 1302 ejus
1741 1231 2141 1288 accusationem

550 1339 657 1378 non
681 1324 980 1393 iudicetur.

619 1413 732 1468 XII.
775 1414 1072 1472 Pravarmn
1133 1415 1358 1476 audacia
1421 1418 1682 1476 mentium
1733 1431 1877 1486 saepe
1935 1416 2143 1480 malitia

550 1506 942 1576 cogitationum
974 1515 1070 1562 aut
1101 1521 1266 1569 causa
1306 1507 1584 1576 culparum
1637 1506 1900 1578 refugium
1937 1507 2154 1578 appetit

551 1595 808 1650 hostium.
841 1595 1000 1657 Unde.
1022 1598 1270 1666 quisquis
1313 1607 1558 1666 patrator
1587 1596 1867 1668 culparum
1909 1596 2138 1658 exstite-

550 1687 623 1740 rit
670 1687 888 1752 talium,
929 1688 1182 1748 virtutem
1228 1698 1416 1760 petens
1462 1686 1754 1754 detondere
1801 1686 2141 1742 adversario-

549 1770 694 1843 rum,
721 1789 776 1834 et
821 1780 1010 1849 patria:
1051 1781 1143 1837 vel.
1179 1769 1324 1852 genti
1371 1796 1484 1838 suae
1527 1780 1851 1842 detrimenta
1896 1779 2139 1834 intulerit

549 1887 756 1937 rerum,
791 1882 1064 1942 potestate
1110 1875 1255 1945 regis
1296 1889 1362 1928 ac
1398 1872 1578 1945 gentis
1619 1871 2140 1940 reductus,pexcom-

548 1967 864 2023 municatus
922 1977 978 2023 et
1035 1977 1280 2024 retrosus
1341 1967 1738 2038 longinquioris
1803 1965 2136 2034 pmnitentim

548 2058 766 2130 legibus.
813 2060 1096 2126 subdatur;
1141 2062 1292 2131 quod.
1329 2062 1373 2116 si
1421 2063 1536 2132 ipse
1573 2062 1711 2116 mali.
1742 2062 1824 2116 sui
1867 2061 2017 2131 prius
2056 2074 2141 2115 re-

548 2152 845 2209 miniscens
891 2154 958 2208 ad
1003 2154 1290 2216 ecelgsiam
1342 2155 1531 2209 fecerit
1584 2153 1927 2224 confugium.
1973 2152 2137 2206 inter:-

546 2261 702 2302 cessn
756 2247 1098 2306 sacerdotum
1140 2255 1206 2306 et
1251 2246 1554 2306 reverentia
1603 2246 1703 2303 Icci
1754 2245 1898 2314 regia
1949 2245 2002 2305 in
2059 2243 2139 2298 eis

545 2340 723 2412 pietas
753 2347 1061 2394 reservetur
1087 2339 1383 2399 comitante
1407 2337 1639 2408 iustitia.

619 2432 755 2487 XIII.
789 2431 903 2499 Qui.
932 2431 1170 2506 primatu
1199 2430 1481 2502 dignitatis
1511 2439 1673 2499 atque
1705 2427 2022 2484 reverentiae
2053 2425 2134 2481 vel

545 2514 735 2593 graiiac
765 2524 836 2577 ob
868 2523 1124 2578 meritum
1159 2522 1211 2576 in
1240 2521 1441 2590 palatio
1468 2519 1815 2575 honorabiles
1843 2517 2136 2580 habentur,

544 2614 631 2674 his
673 2629 707 2666 a.
749 2612 1058 2687 junioribus
1100 2613 1377 2671 modestus
1432 2612 1607 2666 honor
1637 2625 1733 2680 per
1767 2610 1947 2664 omnia
1989 2608 2137 2664 defe-

544 2715 720 2768 ratur,
767 2705 857 2775 qni
901 2705 1066 2759 etiam
1116 2704 1356 2768 minores
1391 2718 1419 2756 a
1462 2700 1768 2759 senioribus
1802 2710 1856 2755 et
1891 2699 2138 2754 dilectio-

544 2797 632 2850 nis
685 2789 1082 2865 amplectantur
1130 2793 1358 2859 affectu,
1411 2803 1466 2852 et
1519 2791 1778 2855 utilitatis.
1824 2792 2141 2856 imbuantur

541 2887 811 2955 exemplo.

614 2975 754 3030 XIV.
796 2974 1368 3040 Praemium-fraudare
1412 2973 1662 3038 ﬁdelibus
1697 2989 1801 3032 non
1839 2969 2011 3027 solum
2053 2971 2142 3025 in-.

539 3072 862 3134 humanum,
893 3069 988 3124 sed
1018 3065 1194 3129 etiam
1217 3068 1402 3125 existit
1434 3066 1712 3137 injustam.
1747 3066 1978 3136 Ideoque
2008 3077 2130 3117 cum

542 3161 666 3221 ﬁdei
698 3160 950 3216 meritum
981 3161 1175 3222 tamin
1197 3161 1360 3218 rebus
1383 3159 1580 3214 divinis
1605 3173 1766 3228 quam
1795 3156 1848 3210 in
1879 3155 2141 3210 humanis

542 3266 649 3307 non
691 3251 957 3309 habeatur.
997 3251 1289 3322 ingratum,
1323 3251 1542 3322 dignum
1586 3251 1802 3306 videtur
1847 3260 1904 3303 ut
1949 3262 2133 3303 sacer-

538 3344 705 3399 dotali
745 3342 1014 3410 sententia
1045 3342 1394 3402 consulamus
1424 3342 1672 3399 ﬁdelibus
1706 3342 1868 3410 regis.
1901 3338 2133 3394 Proinde

539 3445 601 3494 tu
628 3451 770 3489 anno
804 3435 994 3504 primo,
1025 3434 1357 3494 serenissimi
1401 3435 1663 3506 principis
1691 3432 1860 3489 nostri
1891 3431 2136 3486 decrevit

539 3525 829 3589 concilium
873 3537 1121 3588 sanctum
1167 3540 1358 3584 omnes
1393 3525 1589 3584 fideles.
1639 3525 1728 3595 qui
1775 3523 2039 3594 obsequio
2077 3529 2134 3578 et

545 3619 758 3675 sincero
823 3617 1048 3676 seruitio
1089 3616 1458 3680 voluntatibus
1514 3617 1597 3672 vel
1642 3617 1810 3685 jussis
1849 3613 2140 3691 paruerint~

543 3708 806 3778 principis
842 3716 1060 3778 totaque
1109 3709 1413 3766 intentione
1455 3708 1646 3774 salutis
1677 3708 1796 3778 ejus
1829 3705 2128 3760 custodiam

540 3799 868 3868 habuerint,
914 3815 944 3852 a
993 3801 1140 3871 regni
1178 3801 1605 3864 successoribus,
1639 3813 1741 3853 nec
1789 3813 1818 3850 a
1867 3795 2131 3865 dignitate

538 3909 640 3957 nec
669 3911 697 3959 a
731 3895 894 3955 rebus
922 3893 1166 3965 pristinis
1205 3907 1365 3953 causa
1410 3888 1744 3960 repellantur
1781 3887 2006 3968 iniusta,
2035 3885 2130 3944 sed

538 4003 684 4042 nunc
713 3989 785 4048 ita
816 3969 1366 4057 pro'nniuscujnsque
1398 3982 1631 4037 utilitate
1657 3979 1919 4050 principis
1945 3977 2130 4032 mode-

537 4086 730 4133 rentur
759 4077 1124 4141 discretione,
1145 4075 1285 4129 sicut
1309 4089 1403 4128 eos
1433 4070 1766 4146 perspexerit
1795 4067 2130 4124 necessarios

537 4185 660 4228 esse
702 4169 922 4240 patriae;
971 4177 1025 4230 et
1062 4169 1140 4224 sic
1176 4167 1657 4237 illisimpartiatur
1693 4163 2030 4234 benignitas,
2070 4171 2129 4217 ut

538 4261 594 4315 in
627 4259 843 4314 caeteris
874 4272 1083 4334 magnae
1117 4265 1452 4311 monstretur
1477 4255 1666 4327 gratiae
1705 4259 1965 4324 potestas,
1997 4267 2127 4321 qua-

537 4363 696 4410 tenus
722 4352 796 4405 ita
825 4350 1005 4404 omnia
1051 4350 1102 4406 in
1142 4349 1304 4404 rebus
1329 4347 1473 4416 justc
1501 4345 1804 4415 conquisita
1847 4342 2132 4406 lucrentur,

535 4450 597 4496 ut
637 4441 872 4512 posteris
903 4438 1246 4514 relinquendi
1286 4437 1375 4498 vel
1411 4437 1608 4518 quibus
1647 4434 1909 4490 voluntas.
1935 4447 2122 4487 eorum

535 4532 843 4590 decreverit
885 4531 1197 4586 conferendi
1247 4538 1547 4600 spontaneo
1585 4529 1838 4592 fruantur
1873 4526 2117 4580 arbitrio.

534 4624 802 4678 Creternm
838 4626 887 4680 si
919 4622 1149 4677 inﬁdelis
1179 4621 1467 4696 quisquam
1520 4622 1573 4678 in
1617 4621 1795 4692 capite
1840 4619 1992 4690 regio
2029 4626 2122 4673 aut

543 4714 752 4770 inutilis
776 4715 827 4768 in
855 4715 1016 4768 rebus
1041 4713 1366 4777 commissis,
1391 4704 1668 4783 prresente‘
1686 4712 1908 4780 dominp
1937 4720 2120 4764 nostro

535 4807 778 4877 piissimo
800 4805 1127 4861 Chintillano
1150 4819 1274 4879 rege
1293 4803 1582 4867 exstiterit,
1614 4802 1665 4856 in
1688 4802 1974 4860 cletnentia
2005 4801 2120 4870 ejus

555 4907 755 4952 naneat
781 4897 1065 4967 potestatis
1093 4910 1193 4951 suo
1221 4905 1352 4949 nqu
1393 4893 1768 4955 constituenda
1813 4891 2118 4960 hujusmodi

535 4988 860 5052 moderatio,
887 4988 1042 5042 nefas
1068 4995 1151 5041 est
1177 4986 1322 5049 enim
1354 4986 1416 5052 in,
1435 4985 1656 5051 dubium
1698 4985 1966 5042 deducere
2000 4983 2119 5052 ejus

533 5091 878 5152 potestatem,
905 5083 992 5138 cui
1018 5081 1259 5136 omnium
1291 5079 1613 5151 gubematio
1640 5094 1877 5150 superno
1904 5087 2118 5134 constat

535 5171 780 5242 delegata
817 5171 1044 5242 judicio.
1071 5171 1224 5241 Quod
1265 5171 1317 5226 si
1359 5179 1481 5241 post
1527 5171 1808 5226 decessum
1846 5169 2114 5239 quispiam

536 5273 785 5334 repertus
835 5262 997 5318 fuerit
1041 5262 1157 5331 ejus
1196 5263 1322 5318 vita:
1367 5257 1535 5330 fuisse
1572 5262 1828 5326 infidelis,
1859 5261 2116 5331 quidquid

539 5352 786 5424 hrgitate
831 5351 1004 5420 ipsius
1039 5352 1092 5405 in
1135 5352 1297 5407 rebus
1339 5351 1528 5417 habuit
1555 5351 1875 5421 conquisitis
1910 5360 2127 5417 careat,»

541 5443 880 5500 touﬁscando
906 5441 997 5497 illo
1021 5451 1078 5497 et
1103 5441 1350 5497 fidelibus
1376 5440 1671 5512 largiendo.

607 5532 722 5589 XV.
763 5533 898 5601 Quia
944 5531 1028 5588 his
1071 5533 1162 5603 qui
1212 5533 1545 5603 principibus
1579 5534 1738 5604 digne
1783 5534 2114 5600 deserviunt,

544 5638 695 5700 itque
717 5627 1091 5682 deferentibus
1115 5625 1274 5680 ﬁdele
1302 5626 1406 5682 illis
1426 5626 1745 5696 obsequium
1775 5635 1988 5682 constat
2020 5641 2116 5682 nos

539 5720 798 5787 optimum
830 5719 1167 5774 ministrasse
1197 5716 1533 5790 suffragium,
1573 5720 1697 5774 dum
1723 5717 1870 5787 justc
1904 5734 1933 5771 ει
1971 5719 2114 5787 prin-

537 5813 740 5890 cipibus
787 5811 1046 5891 acqaisita
1096 5810 1150 5867 in
1188 5825 1371 5866 eorum
1429 5808 1549 5878 jure
1597 5811 1886 5887 persistere
1935 5811 2114 5869 sanci-

2244 591 2445 646 siarum
2490 591 2584 647 Dei
2623 593 2947 649 adhibeatur
2985 611 3015 649 a
3061 595 3216 652 nobis
3255 597 3584 668 providentia
3618 616 3772 672 oppor-

2247 691 2397 747 tuna,
2429 683 2564 739 adeo
2599 692 2656 738 ut
2691 700 3025 757 quiscunque
3077 703 3164 744 res
3201 689 3450 747 ecclesiis
3485 691 3573 747 Dei
3606 708 3633 747 a
3658 697 3772 765 prin.

2242 771 2454 842 cipibus
2487 773 2633 844 jnste
2669 789 2940 832 concessae
2973 788 3122 845 sunt,
3164 779 3248 834 vel
3287 779 3505 847 fuerint,
3534 782 3614 839 vel
3635 786 3774 856 cujus-

2243 876 2455 933 cunque
2501 864 2724 921 alterius
2773 882 3017 938 personae
3061 869 3304 940 quolibet
3351 871 3505 928 titulo
3552 873 3648 930 illis
3694 894 3779 935 non

2245 952 2440 1022 injuste
2488 955 2698 1019 collata:
2741 967 2870 1014 sunt
2906 959 2993 1014 vel
3033 961 3372 1035 exstiterint,
3424 963 3495 1017 ita
3537 965 3588 1020 in
3625 981 3772 1024 earum

2236 1044 2362 1115 jure
2402 1046 2697 1120 persistere
2747 1048 2900 1104 ﬁrma
2943 1051 3236 1124 stabilitate
3273 1050 3545 1122 iubemus,
3573 1067 3625 1108 ut
3654 1059 3773 1113 evelli

2242 1151 2463 1206 quoquo
2491 1153 2618 1192 casu
2646 1137 2729 1195 vel
2761 1149 3003 1210 tempore
3028 1142 3337 1204 nullatenus
3361 1145 3584 1217 possint.
3612 1147 3773 1217 θυμοῖ.

2247 1219 2433 1284 ιιιιιιιήι
2471 1238 2555 1283 est
2595 1229 2762 1295 enim,
2794 1239 2853 1285 ut
2897 1230 3044 1295 sicut
3076 1231 3252 1288 ﬁdelia
3295 1234 3570 1289 hominum
3601 1236 3773 1291 servitia

2243 1334 2348 1378 non
2367 1321 2602 1378 existere
2629 1324 2938 1382 censuimus
2978 1326 3212 1398 ingrata,
3239 1329 3312 1390 ita
3341 1328 3583 1384 ecclesiis
3605 1330 3772 1394 collata,

2241 1427 2362 1482 quae
2383 1415 2600 1490 propria
2625 1425 2751 1470 sunt
2778 1431 3076 1490 pauperum
3097 1421 3376 1488 alimenta,
3405 1435 3586 1477 eorum
3611 1423 3773 1493 injuria

2241 1517 2340 1572 pro
2368 1507 2618 1560 mercede
2646 1504 2989 1565 offerentium
3015 1520 3273 1575 maneant
3299 1513 3624 1570 inconrulsa.

2311 1591 2450 1650 XVI.
2493 1590 2650 1659 Sicut
2682 1597 2974 1656 insolentia
3018 1601 3286 1663 malorum
3326 1619 3513 1676 regum
3547 1607 3708 1663 odiosa
3735 1619 3777 1669 et.

2241 1689 2595 1746 exsecrabilis
2639 1707 2857 1764 seraper
2901 1697 3088 1754 existit
3135 1699 3415 1769 subjectis,
3458 1703 3530 1757 ita
3558 1703 3771 1762 bonorum.

2241 1780 2466 1849 provida
2494 1782 2704 1843 utilitas
2735 1787 2985 1844 amabilis
3013 1788 3246 1844 efﬁcitur
3274 1791 3507 1861 populis.
3557 1792 3774 1860 Quocirca

2173 1858 2214 1916 Β
2243 1873 2366 1941 quis
2413 1873 2581 1941 ferat,
2632 1885 2727 1932 aut
2769 1879 2893 1958 quis
2939 1880 3104 1947 tatem
3148 1858 3425 1948 errantem
3459 1858 3770 1942 Christianum

2242 1960 2421 2016 videat
2450 1963 2541 2033 qui
2575 1966 2779 2038 regiam
2827 1969 3088 2037 sobolem,
3116 1981 3209 2027 aut
3245 1975 3609 2042 posteritatem
3644 1991 3770 2031 cone-

2242 2057 2330 2105 tur
2355 2053 2657 2122 exspoliare
2685 2057 2868 2123 rebus,
2895 2068 2992 2119 aut
3016 2061 3233 2132 privare
3263 2065 3640 2135 dignitatibus?
3660 2068 3768 2138 quod

2241 2159 2309 2198 ne
2351 2143 2467 2209 ﬁat,
2497 2162 2617 2200 cum
2664 2149 2932 2219 generalis
2977 2163 3260 2223 promatur
3295 2156 3364 2212 de
3407 2158 3648 2228 principis
3679 2158 3777 2217 ﬁliis.

2240 2239 2544 2304 sententia,
2595 2241 2660 2296 de
2708 2247 2959 2314 prmsenti
3014 2248 3464 2314 excellentissimi
3511 2251 3774 2308 Cbintillani

2241 2327 2381 2400 regis
2413 2333 2731 2399 posteritate
2759 2335 2958 2392 dantur
2988 2347 3111 2408 apta
3143 2340 3364 2398 decreta
3395 2358 3436 2401 λ
3468 2345 3628 2409 nobis,
3653 2353 3702 2400 ut
3721 2360 3766 2400 ea

2239 2434 2359 2488 qum
2395 2423 2633 2490 synodus
2674 2428 2948 2495 prmterito
2981 2445 3124 2485 anno
3165 2433 3218 2486 in
3249 2434 3352 2491 hac
3379 2435 3593 2492 ecclesia
3629 2438 3765 2492 habita

2239 2510 2540 2574 constituit,
2582 2513 2727 2569 circa
2777 2531 2993 2573 omnem
3039 2523 3416 2591 posteritatem
3453 2525 3562 2594 ejus
3597 2528 3764 2581 univer-

2238 2597 2371 2686 sitas
2406 2600 2556 2670 regni
2588 2603 2670 2657 sui
2699 2617 3004 2683 conservet,
3034 2595 3260 2668 hoc-est
3288 2623 3349 2668 ut
3376 2616 3656 2686 prmbeatur
3673 2616 3767 2670 filiis.

2236 2685 2355 2754 ejus
2381 2687 2598 2748 dilectio
2624 2692 2854 2765 benigna
2885 2707 2941 2752 et
2971 2697 3234 2768 firma,ret
3265 2685 3570 2760 tribuantur
3592 2707 3666 2760 ubi
3689 2705 3766 2760 loci

2235 2779 2622 2847 opportunitas
2634 2783 2944 2843 exhibuerit
2963 2787 3295 2850 defensionis
3317 2777 3624 2851 adminicula
3633 2795 3772 2865 justa.‘

2236 2883 2307 2935 ne
2332 2869 2400 2924 de
2430 2870 2593 2928 rebus
2624 2871 2773 2941 juste
2817 2876 3150 2954 profligatis,
3178 2891 3274 2937 aut
3322 2895 3596 2956 parentum
3631 2887 3774 2956 digni.

2238 2965 2351 3024 tate
2375 2963 2706 3030 procuratis,
2732 2965 2816 3020 vel
2846 2965 3102 3039 largitate
3124 2973 3456 3045 principum,
3487 2973 3764 3042 retalicujus

2237 3049 2518 3136 impensis,
2548 3063 2643 3110 aut
2680 3058 2844 3114 etiam
2886 3064 3223 3141 proprietate
3264 3066 3463 3123 debitis
3503 3067 3762 3123 fraudentur

2235 3141 2566 3221 quibuslibet
2609 3146 2824 3205 insidiis
2865 3146 3206 3220 calliditatis,
3255 3171 3437 3228 neque
3477 3174 3509 3213 a
3545 3171 3760 3229 (proquam

2160 3212 2204 3274 C
2237 3231 2464 3289 laedendi
2511 3250 2605 3292 eos
2643 3241 2985 3311 praebeantur
3025 3212 3371 3316 argument;
3387 3212 3760 3314 machinationis,

2233 3324 2361 3406 quia
2391 3325 2612 3397 dignum
2641 3338 2725 3384 est
2758 3339 2818 3385 ut
2846 3331 3002 3402 cujus
3033 3338 3300 3408 regimine
3336 3342 3586 3410 habemus
3607 3339 3760 3397 securi-

2237 3423 2420 3481 tatem,
2454 3417 2570 3486 ejus
2602 3421 2904 3499 posteritati
2942 3425 3161 3483 decreto
3193 3433 3412 3488 concilii
3449 3433 3775 3504 impertiamus.

2232 3511 2490 3586 quietem.
2543 3515 2787 3588 Denique
2832 3527 2984 3576 tanta
3031 3537 3159 3595 erga
3205 3542 3310 3589 nos
3351 3529 3516 3585 nostri
3557 3526 3759 3600 principis

2230 3614 2449 3662 exstant
2492 3607 2780 3676 beneficia,
2809 3621 2871 3666 ut
2902 3613 3122 3694 longum
3165 3619 3238 3673 sit
3283 3621 3550 3693 sigillatim
3581 3636 3634 3678 ea
3661 3633 3755 3689 pro-

2231 3709 2382 3752 mere
2423 3698 2625 3771 lingua.
2668 3703 2787 3775 Ipse
2827 3707 2972 3761 enim
3017 3719 3239 3768 auctore
3279 3715 3391 3770 Deo
3428 3716 3571 3772 nobis
3595 3727 3756 3785 pacem.

2230 3785 2348 3858 ipse
2385 3792 2540 3858 quasi
2583 3795 2852 3864 captivam
2896 3799 3112 3869 reduxit
3146 3804 3486 3873 charitatem,
3516 3807 3661 3877 ipsius
3682 3817 3756 3873 ope

2228 3879 2426 3968 quieti,
2469 3881 2640 3953 ipsius
2679 3901 2866 3942 sumus
2900 3891 3186 3964 largitione
3219 3897 3415 3968 ditati.
3436 3884 3542 3970 ipsc
3573 3895 3755 3954 medita-

2227 3971 2374 4026 mine
2405 3973 2663 4038 bonitatis
2690 3993 2820 4046 snaa,
2852 3989 2917 4045 et,
2940 3975 3044 4036 reis
3069 3987 3334 4058 pepercit,
3359 3997 3416 4042 et
3447 3998 3606 4052 sectos
3626 3984 3752 4039 subito

2226 4065 2414 4118 mavit.
2429 4065 2527 4120 Cui
2551 4069 2594 4123 si
2616 4069 2793 4140 dignis
2811 4073 3145 4140 minerimus
3173 4081 3496 4152 respondere
3514 4074 3760 4141 beneﬁciisi.

2226 4171 2332 4210 non
2384 4159 2551 4214 tantis
2596 4171 2875 4219 exstamus
2921 4167 3091 4237 c0piis
3136 4169 3389 4241 virtutis,
3413 4173 3592 4242 quibus
3631 4175 3753 4222 tate

2227 4256 2351 4303 voto
2390 4247 2718 4308 sufﬁciamus
2753 4258 3066 4316 voluntatis.

2294 4337 2454 4402 XVII.
2495 4339 2762 4420 Qtoniam
2804 4345 2857 4399 in
2907 4349 3139 4408 concilio
3187 4354 3464 4418 anteriori,
3493 4352 3616 4422 quoi
3644 4361 3754 4403 anno.

2225 4430 2399 4501 primo
2426 4431 2642 4502 gloriosi
2687 4436 2946 4509 principis
2988 4442 3160 4496 nostri
3207 4443 3443 4500 habitum
3477 4461 3531 4499 es
3560 4484 3573 4507 ,
3598 4442 3652 4496 de
3680 4440 3752 4492 hu-

2153 4571 2198 4633 υ
2219 4521 2454 4592 jusmodi
2485 4540 2542 4580 re
2571 4525 2732 4587 fuerit
2756 4530 3087 4601 promulgata
3118 4550 3144 4589 s
3182 4537 3408 4601 utentia,
3429 4546 3588 4590 tamen
3613 4531 3747 4602 placet

2228 4615 2424 4678 iterare
2472 4617 2615 4687 quod
2654 4621 2906 4678 convenit
2953 4625 3235 4681 custodiri.
3285 4627 3466 4699 Itaque
3510 4626 3632 4696 regis
3667 4623 3746 4674 vita

2225 4715 2528 4775 constante,
2560 4711 2739 4766 nullus
2769 4713 2868 4768 sibi
2899 4714 3080 4784 aliquo
3108 4733 3294 4788 opere,
3319 4720 3399 4775 vel
3425 4718 3632 4775 delibera
3657 4715 3748 4766 i000

2225 4801 2594 4874 cujuscunque
2642 4805 2917 4877 dignitatis
2953 4808 3138 4872 laicus,
3170 4797 3267 4866 seu
3310 4811 3506 4883 gradus
3540 4802 3746 4879 episcopi.

2223 4903 2319 4956 aut
2363 4895 2683 4965 presbyteri,
2714 4906 2808 4949 aut
2841 4897 3053 4953 diaconi
3096 4911 3460 4968 consecratus,
3487 4897 3744 4965 ueterisque

2223 4987 2514 5042 clericatus
2552 4987 2744 5044 officiis
2787 4991 3000 5047 deditus
3042 4993 3280 5050 futurum
3321 5010 3496 5067 regem
3523 4987 3742 5062 provideat

2225 5092 2412 5138 contra
2447 5083 2678 5138 viventis
2719 5085 2858 5157 regis
2899 5086 3208 5153 utilitatem,
3235 5097 3290 5144 et
3310 5086 3487 5160 procul
3511 5082 3650 5140 dubio
3673 5091 3741 5131 V0-

2225 5173 2512 5239 luntatem,
2543 5175 2689 5229 nullo
2718 5176 3205 5244 blandimento,‘vel
3231 5166 3474 5236 suasione
3497 5171 3742 5250 proeadem

2223 5277 2339 5334 Spe,
2373 5273 2467 5319 aut
2495 5265 2628 5326 alios
2657 5266 2707 5320 in
2738 5281 2796 5321 se
2825 5269 3022 5334 trahat,
3053 5278 3146 5324 aut
3177 5271 3292 5341 ipse
3321 5271 3371 5325 in
3397 5270 3546 5324 alium
3571 5258 3740 5331 aequior

2223 5367 2358 5411 seat.
2392 5357 2638 5429 Iniquum
2678 5359 2920 5426 enim,.et
2943 5360 3096 5416 valde
3125 5357 3449 5424 exsecrabile
3477 5347 3736 5414 Christianis

2223 5447 2382 5508 debet
2423 5449 2608 5503 haberi
2654 5448 2816 5504 futuri
2871 5453 3126 5523 temporis
3162 5451 3360 5509 illicitis
3392 5449 3675 5523 prospicere,
3696 5446 3733 5490 el

2221 5538 2344 5594 vitae
2373 5553 2484 5592 suae
2527 5539 2741 5607 ignaros
2777 5549 3000 5596 ventura
3055 5544 3356 5615 disponere.
3386 5540 3524 5611 Quod
3559 5537 3596 5591 Si
3621 5529 3730 5602 (Ιυίθ

2221 5645 2326 5702 que
2366 5630 2479 5700 jam
2527 5629 2651 5686 talia
2689 5633 2870 5704 iniqua
2911 5635 3295 5692 deliberatione
3324 5651 3438 5692 cum
3473 5630 3730 5703 quocunque

2219 5734 2299 5779 cst
2332 5722 2644 5789 meditatus,
2671 5725 2774 5780 hoc
2803 5726 2904 5782 sibi
2937 5729 3146 5783 noverit
3173 5743 3295 5785 esse
3336 5717 3617 5782 sacerdotali
3641 5725 3727 5768 mo-

2219 5814 2496 5872 deratione
2541 5829 2883 5887 concessum,
2917 5819 2958 5876 si
2994 5820 3333 5879 reniabiliter
3368 5815 3542 5896 poscit.
3570 5824 3616 5869 ιιι
3652 5805 3726 5860 hoc
