  <div class='ocr_page' id='page_1' title='image "/cluster/home/n/w/nwhite01/storage/ocr_20150623/130/hvd.32044015471717/276.png"; bbox 0 0 3910 6438; ppageno 0'>
   <div class='ocr_carea' id='block_1_1' title="bbox 130 411 226 468">
    <p class='ocr_par' dir='ltr' id='par_1_1' title="bbox 130 411 226 468">
     <span class='ocr_line' id='line_1_1' title="bbox 130 411 226 468; baseline -0.01 -2"><span class='ocrx_word' id='word_1_1' title='bbox 130 411 226 468; x_wconf 69' lang='lat' dir='ltr'><strong>I95</strong></span> 
     </span>
    </p>
   </div>
   <div class='ocr_carea' id='block_1_2' title="bbox 1283 401 2200 461">
    <p class='ocr_par' dir='ltr' id='par_1_2' title="bbox 1283 401 2200 461">
     <span class='ocr_line' id='line_1_2' title="bbox 1283 401 2200 461; baseline 0 0"><span class='ocrx_word' id='word_1_2' title='bbox 1283 401 1776 461; x_wconf 77' lang='lat' dir='ltr'><strong>DECRETALIUM</strong></span> <span class='ocrx_word' id='word_1_3' title='bbox 1806 401 2200 461; x_wconf 72' lang='lat' dir='ltr'><strong>COLLECTIO.</strong></span> 
     </span>
    </p>
   </div>
   <div class='ocr_carea' id='block_1_3' title="bbox 3278 406 3386 464">
    <p class='ocr_par' dir='ltr' id='par_1_3' title="bbox 3278 406 3386 464">
     <span class='ocr_line' id='line_1_3' title="bbox 3278 406 3386 464; baseline 0.009 -2"><span class='ocrx_word' id='word_1_4' title='bbox 3278 406 3386 464; x_wconf 65' lang='grc' dir='ltr'><strong>ιρι</strong></span> 
     </span>
    </p>
   </div>
   <div class='ocr_carea' id='block_1_4' title="bbox 130 491 3439 618">
    <p class='ocr_par' dir='ltr' id='par_1_4' title="bbox 130 491 3439 618">
     <span class='ocr_line' id='line_1_4' title="bbox 130 491 3439 618; baseline -0.002 -37"><span class='ocrx_word' id='word_1_5' title='bbox 130 529 236 582; x_wconf 84' lang='lat' dir='ltr'><strong>sine</strong></span> <span class='ocrx_word' id='word_1_6' title='bbox 274 538 419 577; x_wconf 81' lang='lat' dir='ltr'><strong>mora</strong></span> <span class='ocrx_word' id='word_1_7' title='bbox 459 519 740 591; x_wconf 78' lang='lat' dir='ltr'><strong>przeseutis</strong></span> <span class='ocrx_word' id='word_1_8' title='bbox 780 523 1042 591; x_wconf 81' lang='lat' dir='ltr'><strong>principis</strong></span> <span class='ocrx_word' id='word_1_9' title='bbox 1083 491 1304 577; x_wconf 49' lang='lat' dir='ltr'><strong>auribu’s</strong></span> <span class='ocrx_word' id='word_1_10' title='bbox 1344 521 1557 577; x_wconf 82' lang='lat' dir='ltr'><strong>studeat</strong></span> <span class='ocrx_word' id='word_1_11' title='bbox 1597 537 1696 592; x_wconf 88' lang='lat' dir='ltr'><strong>pu-</strong></span> <span class='ocrx_word' id='word_1_12' title='bbox 1729 529 1773 585; x_wconf 75' lang='grc' dir='ltr'><strong>Α</strong></span> <span class='ocrx_word' id='word_1_13' title='bbox 1804 512 1925 575; x_wconf 87' lang='lat' dir='ltr'><strong>culo</strong></span> <span class='ocrx_word' id='word_1_14' title='bbox 1959 519 2113 590; x_wconf 91' lang='lat' dir='ltr'><strong>quasi</strong></span> <span class='ocrx_word' id='word_1_15' title='bbox 2143 521 2347 590; x_wconf 75' lang='lat' dir='ltr'><strong>proprii</strong></span> <span class='ocrx_word' id='word_1_16' title='bbox 2394 519 2720 589; x_wconf 78' lang='lat' dir='ltr'><strong>patrisejus</strong></span> <span class='ocrx_word' id='word_1_17' title='bbox 2758 519 3051 576; x_wconf 68' lang='lat' dir='ltr'><strong>ulciscatur</strong></span> <span class='ocrx_word' id='word_1_18' title='bbox 3085 521 3380 576; x_wconf 86' lang='lat' dir='ltr'><strong>interitum.</strong></span> <span class='ocrx_word' id='word_1_19' title='bbox 3415 508 3439 618; x_wconf 56' lang='grc' dir='ltr'>ξ</span> 
     </span>
    </p>
   </div>
   <div class='ocr_carea' id='block_1_5' title="bbox 129 612 1698 678">
    <p class='ocr_par' dir='ltr' id='par_1_5' title="bbox 129 612 1698 678">
     <span class='ocr_line' id='line_1_5' title="bbox 129 612 1698 678; baseline -0.003 -5"><span class='ocrx_word' id='word_1_20' title='bbox 129 617 335 673; x_wconf 88' lang='lat' dir='ltr'><strong>blieare.</strong></span> <span class='ocrx_word' id='word_1_21' title='bbox 387 613 444 669; x_wconf 87' lang='lat' dir='ltr'><strong>Si</strong></span> <span class='ocrx_word' id='word_1_22' title='bbox 495 622 676 668; x_wconf 90' lang='lat' dir='ltr'><strong>autem</strong></span> <span class='ocrx_word' id='word_1_23' title='bbox 729 613 982 678; x_wconf 89' lang='lat' dir='ltr'><strong>retineat,</strong></span> <span class='ocrx_word' id='word_1_24' title='bbox 1021 621 1076 669; x_wconf 90' lang='lat' dir='ltr'><strong>et</strong></span> <span class='ocrx_word' id='word_1_25' title='bbox 1127 612 1530 669; x_wconf 77' lang='lat' dir='ltr'><strong>deliberationis</strong></span> <span class='ocrx_word' id='word_1_26' title='bbox 1586 628 1698 668; x_wconf 69' lang='lat' dir='ltr'><strong>sua:</strong></span> 
     </span>
    </p>
   </div>
   <div class='ocr_carea' id='block_1_6' title="bbox 129 703 1699 776">
    <p class='ocr_par' dir='ltr' id='par_1_6' title="bbox 129 703 1699 776">
     <span class='ocr_line' id='line_1_6' title="bbox 129 703 1699 776; baseline -0.004 -12"><span class='ocrx_word' id='word_1_27' title='bbox 129 706 548 765; x_wconf 84' lang='lat' dir='ltr'><strong>machinamenta</strong></span> <span class='ocrx_word' id='word_1_28' title='bbox 605 703 838 759; x_wconf 85' lang='lat' dir='ltr'><strong>noluerit</strong></span> <span class='ocrx_word' id='word_1_29' title='bbox 893 705 1094 772; x_wconf 85' lang='lat' dir='ltr'><strong>dicere,</strong></span> <span class='ocrx_word' id='word_1_30' title='bbox 1135 705 1372 776; x_wconf 89' lang='lat' dir='ltr'><strong>pessimo</strong></span> <span class='ocrx_word' id='word_1_31' title='bbox 1432 704 1699 775; x_wconf 83' lang='lat' dir='ltr'><strong>plectatur</strong></span> 
     </span>
    </p>
   </div>
   <div class='ocr_carea' id='block_1_7' title="bbox 129 799 1699 872">
    <p class='ocr_par' dir='ltr' id='par_1_7' title="bbox 129 799 1699 872">
     <span class='ocr_line' id='line_1_7' title="bbox 129 799 1699 872; baseline -0.003 -14"><span class='ocrx_word' id='word_1_32' title='bbox 129 801 493 866; x_wconf 82' lang='lat' dir='ltr'><strong>anathemate;</strong></span> <span class='ocrx_word' id='word_1_33' title='bbox 538 814 663 872; x_wconf 88' lang='lat' dir='ltr'><strong>rege</strong></span> <span class='ocrx_word' id='word_1_34' title='bbox 708 814 838 855; x_wconf 85' lang='lat' dir='ltr'><strong>vero</strong></span> <span class='ocrx_word' id='word_1_35' title='bbox 893 799 1167 865; x_wconf 86' lang='lat' dir='ltr'><strong>defuncto,</strong></span> <span class='ocrx_word' id='word_1_36' title='bbox 1201 799 1378 854; x_wconf 91' lang='lat' dir='ltr'><strong>nullus</strong></span> <span class='ocrx_word' id='word_1_37' title='bbox 1415 799 1699 870; x_wconf 89' lang='lat' dir='ltr'><strong>tyrannica</strong></span> 
     </span>
    </p>
   </div>
   <div class='ocr_carea' id='block_1_8' title="bbox 126 890 1702 966">
    <p class='ocr_par' dir='ltr' id='par_1_8' title="bbox 126 890 1702 966">
     <span class='ocr_line' id='line_1_8' title="bbox 126 890 1702 966; baseline -0.004 -14"><span class='ocrx_word' id='word_1_38' title='bbox 126 894 534 966; x_wconf 67' lang='lat' dir='ltr'><strong>prtesumptione</strong></span> <span class='ocrx_word' id='word_1_39' title='bbox 567 905 789 963; x_wconf 92' lang='lat' dir='ltr'><strong>regnum</strong></span> <span class='ocrx_word' id='word_1_40' title='bbox 837 902 1100 957; x_wconf 86' lang='lat' dir='ltr'><strong>assumat,</strong></span> <span class='ocrx_word' id='word_1_41' title='bbox 1130 891 1307 948; x_wconf 92' lang='lat' dir='ltr'><strong>nullus</strong></span> <span class='ocrx_word' id='word_1_42' title='bbox 1348 892 1449 948; x_wconf 87' lang='lat' dir='ltr'><strong>sub</strong></span> <span class='ocrx_word' id='word_1_43' title='bbox 1489 890 1702 962; x_wconf 89' lang='lat' dir='ltr'><strong>religio-</strong></span> 
     </span>
    </p>
   </div>
   <div class='ocr_carea' id='block_1_9' title="bbox 126 984 1704 1056">
    <p class='ocr_par' dir='ltr' id='par_1_9' title="bbox 126 984 1704 1056">
     <span class='ocr_line' id='line_1_9' title="bbox 126 984 1704 1056; baseline -0.001 -15"><span class='ocrx_word' id='word_1_44' title='bbox 126 991 199 1043; x_wconf 66' lang='lat' dir='ltr'><strong>nis</strong></span> <span class='ocrx_word' id='word_1_45' title='bbox 227 986 409 1042; x_wconf 89' lang='lat' dir='ltr'><strong>habitu</strong></span> <span class='ocrx_word' id='word_1_46' title='bbox 435 984 714 1050; x_wconf 84' lang='lat' dir='ltr'><strong>detonsus,</strong></span> <span class='ocrx_word' id='word_1_47' title='bbox 744 994 839 1040; x_wconf 92' lang='lat' dir='ltr'><strong>aut</strong></span> <span class='ocrx_word' id='word_1_48' title='bbox 863 985 1090 1056; x_wconf 85' lang='lat' dir='ltr'><strong>turpiter</strong></span> <span class='ocrx_word' id='word_1_49' title='bbox 1115 985 1440 1051; x_wconf 89' lang='lat' dir='ltr'><strong>decalvatus,</strong></span> <span class='ocrx_word' id='word_1_50' title='bbox 1473 992 1566 1040; x_wconf 92' lang='lat' dir='ltr'><strong>aut</strong></span> <span class='ocrx_word' id='word_1_51' title='bbox 1591 999 1704 1040; x_wconf 81' lang='lat' dir='ltr'><strong>ser-</strong></span> 
     </span>
    </p>
   </div>
   <div class='ocr_carea' id='block_1_10' title="bbox 124 1077 1702 1148">
    <p class='ocr_par' dir='ltr' id='par_1_10' title="bbox 124 1077 1702 1148">
     <span class='ocr_line' id='line_1_10' title="bbox 124 1077 1702 1148; baseline -0.001 -16"><span class='ocrx_word' id='word_1_52' title='bbox 124 1080 269 1134; x_wconf 87' lang='lat' dir='ltr'><strong>vilem</strong></span> <span class='ocrx_word' id='word_1_53' title='bbox 315 1077 585 1148; x_wconf 75' lang='lat' dir='ltr'><strong>originem</strong></span> <span class='ocrx_word' id='word_1_54' title='bbox 630 1077 872 1142; x_wconf 90' lang='lat' dir='ltr'><strong>trahens,</strong></span> <span class='ocrx_word' id='word_1_55' title='bbox 900 1077 984 1132; x_wconf 87' lang='lat' dir='ltr'><strong>vel</strong></span> <span class='ocrx_word' id='word_1_56' title='bbox 1014 1085 1285 1133; x_wconf 71' lang='lat' dir='ltr'><strong>extranea:</strong></span> <span class='ocrx_word' id='word_1_57' title='bbox 1312 1077 1487 1147; x_wconf 85' lang='lat' dir='ltr'><strong>gentis</strong></span> <span class='ocrx_word' id='word_1_58' title='bbox 1518 1077 1702 1142; x_wconf 92' lang='lat' dir='ltr'><strong>homo,</strong></span> 
     </span>
    </p>
   </div>
   <div class='ocr_carea' id='block_1_11' title="bbox 126 1167 1702 1240">
    <p class='ocr_par' dir='ltr' id='par_1_11' title="bbox 126 1167 1702 1240">
     <span class='ocr_line' id='line_1_11' title="bbox 126 1167 1702 1240; baseline 0.001 -18"><span class='ocrx_word' id='word_1_59' title='bbox 126 1168 218 1223; x_wconf 76' lang='lat' dir='ltr'><strong>nisi</strong></span> <span class='ocrx_word' id='word_1_60' title='bbox 261 1182 461 1237; x_wconf 54' lang='lat' dir='ltr'><strong>genere</strong></span> <span class='ocrx_word' id='word_1_61' title='bbox 492 1177 548 1222; x_wconf 92' lang='lat' dir='ltr'><strong>et</strong></span> <span class='ocrx_word' id='word_1_62' title='bbox 585 1168 829 1222; x_wconf 90' lang='lat' dir='ltr'><strong>moribus</strong></span> <span class='ocrx_word' id='word_1_63' title='bbox 861 1168 1039 1238; x_wconf 79' lang='lat' dir='ltr'><strong>dignis</strong></span> <span class='ocrx_word' id='word_1_64' title='bbox 1082 1176 1463 1238; x_wconf 91' lang='lat' dir='ltr'><strong>promoveatur</strong></span> <span class='ocrx_word' id='word_1_65' title='bbox 1489 1167 1555 1223; x_wconf 88' lang='lat' dir='ltr'><strong>ad</strong></span> <span class='ocrx_word' id='word_1_66' title='bbox 1585 1168 1702 1240; x_wconf 89' lang='lat' dir='ltr'><strong>api-</strong></span> 
     </span>
    </p>
   </div>
   <div class='ocr_carea' id='block_1_12' title="bbox 126 1257 1706 1332">
    <p class='ocr_par' dir='ltr' id='par_1_12' title="bbox 126 1257 1706 1332">
     <span class='ocr_line' id='line_1_12' title="bbox 126 1257 1706 1332; baseline 0.002 -20"><span class='ocrx_word' id='word_1_67' title='bbox 126 1275 230 1314; x_wconf 71' lang='lat' dir='ltr'><strong>cem</strong></span> <span class='ocrx_word' id='word_1_68' title='bbox 289 1259 461 1330; x_wconf 89' lang='lat' dir='ltr'><strong>regni.</strong></span> <span class='ocrx_word' id='word_1_69' title='bbox 513 1259 834 1315; x_wconf 90' lang='lat' dir='ltr'><strong>Temerator</strong></span> <span class='ocrx_word' id='word_1_70' title='bbox 885 1272 1066 1315; x_wconf 91' lang='lat' dir='ltr'><strong>autem</strong></span> <span class='ocrx_word' id='word_1_71' title='bbox 1116 1257 1276 1328; x_wconf 87' lang='lat' dir='ltr'><strong>hujus</strong></span> <span class='ocrx_word' id='word_1_72' title='bbox 1327 1259 1706 1332; x_wconf 70' lang='lat' dir='ltr'><strong>pmceptionis</strong></span> 
     </span>
    </p>
   </div>
   <div class='ocr_carea' id='block_1_13' title="bbox 127 1349 1464 1420">
    <p class='ocr_par' dir='ltr' id='par_1_13' title="bbox 127 1349 1464 1420">
     <span class='ocr_line' id='line_1_13' title="bbox 127 1349 1464 1420; baseline 0 -17"><span class='ocrx_word' id='word_1_73' title='bbox 127 1349 470 1404; x_wconf 70' lang='lat' dir='ltr'><strong>sanctissima:</strong></span> <span class='ocrx_word' id='word_1_74' title='bbox 499 1359 758 1420; x_wconf 91' lang='lat' dir='ltr'><strong>perpetuo</strong></span> <span class='ocrx_word' id='word_1_75' title='bbox 787 1351 1132 1405; x_wconf 80' lang='lat' dir='ltr'><strong>anathemate</strong></span> <span class='ocrx_word' id='word_1_76' title='bbox 1156 1351 1464 1405; x_wconf 88' lang='lat' dir='ltr'><strong>damnetur.</strong></span> 
     </span>
    </p>
   </div>
   <div class='ocr_carea' id='block_1_14' title="bbox 188 1438 1710 1514">
    <p class='ocr_par' dir='ltr' id='par_1_14' title="bbox 188 1438 1710 1514">
     <span class='ocr_line' id='line_1_14' title="bbox 188 1438 1710 1514; baseline 0.003 -20"><span class='ocrx_word' id='word_1_77' title='bbox 188 1438 367 1494; x_wconf 72' lang='lat' dir='ltr'><strong>XVIII.</strong></span> <span class='ocrx_word' id='word_1_78' title='bbox 407 1439 532 1495; x_wconf 79' lang='lat' dir='ltr'><strong>Jam</strong></span> <span class='ocrx_word' id='word_1_79' title='bbox 563 1442 781 1512; x_wconf 84' lang='lat' dir='ltr'><strong>quidem</strong></span> <span class='ocrx_word' id='word_1_80' title='bbox 825 1443 877 1496; x_wconf 92' lang='lat' dir='ltr'><strong>in</strong></span> <span class='ocrx_word' id='word_1_81' title='bbox 917 1442 1258 1498; x_wconf 86' lang='lat' dir='ltr'><strong>antecedenti</strong></span> <span class='ocrx_word' id='word_1_82' title='bbox 1295 1442 1584 1498; x_wconf 82' lang='lat' dir='ltr'><strong>universali</strong></span> <span class='ocrx_word' id='word_1_83' title='bbox 1620 1457 1710 1514; x_wconf 87' lang='lat' dir='ltr'><strong>sy-</strong></span> 
     </span>
    </p>
   </div>
   <div class='ocr_carea' id='block_1_15' title="bbox 130 1530 1706 1604">
    <p class='ocr_par' dir='ltr' id='par_1_15' title="bbox 130 1530 1706 1604">
     <span class='ocr_line' id='line_1_15' title="bbox 130 1530 1706 1604; baseline 0.001 -19"><span class='ocrx_word' id='word_1_84' title='bbox 130 1530 257 1585; x_wconf 86' lang='lat' dir='ltr'><strong>nodo</strong></span> <span class='ocrx_word' id='word_1_85' title='bbox 299 1531 460 1585; x_wconf 89' lang='lat' dir='ltr'><strong>salnti</strong></span> <span class='ocrx_word' id='word_1_86' title='bbox 498 1541 808 1588; x_wconf 84' lang='lat' dir='ltr'><strong>nostrorum</strong></span> <span class='ocrx_word' id='word_1_87' title='bbox 844 1534 1150 1604; x_wconf 86' lang='lat' dir='ltr'><strong>principum</strong></span> <span class='ocrx_word' id='word_1_88' title='bbox 1183 1543 1399 1590; x_wconf 88' lang='lat' dir='ltr'><strong>constat</strong></span> <span class='ocrx_word' id='word_1_89' title='bbox 1425 1548 1548 1590; x_wconf 89' lang='lat' dir='ltr'><strong>esse</strong></span> <span class='ocrx_word' id='word_1_90' title='bbox 1575 1549 1706 1604; x_wconf 81' lang='lat' dir='ltr'><strong>con-</strong></span> 
     </span>
    </p>
   </div>
   <div class='ocr_carea' id='block_1_16' title="bbox 133 1621 1708 1696">
    <p class='ocr_par' dir='ltr' id='par_1_16' title="bbox 133 1621 1708 1696">
     <span class='ocr_line' id='line_1_16' title="bbox 133 1621 1708 1696; baseline 0.001 -20"><span class='ocrx_word' id='word_1_91' title='bbox 133 1621 347 1688; x_wconf 89' lang='lat' dir='ltr'><strong>sultmn,</strong></span> <span class='ocrx_word' id='word_1_92' title='bbox 397 1623 494 1678; x_wconf 85' lang='lat' dir='ltr'><strong>sed</strong></span> <span class='ocrx_word' id='word_1_93' title='bbox 547 1623 680 1678; x_wconf 87' lang='lat' dir='ltr'><strong>libet</strong></span> <span class='ocrx_word' id='word_1_94' title='bbox 729 1624 927 1679; x_wconf 87' lang='lat' dir='ltr'><strong>iterare</strong></span> <span class='ocrx_word' id='word_1_95' title='bbox 979 1625 1114 1680; x_wconf 89' lang='lat' dir='ltr'><strong>bene</strong></span> <span class='ocrx_word' id='word_1_96' title='bbox 1164 1625 1406 1690; x_wconf 88' lang='lat' dir='ltr'><strong>sancita,</strong></span> <span class='ocrx_word' id='word_1_97' title='bbox 1449 1635 1505 1680; x_wconf 90' lang='lat' dir='ltr'><strong>et</strong></span> <span class='ocrx_word' id='word_1_98' title='bbox 1551 1623 1708 1696; x_wconf 89' lang='lat' dir='ltr'><strong>digna</strong></span> 
     </span>
    </p>
   </div>
   <div class='ocr_carea' id='block_1_17' title="bbox 135 1716 1712 1788">
    <p class='ocr_par' dir='ltr' id='par_1_17' title="bbox 135 1716 1712 1788">
     <span class='ocr_line' id='line_1_17' title="bbox 135 1716 1712 1788; baseline 0.003 -20"><span class='ocrx_word' id='word_1_99' title='bbox 135 1717 442 1770; x_wconf 90' lang='lat' dir='ltr'><strong>auctoritate</strong></span> <span class='ocrx_word' id='word_1_100' title='bbox 475 1717 689 1772; x_wconf 89' lang='lat' dir='ltr'><strong>munire</strong></span> <span class='ocrx_word' id='word_1_101' title='bbox 732 1716 1020 1773; x_wconf 89' lang='lat' dir='ltr'><strong>salubriter</strong></span> <span class='ocrx_word' id='word_1_102' title='bbox 1057 1718 1348 1774; x_wconf 89' lang='lat' dir='ltr'><strong>ordinata:</strong></span> <span class='ocrx_word' id='word_1_103' title='bbox 1380 1719 1606 1788; x_wconf 90' lang='lat' dir='ltr'><strong>ideoque</strong></span> <span class='ocrx_word' id='word_1_104' title='bbox 1635 1727 1712 1773; x_wconf 87' lang='lat' dir='ltr'><strong>te-</strong></span> 
     </span>
    </p>
   </div>
   <div class='ocr_carea' id='block_1_18' title="bbox 135 1808 1709 1881">
    <p class='ocr_par' dir='ltr' id='par_1_18' title="bbox 135 1808 1709 1881">
     <span class='ocr_line' id='line_1_18' title="bbox 135 1808 1709 1881; baseline 0.004 -22"><span class='ocrx_word' id='word_1_105' title='bbox 135 1814 328 1860; x_wconf 87' lang='lat' dir='ltr'><strong>stamur</strong></span> <span class='ocrx_word' id='word_1_106' title='bbox 359 1822 549 1861; x_wconf 90' lang='lat' dir='ltr'><strong>coram</strong></span> <span class='ocrx_word' id='word_1_107' title='bbox 583 1808 691 1863; x_wconf 88' lang='lat' dir='ltr'><strong>Deo</strong></span> <span class='ocrx_word' id='word_1_108' title='bbox 726 1818 780 1864; x_wconf 92' lang='lat' dir='ltr'><strong>et</strong></span> <span class='ocrx_word' id='word_1_109' title='bbox 818 1809 965 1864; x_wconf 90' lang='lat' dir='ltr'><strong>omni</strong></span> <span class='ocrx_word' id='word_1_110' title='bbox 1013 1810 1204 1866; x_wconf 89' lang='lat' dir='ltr'><strong>ordine</strong></span> <span class='ocrx_word' id='word_1_111' title='bbox 1249 1808 1588 1881; x_wconf 81' lang='lat' dir='ltr'><strong>angelorum,</strong></span> <span class='ocrx_word' id='word_1_112' title='bbox 1619 1824 1709 1866; x_wconf 83' lang='lat' dir='ltr'><strong>co-</strong></span> 
     </span>
    </p>
   </div>
   <div class='ocr_carea' id='block_1_19' title="bbox 137 1897 1714 1970">
    <p class='ocr_par' dir='ltr' id='par_1_19' title="bbox 137 1897 1714 1970">
     <span class='ocr_line' id='line_1_19' title="bbox 137 1897 1714 1970; baseline 0.002 -19"><span class='ocrx_word' id='word_1_113' title='bbox 137 1911 239 1951; x_wconf 88' lang='lat' dir='ltr'><strong>ram</strong></span> <span class='ocrx_word' id='word_1_114' title='bbox 268 1897 656 1967; x_wconf 86' lang='lat' dir='ltr'><strong>prophetarum</strong></span> <span class='ocrx_word' id='word_1_115' title='bbox 703 1908 866 1970; x_wconf 87' lang='lat' dir='ltr'><strong>atque</strong></span> <span class='ocrx_word' id='word_1_116' title='bbox 895 1901 1262 1970; x_wconf 86' lang='lat' dir='ltr'><strong>apostolorum</strong></span> <span class='ocrx_word' id='word_1_117' title='bbox 1293 1900 1373 1956; x_wconf 88' lang='lat' dir='ltr'><strong>vel</strong></span> <span class='ocrx_word' id='word_1_118' title='bbox 1401 1901 1545 1955; x_wconf 93' lang='lat' dir='ltr'><strong>omni</strong></span> <span class='ocrx_word' id='word_1_119' title='bbox 1575 1917 1714 1956; x_wconf 90' lang='lat' dir='ltr'><strong>mar-</strong></span> 
     </span>
    </p>
   </div>
   <div class='ocr_carea' id='block_1_20' title="bbox 141 1989 1724 2057">
    <p class='ocr_par' dir='ltr' id='par_1_20' title="bbox 141 1989 1724 2057">
     <span class='ocr_line' id='line_1_20' title="bbox 141 1989 1724 2057; baseline 0.003 -17"><span class='ocrx_word' id='word_1_120' title='bbox 141 1997 300 2057; x_wconf 77' lang='lat' dir='ltr'><strong>tyrum</strong></span> <span class='ocrx_word' id='word_1_121' title='bbox 350 1989 556 2055; x_wconf 92' lang='lat' dir='ltr'><strong>choro,</strong></span> <span class='ocrx_word' id='word_1_122' title='bbox 606 2005 792 2046; x_wconf 89' lang='lat' dir='ltr'><strong>coram</strong></span> <span class='ocrx_word' id='word_1_123' title='bbox 845 1993 994 2046; x_wconf 91' lang='lat' dir='ltr'><strong>omni</strong></span> <span class='ocrx_word' id='word_1_124' title='bbox 1045 1992 1287 2048; x_wconf 89' lang='lat' dir='ltr'><strong>Ecclesia</strong></span> <span class='ocrx_word' id='word_1_125' title='bbox 1339 1992 1607 2049; x_wconf 90' lang='lat' dir='ltr'><strong>catholica</strong></span> <span class='ocrx_word' id='word_1_126' title='bbox 1667 2001 1724 2046; x_wconf 92' lang='lat' dir='ltr'><strong>et</strong></span> 
     </span>
    </p>
   </div>
   <div class='ocr_carea' id='block_1_21' title="bbox 141 2080 1721 2148">
    <p class='ocr_par' dir='ltr' id='par_1_21' title="bbox 141 2080 1721 2148">
     <span class='ocr_line' id='line_1_21' title="bbox 141 2080 1721 2148; baseline 0.003 -14"><span class='ocrx_word' id='word_1_127' title='bbox 141 2080 563 2136; x_wconf 87' lang='lat' dir='ltr'><strong>Christianorum</strong></span> <span class='ocrx_word' id='word_1_128' title='bbox 596 2092 760 2148; x_wconf 65' lang='lat' dir='ltr'><strong>coetu,</strong></span> <span class='ocrx_word' id='word_1_129' title='bbox 801 2093 860 2139; x_wconf 90' lang='lat' dir='ltr'><strong>ut</strong></span> <span class='ocrx_word' id='word_1_130' title='bbox 893 2101 1051 2141; x_wconf 91' lang='lat' dir='ltr'><strong>nemo</strong></span> <span class='ocrx_word' id='word_1_131' title='bbox 1084 2086 1329 2142; x_wconf 85' lang='lat' dir='ltr'><strong>intendat</strong></span> <span class='ocrx_word' id='word_1_132' title='bbox 1357 2087 1408 2140; x_wconf 91' lang='lat' dir='ltr'><strong>in</strong></span> <span class='ocrx_word' id='word_1_133' title='bbox 1442 2085 1721 2140; x_wconf 86' lang='lat' dir='ltr'><strong>interitum</strong></span> 
     </span>
    </p>
   </div>
   <div class='ocr_carea' id='block_1_22' title="bbox 145 2170 1723 2248">
    <p class='ocr_par' dir='ltr' id='par_1_22' title="bbox 145 2170 1723 2248">
     <span class='ocr_line' id='line_1_22' title="bbox 145 2170 1723 2248; baseline 0.004 -27"><span class='ocrx_word' id='word_1_134' title='bbox 145 2170 286 2240; x_wconf 84' lang='lat' dir='ltr'><strong>regis,</strong></span> <span class='ocrx_word' id='word_1_135' title='bbox 328 2187 492 2226; x_wconf 90' lang='lat' dir='ltr'><strong>nemo</strong></span> <span class='ocrx_word' id='word_1_136' title='bbox 538 2173 704 2228; x_wconf 83' lang='lat' dir='ltr'><strong>vitam</strong></span> <span class='ocrx_word' id='word_1_137' title='bbox 749 2176 1011 2245; x_wconf 87' lang='lat' dir='ltr'><strong>principis</strong></span> <span class='ocrx_word' id='word_1_138' title='bbox 1057 2185 1332 2242; x_wconf 89' lang='lat' dir='ltr'><strong>attreclet,</strong></span> <span class='ocrx_word' id='word_1_139' title='bbox 1363 2191 1522 2232; x_wconf 89' lang='lat' dir='ltr'><strong>nemo</strong></span> <span class='ocrx_word' id='word_1_140' title='bbox 1570 2173 1723 2248; x_wconf 90' lang='lat' dir='ltr'><strong>regni</strong></span> 
     </span>
    </p>
   </div>
   <div class='ocr_carea' id='block_1_23' title="bbox 147 2263 1722 2339">
    <p class='ocr_par' dir='ltr' id='par_1_23' title="bbox 147 2263 1722 2339">
     <span class='ocr_line' id='line_1_23' title="bbox 147 2263 1722 2339; baseline 0.005 -27"><span class='ocrx_word' id='word_1_141' title='bbox 147 2273 250 2313; x_wconf 89' lang='lat' dir='ltr'><strong>eum</strong></span> <span class='ocrx_word' id='word_1_142' title='bbox 280 2263 668 2330; x_wconf 81' lang='lat' dir='ltr'><strong>gubernaculis</strong></span> <span class='ocrx_word' id='word_1_143' title='bbox 709 2266 905 2336; x_wconf 87' lang='lat' dir='ltr'><strong>privet,</strong></span> <span class='ocrx_word' id='word_1_144' title='bbox 939 2282 1097 2322; x_wconf 93' lang='lat' dir='ltr'><strong>nemo</strong></span> <span class='ocrx_word' id='word_1_145' title='bbox 1141 2267 1422 2339; x_wconf 84' lang='lat' dir='ltr'><strong>tyrannica</strong></span> <span class='ocrx_word' id='word_1_146' title='bbox 1467 2281 1722 2337; x_wconf 58' lang='lat' dir='ltr'><strong>praesum-</strong></span> 
     </span>
    </p>
   </div>
   <div class='ocr_carea' id='block_1_24' title="bbox 149 2351 1723 2428">
    <p class='ocr_par' dir='ltr' id='par_1_24' title="bbox 149 2351 1723 2428">
     <span class='ocr_line' id='line_1_24' title="bbox 149 2351 1723 2428; baseline 0.005 -24"><span class='ocrx_word' id='word_1_147' title='bbox 149 2351 310 2420; x_wconf 88' lang='lat' dir='ltr'><strong>ptione</strong></span> <span class='ocrx_word' id='word_1_148' title='bbox 359 2355 574 2423; x_wconf 86' lang='lat' dir='ltr'><strong>apicem</strong></span> <span class='ocrx_word' id='word_1_149' title='bbox 631 2356 781 2426; x_wconf 81' lang='lat' dir='ltr'><strong>regni</strong></span> <span class='ocrx_word' id='word_1_150' title='bbox 836 2357 937 2412; x_wconf 89' lang='lat' dir='ltr'><strong>sibi</strong></span> <span class='ocrx_word' id='word_1_151' title='bbox 990 2368 1236 2428; x_wconf 86' lang='lat' dir='ltr'><strong>usurpet,</strong></span> <span class='ocrx_word' id='word_1_152' title='bbox 1287 2373 1446 2414; x_wconf 82' lang='lat' dir='ltr'><strong>nemo</strong></span> <span class='ocrx_word' id='word_1_153' title='bbox 1483 2357 1723 2427; x_wconf 85' lang='lat' dir='ltr'><strong>quolibet</strong></span> 
     </span>
    </p>
   </div>
   <div class='ocr_carea' id='block_1_25' title="bbox 151 2444 1722 2522">
    <p class='ocr_par' dir='ltr' id='par_1_25' title="bbox 151 2444 1722 2522">
     <span class='ocr_line' id='line_1_25' title="bbox 151 2444 1722 2522; baseline 0.005 -24"><span class='ocrx_word' id='word_1_154' title='bbox 151 2444 574 2502; x_wconf 86' lang='lat' dir='ltr'><strong>machinamento</strong></span> <span class='ocrx_word' id='word_1_155' title='bbox 601 2447 655 2502; x_wconf 91' lang='lat' dir='ltr'><strong>in</strong></span> <span class='ocrx_word' id='word_1_156' title='bbox 686 2449 802 2520; x_wconf 82' lang='lat' dir='ltr'><strong>ejus</strong></span> <span class='ocrx_word' id='word_1_157' title='bbox 827 2451 1158 2506; x_wconf 85' lang='lat' dir='ltr'><strong>adversitate</strong></span> <span class='ocrx_word' id='word_1_158' title='bbox 1184 2452 1285 2508; x_wconf 91' lang='lat' dir='ltr'><strong>sibi</strong></span> <span class='ocrx_word' id='word_1_159' title='bbox 1313 2451 1722 2522; x_wconf 89' lang='lat' dir='ltr'><strong>eonjuratorum</strong></span> 
     </span>
    </p>
   </div>
   <div class='ocr_carea' id='block_1_26' title="bbox 153 2539 1723 2614">
    <p class='ocr_par' dir='ltr' id='par_1_26' title="bbox 153 2539 1723 2614">
     <span class='ocr_line' id='line_1_26' title="bbox 153 2539 1723 2614; baseline 0.005 -27"><span class='ocrx_word' id='word_1_160' title='bbox 153 2549 346 2590; x_wconf 84' lang='lat' dir='ltr'><strong>manum</strong></span> <span class='ocrx_word' id='word_1_161' title='bbox 376 2539 634 2605; x_wconf 90' lang='lat' dir='ltr'><strong>associel;</strong></span> <span class='ocrx_word' id='word_1_162' title='bbox 655 2543 797 2609; x_wconf 89' lang='lat' dir='ltr'><strong>quod</strong></span> <span class='ocrx_word' id='word_1_163' title='bbox 823 2541 867 2596; x_wconf 88' lang='lat' dir='ltr'><strong>si</strong></span> <span class='ocrx_word' id='word_1_164' title='bbox 894 2542 1188 2612; x_wconf 85' lang='lat' dir='ltr'><strong>quidquam</strong></span> <span class='ocrx_word' id='word_1_165' title='bbox 1210 2542 1402 2597; x_wconf 89' lang='lat' dir='ltr'><strong>horum</strong></span> <span class='ocrx_word' id='word_1_166' title='bbox 1433 2542 1723 2614; x_wconf 85' lang='lat' dir='ltr'><strong>quisquam</strong></span> 
     </span>
    </p>
   </div>
   <div class='ocr_carea' id='block_1_27' title="bbox 155 2631 1725 2704">
    <p class='ocr_par' dir='ltr' id='par_1_27' title="bbox 155 2631 1725 2704">
     <span class='ocr_line' id='line_1_27' title="bbox 155 2631 1725 2704; baseline 0.005 -25"><span class='ocrx_word' id='word_1_167' title='bbox 155 2634 438 2684; x_wconf 91' lang='lat' dir='ltr'><strong>nostrorum</strong></span> <span class='ocrx_word' id='word_1_168' title='bbox 482 2639 749 2686; x_wconf 90' lang='lat' dir='ltr'><strong>temerate</strong></span> <span class='ocrx_word' id='word_1_169' title='bbox 800 2633 1226 2704; x_wconf 62' lang='lat' dir='ltr'><strong>praesumpserit,</strong></span> <span class='ocrx_word' id='word_1_170' title='bbox 1259 2633 1608 2688; x_wconf 84' lang='lat' dir='ltr'><strong>anathemate</strong></span> <span class='ocrx_word' id='word_1_171' title='bbox 1641 2631 1725 2687; x_wconf 88' lang='lat' dir='ltr'><strong>di-</strong></span> 
     </span>
    </p>
   </div>
   <div class='ocr_carea' id='block_1_28' title="bbox 153 2716 1729 2794">
    <p class='ocr_par' dir='ltr' id='par_1_28' title="bbox 153 2716 1729 2794">
     <span class='ocr_line' id='line_1_28' title="bbox 153 2716 1729 2794; baseline 0.008 -26"><span class='ocrx_word' id='word_1_172' title='bbox 153 2716 262 2774; x_wconf 77' lang='lat' dir='ltr'><strong>vino</strong></span> <span class='ocrx_word' id='word_1_173' title='bbox 299 2721 585 2791; x_wconf 90' lang='lat' dir='ltr'><strong>perculsus</strong></span> <span class='ocrx_word' id='word_1_174' title='bbox 633 2723 838 2794; x_wconf 89' lang='lat' dir='ltr'><strong>absque</strong></span> <span class='ocrx_word' id='word_1_175' title='bbox 888 2724 994 2780; x_wconf 93' lang='lat' dir='ltr'><strong>ullo</strong></span> <span class='ocrx_word' id='word_1_176' title='bbox 1045 2725 1267 2780; x_wconf 85' lang='lat' dir='ltr'><strong>remedii</strong></span> <span class='ocrx_word' id='word_1_177' title='bbox 1307 2725 1426 2780; x_wconf 85' lang='lat' dir='ltr'><strong>loco</strong></span> <span class='ocrx_word' id='word_1_178' title='bbox 1463 2724 1729 2780; x_wconf 86' lang='lat' dir='ltr'><strong>habeatur</strong></span> 
     </span>
    </p>
   </div>
   <div class='ocr_carea' id='block_1_29' title="bbox 153 2808 1724 2887">
    <p class='ocr_par' dir='ltr' id='par_1_29' title="bbox 153 2808 1724 2887">
     <span class='ocr_line' id='line_1_29' title="bbox 153 2808 1724 2887; baseline 0.006 -24"><span class='ocrx_word' id='word_1_179' title='bbox 153 2808 525 2867; x_wconf 86' lang='lat' dir='ltr'><strong>condemnatus</strong></span> <span class='ocrx_word' id='word_1_180' title='bbox 567 2821 770 2869; x_wconf 66' lang='lat' dir='ltr'><strong>aeterno</strong></span> <span class='ocrx_word' id='word_1_181' title='bbox 792 2813 1017 2882; x_wconf 87' lang='lat' dir='ltr'><strong>jmlieio.</strong></span> <span class='ocrx_word' id='word_1_182' title='bbox 1049 2815 1098 2872; x_wconf 89' lang='lat' dir='ltr'><strong>Is</strong></span> <span class='ocrx_word' id='word_1_183' title='bbox 1125 2827 1305 2871; x_wconf 91' lang='lat' dir='ltr'><strong>autem</strong></span> <span class='ocrx_word' id='word_1_184' title='bbox 1343 2817 1434 2887; x_wconf 91' lang='lat' dir='ltr'><strong>qui</strong></span> <span class='ocrx_word' id='word_1_185' title='bbox 1481 2816 1600 2886; x_wconf 89' lang='lat' dir='ltr'><strong>ejus</strong></span> <span class='ocrx_word' id='word_1_186' title='bbox 1635 2831 1724 2872; x_wconf 90' lang='lat' dir='ltr'><strong>se-</strong></span> 
     </span>
    </p>
   </div>
   <div class='ocr_carea' id='block_1_30' title="bbox 157 2899 1726 2982">
    <p class='ocr_par' dir='ltr' id='par_1_30' title="bbox 157 2899 1726 2982">
     <span class='ocr_line' id='line_1_30' title="bbox 157 2899 1726 2982; baseline 0.008 -28"><span class='ocrx_word' id='word_1_187' title='bbox 157 2899 264 2956; x_wconf 89' lang='lat' dir='ltr'><strong>dem</strong></span> <span class='ocrx_word' id='word_1_188' title='bbox 282 2901 441 2960; x_wconf 86' lang='lat' dir='ltr'><strong>fuerit</strong></span> <span class='ocrx_word' id='word_1_189' title='bbox 471 2914 777 2973; x_wconf 82' lang='lat' dir='ltr'><strong>assecutus,</strong></span> <span class='ocrx_word' id='word_1_190' title='bbox 809 2909 967 2980; x_wconf 72' lang='lat'><strong>120</strong></span> <span class='ocrx_word' id='word_1_191' title='bbox 991 2909 1036 2964; x_wconf 90' lang='lat' dir='ltr'><strong>si</strong></span> <span class='ocrx_word' id='word_1_192' title='bbox 1061 2910 1174 2964; x_wconf 91' lang='lat' dir='ltr'><strong>vult</strong></span> <span class='ocrx_word' id='word_1_193' title='bbox 1204 2920 1354 2966; x_wconf 92' lang='lat' dir='ltr'><strong>tanto</strong></span> <span class='ocrx_word' id='word_1_194' title='bbox 1375 2911 1583 2981; x_wconf 77' lang='lat' dir='ltr'><strong>expiari</strong></span> <span class='ocrx_word' id='word_1_195' title='bbox 1611 2911 1726 2982; x_wconf 89' lang='lat' dir='ltr'><strong>pia-</strong></span> 
     </span>
    </p>
   </div>
   <div class='ocr_carea' id='block_1_31' title="bbox 1804 611 3445 685">
    <p class='ocr_par' dir='ltr' id='par_1_31' title="bbox 1804 611 3445 685">
     <span class='ocr_line' id='line_1_31' title="bbox 1804 611 3445 685; baseline 0.001 -19"><span class='ocrx_word' id='word_1_196' title='bbox 1804 611 1858 667; x_wconf 91' lang='lat' dir='ltr'><strong>ln</strong></span> <span class='ocrx_word' id='word_1_197' title='bbox 1889 613 2042 685; x_wconf 85' lang='lat' dir='ltr'><strong>cujus</strong></span> <span class='ocrx_word' id='word_1_198' title='bbox 2070 613 2399 669; x_wconf 80' lang='lat' dir='ltr'><strong>defensionis</strong></span> <span class='ocrx_word' id='word_1_199' title='bbox 2429 613 2955 671; x_wconf 82' lang='lat' dir='ltr'><strong>auxilium-universi</strong></span> <span class='ocrx_word' id='word_1_200' title='bbox 2993 614 3146 685; x_wconf 91' lang='lat' dir='ltr'><strong>regni</strong></span> <span class='ocrx_word' id='word_1_201' title='bbox 3178 612 3388 669; x_wconf 84' lang='lat' dir='ltr'><strong>Gotho-</strong></span> <span class='ocrx_word' id='word_1_202' title='bbox 3430 611 3445 652; x_wconf 74' lang='lat'><strong>‘-</strong></span> 
     </span>
    </p>
   </div>
   <div class='ocr_carea' id='block_1_32' title="bbox 1803 704 3386 768">
    <p class='ocr_par' dir='ltr' id='par_1_32' title="bbox 1803 704 3386 768">
     <span class='ocr_line' id='line_1_32' title="bbox 1803 704 3386 768; baseline 0.001 -10"><span class='ocrx_word' id='word_1_203' title='bbox 1803 720 1922 759; x_wconf 90' lang='lat' dir='ltr'><strong>rum</strong></span> <span class='ocrx_word' id='word_1_204' title='bbox 1962 706 2268 760; x_wconf 84' lang='lat' dir='ltr'><strong>consentiat</strong></span> <span class='ocrx_word' id='word_1_205' title='bbox 2309 704 2590 762; x_wconf 81' lang='lat' dir='ltr'><strong>fortitudo.</strong></span> <span class='ocrx_word' id='word_1_206' title='bbox 2641 704 2697 761; x_wconf 90' lang='lat' dir='ltr'><strong>Si</strong></span> <span class='ocrx_word' id='word_1_207' title='bbox 2737 716 2918 761; x_wconf 89' lang='lat' dir='ltr'><strong>autem</strong></span> <span class='ocrx_word' id='word_1_208' title='bbox 2947 706 3169 761; x_wconf 70' lang='lat' dir='ltr'><strong>desidiae</strong></span> <span class='ocrx_word' id='word_1_209' title='bbox 3197 721 3386 768; x_wconf 84' lang='lat' dir='ltr'><strong>causa,</strong></span> 
     </span>
    </p>
   </div>
   <div class='ocr_carea' id='block_1_33' title="bbox 1801 799 3392 866">
    <p class='ocr_par' dir='ltr' id='par_1_33' title="bbox 1801 799 3392 866">
     <span class='ocr_line' id='line_1_33' title="bbox 1801 799 3392 866; baseline -0.001 -12"><span class='ocrx_word' id='word_1_210' title='bbox 1801 807 1856 854; x_wconf 94' lang='lat' dir='ltr'><strong>et</strong></span> <span class='ocrx_word' id='word_1_211' title='bbox 1903 799 2098 854; x_wconf 90' lang='lat' dir='ltr'><strong>minori</strong></span> <span class='ocrx_word' id='word_1_212' title='bbox 2146 800 2283 866; x_wconf 85' lang='lat' dir='ltr'><strong>zelo,</strong></span> <span class='ocrx_word' id='word_1_213' title='bbox 2327 811 2434 856; x_wconf 86' lang='lat' dir='ltr'><strong>tam</strong></span> <span class='ocrx_word' id='word_1_214' title='bbox 2483 800 2756 856; x_wconf 87' lang='lat' dir='ltr'><strong>funestum</strong></span> <span class='ocrx_word' id='word_1_215' title='bbox 2819 799 3054 854; x_wconf 88' lang='lat' dir='ltr'><strong>noluerit</strong></span> <span class='ocrx_word' id='word_1_216' title='bbox 3113 799 3392 853; x_wconf 87' lang='lat' dir='ltr'><strong>vindicare</strong></span> 
     </span>
    </p>
   </div>
   <div class='ocr_carea' id='block_1_34' title="bbox 1803 890 3391 962">
    <p class='ocr_par' dir='ltr' id='par_1_34' title="bbox 1803 890 3391 962">
     <span class='ocr_line' id='line_1_34' title="bbox 1803 890 3391 962; baseline -0.002 -15"><span class='ocrx_word' id='word_1_217' title='bbox 1803 892 2001 957; x_wconf 86' lang='lat' dir='ltr'><strong>scelus,</strong></span> <span class='ocrx_word' id='word_1_218' title='bbox 2034 892 2145 948; x_wconf 89' lang='lat' dir='ltr'><strong>sint</strong></span> <span class='ocrx_word' id='word_1_219' title='bbox 2185 906 2376 948; x_wconf 89' lang='lat' dir='ltr'><strong>omnes</strong></span> <span class='ocrx_word' id='word_1_220' title='bbox 2410 907 2478 948; x_wconf 89' lang='lat' dir='ltr'><strong>ex</strong></span> <span class='ocrx_word' id='word_1_221' title='bbox 2517 902 2702 948; x_wconf 89' lang='lat' dir='ltr'><strong>nostra</strong></span> <span class='ocrx_word' id='word_1_222' title='bbox 2741 891 3007 948; x_wconf 82' lang='lat' dir='ltr'><strong>sententia</strong></span> <span class='ocrx_word' id='word_1_223' title='bbox 3039 890 3391 962; x_wconf 89' lang='lat' dir='ltr'><strong>opprobrium</strong></span> 
     </span>
    </p>
   </div>
   <div class='ocr_carea' id='block_1_35' title="bbox 1802 983 2316 1054">
    <p class='ocr_par' dir='ltr' id='par_1_35' title="bbox 1802 983 2316 1054">
     <span class='ocr_line' id='line_1_35' title="bbox 1802 983 2316 1054; baseline -0.002 -16"><span class='ocrx_word' id='word_1_224' title='bbox 1802 983 2016 1038; x_wconf 62' lang='lat' dir='ltr'><strong>caeteris</strong></span> <span class='ocrx_word' id='word_1_225' title='bbox 2047 983 2316 1054; x_wconf 85' lang='lat' dir='ltr'><strong>gentibus.</strong></span> 
     </span>
    </p>
   </div>
   <div class='ocr_carea' id='block_1_36' title="bbox 1877 1073 3394 1148">
    <p class='ocr_par' dir='ltr' id='par_1_36' title="bbox 1877 1073 3394 1148">
     <span class='ocr_line' id='line_1_36' title="bbox 1877 1073 3394 1148; baseline -0.001 -18"><span class='ocrx_word' id='word_1_226' title='bbox 1877 1075 2017 1131; x_wconf 78' lang='lat' dir='ltr'><strong>XIX.</strong></span> <span class='ocrx_word' id='word_1_227' title='bbox 2048 1074 2144 1131; x_wconf 81' lang='lat' dir='ltr'><strong>llis</strong></span> <span class='ocrx_word' id='word_1_228' title='bbox 2172 1076 2425 1132; x_wconf 87' lang='lat' dir='ltr'><strong>omnibus</strong></span> <span class='ocrx_word' id='word_1_229' title='bbox 2448 1075 2552 1132; x_wconf 89' lang='lat' dir='ltr'><strong>rite</strong></span> <span class='ocrx_word' id='word_1_230' title='bbox 2576 1076 2853 1148; x_wconf 83' lang='lat' dir='ltr'><strong>dispositis</strong></span> <span class='ocrx_word' id='word_1_231' title='bbox 2871 1115 2886 1142; x_wconf 92' lang='lat'><strong>,</strong></span> <span class='ocrx_word' id='word_1_232' title='bbox 2913 1084 2970 1130; x_wconf 85' lang='lat' dir='ltr'><strong>et</strong></span> <span class='ocrx_word' id='word_1_233' title='bbox 2991 1075 3246 1130; x_wconf 80' lang='lat' dir='ltr'><strong>diuturna</strong></span> <span class='ocrx_word' id='word_1_234' title='bbox 3279 1073 3394 1129; x_wconf 79' lang='lat' dir='ltr'><strong>col-</strong></span> 
     </span>
    </p>
   </div>
   <div class='ocr_carea' id='block_1_37' title="bbox 1806 1167 3398 1241">
    <p class='ocr_par' dir='ltr' id='par_1_37' title="bbox 1806 1167 3398 1241">
     <span class='ocr_line' id='line_1_37' title="bbox 1806 1167 3398 1241; baseline -0.003 -15"><span class='ocrx_word' id='word_1_235' title='bbox 1806 1171 2005 1228; x_wconf 91' lang='lat' dir='ltr'><strong>latione</strong></span> <span class='ocrx_word' id='word_1_236' title='bbox 2036 1171 2371 1234; x_wconf 88' lang='lat' dir='ltr'><strong>deliberatis,</strong></span> <span class='ocrx_word' id='word_1_237' title='bbox 2410 1170 2864 1235; x_wconf 88' lang='lat' dir='ltr'><strong>benedictionem,</strong></span> <span class='ocrx_word' id='word_1_238' title='bbox 2888 1169 3111 1241; x_wconf 87' lang='lat' dir='ltr'><strong>gloriam</strong></span> <span class='ocrx_word' id='word_1_239' title='bbox 3141 1175 3197 1224; x_wconf 91' lang='lat' dir='ltr'><strong>et</strong></span> <span class='ocrx_word' id='word_1_240' title='bbox 3227 1167 3398 1223; x_wconf 92' lang='lat' dir='ltr'><strong>hono-</strong></span> 
     </span>
    </p>
   </div>
   <div class='ocr_carea' id='block_1_38' title="bbox 1808 1260 3395 1332">
    <p class='ocr_par' dir='ltr' id='par_1_38' title="bbox 1808 1260 3395 1332">
     <span class='ocr_line' id='line_1_38' title="bbox 1808 1260 3395 1332; baseline -0.004 -14"><span class='ocrx_word' id='word_1_241' title='bbox 1808 1278 1923 1320; x_wconf 91' lang='lat' dir='ltr'><strong>rem</strong></span> <span class='ocrx_word' id='word_1_242' title='bbox 1947 1262 2202 1318; x_wconf 85' lang='lat' dir='ltr'><strong>invisibili</strong></span> <span class='ocrx_word' id='word_1_243' title='bbox 2225 1262 2465 1318; x_wconf 90' lang='lat' dir='ltr'><strong>omnium</strong></span> <span class='ocrx_word' id='word_1_244' title='bbox 2500 1263 2707 1318; x_wconf 89' lang='lat' dir='ltr'><strong>auctori</strong></span> <span class='ocrx_word' id='word_1_245' title='bbox 2739 1261 3080 1332; x_wconf 90' lang='lat' dir='ltr'><strong>rependimus</strong></span> <span class='ocrx_word' id='word_1_246' title='bbox 3132 1260 3395 1315; x_wconf 91' lang='lat' dir='ltr'><strong>luminum</strong></span> 
     </span>
    </p>
   </div>
   <div class='ocr_carea' id='block_1_39' title="bbox 1808 1351 3399 1423">
    <p class='ocr_par' dir='ltr' id='par_1_39' title="bbox 1808 1351 3399 1423">
     <span class='ocr_line' id='line_1_39' title="bbox 1808 1351 3399 1423; baseline -0.003 -14"><span class='ocrx_word' id='word_1_247' title='bbox 1808 1353 1979 1418; x_wconf 90' lang='lat' dir='ltr'><strong>Patri,</strong></span> <span class='ocrx_word' id='word_1_248' title='bbox 2017 1362 2072 1408; x_wconf 90' lang='lat' dir='ltr'><strong>et</strong></span> <span class='ocrx_word' id='word_1_249' title='bbox 2122 1354 2176 1408; x_wconf 91' lang='lat' dir='ltr'><strong>in</strong></span> <span class='ocrx_word' id='word_1_250' title='bbox 2222 1352 2610 1409; x_wconf 83' lang='lat' dir='ltr'><strong>conservandis</strong></span> <span class='ocrx_word' id='word_1_251' title='bbox 2663 1351 2782 1422; x_wconf 87' lang='lat' dir='ltr'><strong>ejus</strong></span> <span class='ocrx_word' id='word_1_252' title='bbox 2834 1351 3190 1423; x_wconf 88' lang='lat' dir='ltr'><strong>imploramus</strong></span> <span class='ocrx_word' id='word_1_253' title='bbox 3239 1364 3399 1420; x_wconf 89' lang='lat' dir='ltr'><strong>opem</strong></span> 
     </span>
    </p>
   </div>
   <div class='ocr_carea' id='block_1_40' title="bbox 1810 1442 3397 1517">
    <p class='ocr_par' dir='ltr' id='par_1_40' title="bbox 1810 1442 3397 1517">
     <span class='ocr_line' id='line_1_40' title="bbox 1810 1442 3397 1517; baseline -0.006 -12"><span class='ocrx_word' id='word_1_254' title='bbox 1810 1446 2076 1517; x_wconf 74' lang='lat' dir='ltr'><strong>sulfragii,</strong></span> <span class='ocrx_word' id='word_1_255' title='bbox 2109 1456 2168 1501; x_wconf 91' lang='lat' dir='ltr'><strong>ut</strong></span> <span class='ocrx_word' id='word_1_256' title='bbox 2196 1446 2678 1502; x_wconf 84' lang='lat' dir='ltr'><strong>constitutionibus</strong></span> <span class='ocrx_word' id='word_1_257' title='bbox 2715 1445 2916 1502; x_wconf 89' lang='lat' dir='ltr'><strong>nostris</strong></span> <span class='ocrx_word' id='word_1_258' title='bbox 2949 1444 3133 1499; x_wconf 84' lang='lat' dir='ltr'><strong>robur</strong></span> <span class='ocrx_word' id='word_1_259' title='bbox 3168 1442 3397 1507; x_wconf 88' lang='lat' dir='ltr'><strong>tribuat,</strong></span> 
     </span>
    </p>
   </div>
   <div class='ocr_carea' id='block_1_41' title="bbox 1811 1531 3403 1606">
    <p class='ocr_par' dir='ltr' id='par_1_41' title="bbox 1811 1531 3403 1606">
     <span class='ocr_line' id='line_1_41' title="bbox 1811 1531 3403 1606; baseline -0.004 -13"><span class='ocrx_word' id='word_1_260' title='bbox 1811 1551 1905 1593; x_wconf 89' lang='lat' dir='ltr'><strong>seu</strong></span> <span class='ocrx_word' id='word_1_261' title='bbox 1936 1535 2685 1606; x_wconf 82' lang='lat' dir='ltr'><strong>virtutem,fragilitatemque</strong></span> <span class='ocrx_word' id='word_1_262' title='bbox 2715 1536 3006 1590; x_wconf 87' lang='lat' dir='ltr'><strong>humanam</strong></span> <span class='ocrx_word' id='word_1_263' title='bbox 3027 1534 3152 1596; x_wconf 83' lang='lat' dir='ltr'><strong>huic</strong></span> <span class='ocrx_word' id='word_1_264' title='bbox 3179 1531 3403 1602; x_wconf 89' lang='lat' dir='ltr'><strong>disposi-</strong></span> 
     </span>
    </p>
   </div>
   <div class='ocr_carea' id='block_1_42' title="bbox 1811 1623 3405 1694">
    <p class='ocr_par' dir='ltr' id='par_1_42' title="bbox 1811 1623 3405 1694">
     <span class='ocr_line' id='line_1_42' title="bbox 1811 1623 3405 1694; baseline -0.001 -14"><span class='ocrx_word' id='word_1_265' title='bbox 1811 1625 1945 1680; x_wconf 87' lang='lat' dir='ltr'><strong>tioni</strong></span> <span class='ocrx_word' id='word_1_266' title='bbox 1974 1623 2468 1694; x_wconf 64' lang='lat' dir='ltr'><strong>reddateﬂicamm,</strong></span> <span class='ocrx_word' id='word_1_267' title='bbox 2485 1625 2538 1682; x_wconf 90' lang='lat' dir='ltr'><strong>id</strong></span> <span class='ocrx_word' id='word_1_268' title='bbox 2563 1634 2648 1682; x_wconf 86' lang='lat' dir='ltr'><strong>est</strong></span> <span class='ocrx_word' id='word_1_269' title='bbox 2673 1625 2964 1689; x_wconf 89' lang='lat' dir='ltr'><strong>salubrem,</strong></span> <span class='ocrx_word' id='word_1_270' title='bbox 2989 1635 3048 1680; x_wconf 94' lang='lat' dir='ltr'><strong>ut</strong></span> <span class='ocrx_word' id='word_1_271' title='bbox 3070 1641 3176 1681; x_wconf 92' lang='lat' dir='ltr'><strong>non</strong></span> <span class='ocrx_word' id='word_1_272' title='bbox 3195 1623 3405 1694; x_wconf 89' lang='lat' dir='ltr'><strong>judicet</strong></span> 
     </span>
    </p>
   </div>
   <div class='ocr_carea' id='block_1_43' title="bbox 1813 1715 3405 1788">
    <p class='ocr_par' dir='ltr' id='par_1_43' title="bbox 1813 1715 3405 1788">
     <span class='ocr_line' id='line_1_43' title="bbox 1813 1715 3405 1788; baseline -0.001 -16"><span class='ocrx_word' id='word_1_273' title='bbox 1813 1717 2326 1788; x_wconf 71' lang='lat' dir='ltr'><strong>pmvarieatricem.</strong></span> <span class='ocrx_word' id='word_1_274' title='bbox 2359 1717 2470 1772; x_wconf 87' lang='lat' dir='ltr'><strong>Nos</strong></span> <span class='ocrx_word' id='word_1_275' title='bbox 2499 1727 2632 1788; x_wconf 87' lang='lat' dir='ltr'><strong>ergo</strong></span> <span class='ocrx_word' id='word_1_276' title='bbox 2652 1718 2833 1772; x_wconf 91' lang='lat' dir='ltr'><strong>omnia</strong></span> <span class='ocrx_word' id='word_1_277' title='bbox 2861 1717 3230 1787; x_wconf 88' lang='lat' dir='ltr'><strong>superscripta</strong></span> <span class='ocrx_word' id='word_1_278' title='bbox 3255 1715 3405 1772; x_wconf 89' lang='lat' dir='ltr'><strong>omni</strong></span> 
     </span>
    </p>
   </div>
   <div class='ocr_carea' id='block_1_44' title="bbox 1815 1806 3406 1877">
    <p class='ocr_par' dir='ltr' id='par_1_44' title="bbox 1815 1806 3406 1877">
     <span class='ocr_line' id='line_1_44' title="bbox 1815 1806 3406 1877; baseline -0.003 -14"><span class='ocrx_word' id='word_1_279' title='bbox 1815 1806 2140 1863; x_wconf 84' lang='lat' dir='ltr'><strong>auctoritate</strong></span> <span class='ocrx_word' id='word_1_280' title='bbox 2162 1806 2463 1877; x_wconf 90' lang='lat' dir='ltr'><strong>priscorum</strong></span> <span class='ocrx_word' id='word_1_281' title='bbox 2487 1821 2757 1862; x_wconf 90' lang='lat' dir='ltr'><strong>canonum</strong></span> <span class='ocrx_word' id='word_1_282' title='bbox 2785 1806 3188 1877; x_wconf 89' lang='lat' dir='ltr'><strong>subscriptione</strong></span> <span class='ocrx_word' id='word_1_283' title='bbox 3218 1812 3406 1861; x_wconf 90' lang='lat' dir='ltr'><strong>nostra</strong></span> 
     </span>
    </p>
   </div>
   <div class='ocr_carea' id='block_1_45' title="bbox 1747 1895 3409 1968">
    <p class='ocr_par' dir='ltr' id='par_1_45' title="bbox 1747 1895 3409 1968">
     <span class='ocr_line' id='line_1_45' title="bbox 1747 1895 3409 1968; baseline -0.001 -16"><span class='ocrx_word' id='word_1_284' title='bbox 1747 1899 1789 1958; x_wconf 83' lang='grc' dir='ltr'><strong><em>Β</em></strong></span> <span class='ocrx_word' id='word_1_285' title='bbox 1818 1897 2118 1963; x_wconf 79' lang='lat' dir='ltr'><strong>firmamus,</strong></span> <span class='ocrx_word' id='word_1_286' title='bbox 2142 1906 2198 1952; x_wconf 90' lang='lat' dir='ltr'><strong>et</strong></span> <span class='ocrx_word' id='word_1_287' title='bbox 2244 1897 2451 1968; x_wconf 90' lang='lat' dir='ltr'><strong>gratias</strong></span> <span class='ocrx_word' id='word_1_288' title='bbox 2477 1897 2688 1968; x_wconf 82' lang='lat' dir='ltr'><strong>agimus</strong></span> <span class='ocrx_word' id='word_1_289' title='bbox 2715 1895 3183 1952; x_wconf 89' lang='lat' dir='ltr'><strong>Christianissimo</strong></span> <span class='ocrx_word' id='word_1_290' title='bbox 3210 1903 3268 1951; x_wconf 88' lang='lat' dir='ltr'><strong>et</strong></span> <span class='ocrx_word' id='word_1_291' title='bbox 3295 1895 3409 1967; x_wconf 90' lang='lat' dir='ltr'><strong>glo—</strong></span> 
     </span>
    </p>
   </div>
   <div class='ocr_carea' id='block_1_46' title="bbox 1825 1982 3410 2054">
    <p class='ocr_par' dir='ltr' id='par_1_46' title="bbox 1825 1982 3410 2054">
     <span class='ocr_line' id='line_1_46' title="bbox 1825 1982 3410 2054; baseline -0.003 -14"><span class='ocrx_word' id='word_1_292' title='bbox 1825 1983 2126 2040; x_wconf 89' lang='lat' dir='ltr'><strong>riosissimo</strong></span> <span class='ocrx_word' id='word_1_293' title='bbox 2173 1983 2502 2039; x_wconf 89' lang='lat' dir='ltr'><strong>Chintillano</strong></span> <span class='ocrx_word' id='word_1_294' title='bbox 2540 1983 2772 2054; x_wconf 89' lang='lat' dir='ltr'><strong>principi</strong></span> <span class='ocrx_word' id='word_1_295' title='bbox 2821 1992 3009 2039; x_wconf 89' lang='lat' dir='ltr'><strong>nostro</strong></span> <span class='ocrx_word' id='word_1_296' title='bbox 3036 2024 3052 2050; x_wconf 90' lang='lat'><strong>,</strong></span> <span class='ocrx_word' id='word_1_297' title='bbox 3096 1982 3250 2054; x_wconf 88' lang='lat' dir='ltr'><strong>cujus</strong></span> <span class='ocrx_word' id='word_1_298' title='bbox 3290 1988 3410 2038; x_wconf 80' lang='lat' dir='ltr'><strong>stu-</strong></span> 
     </span>
    </p>
   </div>
   <div class='ocr_carea' id='block_1_47' title="bbox 1825 2078 3410 2150">
    <p class='ocr_par' dir='ltr' id='par_1_47' title="bbox 1825 2078 3410 2150">
     <span class='ocr_line' id='line_1_47' title="bbox 1825 2078 3410 2150; baseline -0.001 -16"><span class='ocrx_word' id='word_1_299' title='bbox 1825 2078 1916 2134; x_wconf 91' lang='lat' dir='ltr'><strong>dio</strong></span> <span class='ocrx_word' id='word_1_300' title='bbox 1952 2079 2200 2134; x_wconf 86' lang='lat' dir='ltr'><strong>advocati</strong></span> <span class='ocrx_word' id='word_1_301' title='bbox 2241 2088 2298 2134; x_wconf 90' lang='lat' dir='ltr'><strong>et</strong></span> <span class='ocrx_word' id='word_1_302' title='bbox 2338 2079 2601 2135; x_wconf 87' lang='lat' dir='ltr'><strong>instantia</strong></span> <span class='ocrx_word' id='word_1_303' title='bbox 2629 2079 2843 2136; x_wconf 92' lang='lat' dir='ltr'><strong>collecti</strong></span> <span class='ocrx_word' id='word_1_304' title='bbox 2875 2094 3083 2135; x_wconf 88' lang='lat' dir='ltr'><strong>sumus.</strong></span> <span class='ocrx_word' id='word_1_305' title='bbox 3113 2079 3278 2150; x_wconf 88' lang='lat' dir='ltr'><strong>Cujus</strong></span> <span class='ocrx_word' id='word_1_306' title='bbox 3311 2092 3410 2133; x_wconf 81' lang='lat' dir='ltr'><strong>vo-</strong></span> 
     </span>
    </p>
   </div>
   <div class='ocr_carea' id='block_1_48' title="bbox 1827 2172 3414 2244">
    <p class='ocr_par' dir='ltr' id='par_1_48' title="bbox 1827 2172 3414 2244">
     <span class='ocr_line' id='line_1_48' title="bbox 1827 2172 3414 2244; baseline 0 -18"><span class='ocrx_word' id='word_1_307' title='bbox 1827 2172 2007 2227; x_wconf 89' lang='lat' dir='ltr'><strong>luntas</strong></span> <span class='ocrx_word' id='word_1_308' title='bbox 2058 2172 2284 2243; x_wconf 88' lang='lat' dir='ltr'><strong>probata</strong></span> <span class='ocrx_word' id='word_1_309' title='bbox 2331 2172 2599 2229; x_wconf 89' lang='lat' dir='ltr'><strong>ordinatio</strong></span> <span class='ocrx_word' id='word_1_310' title='bbox 2651 2173 2864 2228; x_wconf 81' lang='lat' dir='ltr'><strong>exstitit</strong></span> <span class='ocrx_word' id='word_1_311' title='bbox 2909 2172 3189 2244; x_wconf 84' lang='lat' dir='ltr'><strong>religiosa,</strong></span> <span class='ocrx_word' id='word_1_312' title='bbox 3241 2172 3414 2227; x_wconf 90' lang='lat' dir='ltr'><strong>donec</strong></span> 
     </span>
    </p>
   </div>
   <div class='ocr_carea' id='block_1_49' title="bbox 1826 2262 3414 2334">
    <p class='ocr_par' dir='ltr' id='par_1_49' title="bbox 1826 2262 3414 2334">
     <span class='ocr_line' id='line_1_49' title="bbox 1826 2262 3414 2334; baseline 0.001 -16"><span class='ocrx_word' id='word_1_313' title='bbox 1826 2263 1877 2318; x_wconf 91' lang='lat' dir='ltr'><strong>ei</strong></span> <span class='ocrx_word' id='word_1_314' title='bbox 1908 2263 2171 2318; x_wconf 88' lang='lat' dir='ltr'><strong>Dominus</strong></span> <span class='ocrx_word' id='word_1_315' title='bbox 2222 2264 2428 2334; x_wconf 91' lang='lat' dir='ltr'><strong>optimo</strong></span> <span class='ocrx_word' id='word_1_316' title='bbox 2465 2264 2695 2334; x_wconf 90' lang='lat' dir='ltr'><strong>principi</strong></span> <span class='ocrx_word' id='word_1_317' title='bbox 2750 2263 3070 2319; x_wconf 87' lang='lat' dir='ltr'><strong>diuturnum</strong></span> <span class='ocrx_word' id='word_1_318' title='bbox 3121 2265 3176 2319; x_wconf 91' lang='lat' dir='ltr'><strong>in</strong></span> <span class='ocrx_word' id='word_1_319' title='bbox 3216 2262 3414 2320; x_wconf 63' lang='lat' dir='ltr'><strong>saeculo</strong></span> 
     </span>
    </p>
   </div>
   <div class='ocr_carea' id='block_1_50' title="bbox 1829 2347 3418 2426">
    <p class='ocr_par' dir='ltr' id='par_1_50' title="bbox 1829 2347 3418 2426">
     <span class='ocr_line' id='line_1_50' title="bbox 1829 2347 3418 2426; baseline 0.003 -18"><span class='ocrx_word' id='word_1_320' title='bbox 1829 2354 2083 2426; x_wconf 69' lang='lat' dir='ltr'><strong>praesenti</strong></span> <span class='ocrx_word' id='word_1_321' title='bbox 2134 2355 2490 2426; x_wconf 89' lang='lat' dir='ltr'><strong>triumphum,</strong></span> <span class='ocrx_word' id='word_1_322' title='bbox 2519 2365 2575 2412; x_wconf 91' lang='lat' dir='ltr'><strong>et</strong></span> <span class='ocrx_word' id='word_1_323' title='bbox 2621 2356 2674 2411; x_wconf 90' lang='lat' dir='ltr'><strong>in</strong></span> <span class='ocrx_word' id='word_1_324' title='bbox 2715 2365 2870 2426; x_wconf 89' lang='lat' dir='ltr'><strong>parte</strong></span> <span class='ocrx_word' id='word_1_325' title='bbox 2903 2353 3176 2424; x_wconf 88' lang='lat' dir='ltr'><strong>justorum</strong></span> <span class='ocrx_word' id='word_1_326' title='bbox 3211 2347 3418 2426; x_wconf 50' lang='lat' dir='ltr'><strong>&#39;perpe&#39;</strong></span> 
     </span>
    </p>
   </div>
   <div class='ocr_carea' id='block_1_51' title="bbox 1833 2447 3417 2518">
    <p class='ocr_par' dir='ltr' id='par_1_51' title="bbox 1833 2447 3417 2518">
     <span class='ocr_line' id='line_1_51' title="bbox 1833 2447 3417 2518; baseline -0.001 -16"><span class='ocrx_word' id='word_1_327' title='bbox 1833 2455 1982 2502; x_wconf 93' lang='lat' dir='ltr'><strong>tuum</strong></span> <span class='ocrx_word' id='word_1_328' title='bbox 2021 2462 2271 2517; x_wconf 85' lang='lat' dir='ltr'><strong>regnum,</strong></span> <span class='ocrx_word' id='word_1_329' title='bbox 2297 2447 2649 2518; x_wconf 89' lang='lat' dir='ltr'><strong>felicibusqne</strong></span> <span class='ocrx_word' id='word_1_330' title='bbox 2667 2448 2826 2504; x_wconf 92' lang='lat' dir='ltr'><strong>annis</strong></span> <span class='ocrx_word' id='word_1_331' title='bbox 2867 2447 2996 2503; x_wconf 81' lang='lat' dir='ltr'><strong>felix</strong></span> <span class='ocrx_word' id='word_1_332' title='bbox 3024 2448 3136 2518; x_wconf 90' lang='lat' dir='ltr'><strong>ipse</strong></span> <span class='ocrx_word' id='word_1_333' title='bbox 3165 2448 3218 2502; x_wconf 92' lang='lat' dir='ltr'><strong>in</strong></span> <span class='ocrx_word' id='word_1_334' title='bbox 3260 2447 3417 2518; x_wconf 86' lang='lat' dir='ltr'><strong>longa</strong></span> 
     </span>
    </p>
   </div>
   <div class='ocr_carea' id='block_1_52' title="bbox 1831 2538 3421 2611">
    <p class='ocr_par' dir='ltr' id='par_1_52' title="bbox 1831 2538 3421 2611">
     <span class='ocr_line' id='line_1_52' title="bbox 1831 2538 3421 2611; baseline -0.001 -17"><span class='ocrx_word' id='word_1_335' title='bbox 1831 2539 2092 2596; x_wconf 76' lang='lat' dir='ltr'><strong>felicitate</strong></span> <span class='ocrx_word' id='word_1_336' title='bbox 2150 2538 2403 2606; x_wconf 88' lang='lat' dir='ltr'><strong>fruatur,</strong></span> <span class='ocrx_word' id='word_1_337' title='bbox 2456 2549 2512 2596; x_wconf 91' lang='lat' dir='ltr'><strong>et</strong></span> <span class='ocrx_word' id='word_1_338' title='bbox 2539 2541 2734 2596; x_wconf 64' lang='lat' dir='ltr'><strong>divina:</strong></span> <span class='ocrx_word' id='word_1_339' title='bbox 2780 2541 3019 2596; x_wconf 64' lang='lat' dir='ltr'><strong>dexterae</strong></span> <span class='ocrx_word' id='word_1_340' title='bbox 3084 2539 3421 2611; x_wconf 86' lang='lat' dir='ltr'><strong>protectione</strong></span> 
     </span>
    </p>
   </div>
   <div class='ocr_carea' id='block_1_53' title="bbox 1831 2625 3419 2701">
    <p class='ocr_par' dir='ltr' id='par_1_53' title="bbox 1831 2625 3419 2701">
     <span class='ocr_line' id='line_1_53' title="bbox 1831 2625 3419 2701; baseline -0.004 -17"><span class='ocrx_word' id='word_1_341' title='bbox 1831 2629 2031 2700; x_wconf 89' lang='lat' dir='ltr'><strong>ubique</strong></span> <span class='ocrx_word' id='word_1_342' title='bbox 2058 2630 2355 2684; x_wconf 88' lang='lat' dir='ltr'><strong>muniatur.</strong></span> <span class='ocrx_word' id='word_1_343' title='bbox 2388 2629 2502 2701; x_wconf 85' lang='lat' dir='ltr'><strong>Ego</strong></span> <span class='ocrx_word' id='word_1_344' title='bbox 2526 2629 2691 2694; x_wconf 85' lang='lat' dir='ltr'><strong>Silva,</strong></span> <span class='ocrx_word' id='word_1_345' title='bbox 2724 2629 2826 2685; x_wconf 90' lang='lat' dir='ltr'><strong>etsi</strong></span> <span class='ocrx_word' id='word_1_346' title='bbox 2857 2628 3132 2700; x_wconf 88' lang='lat' dir='ltr'><strong>indignus,</strong></span> <span class='ocrx_word' id='word_1_347' title='bbox 3160 2625 3419 2683; x_wconf 68' lang='lat' dir='ltr'><strong>Ecclesia</strong></span> 
     </span>
    </p>
   </div>
   <div class='ocr_carea' id='block_1_54' title="bbox 1830 2721 3418 2795">
    <p class='ocr_par' dir='ltr' id='par_1_54' title="bbox 1830 2721 3418 2795">
     <span class='ocr_line' id='line_1_54' title="bbox 1830 2721 3418 2795; baseline -0.004 -16"><span class='ocrx_word' id='word_1_348' title='bbox 1830 2723 2116 2795; x_wconf 90' lang='lat' dir='ltr'><strong>episcopus</strong></span> <span class='ocrx_word' id='word_1_349' title='bbox 2169 2721 2572 2791; x_wconf 86' lang='lat' dir='ltr'><strong>Narbonensis,</strong></span> <span class='ocrx_word' id='word_1_350' title='bbox 2617 2725 2672 2780; x_wconf 89' lang='lat' dir='ltr'><strong>in</strong></span> <span class='ocrx_word' id='word_1_351' title='bbox 2736 2723 2822 2779; x_wconf 89' lang='lat' dir='ltr'><strong>bis</strong></span> <span class='ocrx_word' id='word_1_352' title='bbox 2874 2721 3353 2779; x_wconf 91' lang='lat' dir='ltr'><strong>constitutionibus</strong></span> <span class='ocrx_word' id='word_1_353' title='bbox 3387 2734 3418 2773; x_wconf 89' lang='lat' dir='ltr'><strong>a</strong></span> 
     </span>
    </p>
   </div>
   <div class='ocr_carea' id='block_1_55' title="bbox 1829 2809 3419 2885">
    <p class='ocr_par' dir='ltr' id='par_1_55' title="bbox 1829 2809 3419 2885">
     <span class='ocr_line' id='line_1_55' title="bbox 1829 2809 3419 2885; baseline -0.002 -15"><span class='ocrx_word' id='word_1_354' title='bbox 1829 2815 1987 2871; x_wconf 90' lang='lat' dir='ltr'><strong>nobis</strong></span> <span class='ocrx_word' id='word_1_355' title='bbox 2033 2815 2195 2871; x_wconf 87' lang='lat' dir='ltr'><strong>editis</strong></span> <span class='ocrx_word' id='word_1_356' title='bbox 2247 2815 2567 2885; x_wconf 90' lang='lat' dir='ltr'><strong>subscripsi.</strong></span> <span class='ocrx_word' id='word_1_357' title='bbox 2618 2813 2886 2870; x_wconf 86' lang='lat' dir='ltr'><strong>Similiter</strong></span> <span class='ocrx_word' id='word_1_358' title='bbox 2932 2824 2989 2870; x_wconf 89' lang='lat' dir='ltr'><strong>et</strong></span> <span class='ocrx_word' id='word_1_359' title='bbox 3042 2812 3134 2868; x_wconf 85' lang='lat' dir='ltr'><strong>alii</strong></span> <span class='ocrx_word' id='word_1_360' title='bbox 3177 2809 3419 2883; x_wconf 79' lang='lat' dir='ltr'><strong>episcopi</strong></span> 
     </span>
    </p>
   </div>
   <div class='ocr_carea' id='block_1_56' title="bbox 1827 2904 3045 2976">
    <p class='ocr_par' dir='ltr' id='par_1_56' title="bbox 1827 2904 3045 2976">
     <span class='ocr_line' id='line_1_56' title="bbox 1827 2904 3045 2976; baseline -0.002 -16"><span class='ocrx_word' id='word_1_361' title='bbox 1827 2905 2287 2975; x_wconf 80' lang='lat' dir='ltr'><strong>subscripserunt,</strong></span> <span class='ocrx_word' id='word_1_362' title='bbox 2317 2919 2544 2960; x_wconf 87' lang='lat' dir='ltr'><strong>numero</strong></span> <span class='ocrx_word' id='word_1_363' title='bbox 2571 2904 2786 2976; x_wconf 86' lang='lat' dir='ltr'><strong>triginta</strong></span> <span class='ocrx_word' id='word_1_364' title='bbox 2814 2910 3045 2975; x_wconf 87' lang='lat' dir='ltr'><strong>septem.</strong></span> 
     </span>
    </p>
   </div>
   <div class='ocr_carea' id='block_1_57' title="bbox 171 3082 3424 3113">
    <p class='ocr_par' dir='ltr' id='par_1_57' title="bbox 171 3082 3424 3113">
     <span class='ocr_line' id='line_1_57' title="bbox 171 3082 3424 3113; baseline -0.002 -5"><span class='ocrx_word' id='word_1_365' title='bbox 171 3082 3424 3113; x_wconf 38' lang='grc' dir='ltr'><strong>Μ..ῆῇ</strong></span> 
     </span>
    </p>
   </div>
   <div class='ocr_carea' id='block_1_58' title="bbox 997 3223 2762 3286">
    <p class='ocr_par' dir='ltr' id='par_1_58' title="bbox 997 3223 2762 3286">
     <span class='ocr_line' id='line_1_58' title="bbox 997 3223 2762 3286; baseline -0.002 -2"><span class='ocrx_word' id='word_1_366' title='bbox 997 3227 1344 3286; x_wconf 80' lang='lat' dir='ltr'><strong>INCIPIUNT</strong></span> <span class='ocrx_word' id='word_1_367' title='bbox 1381 3227 1728 3284; x_wconf 76' lang='lat' dir='ltr'><strong>CAPITULA</strong></span> <span class='ocrx_word' id='word_1_368' title='bbox 1767 3227 2054 3285; x_wconf 84' lang='lat' dir='ltr'><strong>CONCILII</strong></span> <span class='ocrx_word' id='word_1_369' title='bbox 2097 3225 2369 3281; x_wconf 77' lang='lat' dir='ltr'><strong>SEPTIMI</strong></span> <span class='ocrx_word' id='word_1_370' title='bbox 2398 3223 2762 3282; x_wconf 83' lang='lat' dir='ltr'><strong>TOLETANI.</strong></span> 
     </span>
    </p>
   </div>
   <div class='ocr_carea' id='block_1_59' title="bbox 233 3402 1661 3475">
    <p class='ocr_par' dir='ltr' id='par_1_59' title="bbox 233 3402 1661 3475">
     <span class='ocr_line' id='line_1_59' title="bbox 233 3402 1661 3475; baseline 0 -19"><span class='ocrx_word' id='word_1_371' title='bbox 233 3403 278 3456; x_wconf 88' lang='lat' dir='ltr'><strong>l.</strong></span> <span class='ocrx_word' id='word_1_372' title='bbox 313 3402 387 3459; x_wconf 85' lang='lat' dir='ltr'><strong>De</strong></span> <span class='ocrx_word' id='word_1_373' title='bbox 417 3404 628 3473; x_wconf 83' lang='lat' dir='ltr'><strong>refugis</strong></span> <span class='ocrx_word' id='word_1_374' title='bbox 653 3413 816 3475; x_wconf 90' lang='lat' dir='ltr'><strong>atque</strong></span> <span class='ocrx_word' id='word_1_375' title='bbox 848 3403 1070 3474; x_wconf 78' lang='lat' dir='ltr'><strong>perfidis</strong></span> <span class='ocrx_word' id='word_1_376' title='bbox 1098 3403 1314 3458; x_wconf 88' lang='lat' dir='ltr'><strong>clericis</strong></span> <span class='ocrx_word' id='word_1_377' title='bbox 1344 3404 1457 3459; x_wconf 85' lang='lat' dir='ltr'><strong>sive</strong></span> <span class='ocrx_word' id='word_1_378' title='bbox 1488 3403 1661 3458; x_wconf 90' lang='lat' dir='ltr'><strong>laicis.</strong></span> 
     </span>
    </p>
   </div>
   <div class='ocr_carea' id='block_1_60' title="bbox 231 3493 1735 3567">
    <p class='ocr_par' dir='ltr' id='par_1_60' title="bbox 231 3493 1735 3567">
     <span class='ocr_line' id='line_1_60' title="bbox 231 3493 1735 3567; baseline 0.001 -19"><span class='ocrx_word' id='word_1_379' title='bbox 231 3493 282 3548; x_wconf 71' lang='lat'><strong>2.</strong></span> <span class='ocrx_word' id='word_1_380' title='bbox 331 3494 406 3551; x_wconf 89' lang='lat' dir='ltr'><strong>De</strong></span> <span class='ocrx_word' id='word_1_381' title='bbox 453 3495 733 3567; x_wconf 86' lang='lat' dir='ltr'><strong>languoris</strong></span> <span class='ocrx_word' id='word_1_382' title='bbox 783 3503 980 3551; x_wconf 90' lang='lat' dir='ltr'><strong>eventu</strong></span> <span class='ocrx_word' id='word_1_383' title='bbox 1031 3493 1460 3550; x_wconf 86' lang='lat' dir='ltr'><strong>ministrantium</strong></span> <span class='ocrx_word' id='word_1_384' title='bbox 1503 3495 1735 3550; x_wconf 82' lang='lat' dir='ltr'><strong>clerico-</strong></span> 
     </span>
    </p>
   </div>
   <div class='ocr_carea' id='block_1_61' title="bbox 171 3596 291 3636">
    <p class='ocr_par' dir='ltr' id='par_1_61' title="bbox 171 3596 291 3636">
     <span class='ocr_line' id='line_1_61' title="bbox 171 3596 291 3636; baseline 0.017 -2"><span class='ocrx_word' id='word_1_385' title='bbox 171 3596 291 3636; x_wconf 86' lang='lat' dir='ltr'><strong>rum.</strong></span> 
     </span>
    </p>
   </div>
   <div class='ocr_carea' id='block_1_62' title="bbox 227 3677 1274 3751">
    <p class='ocr_par' dir='ltr' id='par_1_62' title="bbox 227 3677 1274 3751">
     <span class='ocr_line' id='line_1_62' title="bbox 227 3677 1274 3751; baseline 0.002 -21"><span class='ocrx_word' id='word_1_386' title='bbox 227 3677 274 3730; x_wconf 79' lang='lat'><strong>5.</strong></span> <span class='ocrx_word' id='word_1_387' title='bbox 302 3678 373 3733; x_wconf 91' lang='lat' dir='ltr'><strong>De</strong></span> <span class='ocrx_word' id='word_1_388' title='bbox 391 3679 670 3751; x_wconf 79' lang='lat' dir='ltr'><strong>exsequiis</strong></span> <span class='ocrx_word' id='word_1_389' title='bbox 705 3679 988 3735; x_wconf 91' lang='lat' dir='ltr'><strong>morientis</strong></span> <span class='ocrx_word' id='word_1_390' title='bbox 1016 3677 1274 3750; x_wconf 87' lang='lat' dir='ltr'><strong>episcopi.</strong></span> 
     </span>
    </p>
   </div>
   <div class='ocr_carea' id='block_1_63' title="bbox 1910 3397 3428 3471">
    <p class='ocr_par' dir='ltr' id='par_1_63' title="bbox 1910 3397 3428 3471">
     <span class='ocr_line' id='line_1_63' title="bbox 1910 3397 3428 3471; baseline -0.002 -16"><span class='ocrx_word' id='word_1_391' title='bbox 1910 3401 1962 3456; x_wconf 71' lang='grc'><strong>4.</strong></span> <span class='ocrx_word' id='word_1_392' title='bbox 1999 3401 2074 3455; x_wconf 91' lang='lat' dir='ltr'><strong>De</strong></span> <span class='ocrx_word' id='word_1_393' title='bbox 2103 3400 2386 3455; x_wconf 88' lang='lat' dir='ltr'><strong>exactione</strong></span> <span class='ocrx_word' id='word_1_394' title='bbox 2418 3399 2784 3456; x_wconf 87' lang='lat' dir='ltr'><strong>Ecclesiarum</strong></span> <span class='ocrx_word' id='word_1_395' title='bbox 2832 3399 3072 3456; x_wconf 79' lang='lat' dir='ltr'><strong>Calliciae</strong></span> <span class='ocrx_word' id='word_1_396' title='bbox 3112 3397 3428 3471; x_wconf 62' lang='lat' dir='ltr'><strong>provinciae.</strong></span> 
     </span>
    </p>
   </div>
   <div class='ocr_carea' id='block_1_64' title="bbox 1913 3492 3046 3564">
    <p class='ocr_par' dir='ltr' id='par_1_64' title="bbox 1913 3492 3046 3564">
     <span class='ocr_line' id='line_1_64' title="bbox 1913 3492 3046 3564; baseline 0.002 -20"><span class='ocrx_word' id='word_1_397' title='bbox 1913 3493 1966 3545; x_wconf 75' lang='lat'><strong>5.</strong></span> <span class='ocrx_word' id='word_1_398' title='bbox 2011 3493 2086 3556; x_wconf 81' lang='lat' dir='ltr'><strong>De</strong></span> <span class='ocrx_word' id='word_1_399' title='bbox 2118 3492 2343 3547; x_wconf 89' lang='lat' dir='ltr'><strong>reclusis</strong></span> <span class='ocrx_word' id='word_1_400' title='bbox 2383 3492 2705 3556; x_wconf 90' lang='lat' dir='ltr'><strong>inhonestis,</strong></span> <span class='ocrx_word' id='word_1_401' title='bbox 2738 3493 2853 3547; x_wconf 89' lang='lat' dir='ltr'><strong>sive</strong></span> <span class='ocrx_word' id='word_1_402' title='bbox 2878 3493 3046 3564; x_wconf 85' lang='lat' dir='ltr'><strong>vagis.</strong></span> 
     </span>
    </p>
   </div>
   <div class='ocr_carea' id='block_1_65' title="bbox 1913 3581 3424 3653">
    <p class='ocr_par' dir='ltr' id='par_1_65' title="bbox 1913 3581 3424 3653">
     <span class='ocr_line' id='line_1_65' title="bbox 1913 3581 3424 3653; baseline 0.001 -19"><span class='ocrx_word' id='word_1_403' title='bbox 1913 3582 1965 3635; x_wconf 88' lang='lat'><strong>6.</strong></span> <span class='ocrx_word' id='word_1_404' title='bbox 1997 3583 2071 3648; x_wconf 79' lang='lat' dir='ltr'><strong>De</strong></span> <span class='ocrx_word' id='word_1_405' title='bbox 2111 3581 2409 3637; x_wconf 91' lang='lat' dir='ltr'><strong>convicinis</strong></span> <span class='ocrx_word' id='word_1_406' title='bbox 2441 3582 2710 3652; x_wconf 76' lang='lat' dir='ltr'><strong>episcOpis</strong></span> <span class='ocrx_word' id='word_1_407' title='bbox 2741 3582 2793 3637; x_wconf 90' lang='lat' dir='ltr'><strong>in</strong></span> <span class='ocrx_word' id='word_1_408' title='bbox 2830 3581 2966 3637; x_wconf 90' lang='lat' dir='ltr'><strong>urbe</strong></span> <span class='ocrx_word' id='word_1_409' title='bbox 3012 3581 3160 3653; x_wconf 87' lang='lat' dir='ltr'><strong>regia</strong></span> <span class='ocrx_word' id='word_1_410' title='bbox 3187 3593 3424 3637; x_wconf 84' lang='lat' dir='ltr'><strong>commo-</strong></span> 
     </span>
    </p>
   </div>
   <div class='ocr_carea' id='block_1_66' title="bbox 1845 3675 2047 3728">
    <p class='ocr_par' dir='ltr' id='par_1_66' title="bbox 1845 3675 2047 3728">
     <span class='ocr_line' id='line_1_66' title="bbox 1845 3675 2047 3728; baseline 0 0"><span class='ocrx_word' id='word_1_411' title='bbox 1845 3675 2047 3728; x_wconf 88' lang='lat' dir='ltr'><strong>randis.</strong></span> 
     </span>
    </p>
   </div>
   <div class='ocr_carea' id='block_1_67' title="bbox 1615 3815 2015 3832">
    <p class='ocr_par' dir='ltr' id='par_1_67' title="bbox 1615 3815 2015 3832">
     <span class='ocr_line' id='line_1_67' title="bbox 1615 3815 2015 3832; baseline -0.003 -2"><span class='ocrx_word' id='word_1_412' title='bbox 1615 3815 2015 3832; x_wconf 45' lang='grc' dir='ltr'><strong>μή...</strong></span> 
     </span>
    </p>
   </div>
   <div class='ocr_carea' id='block_1_68' title="bbox 427 3923 3176 4032">
    <p class='ocr_par' dir='ltr' id='par_1_68' title="bbox 427 3923 3176 4032">
     <span class='ocr_line' id='line_1_68' title="bbox 427 3923 3176 4032; baseline -0.007 -2"><span class='ocrx_word' id='word_1_413' title='bbox 427 3940 896 4032; x_wconf 85' lang='lat' dir='ltr'><strong>INCIPIT</strong></span> <span class='ocrx_word' id='word_1_414' title='bbox 963 3935 1631 4030; x_wconf 87' lang='lat' dir='ltr'><strong>CONCILIUM</strong></span> <span class='ocrx_word' id='word_1_415' title='bbox 1705 3931 2323 4024; x_wconf 88' lang='lat' dir='ltr'><strong>SEPTIMUM</strong></span> <span class='ocrx_word' id='word_1_416' title='bbox 2398 3923 3176 4019; x_wconf 82' lang='lat' dir='ltr'><strong>TOLETANUM.</strong></span> 
     </span>
    </p>
   </div>
   <div class='ocr_carea' id='block_1_69' title="bbox 333 4050 3286 4140">
    <p class='ocr_par' dir='ltr' id='par_1_69' title="bbox 333 4050 3286 4140">
     <span class='ocr_line' id='line_1_69' title="bbox 333 4050 3286 4140; baseline -0.006 -17"><span class='ocrx_word' id='word_1_417' title='bbox 333 4069 592 4140; x_wconf 56' lang='lat' dir='ltr'><strong>Triginta;</strong></span> <span class='ocrx_word' id='word_1_418' title='bbox 617 4068 997 4138; x_wconf 81' lang='lat' dir='ltr'><strong>episcoporum,</strong></span> <span class='ocrx_word' id='word_1_419' title='bbox 1047 4081 1187 4118; x_wconf 86' lang='lat' dir='ltr'><strong>anno</strong></span> <span class='ocrx_word' id='word_1_420' title='bbox 1246 4073 1390 4120; x_wconf 62' lang='lat' dir='ltr'><strong>sexto</strong></span> <span class='ocrx_word' id='word_1_421' title='bbox 1437 4061 1793 4119; x_wconf 74' lang='lat' dir='ltr'><strong>Cindasiundi</strong></span> <span class='ocrx_word' id='word_1_422' title='bbox 1836 4059 1988 4130; x_wconf 79' lang='lat' dir='ltr'><strong>regis,</strong></span> <span class='ocrx_word' id='word_1_423' title='bbox 2019 4075 2126 4112; x_wconf 64' lang='grc' dir='ltr'><strong>σενα</strong></span> <span class='ocrx_word' id='word_1_424' title='bbox 2166 4071 2394 4120; x_wconf 74' lang='lat' dir='ltr'><strong>Dcnxxx,</strong></span> <span class='ocrx_word' id='word_1_425' title='bbox 2438 4055 2618 4126; x_wconf 80' lang='lat' dir='ltr'><strong>quinto</strong></span> <span class='ocrx_word' id='word_1_426' title='bbox 2665 4052 2892 4108; x_wconf 81' lang='lat' dir='ltr'><strong>Kalend.</strong></span> <span class='ocrx_word' id='word_1_427' title='bbox 2955 4050 3286 4108; x_wconf 76' lang='lat' dir='ltr'><strong>Novembris.</strong></span> 
     </span>
    </p>
   </div>
   <div class='ocr_carea' id='block_1_70' title="bbox 237 4141 3474 4246">
    <p class='ocr_par' dir='ltr' id='par_1_70' title="bbox 237 4141 3474 4246">
     <span class='ocr_line' id='line_1_70' title="bbox 237 4141 3474 4246; baseline -0.008 -7"><span class='ocrx_word' id='word_1_428' title='bbox 237 4182 354 4239; x_wconf 70' lang='lat' dir='ltr'><strong>Csp.</strong></span> <span class='ocrx_word' id='word_1_429' title='bbox 402 4183 442 4239; x_wconf 95' lang='grc'><strong>1.</strong></span> <span class='ocrx_word' id='word_1_430' title='bbox 481 4182 619 4238; x_wconf 90' lang='lat' dir='ltr'><strong>Cum</strong></span> <span class='ocrx_word' id='word_1_431' title='bbox 675 4180 729 4236; x_wconf 92' lang='lat' dir='ltr'><strong>in</strong></span> <span class='ocrx_word' id='word_1_432' title='bbox 767 4178 985 4235; x_wconf 87' lang='lat' dir='ltr'><strong>nomine</strong></span> <span class='ocrx_word' id='word_1_433' title='bbox 1043 4186 1246 4233; x_wconf 77' lang='lat' dir='ltr'><strong>sancta:</strong></span> <span class='ocrx_word' id='word_1_434' title='bbox 1293 4175 1600 4242; x_wconf 87' lang='lat' dir='ltr'><strong>Trinitatis,</strong></span> <span class='ocrx_word' id='word_1_435' title='bbox 1645 4189 1744 4246; x_wconf 91' lang='lat' dir='ltr'><strong>pro</strong></span> <span class='ocrx_word' id='word_1_436' title='bbox 1771 4141 1817 4202; x_wconf 64' lang='grc' dir='ltr'><strong>Ο</strong></span> <span class='ocrx_word' id='word_1_437' title='bbox 1850 4167 2233 4225; x_wconf 88' lang='lat' dir='ltr'><strong>constituenda</strong></span> <span class='ocrx_word' id='word_1_438' title='bbox 2267 4175 2639 4236; x_wconf 91' lang='lat' dir='ltr'><strong>competenter</strong></span> <span class='ocrx_word' id='word_1_439' title='bbox 2670 4164 3072 4220; x_wconf 89' lang='lat' dir='ltr'><strong>existimantur.</strong></span> <span class='ocrx_word' id='word_1_440' title='bbox 3125 4160 3259 4229; x_wconf 84' lang='lat' dir='ltr'><strong>Quis</strong></span> <span class='ocrx_word' id='word_1_441' title='bbox 3287 4157 3474 4220; x_wconf 56' lang='lat' dir='ltr'><strong>enim,</strong></span> 
     </span>
    </p>
   </div>
   <div class='ocr_carea' id='block_1_71' title="bbox 179 4265 1744 4343">
    <p class='ocr_par' dir='ltr' id='par_1_71' title="bbox 179 4265 1744 4343">
     <span class='ocr_line' id='line_1_71' title="bbox 179 4265 1744 4343; baseline -0.002 -17"><span class='ocrx_word' id='word_1_442' title='bbox 179 4273 472 4343; x_wconf 87' lang='lat' dir='ltr'><strong>quihusdam</strong></span> <span class='ocrx_word' id='word_1_443' title='bbox 506 4272 805 4343; x_wconf 88' lang='lat' dir='ltr'><strong>disciplinis</strong></span> <span class='ocrx_word' id='word_1_444' title='bbox 831 4269 1216 4327; x_wconf 84' lang='lat' dir='ltr'><strong>ecclesiasticis</strong></span> <span class='ocrx_word' id='word_1_445' title='bbox 1259 4265 1368 4324; x_wconf 89' lang='lat' dir='ltr'><strong>tam</strong></span> <span class='ocrx_word' id='word_1_446' title='bbox 1419 4276 1604 4324; x_wconf 89' lang='lat' dir='ltr'><strong>nostra</strong></span> <span class='ocrx_word' id='word_1_447' title='bbox 1652 4267 1744 4323; x_wconf 84' lang='lat' dir='ltr'><strong>de-</strong></span> 
     </span>
    </p>
   </div>
   <div class='ocr_carea' id='block_1_72' title="bbox 183 4357 1744 4435">
    <p class='ocr_par' dir='ltr' id='par_1_72' title="bbox 183 4357 1744 4435">
     <span class='ocr_line' id='line_1_72' title="bbox 183 4357 1744 4435; baseline -0.004 -18"><span class='ocrx_word' id='word_1_448' title='bbox 183 4367 370 4421; x_wconf 77' lang='lat' dir='ltr'><strong>votione</strong></span> <span class='ocrx_word' id='word_1_449' title='bbox 393 4382 556 4435; x_wconf 84' lang='lat' dir='ltr'><strong>quam</strong></span> <span class='ocrx_word' id='word_1_450' title='bbox 591 4363 770 4420; x_wconf 89' lang='lat' dir='ltr'><strong>studio</strong></span> <span class='ocrx_word' id='word_1_451' title='bbox 794 4362 1128 4417; x_wconf 90' lang='lat' dir='ltr'><strong>serenissimi</strong></span> <span class='ocrx_word' id='word_1_452' title='bbox 1169 4371 1225 4415; x_wconf 91' lang='lat' dir='ltr'><strong>et</strong></span> <span class='ocrx_word' id='word_1_453' title='bbox 1249 4359 1512 4415; x_wconf 90' lang='lat' dir='ltr'><strong>amatoris</strong></span> <span class='ocrx_word' id='word_1_454' title='bbox 1541 4357 1744 4414; x_wconf 90' lang='lat' dir='ltr'><strong>Christi</strong></span> 
     </span>
    </p>
   </div>
   <div class='ocr_carea' id='block_1_73' title="bbox 182 4449 1744 4529">
    <p class='ocr_par' dir='ltr' id='par_1_73' title="bbox 182 4449 1744 4529">
     <span class='ocr_line' id='line_1_73' title="bbox 182 4449 1744 4529; baseline -0.002 -22"><span class='ocrx_word' id='word_1_455' title='bbox 182 4455 552 4513; x_wconf 78' lang='lat' dir='ltr'><strong>Chimlasiundi</strong></span> <span class='ocrx_word' id='word_1_456' title='bbox 583 4456 724 4529; x_wconf 88' lang='lat' dir='ltr'><strong>regis</strong></span> <span class='ocrx_word' id='word_1_457' title='bbox 763 4455 973 4518; x_wconf 89' lang='lat' dir='ltr'><strong>nostri,</strong></span> <span class='ocrx_word' id='word_1_458' title='bbox 1019 4452 1160 4525; x_wconf 86' lang='lat' dir='ltr'><strong>apud</strong></span> <span class='ocrx_word' id='word_1_459' title='bbox 1207 4449 1524 4508; x_wconf 88' lang='lat' dir='ltr'><strong>Toletanam</strong></span> <span class='ocrx_word' id='word_1_460' title='bbox 1555 4450 1744 4506; x_wconf 90' lang='lat' dir='ltr'><strong>urbem</strong></span> 
     </span>
    </p>
   </div>
   <div class='ocr_carea' id='block_1_74' title="bbox 185 4541 1750 4617">
    <p class='ocr_par' dir='ltr' id='par_1_74' title="bbox 185 4541 1750 4617">
     <span class='ocr_line' id='line_1_74' title="bbox 185 4541 1750 4617; baseline -0.003 -17"><span class='ocrx_word' id='word_1_461' title='bbox 185 4560 453 4606; x_wconf 81' lang='lat' dir='ltr'><strong>conventus</strong></span> <span class='ocrx_word' id='word_1_462' title='bbox 471 4550 1086 4617; x_wconf 84' lang='lat' dir='ltr'><strong>adesset,competenter</strong></span> <span class='ocrx_word' id='word_1_463' title='bbox 1100 4544 1270 4600; x_wconf 86' lang='lat' dir='ltr'><strong>visum</strong></span> <span class='ocrx_word' id='word_1_464' title='bbox 1289 4553 1373 4599; x_wconf 91' lang='lat' dir='ltr'><strong>est</strong></span> <span class='ocrx_word' id='word_1_465' title='bbox 1387 4560 1474 4598; x_wconf 92' lang='lat' dir='ltr'><strong>mu</strong></span> <span class='ocrx_word' id='word_1_466' title='bbox 1484 4553 1570 4598; x_wconf 91' lang='lat' dir='ltr'><strong>tua</strong></span> <span class='ocrx_word' id='word_1_467' title='bbox 1591 4541 1750 4598; x_wconf 88' lang='lat' dir='ltr'><strong>colla-</strong></span> 
     </span>
    </p>
   </div>
   <div class='ocr_carea' id='block_1_75' title="bbox 187 4637 1750 4712">
    <p class='ocr_par' dir='ltr' id='par_1_75' title="bbox 187 4637 1750 4712">
     <span class='ocr_line' id='line_1_75' title="bbox 187 4637 1750 4712; baseline 0.001 -21"><span class='ocrx_word' id='word_1_468' title='bbox 187 4642 312 4696; x_wconf 84' lang='lat' dir='ltr'><strong>tione</strong></span> <span class='ocrx_word' id='word_1_469' title='bbox 334 4641 803 4712; x_wconf 83' lang='lat' dir='ltr'><strong>dccernere,quod</strong></span> <span class='ocrx_word' id='word_1_470' title='bbox 830 4640 1058 4696; x_wconf 89' lang='lat' dir='ltr'><strong>sollicite</strong></span> <span class='ocrx_word' id='word_1_471' title='bbox 1089 4637 1518 4694; x_wconf 85' lang='lat' dir='ltr'><strong>conservandum</strong></span> <span class='ocrx_word' id='word_1_472' title='bbox 1535 4644 1590 4692; x_wconf 89' lang='lat' dir='ltr'><strong>et</strong></span> <span class='ocrx_word' id='word_1_473' title='bbox 1616 4651 1750 4706; x_wconf 76' lang='lat' dir='ltr'><strong>prae-</strong></span> 
     </span>
    </p>
   </div>
   <div class='ocr_carea' id='block_1_76' title="bbox 187 4722 1748 4794">
    <p class='ocr_par' dir='ltr' id='par_1_76' title="bbox 187 4722 1748 4794">
     <span class='ocr_line' id='line_1_76' title="bbox 187 4722 1748 4794; baseline 0.001 -13"><span class='ocrx_word' id='word_1_474' title='bbox 187 4722 405 4787; x_wconf 85' lang='lat' dir='ltr'><strong>sentibus</strong></span> <span class='ocrx_word' id='word_1_475' title='bbox 425 4744 479 4789; x_wconf 87' lang='lat' dir='ltr'><strong>et</strong></span> <span class='ocrx_word' id='word_1_476' title='bbox 503 4730 699 4787; x_wconf 78' lang='lat' dir='ltr'><strong>futuris</strong></span> <span class='ocrx_word' id='word_1_477' title='bbox 725 4731 1025 4786; x_wconf 82' lang='lat' dir='ltr'><strong>commodis</strong></span> <span class='ocrx_word' id='word_1_478' title='bbox 1055 4730 1300 4792; x_wconf 88' lang='lat' dir='ltr'><strong>nimium,</strong></span> <span class='ocrx_word' id='word_1_479' title='bbox 1329 4728 1748 4794; x_wconf 84' lang='lat' dir='ltr'><strong>utconlidimus,</strong></span> 
     </span>
    </p>
   </div>
   <div class='ocr_carea' id='block_1_77' title="bbox 189 4822 1752 4894">
    <p class='ocr_par' dir='ltr' id='par_1_77' title="bbox 189 4822 1752 4894">
     <span class='ocr_line' id='line_1_77' title="bbox 189 4822 1752 4894; baseline -0.001 -19"><span class='ocrx_word' id='word_1_480' title='bbox 189 4823 416 4888; x_wconf 77' lang='lat' dir='ltr'><strong>prodesse</strong></span> <span class='ocrx_word' id='word_1_481' title='bbox 437 4822 732 4889; x_wconf 87' lang='lat' dir='ltr'><strong>constabit,</strong></span> <span class='ocrx_word' id='word_1_482' title='bbox 752 4822 1032 4894; x_wconf 84' lang='lat' dir='ltr'><strong>magisque</strong></span> <span class='ocrx_word' id='word_1_483' title='bbox 1058 4835 1273 4891; x_wconf 79' lang='lat' dir='ltr'><strong>semper</strong></span> <span class='ocrx_word' id='word_1_484' title='bbox 1302 4828 1387 4875; x_wconf 91' lang='lat' dir='ltr'><strong>est</strong></span> <span class='ocrx_word' id='word_1_485' title='bbox 1423 4833 1752 4889; x_wconf 86' lang='lat' dir='ltr'><strong>magnopere</strong></span> 
     </span>
    </p>
   </div>
   <div class='ocr_carea' id='block_1_78' title="bbox 191 4910 1752 4988">
    <p class='ocr_par' dir='ltr' id='par_1_78' title="bbox 191 4910 1752 4988">
     <span class='ocr_line' id='line_1_78' title="bbox 191 4910 1752 4988; baseline 0.001 -25"><span class='ocrx_word' id='word_1_486' title='bbox 191 4915 551 4983; x_wconf 82' lang='lat' dir='ltr'><strong>providendum</strong></span> <span class='ocrx_word' id='word_1_487' title='bbox 605 4914 865 4988; x_wconf 89' lang='lat' dir='ltr'><strong>quidquid</strong></span> <span class='ocrx_word' id='word_1_488' title='bbox 915 4911 1300 4969; x_wconf 89' lang='lat' dir='ltr'><strong>ecclesiasticis</strong></span> <span class='ocrx_word' id='word_1_489' title='bbox 1343 4912 1586 4968; x_wconf 86' lang='lat' dir='ltr'><strong>moribus</strong></span> <span class='ocrx_word' id='word_1_490' title='bbox 1613 4953 1627 4978; x_wconf 93' lang='lat'><strong>,</strong></span> <span class='ocrx_word' id='word_1_491' title='bbox 1664 4910 1752 4966; x_wconf 87' lang='lat' dir='ltr'><strong>vel</strong></span> 
     </span>
    </p>
   </div>
   <div class='ocr_carea' id='block_1_79' title="bbox 193 5004 1742 5079">
    <p class='ocr_par' dir='ltr' id='par_1_79' title="bbox 193 5004 1742 5079">
     <span class='ocr_line' id='line_1_79' title="bbox 193 5004 1742 5079; baseline -0.003 -15"><span class='ocrx_word' id='word_1_492' title='bbox 193 5004 394 5070; x_wconf 74' lang='lat' dir='ltr'><strong>publica:</strong></span> <span class='ocrx_word' id='word_1_493' title='bbox 424 5009 679 5075; x_wconf 77' lang='lat' dir='ltr'><strong>utilitati,</strong></span> <span class='ocrx_word' id='word_1_494' title='bbox 721 5009 838 5063; x_wconf 92' lang='lat' dir='ltr'><strong>sine</strong></span> <span class='ocrx_word' id='word_1_495' title='bbox 866 5023 977 5077; x_wconf 86' lang='lat' dir='ltr'><strong>qua</strong></span> <span class='ocrx_word' id='word_1_496' title='bbox 1022 5007 1189 5079; x_wconf 90' lang='lat' dir='ltr'><strong>quieti</strong></span> <span class='ocrx_word' id='word_1_497' title='bbox 1232 5021 1336 5061; x_wconf 91' lang='lat' dir='ltr'><strong>non</strong></span> <span class='ocrx_word' id='word_1_498' title='bbox 1368 5005 1622 5069; x_wconf 90' lang='lat' dir='ltr'><strong>vivimus,</strong></span> <span class='ocrx_word' id='word_1_499' title='bbox 1653 5019 1742 5075; x_wconf 88' lang='lat' dir='ltr'><strong>op-</strong></span> 
     </span>
    </p>
   </div>
   <div class='ocr_carea' id='block_1_80' title="bbox 194 5099 1754 5170">
    <p class='ocr_par' dir='ltr' id='par_1_80' title="bbox 194 5099 1754 5170">
     <span class='ocr_line' id='line_1_80' title="bbox 194 5099 1754 5170; baseline 0.001 -21"><span class='ocrx_word' id='word_1_500' title='bbox 194 5105 454 5165; x_wconf 84' lang='lat' dir='ltr'><strong>portunum</strong></span> <span class='ocrx_word' id='word_1_501' title='bbox 499 5116 618 5156; x_wconf 90' lang='lat' dir='ltr'><strong>esse</strong></span> <span class='ocrx_word' id='word_1_502' title='bbox 642 5101 1019 5170; x_wconf 87' lang='lat' dir='ltr'><strong>perpenditur.</strong></span> <span class='ocrx_word' id='word_1_503' title='bbox 1053 5099 1186 5154; x_wconf 80' lang='lat' dir='ltr'><strong>Nam</strong></span> <span class='ocrx_word' id='word_1_504' title='bbox 1219 5099 1350 5154; x_wconf 90' lang='lat' dir='ltr'><strong>licet</strong></span> <span class='ocrx_word' id='word_1_505' title='bbox 1377 5107 1433 5153; x_wconf 92' lang='lat' dir='ltr'><strong>et</strong></span> <span class='ocrx_word' id='word_1_506' title='bbox 1459 5106 1585 5152; x_wconf 91' lang='lat' dir='ltr'><strong>ante</strong></span> <span class='ocrx_word' id='word_1_507' title='bbox 1624 5112 1754 5152; x_wconf 81' lang='lat' dir='ltr'><strong>cou-</strong></span> 
     </span>
    </p>
   </div>
   <div class='ocr_carea' id='block_1_81' title="bbox 196 5187 1753 5260">
    <p class='ocr_par' dir='ltr' id='par_1_81' title="bbox 196 5187 1753 5260">
     <span class='ocr_line' id='line_1_81' title="bbox 196 5187 1753 5260; baseline 0.003 -21"><span class='ocrx_word' id='word_1_508' title='bbox 196 5187 479 5247; x_wconf 81' lang='lat' dir='ltr'><strong>stitutiones</strong></span> <span class='ocrx_word' id='word_1_509' title='bbox 522 5207 792 5248; x_wconf 85' lang='lat' dir='ltr'><strong>canonum</strong></span> <span class='ocrx_word' id='word_1_510' title='bbox 825 5191 1104 5257; x_wconf 85' lang='lat' dir='ltr'><strong>existant,</strong></span> <span class='ocrx_word' id='word_1_511' title='bbox 1134 5204 1255 5260; x_wconf 69' lang='lat' dir='ltr'><strong>quae</strong></span> <span class='ocrx_word' id='word_1_512' title='bbox 1280 5189 1347 5244; x_wconf 90' lang='lat' dir='ltr'><strong>ad</strong></span> <span class='ocrx_word' id='word_1_513' title='bbox 1377 5203 1594 5244; x_wconf 87' lang='lat' dir='ltr'><strong>onmem</strong></span> <span class='ocrx_word' id='word_1_514' title='bbox 1626 5203 1753 5258; x_wconf 83' lang='lat' dir='ltr'><strong>pos-.</strong></span> 
     </span>
    </p>
   </div>
   <div class='ocr_carea' id='block_1_82' title="bbox 200 5276 1757 5354">
    <p class='ocr_par' dir='ltr' id='par_1_82' title="bbox 200 5276 1757 5354">
     <span class='ocr_line' id='line_1_82' title="bbox 200 5276 1757 5354; baseline 0.002 -25"><span class='ocrx_word' id='word_1_515' title='bbox 200 5276 709 5354; x_wconf 81' lang='lat' dir='ltr'><strong>sintcorreptjonem</strong></span> <span class='ocrx_word' id='word_1_516' title='bbox 759 5280 1042 5347; x_wconf 84' lang='lat' dir='ltr'><strong>sulliecre,</strong></span> <span class='ocrx_word' id='word_1_517' title='bbox 1092 5281 1138 5337; x_wconf 89' lang='lat' dir='ltr'><strong>si</strong></span> <span class='ocrx_word' id='word_1_518' title='bbox 1189 5281 1311 5351; x_wconf 88' lang='lat' dir='ltr'><strong>quis</strong></span> <span class='ocrx_word' id='word_1_519' title='bbox 1362 5295 1455 5334; x_wconf 91' lang='lat' dir='ltr'><strong>eas</strong></span> <span class='ocrx_word' id='word_1_520' title='bbox 1501 5279 1757 5351; x_wconf 84' lang='lat' dir='ltr'><strong>dignetur</strong></span> 
     </span>
    </p>
   </div>
   <div class='ocr_carea' id='block_1_83' title="bbox 201 5363 1756 5440">
    <p class='ocr_par' dir='ltr' id='par_1_83' title="bbox 201 5363 1756 5440">
     <span class='ocr_line' id='line_1_83' title="bbox 201 5363 1756 5440; baseline 0.005 -23"><span class='ocrx_word' id='word_1_521' title='bbox 201 5363 406 5426; x_wconf 88' lang='lat' dir='ltr'><strong>libenter</strong></span> <span class='ocrx_word' id='word_1_522' title='bbox 454 5372 776 5440; x_wconf 90' lang='lat' dir='ltr'><strong>attendere,</strong></span> <span class='ocrx_word' id='word_1_523' title='bbox 830 5381 984 5426; x_wconf 85' lang='lat' dir='ltr'><strong>tanto</strong></span> <span class='ocrx_word' id='word_1_524' title='bbox 1026 5383 1205 5428; x_wconf 89' lang='lat' dir='ltr'><strong>tamen</strong></span> <span class='ocrx_word' id='word_1_525' title='bbox 1257 5370 1482 5426; x_wconf 91' lang='lat' dir='ltr'><strong>luminis</strong></span> <span class='ocrx_word' id='word_1_526' title='bbox 1533 5369 1756 5428; x_wconf 79' lang='lat' dir='ltr'><strong>claritas</strong></span> 
     </span>
    </p>
   </div>
   <div class='ocr_carea' id='block_1_84' title="bbox 204 5461 1755 5535">
    <p class='ocr_par' dir='ltr' id='par_1_84' title="bbox 204 5461 1755 5535">
     <span class='ocr_line' id='line_1_84' title="bbox 204 5461 1755 5535; baseline 0.005 -26"><span class='ocrx_word' id='word_1_527' title='bbox 204 5461 406 5519; x_wconf 88' lang='lat' dir='ltr'><strong>amnlius</strong></span> <span class='ocrx_word' id='word_1_528' title='bbox 432 5465 645 5532; x_wconf 89' lang='lat' dir='ltr'><strong>emicat,</strong></span> <span class='ocrx_word' id='word_1_529' title='bbox 683 5474 887 5535; x_wconf 89' lang='lat' dir='ltr'><strong>quanto</strong></span> <span class='ocrx_word' id='word_1_530' title='bbox 937 5462 1102 5519; x_wconf 85' lang='lat' dir='ltr'><strong>fuerit</strong></span> <span class='ocrx_word' id='word_1_531' title='bbox 1130 5464 1424 5520; x_wconf 87' lang='lat' dir='ltr'><strong>studiosius</strong></span> <span class='ocrx_word' id='word_1_532' title='bbox 1458 5463 1755 5534; x_wconf 68' lang='lat' dir='ltr'><strong>smpissime</strong></span> 
     </span>
    </p>
   </div>
   <div class='ocr_carea' id='block_1_85' title="bbox 205 5555 1751 5628">
    <p class='ocr_par' dir='ltr' id='par_1_85' title="bbox 205 5555 1751 5628">
     <span class='ocr_line' id='line_1_85' title="bbox 205 5555 1751 5628; baseline 0.005 -28"><span class='ocrx_word' id='word_1_533' title='bbox 205 5561 528 5610; x_wconf 82' lang='lat' dir='ltr'><strong>contrectata.</strong></span> <span class='ocrx_word' id='word_1_534' title='bbox 563 5555 675 5612; x_wconf 82' lang='lat' dir='ltr'><strong>Non</strong></span> <span class='ocrx_word' id='word_1_535' title='bbox 723 5572 914 5628; x_wconf 91' lang='lat' dir='ltr'><strong>parum</strong></span> <span class='ocrx_word' id='word_1_536' title='bbox 963 5555 1178 5626; x_wconf 82' lang='lat' dir='ltr'><strong>prolicit</strong></span> <span class='ocrx_word' id='word_1_537' title='bbox 1221 5555 1287 5610; x_wconf 91' lang='lat' dir='ltr'><strong>ad</strong></span> <span class='ocrx_word' id='word_1_538' title='bbox 1318 5555 1751 5610; x_wconf 90' lang='lat' dir='ltr'><strong>emendationem</strong></span> 
     </span>
    </p>
   </div>
   <div class='ocr_carea' id='block_1_86' title="bbox 207 5642 1751 5721">
    <p class='ocr_par' dir='ltr' id='par_1_86' title="bbox 207 5642 1751 5721">
     <span class='ocr_line' id='line_1_86' title="bbox 207 5642 1751 5721; baseline 0.001 -26"><span class='ocrx_word' id='word_1_539' title='bbox 207 5642 491 5716; x_wconf 83' lang='lat' dir='ltr'><strong>multorum,</strong></span> <span class='ocrx_word' id='word_1_540' title='bbox 521 5649 563 5706; x_wconf 90' lang='lat' dir='ltr'><strong>si</strong></span> <span class='ocrx_word' id='word_1_541' title='bbox 595 5665 658 5706; x_wconf 90' lang='lat' dir='ltr'><strong>ea</strong></span> <span class='ocrx_word' id='word_1_542' title='bbox 685 5665 805 5721; x_wconf 71' lang='lat' dir='ltr'><strong>quae</strong></span> <span class='ocrx_word' id='word_1_543' title='bbox 848 5649 1143 5704; x_wconf 87' lang='lat' dir='ltr'><strong>constituta</strong></span> <span class='ocrx_word' id='word_1_544' title='bbox 1175 5655 1302 5704; x_wconf 90' lang='lat' dir='ltr'><strong>sunt</strong></span> <span class='ocrx_word' id='word_1_545' title='bbox 1332 5661 1427 5716; x_wconf 92' lang='lat' dir='ltr'><strong>per</strong></span> <span class='ocrx_word' id='word_1_546' title='bbox 1457 5646 1751 5700; x_wconf 88' lang='lat' dir='ltr'><strong>fraternam</strong></span> 
     </span>
    </p>
   </div>
   <div class='ocr_carea' id='block_1_87' title="bbox 207 5735 1752 5807">
    <p class='ocr_par' dir='ltr' id='par_1_87' title="bbox 207 5735 1752 5807">
     <span class='ocr_line' id='line_1_87' title="bbox 207 5735 1752 5807; baseline 0.006 -22"><span class='ocrx_word' id='word_1_547' title='bbox 207 5735 519 5799; x_wconf 80' lang='lat' dir='ltr'><strong>collationem</strong></span> <span class='ocrx_word' id='word_1_548' title='bbox 543 5746 608 5801; x_wconf 93' lang='lat' dir='ltr'><strong>ad</strong></span> <span class='ocrx_word' id='word_1_549' title='bbox 633 5744 950 5800; x_wconf 90' lang='lat' dir='ltr'><strong>memoriam</strong></span> <span class='ocrx_word' id='word_1_550' title='bbox 981 5743 1333 5807; x_wconf 90' lang='lat' dir='ltr'><strong>reducantur,</strong></span> <span class='ocrx_word' id='word_1_551' title='bbox 1380 5742 1424 5796; x_wconf 89' lang='lat' dir='ltr'><strong>si</strong></span> <span class='ocrx_word' id='word_1_552' title='bbox 1466 5740 1551 5795; x_wconf 88' lang='lat' dir='ltr'><strong>illa</strong></span> <span class='ocrx_word' id='word_1_553' title='bbox 1589 5741 1752 5796; x_wconf 87' lang='lat' dir='ltr'><strong>etiam</strong></span> 
     </span>
    </p>
   </div>
   <div class='ocr_carea' id='block_1_88' title="bbox 216 5828 1759 5910">
    <p class='ocr_par' dir='ltr' id='par_1_88' title="bbox 216 5828 1759 5910">
     <span class='ocr_line' id='line_1_88' title="bbox 216 5828 1759 5910; baseline 0.005 -27"><span class='ocrx_word' id='word_1_554' title='bbox 216 5828 507 5899; x_wconf 68' lang='lat' dir='ltr'><strong>adjiciantur</strong></span> <span class='ocrx_word' id='word_1_555' title='bbox 540 5854 659 5910; x_wconf 72' lang='lat' dir='ltr'><strong>qua:</strong></span> <span class='ocrx_word' id='word_1_556' title='bbox 712 5847 805 5893; x_wconf 89' lang='lat' dir='ltr'><strong>aut</strong></span> <span class='ocrx_word' id='word_1_557' title='bbox 852 5839 1044 5895; x_wconf 88' lang='lat' dir='ltr'><strong>deesse</strong></span> <span class='ocrx_word' id='word_1_558' title='bbox 1075 5836 1326 5894; x_wconf 87' lang='lat' dir='ltr'><strong>videntur</strong></span> <span class='ocrx_word' id='word_1_559' title='bbox 1351 5873 1367 5902; x_wconf 95' lang='lat'><strong>,</strong></span> <span class='ocrx_word' id='word_1_560' title='bbox 1418 5843 1509 5890; x_wconf 89' lang='lat' dir='ltr'><strong>aut</strong></span> <span class='ocrx_word' id='word_1_561' title='bbox 1539 5835 1759 5893; x_wconf 86' lang='lat' dir='ltr'><strong>omnino</strong></span> 
     </span>
    </p>
   </div>
   <div class='ocr_carea' id='block_1_89' title="bbox 1849 4251 3437 4329">
    <p class='ocr_par' dir='ltr' id='par_1_89' title="bbox 1849 4251 3437 4329">
     <span class='ocr_line' id='line_1_89' title="bbox 1849 4251 3437 4329; baseline -0.003 -15"><span class='ocrx_word' id='word_1_562' title='bbox 1849 4261 2052 4315; x_wconf 90' lang='lat' dir='ltr'><strong>nesciat</strong></span> <span class='ocrx_word' id='word_1_563' title='bbox 2097 4269 2295 4329; x_wconf 86' lang='lat' dir='ltr'><strong>quanta</strong></span> <span class='ocrx_word' id='word_1_564' title='bbox 2319 4259 2430 4314; x_wconf 90' lang='lat' dir='ltr'><strong>sint</strong></span> <span class='ocrx_word' id='word_1_565' title='bbox 2453 4258 2718 4313; x_wconf 87' lang='lat' dir='ltr'><strong>hactenus</strong></span> <span class='ocrx_word' id='word_1_566' title='bbox 2784 4271 2882 4328; x_wconf 89' lang='lat' dir='ltr'><strong>per</strong></span> <span class='ocrx_word' id='word_1_567' title='bbox 2919 4264 3179 4327; x_wconf 70' lang='lat' dir='ltr'><strong>tyrannos</strong></span> <span class='ocrx_word' id='word_1_568' title='bbox 3211 4264 3270 4310; x_wconf 92' lang='lat' dir='ltr'><strong>et</strong></span> <span class='ocrx_word' id='word_1_569' title='bbox 3294 4251 3437 4309; x_wconf 77' lang='lat' dir='ltr'><strong>refu-</strong></span> 
     </span>
    </p>
   </div>
   <div class='ocr_carea' id='block_1_90' title="bbox 1849 4336 3436 4426">
    <p class='ocr_par' dir='ltr' id='par_1_90' title="bbox 1849 4336 3436 4426">
     <span class='ocr_line' id='line_1_90' title="bbox 1849 4336 3436 4426; baseline -0.005 -18"><span class='ocrx_word' id='word_1_570' title='bbox 1849 4369 1944 4426; x_wconf 87' lang='lat' dir='ltr'><strong>gas</strong></span> <span class='ocrx_word' id='word_1_571' title='bbox 1973 4351 2346 4408; x_wconf 85' lang='lat' dir='ltr'><strong>transferendo</strong></span> <span class='ocrx_word' id='word_1_572' title='bbox 2373 4365 2432 4407; x_wconf 93' lang='lat' dir='ltr'><strong>se</strong></span> <span class='ocrx_word' id='word_1_573' title='bbox 2461 4351 2514 4406; x_wconf 93' lang='lat' dir='ltr'><strong>in</strong></span> <span class='ocrx_word' id='word_1_574' title='bbox 2559 4336 2814 4405; x_wconf 83' lang='lat' dir='ltr'><strong>externas</strong></span> <span class='ocrx_word' id='word_1_575' title='bbox 2843 4356 3048 4418; x_wconf 87' lang='lat' dir='ltr'><strong>partes,</strong></span> <span class='ocrx_word' id='word_1_576' title='bbox 3083 4346 3269 4401; x_wconf 89' lang='lat' dir='ltr'><strong>illicite</strong></span> <span class='ocrx_word' id='word_1_577' title='bbox 3308 4357 3436 4416; x_wconf 87' lang='lat' dir='ltr'><strong>per-</strong></span> 
     </span>
    </p>
   </div>
   <div class='ocr_carea' id='block_1_91' title="bbox 1849 4437 3440 4516">
    <p class='ocr_par' dir='ltr' id='par_1_91' title="bbox 1849 4437 3440 4516">
     <span class='ocr_line' id='line_1_91' title="bbox 1849 4437 3440 4516; baseline -0.006 -15"><span class='ocrx_word' id='word_1_578' title='bbox 1849 4454 2085 4516; x_wconf 87' lang='lat' dir='ltr'><strong>petrata,</strong></span> <span class='ocrx_word' id='word_1_579' title='bbox 2117 4453 2172 4501; x_wconf 92' lang='lat' dir='ltr'><strong>et</strong></span> <span class='ocrx_word' id='word_1_580' title='bbox 2214 4459 2379 4515; x_wconf 88' lang='lat' dir='ltr'><strong>quam</strong></span> <span class='ocrx_word' id='word_1_581' title='bbox 2417 4442 2646 4498; x_wconf 89' lang='lat' dir='ltr'><strong>nefanda</strong></span> <span class='ocrx_word' id='word_1_582' title='bbox 2702 4455 2892 4501; x_wconf 89' lang='lat' dir='ltr'><strong>eorum</strong></span> <span class='ocrx_word' id='word_1_583' title='bbox 2942 4438 3195 4509; x_wconf 91' lang='lat' dir='ltr'><strong>superbia</strong></span> <span class='ocrx_word' id='word_1_584' title='bbox 3237 4437 3440 4509; x_wconf 79' lang='lat' dir='ltr'><strong>iugiter</strong></span> 
     </span>
    </p>
   </div>
   <div class='ocr_carea' id='block_1_92' title="bbox 1851 4526 3435 4608">
    <p class='ocr_par' dir='ltr' id='par_1_92' title="bbox 1851 4526 3435 4608">
     <span class='ocr_line' id='line_1_92' title="bbox 1851 4526 3435 4608; baseline -0.007 -15"><span class='ocrx_word' id='word_1_585' title='bbox 1851 4537 2194 4608; x_wconf 87' lang='lat' dir='ltr'><strong>frequentata</strong></span> <span class='ocrx_word' id='word_1_586' title='bbox 2234 4540 2366 4606; x_wconf 75' lang='lat' dir='ltr'><strong>‘quze</strong></span> <span class='ocrx_word' id='word_1_587' title='bbox 2395 4543 2452 4590; x_wconf 91' lang='lat' dir='ltr'><strong>et</strong></span> <span class='ocrx_word' id='word_1_588' title='bbox 2477 4533 2668 4606; x_wconf 70' lang='lat' dir='ltr'><strong>patria:</strong></span> <span class='ocrx_word' id='word_1_589' title='bbox 2713 4531 3128 4589; x_wconf 88' lang='lat' dir='ltr'><strong>diminutionem</strong></span> <span class='ocrx_word' id='word_1_590' title='bbox 3157 4526 3435 4591; x_wconf 81' lang='lat' dir='ltr'><strong>aﬂ&#39;errent,</strong></span> 
     </span>
    </p>
   </div>
   <div class='ocr_carea' id='block_1_93' title="bbox 1851 4619 3450 4688">
    <p class='ocr_par' dir='ltr' id='par_1_93' title="bbox 1851 4619 3450 4688">
     <span class='ocr_line' id='line_1_93' title="bbox 1851 4619 3450 4688; baseline -0.005 -3"><span class='ocrx_word' id='word_1_591' title='bbox 1851 4637 1906 4686; x_wconf 87' lang='lat' dir='ltr'><strong>et</strong></span> <span class='ocrx_word' id='word_1_592' title='bbox 1931 4628 2195 4684; x_wconf 90' lang='lat' dir='ltr'><strong>exercitui</strong></span> <span class='ocrx_word' id='word_1_593' title='bbox 2235 4627 2537 4684; x_wconf 81' lang='lat' dir='ltr'><strong>Gothorum</strong></span> <span class='ocrx_word' id='word_1_594' title='bbox 2577 4625 2973 4681; x_wconf 88' lang='lat' dir='ltr'><strong>indesinentem</strong></span> <span class='ocrx_word' id='word_1_595' title='bbox 3002 4621 3244 4677; x_wconf 89' lang='lat' dir='ltr'><strong>laborem</strong></span> <span class='ocrx_word' id='word_1_596' title='bbox 3272 4619 3450 4688; x_wconf 72' lang='lat' dir='ltr'><strong>impar.</strong></span> 
     </span>
    </p>
   </div>
   <div class='ocr_carea' id='block_1_94' title="bbox 1852 4711 3443 4791">
    <p class='ocr_par' dir='ltr' id='par_1_94' title="bbox 1852 4711 3443 4791">
     <span class='ocr_line' id='line_1_94' title="bbox 1852 4711 3443 4791; baseline -0.008 -14"><span class='ocrx_word' id='word_1_597' title='bbox 1852 4722 2095 4778; x_wconf 85' lang='lat' dir='ltr'><strong>nerent?</strong></span> <span class='ocrx_word' id='word_1_598' title='bbox 2135 4720 2284 4788; x_wconf 85' lang='lat' dir='ltr'><strong>Quod</strong></span> <span class='ocrx_word' id='word_1_599' title='bbox 2333 4720 2600 4791; x_wconf 68' lang='lat' dir='ltr'><strong>siquidem</strong></span> <span class='ocrx_word' id='word_1_600' title='bbox 2663 4718 2922 4773; x_wconf 89' lang='lat' dir='ltr'><strong>laicorum</strong></span> <span class='ocrx_word' id='word_1_601' title='bbox 2987 4713 3198 4770; x_wconf 89' lang='lat' dir='ltr'><strong>insania</strong></span> <span class='ocrx_word' id='word_1_602' title='bbox 3249 4711 3443 4767; x_wconf 80' lang='lat' dir='ltr'><strong>fuisset</strong></span> 
     </span>
    </p>
   </div>
   <div class='ocr_carea' id='block_1_95' title="bbox 1853 4805 3444 4881">
    <p class='ocr_par' dir='ltr' id='par_1_95' title="bbox 1853 4805 3444 4881">
     <span class='ocr_line' id='line_1_95' title="bbox 1853 4805 3444 4881; baseline -0.008 -10"><span class='ocrx_word' id='word_1_603' title='bbox 1853 4815 2080 4881; x_wconf 91' lang='lat' dir='ltr'><strong>factum,</strong></span> <span class='ocrx_word' id='word_1_604' title='bbox 2109 4814 2448 4870; x_wconf 88' lang='lat' dir='ltr'><strong>tolerandum</strong></span> <span class='ocrx_word' id='word_1_605' title='bbox 2475 4829 2505 4868; x_wconf 90' lang='lat' dir='ltr'><strong>a</strong></span> <span class='ocrx_word' id='word_1_606' title='bbox 2535 4813 2690 4869; x_wconf 89' lang='lat' dir='ltr'><strong>nobis</strong></span> <span class='ocrx_word' id='word_1_607' title='bbox 2729 4809 2958 4872; x_wconf 87' lang='lat' dir='ltr'><strong>forsitan</strong></span> <span class='ocrx_word' id='word_1_608' title='bbox 3004 4805 3330 4876; x_wconf 87' lang='lat' dir='ltr'><strong>aliquotiens</strong></span> <span class='ocrx_word' id='word_1_609' title='bbox 3356 4805 3444 4858; x_wconf 71' lang='lat' dir='ltr'><strong>vi-</strong></span> 
     </span>
    </p>
   </div>
   <div class='ocr_carea' id='block_1_96' title="bbox 1854 4894 3442 4966">
    <p class='ocr_par' dir='ltr' id='par_1_96' title="bbox 1854 4894 3442 4966">
     <span class='ocr_line' id='line_1_96' title="bbox 1854 4894 3442 4966; baseline -0.009 -4"><span class='ocrx_word' id='word_1_610' title='bbox 1854 4908 2103 4962; x_wconf 88' lang='lat' dir='ltr'><strong>deretur:</strong></span> <span class='ocrx_word' id='word_1_611' title='bbox 2137 4905 2264 4960; x_wconf 90' lang='lat' dir='ltr'><strong>illud</strong></span> <span class='ocrx_word' id='word_1_612' title='bbox 2307 4914 2487 4960; x_wconf 86' lang='lat' dir='ltr'><strong>tamen</strong></span> <span class='ocrx_word' id='word_1_613' title='bbox 2535 4911 2620 4958; x_wconf 92' lang='lat' dir='ltr'><strong>est</strong></span> <span class='ocrx_word' id='word_1_614' title='bbox 2662 4899 3042 4956; x_wconf 83' lang='lat' dir='ltr'><strong>vehementius</strong></span> <span class='ocrx_word' id='word_1_615' title='bbox 3087 4894 3442 4966; x_wconf 88' lang='lat' dir='ltr'><strong>stupendum,</strong></span> 
     </span>
    </p>
   </div>
   <div class='ocr_carea' id='block_1_97' title="bbox 1855 4987 3445 5071">
    <p class='ocr_par' dir='ltr' id='par_1_97' title="bbox 1855 4987 3445 5071">
     <span class='ocr_line' id='line_1_97' title="bbox 1855 4987 3445 5071; baseline -0.008 -16"><span class='ocrx_word' id='word_1_616' title='bbox 1855 4999 1998 5071; x_wconf 89' lang='lat' dir='ltr'><strong>quod</strong></span> <span class='ocrx_word' id='word_1_617' title='bbox 2031 4996 2182 5071; x_wconf 83' lang='lat' dir='ltr'><strong>pejus</strong></span> <span class='ocrx_word' id='word_1_618' title='bbox 2232 5007 2320 5053; x_wconf 90' lang='lat' dir='ltr'><strong>est</strong></span> <span class='ocrx_word' id='word_1_619' title='bbox 2375 5004 2536 5052; x_wconf 86' lang='lat' dir='ltr'><strong>tantae</strong></span> <span class='ocrx_word' id='word_1_620' title='bbox 2576 4993 2856 5065; x_wconf 86' lang='lat' dir='ltr'><strong>religionis</strong></span> <span class='ocrx_word' id='word_1_621' title='bbox 2890 4989 3172 5063; x_wconf 87' lang='lat' dir='ltr'><strong>proposito</strong></span> <span class='ocrx_word' id='word_1_622' title='bbox 3228 4988 3284 5043; x_wconf 92' lang='lat' dir='ltr'><strong>in</strong></span> <span class='ocrx_word' id='word_1_623' title='bbox 3338 4987 3445 5042; x_wconf 83' lang='lat' dir='ltr'><strong>hac</strong></span> 
     </span>
    </p>
   </div>
   <div class='ocr_carea' id='block_1_98' title="bbox 1856 5080 3450 5161">
    <p class='ocr_par' dir='ltr' id='par_1_98' title="bbox 1856 5080 3450 5161">
     <span class='ocr_line' id='line_1_98' title="bbox 1856 5080 3450 5161; baseline -0.011 -10"><span class='ocrx_word' id='word_1_624' title='bbox 1856 5091 2127 5151; x_wconf 81' lang='lat' dir='ltr'><strong>interdum</strong></span> <span class='ocrx_word' id='word_1_625' title='bbox 2182 5088 2604 5161; x_wconf 86' lang='lat' dir='ltr'><strong>praesumptione</strong></span> <span class='ocrx_word' id='word_1_626' title='bbox 2655 5083 2962 5156; x_wconf 66' lang='lat' dir='ltr'><strong>prteeipites</strong></span> <span class='ocrx_word' id='word_1_627' title='bbox 3001 5080 3332 5141; x_wconf 75' lang='lat' dir='ltr'><strong>efferuntur,</strong></span> <span class='ocrx_word' id='word_1_628' title='bbox 3384 5087 3450 5134; x_wconf 84' lang='lat' dir='ltr'><strong>ut</strong></span> 
     </span>
    </p>
   </div>
   <div class='ocr_carea' id='block_1_99' title="bbox 1856 5171 3444 5245">
    <p class='ocr_par' dir='ltr' id='par_1_99' title="bbox 1856 5171 3444 5245">
     <span class='ocr_line' id='line_1_99' title="bbox 1856 5171 3444 5245; baseline -0.008 -7"><span class='ocrx_word' id='word_1_629' title='bbox 1856 5183 1922 5238; x_wconf 86' lang='lat' dir='ltr'><strong>ad</strong></span> <span class='ocrx_word' id='word_1_630' title='bbox 1946 5199 2052 5240; x_wconf 91' lang='lat' dir='ltr'><strong>non</strong></span> <span class='ocrx_word' id='word_1_631' title='bbox 2082 5182 2267 5244; x_wconf 77' lang='lat' dir='ltr'><strong>levent</strong></span> <span class='ocrx_word' id='word_1_632' title='bbox 2287 5179 2659 5245; x_wconf 79' lang='lat' dir='ltr'><strong>confusionem</strong></span> <span class='ocrx_word' id='word_1_633' title='bbox 2684 5183 2925 5230; x_wconf 90' lang='lat' dir='ltr'><strong>nostram</strong></span> <span class='ocrx_word' id='word_1_634' title='bbox 2948 5173 3238 5244; x_wconf 89' lang='lat' dir='ltr'><strong>pertineat,</strong></span> <span class='ocrx_word' id='word_1_635' title='bbox 3275 5171 3321 5228; x_wconf 86' lang='lat' dir='ltr'><strong>si</strong></span> <span class='ocrx_word' id='word_1_636' title='bbox 3352 5185 3444 5225; x_wconf 86' lang='lat' dir='ltr'><strong>res</strong></span> 
     </span>
    </p>
   </div>
   <div class='ocr_carea' id='block_1_100' title="bbox 1857 5267 3442 5343">
    <p class='ocr_par' dir='ltr' id='par_1_100' title="bbox 1857 5267 3442 5343">
     <span class='ocr_line' id='line_1_100' title="bbox 1857 5267 3442 5343; baseline -0.008 -11"><span class='ocrx_word' id='word_1_637' title='bbox 1857 5277 2125 5332; x_wconf 91' lang='lat' dir='ltr'><strong>ullatenus</strong></span> <span class='ocrx_word' id='word_1_638' title='bbox 2151 5283 2451 5339; x_wconf 89' lang='lat' dir='ltr'><strong>remaneat,</strong></span> <span class='ocrx_word' id='word_1_639' title='bbox 2499 5287 2661 5343; x_wconf 89' lang='lat' dir='ltr'><strong>quam</strong></span> <span class='ocrx_word' id='word_1_640' title='bbox 2693 5277 2750 5325; x_wconf 89' lang='lat' dir='ltr'><strong>et</strong></span> <span class='ocrx_word' id='word_1_641' title='bbox 2785 5267 3060 5324; x_wconf 90' lang='lat' dir='ltr'><strong>mundana</strong></span> <span class='ocrx_word' id='word_1_642' title='bbox 3112 5267 3229 5336; x_wconf 86' lang='lat' dir='ltr'><strong>lege</strong></span> <span class='ocrx_word' id='word_1_643' title='bbox 3267 5273 3320 5322; x_wconf 91' lang='lat' dir='ltr'><strong>et</strong></span> <span class='ocrx_word' id='word_1_644' title='bbox 3349 5278 3442 5320; x_wconf 85' lang='lat' dir='ltr'><strong>ec-</strong></span> 
     </span>
    </p>
   </div>
   <div class='ocr_carea' id='block_1_101' title="bbox 1857 5357 3449 5433">
    <p class='ocr_par' dir='ltr' id='par_1_101' title="bbox 1857 5357 3449 5433">
     <span class='ocr_line' id='line_1_101' title="bbox 1857 5357 3449 5433; baseline -0.01 -7"><span class='ocrx_word' id='word_1_645' title='bbox 1857 5367 2159 5430; x_wconf 75' lang='lat' dir='ltr'><strong>clesiastica</strong></span> <span class='ocrx_word' id='word_1_646' title='bbox 2215 5365 2467 5423; x_wconf 89' lang='lat' dir='ltr'><strong>convenit</strong></span> <span class='ocrx_word' id='word_1_647' title='bbox 2524 5361 2810 5433; x_wconf 89' lang='lat' dir='ltr'><strong>disciplina</strong></span> <span class='ocrx_word' id='word_1_648' title='bbox 2862 5360 3158 5432; x_wconf 90' lang='lat' dir='ltr'><strong>corrigere.</strong></span> <span class='ocrx_word' id='word_1_649' title='bbox 3213 5357 3449 5425; x_wconf 80' lang='lat' dir='ltr'><strong>Ideoque</strong></span> 
     </span>
    </p>
   </div>
   <div class='ocr_carea' id='block_1_102' title="bbox 1857 5443 3450 5534">
    <p class='ocr_par' dir='ltr' id='par_1_102' title="bbox 1857 5443 3450 5534">
     <span class='ocr_line' id='line_1_102' title="bbox 1857 5443 3450 5534; baseline -0.011 -17"><span class='ocrx_word' id='word_1_650' title='bbox 1857 5458 2062 5534; x_wconf 86' lang='lat' dir='ltr'><strong>placuit</strong></span> <span class='ocrx_word' id='word_1_651' title='bbox 2080 5472 2234 5514; x_wconf 91' lang='lat' dir='ltr'><strong>.nune</strong></span> <span class='ocrx_word' id='word_1_652' title='bbox 2253 5455 2509 5514; x_wconf 92' lang='lat' dir='ltr'><strong>concordi</strong></span> <span class='ocrx_word' id='word_1_653' title='bbox 2531 5451 2800 5510; x_wconf 89' lang='lat' dir='ltr'><strong>sententia</strong></span> <span class='ocrx_word' id='word_1_654' title='bbox 2839 5451 3068 5508; x_wconf 83' lang='lat' dir='ltr'><strong>delinire</strong></span> <span class='ocrx_word' id='word_1_655' title='bbox 3098 5458 3174 5511; x_wconf 89' lang='lat' dir='ltr'><strong>ut,</strong></span> <span class='ocrx_word' id='word_1_656' title='bbox 3198 5443 3450 5534; x_wconf 83' lang='lat' dir='ltr'><strong>quisquis</strong></span> 
     </span>
    </p>
   </div>
   <div class='ocr_carea' id='block_1_103' title="bbox 1863 5532 3446 5613">
    <p class='ocr_par' dir='ltr' id='par_1_103' title="bbox 1863 5532 3446 5613">
     <span class='ocr_line' id='line_1_103' title="bbox 1863 5532 3446 5613; baseline -0.014 -5"><span class='ocrx_word' id='word_1_657' title='bbox 1863 5532 1918 5608; x_wconf 85' lang='lat' dir='ltr'><strong>in</strong></span> <span class='ocrx_word' id='word_1_658' title='bbox 1948 5551 2139 5607; x_wconf 90' lang='lat' dir='ltr'><strong>ordine</strong></span> <span class='ocrx_word' id='word_1_659' title='bbox 2186 5547 2473 5604; x_wconf 90' lang='lat' dir='ltr'><strong>clericatus</strong></span> <span class='ocrx_word' id='word_1_660' title='bbox 2501 5560 2530 5599; x_wconf 94' lang='lat' dir='ltr'><strong>a</strong></span> <span class='ocrx_word' id='word_1_661' title='bbox 2562 5543 2804 5599; x_wconf 84' lang='lat' dir='ltr'><strong>maximo</strong></span> <span class='ocrx_word' id='word_1_662' title='bbox 2833 5541 3003 5613; x_wconf 88' lang='lat' dir='ltr'><strong>gradu</strong></span> <span class='ocrx_word' id='word_1_663' title='bbox 3038 5551 3208 5608; x_wconf 89' lang='lat' dir='ltr'><strong>usque</strong></span> <span class='ocrx_word' id='word_1_664' title='bbox 3238 5534 3306 5590; x_wconf 90' lang='lat' dir='ltr'><strong>ad</strong></span> <span class='ocrx_word' id='word_1_665' title='bbox 3343 5532 3446 5588; x_wconf 86' lang='lat' dir='ltr'><strong>mi-</strong></span> 
     </span>
    </p>
   </div>
   <div class='ocr_carea' id='block_1_104' title="bbox 1862 5631 3449 5708">
    <p class='ocr_par' dir='ltr' id='par_1_104' title="bbox 1862 5631 3449 5708">
     <span class='ocr_line' id='line_1_104' title="bbox 1862 5631 3449 5708; baseline -0.013 -6"><span class='ocrx_word' id='word_1_666' title='bbox 1862 5648 2069 5702; x_wconf 88' lang='lat' dir='ltr'><strong>nimmn</strong></span> <span class='ocrx_word' id='word_1_667' title='bbox 2115 5642 2442 5698; x_wconf 89' lang='lat' dir='ltr'><strong>constitutus</strong></span> <span class='ocrx_word' id='word_1_668' title='bbox 2491 5640 2546 5698; x_wconf 90' lang='lat' dir='ltr'><strong>in</strong></span> <span class='ocrx_word' id='word_1_669' title='bbox 2593 5637 2786 5694; x_wconf 70' lang='lat' dir='ltr'><strong>aliena:</strong></span> <span class='ocrx_word' id='word_1_670' title='bbox 2841 5635 3018 5708; x_wconf 88' lang='lat' dir='ltr'><strong>gentis</strong></span> <span class='ocrx_word' id='word_1_671' title='bbox 3064 5631 3340 5703; x_wconf 89' lang='lat' dir='ltr'><strong>regionem</strong></span> <span class='ocrx_word' id='word_1_672' title='bbox 3387 5640 3449 5683; x_wconf 85' lang='lat' dir='ltr'><strong>se</strong></span> 
     </span>
    </p>
   </div>
   <div class='ocr_carea' id='block_1_105' title="bbox 1862 5721 3454 5810">
    <p class='ocr_par' dir='ltr' id='par_1_105' title="bbox 1862 5721 3454 5810">
     <span class='ocr_line' id='line_1_105' title="bbox 1862 5721 3454 5810; baseline -0.012 -15"><span class='ocrx_word' id='word_1_673' title='bbox 1862 5751 2186 5810; x_wconf 82' lang='lat' dir='ltr'><strong>quacunque</strong></span> <span class='ocrx_word' id='word_1_674' title='bbox 2223 5732 2566 5789; x_wconf 88' lang='lat' dir='ltr'><strong>occasionem</strong></span> <span class='ocrx_word' id='word_1_675' title='bbox 2601 5728 2993 5795; x_wconf 86' lang='lat' dir='ltr'><strong>transduxerit,</strong></span> <span class='ocrx_word' id='word_1_676' title='bbox 3021 5734 3082 5782; x_wconf 89' lang='lat' dir='ltr'><strong>ut</strong></span> <span class='ocrx_word' id='word_1_677' title='bbox 3123 5721 3320 5779; x_wconf 80' lang='lat' dir='ltr'><strong>exinde</strong></span> <span class='ocrx_word' id='word_1_678' title='bbox 3365 5735 3454 5776; x_wconf 85' lang='lat' dir='ltr'><strong>su-</strong></span> 
     </span>
    </p>
   </div>
   <div class='ocr_carea' id='block_1_106' title="bbox 1868 5813 3453 5909">
    <p class='ocr_par' dir='ltr' id='par_1_106' title="bbox 1868 5813 3453 5909">
     <span class='ocr_line' id='line_1_106' title="bbox 1868 5813 3453 5909; baseline -0.013 -20"><span class='ocrx_word' id='word_1_679' title='bbox 1868 5830 2164 5909; x_wconf 78' lang='lat' dir='ltr'><strong>perbiendo</strong></span> <span class='ocrx_word' id='word_1_680' title='bbox 2187 5827 2272 5885; x_wconf 89' lang='lat' dir='ltr'><strong>vel</strong></span> <span class='ocrx_word' id='word_1_681' title='bbox 2305 5827 2574 5884; x_wconf 88' lang='lat' dir='ltr'><strong>redditum</strong></span> <span class='ocrx_word' id='word_1_682' title='bbox 2605 5840 2760 5882; x_wconf 87' lang='lat' dir='ltr'><strong>suum</strong></span> <span class='ocrx_word' id='word_1_683' title='bbox 2789 5823 2869 5880; x_wconf 84' lang='lat' dir='ltr'><strong>vel</strong></span> <span class='ocrx_word' id='word_1_684' title='bbox 2895 5819 3173 5894; x_wconf 85' lang='lat' dir='ltr'><strong>quodlibet</strong></span> <span class='ocrx_word' id='word_1_685' title='bbox 3200 5816 3343 5874; x_wconf 89' lang='lat' dir='ltr'><strong>aliud</strong></span> <span class='ocrx_word' id='word_1_686' title='bbox 3373 5813 3453 5869; x_wconf 84' lang='lat' dir='ltr'><strong>vi-</strong></span> 
     </span>
    </p>
   </div>
  </div>
