3910 6494
508 354 610 417 ωδ

1348 356 1756 429 nemo.”
1795 357 2087 429 $50.11;.
2127 360 2471 423 —.lsmon1
2510 332 2973 435 usucaronts'

3677 365 3769 422 496

454 464 459 471 ’
508 471 702 525 deatur
736 478 1014 539 expetere,
1060 469 1172 524 sive
1201 471 1362 525 etiam
1395 473 1537 542 quod
1582 473 1727 549 genti
1756 473 2078 542 Gothorum,
2101 483 2155 559 ,Α
2186 485 2291 534 tem
2320 478 2364 534 si
2403 480 2748 550 superstitem
2776 489 2899 550 post
2926 475 3181 551 eju'sdem
3220 480 3375 551 regis
3406 477 3767 539 obitumtem.

506 560 593 625 vel
634 563 822 632 patria:
853 560 935 616 vel
974 565 1145 632 regno
1189 563 1497 632 specialiter
1542 564 1644 620 sub
1672 565 1774 621 hac
1799 568 2085 623 occasione

2184 587 2286 643 pus
2316 572 2582 627 invenerit
2606 573 2868 643 superiori
2898 572 3260 628 anathematis
3281 570 3635 641 correptioni
3656 573 3766 631 sub-

508 653 683 722 possit
719 666 917 708 nocere
951 652 1037 707 vel
1066 653 1182 708 fieri
1223 654 1575 726 disposuerit,
1615 656 1699 712 vel
1744 657 2085 728 aliquatenus
2177 663 2375 734 jaceat,
2405 670 2459 717 et
2500 662 2808 733 quicunque
2832 662 2910 718 illi
2947 671 3141 732 praeter
3167 662 3220 716 in
3256 662 3470 716 ultimo
3501 660 3627 715 vita
3667 678 3763 720 sua:

509 742 723 807 fecerit,
749 742 843 798 sed
864 750 921 797 et
943 742 1259 813 quicunque
1277 744 1471 801 talibus
1515 748 1764 803 conscius
1794 749 2082 818 reperitur,

509 836 698 906 eisque
735 834 820 890 vel
871 835 1162 892 concilium
1209 836 1303 893 vel
1347 853 1505 908 opem
1558 838 1940 897 administrare
1994 857 2082 898 co-

513 927 812 998 gnoscitur,
856 927 1094 997 qualiter
1139 938 1238 984 aut
1269 931 1335 985 ad
1375 940 1590 1001 gentem
1619 932 1849 989 alienam
1901 932 2081 1004 fugam

509 1024 817 1087 appeteret,
848 1027 942 1072 aut
968 1021 1020 1071 in
1058 1019 1218 1075 malis
1250 1035 1371 1090 quae
1394 1030 1675 1092 coeperant
1708 1023 2082 1093 perdurarent,

488 1120 604 1165 seu
635 1108 1315 1179 quamcunque‘laesionem
1344 1112 1487 1181 genti
1529 1111 1826 1168 Gothorum
1870 1113 1959 1168 vel
1990 1130 2085 1184 pa-

509 1196 628 1261 triae
649 1204 746 1267 aut
762 1198 999 1269 principi,
1013 1206 1136 1269 post
1156 1198 1336 1270 fugam
1352 1198 1631 1266 inferrent,
1649 1211 1810 1272 atque
1823 1203 1876 1257 in
1896 1205 2082 1258 eadem

506 1288 776 1363 pravitate
799 1296 1240 1363 perseverarent:
1268 1289 1516 1359 quisquis
1542 1290 1645 1347 hoc
1682 1289 1881 1347 fecisse
1899 1292 2086 1363 digno-

505 1379 698 1445 scitur,
728 1378 833 1439 iste
856 1380 928 1446 ita
961 1379 1332 1439 indubitanter
1355 1382 1503 1437 omni
1540 1382 1761 1439 honoris
1804 1384 1887 1439 sui
1915 1385 2082 1456 gradu

508 1472 772 1542 privetur,
804 1481 865 1528 ut
896 1473 1073 1539 locum
1115 1474 1234 1545 ejus
1276 1473 1330 1529 in
1365 1489 1481 1544 quo
1516 1474 1916 1531 ministraverat
1946 1475 2084 1532 alter

505 1567 764 1622 continuo
816 1565 1082 1636 perpetim
1141 1564 1434 1637 regendum
1491 1564 1737 1635 accipiat.
1801 1564 1920 1637 ipse
1953 1581 2083 1622 vero

466 1690 471 1695 ι
506 1662 878 1727 transgressor
909 1655 1365 1726 subpmnitentia
1409 1656 1765 1721 constitutus,
1823 1657 1870 1711 si
1922 1657 2083 1712 remi—

466 1774 473 1781 ο
510 1744 727 1803 uisceris
754 1745 884 1800 mali
909 1745 1053 1816 quod
1074 1744 1279 1802 fecerat
1300 1759 1470 1814 usque
1498 1744 1552 1799 in
1586 1745 1730 1801 diem
1759 1745 1950 1802 mortis
1972 1762 2083 1802 suae

2183 755 2292 811 ﬁne
2330 754 2397 825 (si
2443 762 2621 809 tamen
2653 770 2777 809 eum
2826 754 3065 832 legitime
3114 754 3394 825 paenitere
3446 753 3765 826 probaverit)

2184 844 2578 901 communionis
2630 846 2860 917 gratiam
2925 846 3261 911 consenserit
3335 844 3762 914 impendendam.

2182 935 2349 992 Nobis
2392 936 2609 991 interim
2666 937 2805 993 ratio
2853 937 3123 1007 persuasit
3169 934 3431 1007 synodali
3479 950 3641 1005 super
3680 937 3764 992 hoc

2183 1027 2568 1082 constitutione
2615 1028 2909 1083 decernere
2953 1037 3015 1082 ut
3047 1027 3370 1097 quicunque
3415 1026 3585 1093 etiam
3612 1026 3765 1086 laico-

2183 1128 2306 1182 rum,
2332 1116 2633 1174 interdictis
2655 1117 2905 1187 capitulis
2931 1119 3032 1173 hoc
3074 1101 3137 1187 in
3155 1117 3561 1179 adversitatem
3592 1118 3762 1187 gentis,

2183 1215 2279 1276 aut
2326 1207 2520 1276 patria:
2565 1207 2919 1277 potestatisve
2969 1208 3131 1278 regia:
3180 1206 3234 1261 in
3285 1216 3565 1275 externas
3607 1215 3765 1274 partes

2183 1312 2242 1352 se
2288 1280 2616 1369 conferendo
2664 1297 2748 1352 vel
2797 1297 2993 1367 talibus
3031 1313 3186 1368 opem
3241 1295 3557 1367 praebendo
3595 1297 3763 1351 noxius

2185 1386 2348 1442 fuerit
2392 1387 2535 1457 ultra
2576 1398 2847 1459 repertus,
2901 1403 3007 1442 non
3042 1387 3214 1442 solum
3265 1386 3373 1456 (ut
3424 1386 3629 1440 dictum
3671 1390 3761 1456 εει)

2183 1479 2424 1533 omnium
2468 1462 2666 1547 rerum‘
2697 1493 2929 1549 suarum,
2973 1476 3309 1561 proprietate
3368 1476 3637 1547 privetur,
3683 1479 3759 1547 sed

2158 1578 2237 1624 'et
2270 1579 2531 1640 perpetua
2564 1570 3121 1637 excommunicatione
3160 1567 3504 1635 damnetur,
3548 1578 3603 1623 et
3648 1583 3762 1621 nun-

2185 1677 2344 1732 quam
2361 1660 2458 1728 illi,
2472 1662 2577 1718 nisi
2597 1662 2650 1718 in
2666 1663 2857 1719 ultimo
2874 1662 3062 1719 mortis
3076 1677 3188 1718 sua:
3209 1671 3467 1737 tempore
3480 1663 3758 1732 communio

2188 1753 2476 1821 tribuatur,
2504 1763 2735 1826 excepto
2779 1755 2826 1810 si
2868 1754 3267 1811 communionis
3310 1754 3443 1825 ejus
3489 1754 3757 1823 remedium

509 1836 814 1891 rectissime
856 1835 1193 1906 paenituerit.
1221 1835 1275 1891 in
1312 1833 1427 1890 8010
1459 1843 1665 1891 tanle
1712 1833 1820 1892 ﬁne
1845 1850 2087 1892 θοιηιῐιυ-
2114 1831 2163 1893 Β
2187 1848 2272 1905 vel
2301 1863 2510 1917 eorum,
2539 1849 2607 1905 de
2651 1850 2849 1921 quibus
2877 1865 3041 1921 supra
3095 1848 3499 1911 tractavimus,
3533 1846 3758 1917 implora-

510 1927 603 1982 nio
641 1926 692 1983 ei
740 1926 913 1983 danda
959 1938 1081 1994 est,
1118 1928 1195 1991 ita
1225 1937 1285 1983 ut
1320 1938 1608 2000 antequam
1640 1928 1764 1984 ﬁnis
1791 1928 1908 1999 ejus
1953 1937 2091 1984 tem-

509 2033 610 2089 pus
636 2017 909 2074 adveniat.
952 2016 1009 2075 Si
1043 2018 1328 2091 quisquam
1373 2020 1716 2076 sacerdotum
1746 2020 1909 2076 etiam
1945 2020 2091 2077 ordi-

513 2121 680 2168 nante
704 2112 753 2168 ei
783 2113 1027 2184 principe
1072 2115 1476 2171 communicare
1523 2116 1898 2190 consenserit,
1927 2117 2092 2187 parti-

511 2217 640 2272 ceps
667 2202 915 2259 criminis
940 2203 1085 2261 illius
1131 2203 1378 2271 effectus,
1410 2207 1697 2262 anathema
1751 2205 1845 2265 fiat
1889 2206 2095 2277 in.per-,

511 2304 760 2365 petuum,
781 2309 847 2350 ac
878 2294 1040 2351 simili
1077 2308 1213 2351 cum.
1248 2310 1314 2350 eo
1345 2295 1430 2351 cui
1461 2295 1940 2353 communicaverit
1968 2310 2090 2352 sen-

522 2385 691 2441 tentia
705 2386 1113 2453 condemnetur,
1136 2386 1390 2458 quoniam
1409 2395 1672 2459 potestate
1695 2386 1952 2458 principis
1972 2387 2091 2442 nul—

511 2479 597 2542 ius
626 2479 969 2535 sacerdotum
1026 2480 1079 2536 in
1133 2481 1238 2537 hoc
1279 2479 1526 2551 praebere
1578 2479 1738 2536 debet
1783 2494 2090 2545 assensum,

515 2573 664 2638 unde
708 2571 790 2626 vel
823 2571 1117 2642 periurium
1145 2572 1397 2627 videatur
1444 2571 1746 2627 incurrere.
1778 2569 1873 2643 γει
1924 2569 2092 2642 (quod

511 2661 691 2734 absit)
739 2662 789 2718 si
831 2663 1141 2734 quicunque
1190 2663 1658 2720 catholicaafﬂdei
1706 2665 2093 2735 praevaricator

510 2755 763 2827 princeps
792 2757 1111 2824 surrexerit,
1133 2758 1389 2821 sacerdos
1409 2755 1714 2813 nullatenus
1734 2755 1918 2815 favore
1939 2757 2091 2828 prin-

515 2845 674 2915 cipis,
701 2844 787 2901 vel
814 2854 1024 2903 terrore
1042 2862 1074 2900 a
1101 2855 1271 2904 recta:
1298 2847 1639 2903 credulitatis
1661 2845 1862 2903 lumine
1898 2847 1965 2901 ad
2015 2853 2093 2901 tc-

513 2934 714 2990 nebras
740 2943 970 3005 cogatur
993 2935 1213 3010 reverti.
1250 2933 1342 2994 Sic
1362 2936 1507 2991 enim
1546 2950 1647 2992 nec
1689 2950 1852 3009 super
1877 2950 2091 2991 annexa

516 3024 753 3095 capitula
812 3024 912 3099 vel3
958 3025 1200 3109 imperiis
1265 3026 1608 3109 principum,
1659 3025 1745 3097 vel
1793 3026 2107 3095 terroribus,

514 3116 787 3186 oportebit
826 3130 1065 3186 unquam
1113 3131 1396 3184 evacuare,
1441 3119 1569 3188 quia
1614 3118 1865 3174 novimus
1901 3130 2091 3174 omnes

515 3220 654 3285 pene
700 3205 975 3277 Hispaniae
1020 3210 1675 3285 sacerdotes,omnesque
1701 3210 1964 3279 seniores,
2006 3210 2104 3284 vel
2120 3190 2171 3254 Ct

510 3298 723 3369 iudices
762 3314 828 3356 ac
865 3307 1091 3369 caeteros
1121 3302 1368 3369 homines
1411 3301 1577 3358 ofﬁcii
1606 3303 1829 3375 palatini
1857 3304 2090 3376 jnrasse,

515 3402 678 3464 atque
720 3394 796 3470 ita
827 3412 984 3471 nunc.
1007 3396 1217 3473 legibus
1262 3399 1543 3459 decretum
1590 3398 1777 3467 fuisse,
1806 3409 1861 3455 ut
1914 3401 2093 3461 nullus

519 3485 704 3559 refuga
750 3488 836 3547 vel
880 3489 1133 3577 perfidus
1159 3490 1250 3562 qui
1292 3500 1481 3561 contra
1530 3502 1745 3564 gentem
1791 3493 2090 3552 Gothorum

517 3576 606 3643 vel
648 3579 879 3663 patriam
906 3576 1007 3653 seu
1050 3596 1230 3653 regem
1258 3597 1419 3657 agere
1448 3583 1672 3640 alterius
1698 3584 1876 3655 gentis
1921 3586 2097 3643 socie-

516 3677 685 3737 tatem
727 3686 787 3727 se
829 3672 1180 3730 transduc’ere
1223 3675 1513 3744 reperitur,
1556 3676 1870 3746 integritate
1911 3692 2094 3731 rerum

520 3775 740 3818 suarum
764 3762 1068 3820 nullatenus
1110 3763 1458 3831 reformetur,
1491 3767 1593 3822 nisi
1620 3767 1849 3823 forsitan
1894 3768 2096 3839 princi-

520 3867 616 3923 pes
643 3854 996 3911 humanitatis
1025 3855 1226 3926 aliquid
1274 3857 1522 3927 personis
1570 3858 1764 3914 talibus
1816 3858 2097 3928 impartire

523 3946 819 4015 voluerint,
850 3947 938 4018 eui
976 3956 1153 4002 tamen
1184 3964 1290 4004 non
1326 3948 1556 4021 amplius
1578 3965 1740 4025 quam
1779 3951 2097 4022 vigesimam

523 4046 733 4109 partem
761 4053 943 4113 rerum
968 4041 1015 4095 ei
1043 4042 1131 4109 qui
1165 4040 1398 4115 perﬁdus
1420 4042 1630 4112 exstitit
1657 4043 1723 4098 de
1750 4042 1910 4104 rebus
1959 4044 2099 4111 unde

522 4142 620 4183 rex
650 4128 876 4200 elegerit
908 4130 1175 4197 tribuendi
1212 4140 1534 4202 potestatem
1561 4132 1801 4189 habebit.
1837 4131 1941 4188 Sed
1970 4133 2102 4204 quia

521 4217 808 4290 plerosque
851 4220 1077 4277 clericos
1112 4221 1371 4277 instantis
1399 4222 1635 4278 levitatis
1660 4222 1932 4277 interdum
1975 4237 2103 4297 pra-

521 4311 712 4368 vitatis
750 4313 1215 4384 prtesumptioiita
1262 4313 1438 4371 elevat
1486 4322 1546 4369 ut
1594 4314 1960 4385 praetermissa
1992 4296 2102 4369 ὀι-

523 4402 671 4459 dinis
714 4403 797 4459 sui
846 4404 1132 4477 gravitate,
1163 4419 1228 4460 ac
1262 4404 1484 4475 polliciti
1533 4384 1859 4459 sacramenti
1911 4402 2102 4459 imme-

524 4509 728 4560 mores,
776 4504 1058 4569 constante
1107 4495 1349 4566 principe
1394 4494 1481 4551 cui
1527 4494 1691 4551 fidem
1731 4508 1952 4557 servare
1978 4510 2104 4565 pro-

523 4585 807 4649 miserant,
847 4585 899 4641 in
931 4580 1156 4642 alterius
1200 4576 1519 4662 electionem
1549 4586 1830 4660 temeraria
1879 4578 2097 4642 levitate

523 4676 885 4741 consentiant,
926 4676 1173 4747 abrogari
1205 4677 1360 4734 decet
1381 4677 1523 4732 hanc
1551 4676 1774 4732 omnino
1801 4675 2094 4750 licentiam,

523 4779 580 4825 et
616 4786 647 4825 a
690 4781 877 4827 nostro
903 4770 1178 4826 consortio
1218 4770 1432 4840 penitus
1462 4769 1789 4839 ‘exstirpari,
1817 4769 1889 4824 ita
1936 4780 2013 4833 ut,
2052 4769 2098 4840 si

523 4860 833 4932 quicunque
865 4860 1126 4917 laicorum
1176 4860 1499 4932 quandoque
1552 4854 1692 4916 intra
1737 4860 1871 4917 fines
1909 4859 2099 4932 patriae

526 4952 828 5008 Gothorum
854 4952 1359 5024 superbiens,regni
1389 4953 1597 5025 apicem
1628 4967 1841 5008 sumere
1867 4950 2100 5008 fortasse

526 5046 840 5111 tentaverit,
867 5047 1025 5116 eique
1060 5032 1385 5102 clericorum
1422 5044 1646 5115 quilibet
1671 5043 1992 5115 adiutorium
2020 5040 2107 5097 vel

478 5172 483 5177 ι
526 5137 766 5193 favorem
795 5138 1128 5208 praestiterit,
1157 5145 1319 5207 atque
1350 5136 1493 5191 hunc
1532 5134 1621 5206 qui
1649 5130 1927 5206 superbire
1949 5132 2102 5188 vide-

528 5240 620 5285 tur
638 5228 713 5283 ad
736 5231 979 5285 eamdem
1005 5230 1154 5301 regni
1183 5228 1530 5284 ambitionem
1561 5226 1884 5296 praevalente
1910 5225 2107 5282 delicto

529 5322 815 5395 pervenire
843 5323 1147 5392 contigerit.
1168 5337 1232 5378 et
1265 5336 1331 5378 eo
1352 5322 1584 5393 quodam
1621 5321 1724 5384 die,
1759 5320 1841 5377 vel
1869 5328 2110 5391 tempore

527 5417 777 5473 eumdem
816 5416 1153 5486 episcopum,
1178 5415 1260 5469 vel
1303 5414 1589 5486 cujuslibet
1619 5413 1826 5470 ordinis
1853 5412 2106 5468 clericum

529 5509 1058 5569 eveommunicatum
1105 5521 1324 5562 manere
1369 5505 1634 5579 perpetim
1683 5503 2107 5576 Opportebitqui

534 5603 625 5669 tali
663 5618 723 5659 se
754 5599 957 5658 scelere
986 5597 1304 5667 implicavit,
1354 5606 1535 5654 tamen
1588 5597 1632 5653 si
1665 5604 1888 5667 propter
1917 5594 2111 5666 impro-

533 5698 755 5752 bitatem
783 5692 1063 5766 principis,
1091 5690 1176 5747 cui
1205 5690 1387 5761 inique
1416 5686 1709 5750 consensit,
1742 5701 1848 5742 non
1875 5685 2114 5756 potuerit

534 5790 790 5867 inﬂantia
834 5786 1173 5855 sacerdotum
1204 5799 1231 5838 a
1255 5780 1651 5839 communione
1698 5779 1971 5863 suspendi,
2005 5777 2108 5831 sal-

2188 1941 2336 1996 tione
2378 1941 2721 1997 sacerdotum
2766 1940 2909 2012 apud
2960 1938 3261 2012 principem
3313 1937 3488 1992 fuerit
3529 1937 3756 2006 impetra-

2190 2039 2324 2087 tum.
2381 2030 2516 2087 Nam
2569 2033 2612 2088 si
2667 2032 2721 2087 in
2770 2031 3174 2104 derogationem
3229 2038 3331 2084 aut
3400 2027 3753 2083 contumeliam

2188 2123 2448 2195 principis
2494 2124 2798 2195 reperiatur
2835 2123 3033 2194 aliquis
3077 2122 3336 2193 nequiter
3374 2120 3561 2192 loqui,
3593 2128 3678 2175 aut
3711 2120 3751 2173 in

2190 2199 2386 2288 necem
2423 2216 2588 2286 regis,
2618 2230 2711 2270 seu
2763 2215 3117 2286 direptionem
3169 2212 3486 2275 intendere,
3518 2210 3603 2266 vel
3648 2225 3754 2266 con-

2190 2323 2406 2378 sensum
2434 2294 2709 2381 pricbere,
2748 2322 2847 2375 nos
2888 2305 3106 2377 quidem
3133 2301 3516 2373 hujuscemodi
3570 2318 3753 2359 excom-

2190 2399 2557 2456 municatione
2602 2398 2823 2470 dignum
2878 2411 3204 2469 censemus,
3261 2405 3457 2462 utrum
3499 2402 3664 2449 tamen
3696 2393 3751 2448 sit

2190 2492 2269 2548 illi
2326 2491 2649 2564 quandoque
2701 2487 3212 2546 communicandum
3272 2487 3474 2559 pietati
3524 2485 3747 2557 principis

2190 2583 2591 2641 decernendum
2628 2580 2983 2650 relinquimus
3003 2620 3017 2644 ,
3071 2577 3227 2649 cujus
3255 2577 3643 2650 proculdubio
3671 2591 3749 2647 po-

2191 2673 2404 2745 testatis
2441 2681 2522 2729 est
2550 2669 2911 2740 subiectorum
2940 2670 3126 2741 culpas
3148 2668 3543 2725 misericordiae
3559 2666 3743 2737 iudicii-

2190 2781 2297 2838 que
2332 2764 2600 2833 sententia
2648 2773 2971 2837 temperare.
3017 2761 3411 2833 Contestamur
3447 2769 3620 2816 autem
3660 2758 3746 2814 cle-

2192 2846 2558 2930 nientissnmos
2604 2858 2914 2930 principes,
2945 2866 3007 2917 et,
3027 2870 3124 2925 per
3157 2854 3435 2911 ineffabile
3479 2850 3634 2907 divini
3667 2864 3741 2907 no-

2191 2950 2353 3008 minis
2398 2959 2799 3007 sacramentum
2860 2949 3194 3004 obtestantes
3239 2944 3571 3000 unanimiter
3619 2940 3743 2995 obse-

2191 3055 2426 3105 cramus,
2475 3054 2545 3095 ne
2591 3038 3022 3109 quandocumque
3075 3036 3283 3104 absque
3330 3035 3481 3106 justa
3527 3031 3741 3102 («hine-

2193 3145 2345 3187 cesse
2378 3127 2562 3199 fuerit)
2616 3128 2991 3200 imploratione
3036 3125 3364 3183 sacerdotali
3420 3119 3741 3181 excommuniv

2195 3220 2426 3279 cationis
2473 3218 2632 3289 hujus
2677 3218 3004 3277 sententiam
3052 3232 3083 3273 a
3133 3216 3360 3287 perfidis
3404 3212 3636 3276 clericis,
3676 3207 3741 3262 vel

2194 3311 2346 3367 laicis
2369 3310 2436 3367 ad
2464 3320 2718 3366 externas
2752 3300 2931 3380 partes
2966 3321 3025 3363 se
3053 3305 3508 3363 transferentibus
3538 3301 3611 3357 vel
3638 3314 3739 3354 con-

2194 3413 2412 3464 sensum
2443 3396 2809 3469 [trahentibus
2840 3409 3162 3467 quacunque
3202 3393 3516 3451 temeritate
3552 3401 3736 3457 suspen-

2194 3491 2344 3555 dant,
2375 3505 2501 3546 nam
2538 3490 2641 3545 hoc
2667 3489 2837 3560 magis
2860 3488 3187 3543 utilitatibus
3217 3488 3436 3543 videtur
3464 3483 3598 3539 ferre
3631 3494 3735 3552 con-

2195 3580 2390 3635 sultum
2443 3579 2487 3634 si
2543 3578 2944 3635 constitutionis
3008 3585 3206 3633 nostrae
3264 3575 3441 3631 forma
3508 3577 3731 3628 servetur.

2196 3669 2600 3727 Exsecrandum
2645 3669 2935 3725 anathema
2974 3668 3102 3732 fiat,
3153 3677 3209 3721 et
3250 3666 3405 3722 velut
3450 3659 3732 3735 praevarica-

2198 3773 2282 3821 tor
2314 3761 2593 3818 catholica:
2634 3761 2757 3817 fidei
2788 3774 3003 3830 semper
3056 3760 3123 3814 ad
3157 3759 3445 3813 Dominum
3491 3767 3604 3809 reus
3645 3748 3735 3804 exi-

2198 3864 2335 3920 stat,
2375 3854 2682 3925 quicunque
2708 3867 2893 3922 regum
2921 3850 3173 3920 deinceps
3210 3849 3436 3905 canonis
3465 3843 3608 3913 hujus
3633 3853 3730 3894 cen-

2199 3962 2379 4015 suram
2412 3946 2466 4001 in
2502 3958 2826 4018 quocunque
2855 3940 3173 4005 crediderit,
3215 3940 3302 3995 vel
3331 3933 3621 4010 permiserit
3640 3929 3731 3982 vio-

2199 4038 2443 4105 landum.
2535 4020 2549 4027 ’

2270 4130 2336 4186 ll.
2361 4126 2504 4193 Nihil
2533 4126 2961 4197 contraordinis
2989 4133 3250 4195 statutum
3297 4116 3728 4185 temeritatis,an

2199 4231 2595 4297 prmsumatur,
2635 4233 2811 4289 neque
2865 4218 2953 4276 illa
3006 4232 3127 4297 qua:
3162 4230 3375 4271 summa
3425 4205 3722 4268 veneratinne

2202 4297 2516 4381 censentur,
2547 4311 2632 4368 vel
2662 4312 2886 4381 minimo
2928 4309 3367 4387 prtesumptiouis
3395 4313 3531 4360 tactu
3558 4297 3726 4356 solvan-

2203 4413 2311 4471 tur,
2338 4420 2460 4460 cum
2501 4404 2569 4459 ad
2620 4403 2725 4463 hoc
2779 4411 2989 4457 tantum
3028 4399 3142 4454 fieri
3176 4397 3480 4469 jussasunt
3508 4405 3566 4445 ne
3592 4389 3722 4442 inter-

2205 4505 2361 4569 rupta
2382 4504 2698 4563 noscantur,
2726 4493 2812 4551 vel
2839 4492 3116 4565 languoris
3142 4498 3404 4563 proventu
3456 4484 3625 4541 robore
3660 4488 3725 4530 sa-

2204 4588 2332 4645 lutis
2352 4588 2598 4659 privetur
2618 4595 2834 4641 natura.
2854 4582 2971 4640 Non
2995 4598 3125 4653 ergo
3147 4579 3423 4654 fragilitati
3451 4574 3603 4632 solum
3623 4578 3722 4661 cun:

2203 4653 2653 4742 sntit-humanae,
2700 4675 2795 4732 sed
2844 4675 3008 4730 etiam
3047 4653 3617 4743 sacrisimysteriorum
3648 4653 3721 4707 Dei

2202 4769 2516 4842 providetur
2561 4767 2750 4824 haberi
2799 4764 3242 4823 sollicitudinem.
3285 4757 3585 4819 Censuimus
3622 4754 3720 4812 ετεο

2205 4861 2517 4926 convenire,
2543 4867 2605 4915 ut
2630 4873 2754 4915 cum
2778 4872 2809 4912 a
2836 4853 3504 4922 sacerdotibusmissarum
3530 4843 3720 4937 tempore

2207 4962 2395 5009 sancta
2426 4924 2680 5026 mvsteria
2710 4959 3121 5021 consecrantur,
3136 4947 3189 5021 si
3206 4937 3533 5021 gratitudinis
3563 4924 3719 4987 accidit

2206 5034 2507 5116 cujuslibet.
2527 5054 2773 5108 eventus,
2803 5057 2911 5112 quo
2949 5047 3183 5113 ereptum
3214 5041 3439 5117 nequeat
3485 5028 3717 5117 οοηεθετθῖ

2206 5102 2371 5193 tionis
2387 5110 2608 5208 expleri
2647 5102 2992 5210 mysterium,
3020 5103 3091 5188 sit
3117 5110 3342 5187 liberum
3385 5102 3714 5210 episcopmj‘f

2206 5230 2524 5299 presbytero
2592 5206 2769 5291 alteri,
2819 5224 3283 5283 consecrationem
3336 5211 3547 5303 exsequi

2209 5296 2393 5391 inepti.
2437 5317 2726 5382 Nonenim
2779 5316 2923 5371 aliud
2955 5315 3021 5370 ad
3070 5313 3484 5385 supplementum
3536 5296 3713 5391 initiatis

2211 5381 2485 5483 mysteriis
2506 5409 2763 5479 competit
2791 5422 2952 5478 quam
2997 5412 3089 5460 aut
3116 5381 3432 5474 incipientis,
3460 5398 3540 5448 aut

2213 5474 2431 5570 quentis
2469 5474 2734 5568 completa
2775 5474 3155 5551 benedictione
3184 5485 3482 5549 sacerdotis.
3509 5474 3612 5548 Ψ¹Ῐ³

2211 5556 2448 5662 perfecta
2496 5556 2666 5645 videri
2731 5595 2990 5659 possunt,
3042 5585 3146 5640 nisi
3200 5571 3520 5656 perfectionis
3561 5556 3703 5662 0rd“:

2214 5683 2604 5754 compleantur.
2649 5679 2783 5735 Dum
2835 5678 2979 5734 enim
3035 5691 3220 5732 sumus
3269 5681 3443 5730 omnes
3474 5654 3702 5754 Αυηηωμιῗξ

2213 5731 2472 5839 Chrirsto,
2532 5772 2661 5827 nihil
2724 5771 3052 5829 contrarium
3101 5731 3706 5823 diversitas‘foi‘ma‘u."b’~
