3910 6440
83 327 176 382 497

1269 338 1756 401 βεεῐιετΑιιυΜ
1797 343 2194 404 COLLECTIO.

3235 359 3338 416 £93

83 439 360 496 efﬁcaciam
416 443 788 513 prosperitatis
835 447 1010 502 unitas
1059 448 1181 505 fidei
1236 461 1589 520 repmsentat
1615 492 1632 517 ,
1662 457 1711 516 Α
1740 454 2029 521 ditionum,
2059 458 2110 513 in
2141 468 2340 514 tantam
2369 463 2732 534 conspicimus
2759 467 3028 524 corruisse
3055 470 3347 542 desidiam,

81 532 208 599 quod
231 531 392 586 etiam
417 534 721 589 consultum
761 539 939 592 cuncti
984 541 1191 596 ordinis
1227 542 1411 598 clerici
1449 544 1642 599 indivi-

81 626 226 678 duum
271 639 394 681 esse
423 627 526 682 sibi
556 643 662 683 non
705 630 1000 702 ambigant,
1043 635 1136 689 sed
1170 635 1252 707 (ut
1301 637 1642 706 prtemissum

80 715 183 775 est)
218 716 648 784 praecedentibus
695 717 930 777 libenter
968 723 1057 778 alii
1103 740 1200 796 pro
1249 726 1644 796 complemento

79 807 366 889 succedant,
398 822 502 864 nec
531 818 706 865 tamen
738 813 880 882 quod
923 824 1115 870 natura
1162 816 1435 889 languoris
1478 834 1642 874 causa

77 880 358 951 consulitur
401 899 458 952 in
509 903 944 971 prmsumptionis
992 907 1233 974 pernicie
1272 918 1640 964 convertatur.

79 991 243 1046 Nullus
286 1000 411 1060 post
467 993 646 1048 cibum
697 1004 994 1066 potumque
1023 999 1321 1066 quemlibet
1359 1001 1640 1056 minimum

78 1092 323 1152 sumptum
358 1083 559 1140 missas
597 1084 798 1150 facere,
834 1087 1011 1143 nullus
1054 1090 1259 1160 absque
1289 1092 1493 1162 patenti
1520 1107 1644 1162 pro-

77 1181 214 1227 ventu
250 1172 513 1228 molestiae
538 1175 786 1231 minister
809 1177 892 1232 vel
922 1181 1174 1235 sacerdos
1198 1220 1214 1245 ,
1253 1197 1374 1236 cum
1413 1183 1643 1253 cmperit

79 1263 369 1332 imperfecta
397 1262 602 1329 officia,
632 1279 925 1336 praesumat
960 1273 1180 1326 omnino
1228 1273 1553 1343 relinquere.
1585 1273 1643 1329 Si

80 1356 179 1425 quis
194 1356 304 1410 haec
323 1365 598 1412 temerare
619 1362 1046 1431 praesumpserit,
1071 1364 1645 1426 excommunicationis

81 1446 378 1503 sententiam
421 1447 736 1503 sustinebit.

135 1558 209 1612 Ill.
240 1558 313 1612 Ea
344 1573 471 1627 qua:
510 1567 825 1630 competunt
866 1563 1138 1622 honestati
1189 1563 1450 1636 contingit
1501 1578 1644 1634 saepe

79 1647 403 1718 quorumdam
457 1648 664 1704 desidia
694 1665 800 1704 non
833 1650 1066 1720 impleri.
1115 1651 1350 1716 Proinde
1375 1652 1502 1724 quia
1546 1668 1644 1707 no-

82 1749 170 1792 tum
205 1747 283 1793 est
308 1755 430 1808 qum
463 1739 699 1810 dignitas
729 1741 782 1795 in
805 1744 1076 1813 exsequiis
1096 1745 1376 1800 morientis
1405 1745 1638 1815 episcopi

1747 554 1806 598 ut
1832 561 2018 601 eorum
2055 553 2388 606 exsecranda
2415 569 2512 608 usu
2546 571 2683 625 pene
2713 557 2877 610 oblita
2909 569 3191 628 patescant
3220 578 3347 633 qua:

1746 641 2073 696 exstiterunt
2124 643 2361 714 legitime
2401 650 2718 704 constituta.
2766 651 2902 706 Dum
2948 655 3092 708 enim
3136 655 3338 713 indocti

1745 729 1940 787 docere
1986 744 2266 804 appetunt,
2297 738 2422 806 quid
2466 739 2609 793 aliud
2649 757 2808 810 quam
2852 744 2978 814 quia
3027 746 3347 817 ignorantia)

1745 837 1929 878 errore
1964 837 2248 893 vexentur,
2287 832 2615 888 ostendunt?
2661 834 2726 889 Et
2765 836 2889 905 quia
2918 853 3104 908 gressu
3135 855 3341 912 [πωρον

1746 924 1892 971 stero
1941 918 2256 983 innitentes,
2303 925 2776 993 prmsumptionem
2813 929 3074 986 doctrinm
3111 931 3347 989 docendi

1746 1010 1925 1064 studio
1948 1020 2299 1080 anteponunt,
2318 1023 2466 1082 patet
2487 1016 2626 1085 quod
2651 1034 2755 1072 non
2779 1035 3001 1076 summa:
3023 1022 3346 1081 humilitatis

1745 1101 1972 1171 gratiam
2015 1111 2236 1171 petunt,
2273 1105 2366 1158 sed
2412 1108 2679 1160 exactioni
2723 1109 3121 1178 depravationis
3165 1115 3341 1169 inser-

1747 1194 1919 1248 viunt.
1953 1193 2028 1248 Ex
2065 1195 2166 1249 hoc
2203 1210 2332 1266 ergo
2362 1198 2506 1267 juste
2545 1201 3020 1264 severitatis,talia
3050 1204 3347 1260 decernen-

1746 1294 1850 1351 tes,
1887 1296 2190 1356 opportuno
2227 1300 2508 1359 amputare
2532 1291 2740 1360 judicio
2778 1294 3052 1350 innuimus
3086 1313 3178 1351 eos
3207 1315 3344 1368 quos

1746 1377 1800 1432 in
1826 1378 2034 1432 cellulis
2056 1380 2292 1450 prepriis
2318 1382 2526 1436 reclusa
2559 1395 2761 1438 sancta:
2785 1385 2906 1439 vitae
2927 1387 3149 1441 ambitio
3177 1397 3341 1451 tenet,

1745 1482 1990 1537 quosque
2041 1466 2280 1537 ejusdem
2317 1471 2490 1525 sancti
2526 1475 2783 1543 propositi
2821 1484 2874 1528 et
2911 1477 3100 1530 merita
3128 1475 3342 1545 juvant,

1744 1565 1800 1610 et
1847 1557 2089 1626 probitas
2120 1567 2296 1623 ornat,
2329 1560 2452 1628 quia
2501 1561 2598 1616 bos
2640 1562 2735 1617 Dei
2785 1564 3006 1627 auxilio,
3055 1575 3109 1620 et
3158 1576 3346 1620 nostro

1744 1645 1930 1703 favore
1963 1657 2110 1704 tutos
2132 1664 2252 1706 esse
2279 1661 2515 1719 constat,
2545 1653 2662 1707 illos
2690 1670 2818 1709 vero
2845 1671 2981 1725 quos
3012 1657 3063 1711 in
3093 1657 3182 1711 tali
3213 1672 3342 1727 pro-

1744 1738 1921 1809 posito
1943 1738 2154 1808 ignavia
2180 1739 2411 1810 impulit,
2441 1758 2544 1797 non
2575 1744 2872 1813 prudentiae
2902 1747 3140 1816 cognitio
3169 1748 3343 1816 depu-

82 1845 132 1890 ει
156 1831 444 1886 canonibus
490 1843 844 1888 conservetur
874 1835 1163 1891 traditione
1198 1837 1366 1892 moris
1407 1836 1638 1906 antiqui,
1673 1829 1714 1886 Β
1746 1831 1900 1897 tavit,
1945 1845 2188 1900 quosque
2227 1833 2372 1886 nulla
2403 1834 2526 1888 vita:
2562 1835 2800 1905 dignitas
2837 1846 3020 1902 ornat,
3053 1838 3144 1892 sed
3177 1837 3348 1908 (quod.

83 1921 161 1975 hoc
182 1930 378 1992 tantum
403 1920 711 1990 adjicimus,
743 1933 800 1977 ut
845 1925 888 1980 si
919 1925 1041 1996 quis
1071 1928 1416 1982 sacerdotum
1443 1941 1636 1989 secun-

83 2013 180 2065 dum
215 2021 413 2069 statuta
456 1997 676 2070 concilii
711 2017 980 2072 Valentini
1035 2019 1103 2074 ad
1150 2019 1422 2075 bumanda
1475 2019 1636 2075 dece-

83 2103 226 2158 dentis
261 2106 506 2176 episcopi
549 2109 790 2163 membra
838 2111 1024 2165 venire
1072 2111 1434 2166 commonitus
1483 2111 1636 2183 pigra

84 2195 317 2260 voluntate
366 2199 670 2268 distulerit,
703 2202 1102 2272 appellantibus
1139 2205 1352 2260 clericis
1387 2204 1638 2259 obeuntis

85 2288 280 2366 episcopi
321 2291 464 2360 apud
503 2293 790 2366 synodum,
822 2294 936 2350 sive
971 2297 1112 2367 apud
1162 2296 1637 2367 metropolitanum

84 2378 380 2459 episcopum,
411 2391 666 2453 tempore
710 2385 836 2442 anui
889 2387 1048 2441 unius
1093 2402 1196 2442 non
1232 2388 1462 2447 faciendi
1510 2390 1642 2444 mis-

86 2482 309 2533 sam,nec
354 2473 797 2530 communicandi
839 2475 1036 2532 habeat
1065 2479 1290 2538 omnino
1339 2478 1634 2535 licentiam.

85 2558 353 2633 Presbyteri
386 2572 577 2618 autem
624 2565 738 2620 sive
764 2566 948 2621 caeteri
977 2566 1183 2630 clerici.
1225 2568 1425 2639 quibus
1466 2569 1637 2640 major

87 2652 270 2708 honoris
305 2652 460 2710 locus
504 2655 645 2725 apud
676 2658 921 2712 eamdem
952 2657 1238 2712 ecclesiam
1283 2658 1446 2714 fuerit
1487 2657 1639 2728 cujus

87 2744 299 2800 sacerdos
329 2747 536 2802 obierit
560 2786 574 2811 ,
623 2747 716 2802 sed
744 2748 892 2802 omni
940 2747 1304 2803 sollicitudine
1336 2765 1436 2820 pro
1481 2765 1642 2806 exse-

88 2834 198 2902 quiis
241 2835 467 2904 antjam
507 2838 726 2902 mortui,
773 2848 866 2893 aut
898 2841 1154 2894 continuo
1183 2841 1440 2896 antistitis
1473 2841 1642 2897 mori-

89 2928 166 2980 turi
209 2929 266 2982 ad
304 2931 761 2985 commonendum
809 2931 946 2986 tardi
999 2933 1364 3000 inveniantur,
1407 2943 1500 2989 aut
1542 2950 1640 3004 per

89 3031 418 3100 quamcunque
445 3020 754 3083 molestiam
787 3023 952 3076 animi
986 3023 1038 3078 id
1078 3023 1349 3094 negligere
1388 3039 1638 3094 compro-

89 3119 263 3174 neutur,
302 3113 478 3172 totius
524 3113 650 3168 anui
682 3113 856 3183 spatio
909 3114 974 3168 ad
1018 3114 1395 3184 pmnitentiatn
1427 3114 1480 3169 in
1527 3131 1640 3170 mo-

89 3201 300 3256 nasteriis
330 3200 691 3272 deputentur.

141 3315 271 3386 121
312 3317 396 3371 IV.
429 3317 586 3372 Inter
604 3327 797 3374 caetera
821 3318 1053 3390 denique
1077 3336 1197 3391 qum
1218 3321 1490 3377 communi
1513 3336 1646 3378 con-

89 3417 212 3459 sensu
247 3423 340 3462 nos
371 3407 632 3463 conferre
668 3419 1043 3480 competenter
1067 3413 1329 3482 oportuit,
1361 3412 1648 3481 quaerimo-

89 3496 180 3551 nias
224 3500 378 3555 etiam
425 3503 887 3572 parochianorqu
938 3506 1376 3576 presbyterorum
1418 3505 1647 3562 Gallitite

89 3588 332 3655 provincia:
350 3591 712 3649 solertissime
733 3594 1045 3652 discernere
1067 3599 1266 3663 decuit,
1296 3613 1432 3668 quas
1457 3608 1645 3653 contra

89 3679 353 3742 pontiﬁcum
384 3697 616 3738 suorum
642 3687 968 3754 rapacitates
993 3689 1292 3746 necessitas
1322 3689 1404 3762 (ut
1425 3706 1636 3762 compe-

91 3767 241 3841 rimus)
265 3773 483 3828 tandem
512 3775 768 3844 compulit
791 3777 842 3830 in
867 3777 1137 3847 publicum
1157 3794 1384 3835 examen
1410 3780 1640 3846 deferri;

92 3857 157 3928 Iri:
187 3861 316 3924 enim
354 3862 645 3935 pontiﬁces
678 3863 762 3935 (ut
798 3866 1020 3922 evidens
1055 3867 1330 3938 inquisitio
1367 3870 1644 3942 patefecit)

93 3947 341 4014 indiscrete
388 3958 763 4024 moderamine
808 3960 1168 4028 parochianas
1203 3962 1461 4021 ecclesias
1506 3978 1646 4033 pra:-

94 4055 356 4114 gravantcs,
387 4049 516 4108 dum
546 4049 598 4104 in
627 4049 1004 4112 exactionibus
1037 4052 1290 4122 superilui
1337 4052 1647 4122 frequenter

94 4131 313 4200 existunt.
331 4153 468 4208 pene
495 4154 666 4210 usque
693 4141 760 4194 ad
779 4141 1119 4200 exactionem
1146 4151 1404 4201 extrema:
1431 4142 1645 4196 virtutis

95 4225 311 4294 quasdam
354 4229 611 4290 basilicas
661 4232 978 4300 perduxisse
1025 4233 1341 4303 probantur.
1392 4232 1469 4287 Ne
1514 4248 1646 4301 ergo

98 4311 168 4382 fiat
185 4317 241 4371 de
260 4332 452 4378 caetero
478 4324 624 4393 quod
651 4334 865 4386 constat
887 4325 1150 4387 hactenus
1176 4325 1480 4382 inordinate
1509 4339 1642 4394 pra:-

97 4416 294 4477 ⁵¹¹¹¹¹Ριυς
319 4428 421 4467 non
448 4414 680 4483 amplius
701 4430 861 4484 quam
889 4417 1021 4471 duos
1050 4415 1248 4473 solidos
1271 4418 1645 4487 unusquisque

1739 1934 1821 1980 est
1847 1924 2108 1996 deterius)
2139 1934 2191 1979 et
2213 1925 2520 1996 ignorantia
2556 1927 2742 1995 fmdat,
2771 1939 2824 1983 et
2855 1947 3063 1985 morum
3087 1947 3346 1986 exsccra-.

1739 2016 1816 2070 tio
1847 2016 2057 2081 turbat,
2105 2017 2446 2073 decernimus
2487 2019 2554 2074 ab
2596 2021 2680 2074 his
2723 2022 2883 2092 abjici
2929 2023 3137 2078 cellulis
3173 2034 3340 2095 atque

1737 2106 1872 2162 locis
1914 2107 1969 2162 in
2000 2108 2198 2178 quibus
2232 2118 2325 2163 aut
2364 2109 2614 2166 feruntur
2657 2113 2800 2183 vagi,
2845 2124 2938 2168 aut
2975 2123 3226 2170 tenentur
3253 2117 3339 2170 in-

1739 2198 1894 2264 clusi,
1926 2209 2087 2269 atque
2113 2201 2180 2254 ab
2205 2201 2471 2271 episcopis
2498 2202 2611 2258 sive
2639 2205 2945 2260 rectoribus
2983 2206 3342 2261 monasterio-

1738 2305 1859 2344 rum
1886 2305 1952 2344 ex
1981 2305 2210 2360 quorum
2261 2293 2679 2362 congregatione
2709 2294 2950 2360 fuerunt,
2991 2295 3073 2350 vel
3124 2297 3177 2350 in
3209 2311 3342 2366 quo_

1741 2397 1859 2435 rum
1891 2381 2169 2436 vicinitate
2198 2382 2524 2449 consistunt,
2559 2384 2612 2438 in
2643 2386 2992 2440 monasteriis
3030 2388 3342 2442 omnimodo

1739 2476 2086 2544 deputentur,
2141 2484 2198 2528 ut
2245 2473 2354 2530 illic
2395 2475 2566 2530 sancti
2616 2477 2826 2532 ordinis
2869 2478 3194 2534 meditantes
3237 2477 3335 2534 do-

1739 2564 1945 2619 ctrinas
1983 2563 2217 2634 primum
2249 2563 2456 2634 possint
2481 2565 2693 2621 discere
2721 2581 2841 2636 qua:
2867 2567 2993 2620 sunt
3032 2583 3061 2620 a
3089 2567 3350 2622 Patribus

1740 2656 2020 2720 instituta,
2053 2665 2112 2709 ut
2150 2665 2336 2725 postea
2362 2656 2578 2712 valeant
2614 2659 2809 2716 docere
2833 2675 2953 2730 qua:
2983 2668 3110 2714 sunt
3151 2670 3348 2720 sancta

1740 2748 2095 2804 meditatione
2117 2758 2395 2819 percepta,
2415 2757 2581 2818 atque
2613 2758 2741 2804 tunc
2765 2752 2981 2809 demum
3006 2751 3049 2805 si
3081 2751 3344 2807 doctrinas

1740 2850 1795 2893 et
1827 2839 1999 2894 sancti
2035 2839 2215 2908 operis
2247 2838 2423 2894 fructu
2459 2841 2767 2898 exstiterint
2793 2841 3063 2898 fecundati
3095 2844 3162 2897 ad
3197 2859 3344 2898 sum-

1741 2943 1885 2982 mam
1913 2928 2133 2983 virtutis
2162 2939 2454 3000 properent
2483 2931 2745 2986 exercitio
2779 2942 2982 2987 sanctae
3027 2933 3348 2988 intentionis

1741 3018 1953 3074 imbuti.
1982 3017 2248 3091 Deinceps
2279 3029 2458 3076 autem
2500 3022 2807 3093 quicunque
2846 3025 2914 3080 ad
2952 3025 3055 3080 hoc
3095 3034 3344 3080 sanctum

1741 3110 2078 3180 propositum
2113 3113 2301 3166 venire
2327 3111 2722 3182 disposuerint,
2762 3129 2869 3169 non
2909 3115 3070 3170 aliter
3109 3115 3214 3170 illis
3245 3114 3346 3170 ite-

1669 3183 1716 3246 (ἶ
1755 3221 1874 3258 rum
1905 3203 2122 3258 dabitur
2161 3205 2407 3274 assequi,
2453 3221 2553 3260 nec
2596 3206 2698 3260 hoc
2733 3215 2890 3262 antea
2937 3217 3194 3276 poterunt
3230 3207 3347 3262 adi-

1750 3293 1906 3362 pisci,
1954 3292 2080 3358 nisi,
2131 3293 2283 3363 prius
2326 3293 2379 3347 in
2432 3294 2776 3349 monasteriis
2829 3295 3094 3361 instituti,
3157 3306 3212 3351 et
3258 3309 3344 3350 se»

1749 3385 1982 3440 cundum
2015 3392 2230 3444 sanctas
2258 3382 2708 3437 monasteriorum
2743 3383 2955 3454 regulas
2985 3383 3196 3452 plenius
3223 3399 3351 3438 erus

1748 3477 1864 3539 diti,
1897 3486 1952 3538 et
1981 3475 2296 3546 dignitatem
2331 3473 2570 3535 honestze
2598 3473 2741 3537 vitae,
2769 3483 2824 3529 et
2866 3474 3112 3528 notitiam
3156 3483 3346 3545 pelue.

1747 3568 1856 3631 rint
1903 3574 2103 3621 sancta:
2147 3564 2442 3635 promereri
2493 3563 2771 3618 doctrinm.
2810 3564 2934 3618 Illos
2983 3574 3162 3618 autem
3208 3579 3345 3634 quos

1749 3670 1954 3722 tantum
1983 3667 2226 3716 extrema
2253 3656 2473 3712 vesania
2500 3657 2798 3730 occuparit,
2828 3666 2887 3710 ut
2927 3656 2980 3714 in
3011 3657 3175 3711 certis
3212 3657 3345 3712 locis

1747 3750 1889 3822 vagi,
1939 3765 2003 3812 ac
2047 3764 2259 3810 morum
2305 3747 2782 3818 depravationibus
2831 3747 3127 3813 inhonesti,
3178 3747 3348 3805 ullam

1747 3859 2002 3914 prorsus,
2057 3857 2157 3896 nec
2209 3839 2558 3902 stabilitatem
2611 3839 2792 3904 sedis,
2852 3854 2952 3894 nec
3005 3838 3344 3892 honestatem

1747 3934 1944 3991 mentis
1973 3935 2174 3991 habere
2205 3932 2516 3992 exstiterint
2549 3930 2773 4002 cogniti,
2815 3931 3124 4000 quicunque
3161 3943 3224 3982 ex
3260 3933 3346 3982 sa;

1746 4027 2056 4088 cerdotibus
2085 4024 2165 4080 vel
2192 4022 2458 4079 ministris
2485 4031 2747 4094 vagantes
2777 4021 3110 4091 repererint,
3159 4028 3254 4072 aut
3294 4018 3344 4072 si

1745 4119 1947 4176 fuerint
1970 4132 2161 4188 prope,
2194 4115 2566 4170 coenobiorum
2599 4113 2851 4167 Pati-ibus
2881 4111 3232 4182 corrigendos
3257 4124 3351 4164 as-,

1746 4213 1981 4283 signent,
2011 4219 2104 4263 aut
2131 4209 2173 4264 si
2203 4207 2416 4266 dillicilc
2448 4216 2531 4262 est
2561 4222 2659 4276 pro
2685 4205 2798 4262 sola
2837 4207 3122 4260 honestate
3145 4202 3353 4271 vigoris.

1745 4319 1856 4357 suae
1887 4301 2140 4372 potestati
2169 4299 2497 4356 erudiendos
2523 4298 2804 4356 inclinent.

1823 4436 1908 4490 γι.
1947 4437 2005 4491 1d
2036 4437 2204 4491 etiam
2243 4435 2467 4504 placuit,
2519 4441 2578 4487 ut
2617 4447 2714 4501 pro
2748 4432 3044 4488 reverentia
3087 4428 3354 4502 principis.

95 4498 423 4574 episcoporum
471 4507 696 4576 privat-.e
741 4508 1028 4577 provinciae
1081 4524 1177 4578 per
1221 4508 1460 4579 singulas
1506 4507 1641 4562 dim-

1751 4545 1817 4584 ac
1864 4528 2026 4599 regiae
2074 4527 2219 4581 sedis
2270 4526 2495 4590 honore,
2541 4523 2624 4578 vel
2667 4522 3066 4591 metropolitani
3111 4519 3346 4574 civitatis

97 4603 236 4659 ceses,
270 4596 347 4651 vel
375 4597 619 4667 singulas
645 4596 908 4654 ecclesias
927 4599 1080 4668 juxta
1115 4600 1380 4671 synodum
1411 4600 1645 4655 Bracca-

100 4698 272 4741 censent
295 4677 478 4745 annua
513 4691 749 4747 illatione
775 4693 874 4755 sibi
902 4703 1177 4765 exspectet
1215 4694 1426 4760 inferri,
1465 4710 1654 4750 mona-

101 4779 344 4838 steriorum
386 4793 568 4840 tamen
606 4785 942 4844 basilicisab
982 4787 1083 4841 hac
1126 4787 1412 4842 solutionis
1451 4803 1651 4858 expen-

101 4867 220 4924 sione
242 4875 511 4944 sejunctis.
535 4875 668 4934 Cum
692 4892 820 4932 vero
845 4879 1129 4948 episcopus
1153 4879 1442 4935 diceeesem
1470 4880 1654 4934 visitat

103 4959 203 5013 nulli
228 4977 331 5032 pra:
373 4967 718 5030 multitudine
742 4983 1003 5025 onerosus
1027 4970 1243 5032 existat,
1271 4985 1372 5026 nec
1410 4986 1648 5041 unquam

104 5051 364 5114 quinarium
397 5074 678 5115 numerum
708 5060 1001 5116 evectionis
1031 5062 1280 5124 excedat,
1307 5071 1402 5117 aut
1423 5062 1652 5133 amplius

103 5151 233 5205 quam
270 5162 367 5201 una
406 5149 492 5203 die
538 5165 636 5219 per
664 5166 1099 5223 unamquamque
1145 5153 1424 5212 basilicam
1471 5170 1650 5209 remo-

107 5234 229 5286 randi
268 5235 530 5299 licentiam
578 5241 793 5296 habeat.
827 5241 1143 5312 Quicunque
1171 5257 1299 5300 vero
1337 5244 1648 5313 pontilicum

107 5329 374 5383 corumdem
418 5332 575 5386 aliter
615 5349 776 5403 quam
817 5335 1160 5390 decernimus
1202 5339 1468 5406 agendum
1509 5352 1648 5406 pra:-

109 5419 378 5486 SlllltpSCl‘ll,
409 5423 732 5493 correptioui
760 5424 948 5494 procul
983 5425 1146 5481 dubio
1175 5441 1441 5481 canonum
1471 5424 1654 5494 subju-

109 5501 252 5571 cebit,
296 5519 538 5582 tanquam
590 5515 1036 5572 constitutionum
1088 5517 1426 5587 synodalium
1479 5525 1653 5572 trans-

111 5603 310 5665 gressor,
336 5613 382 5656 et
407 5605 702 5674 priscorum
730 5605 950 5662 Patrum
973 5609 1133 5665 edicti
1164 5618 1470 5680 corruptor.

172 5701 222 5765 VI.
259 5707 515 5788 Quosdam
547 5717 898 5790 Paternarum
947 5718 1166 5790 ignaros
1192 5719 1273 5775 vel
1311 5719 1506 5784 oblitos
1540 5729 1650 5774 tra-

1753 4623 1942 4692 ipsius,
1975 4629 2029 4676 et
2060 4618 2428 4674 consolatione
2455 4615 2722 4671 convicini
2757 4614 3032 4669 Toletana:
3057 4611 3206 4666 urbis
3234 4609 3343 4679 epi-

1752 4713 1921 4783 scopi,
1971 4712 2061 4782 qui
2113 4710 2354 4781 ejusdem
2402 4707 2674 4778 pontificis
2722 4705 3144 4762 admonitionem
3193 4715 3344 4756 acccc

1750 4805 1954 4875 perint,
1992 4801 2219 4874 singulis
2248 4815 2344 4870 per
2380 4815 2577 4854 annum
2611 4798 2887 4853 mensibus
2915 4797 2967 4850 in
3002 4795 3188 4849 eadem
3215 4793 3353 4847 urbe

1753 4874 1986 4948 debeant
2013 4874 2362 4955 commorari,
2391 4889 2640 4944 messivis
2668 4903 2733 4941 ac
2755 4883 3172 4940 viudemialibus
3199 4882 3346 4935 feriis

1756 4986 2036 5041 relaxatis.
2089 4982 2198 5038 Nos
2245 4991 2422 5037 autem
2478 4978 2768 5036 immortali
2822 4978 2954 5040 Deo,
3009 4984 3062 5029 et
3111 4973 3348 5045 glorioso

1755 5077 2123 5134 Cindasiundo
2149 5075 2402 5146 principi,
2429 5074 2498 5128 ob
2525 5074 2677 5144 cujus
2706 5081 2888 5125 votum
2917 5071 2971 5124 in
2999 5069 3137 5124 hanc
3161 5067 3348 5124 urbem

1755 5179 1944 5224 sancta
1994 5168 2279 5223 devotione
2325 5164 2713 5226 convenimus,
2765 5161 2966 5230 gratias
3023 5161 3347 5214 unanimiter

1755 5260 2068 5321 offerentes,
2118 5256 2338 5328 optabili
2387 5255 2580 5309 annisu
2625 5252 2988 5321 deposcimus,
3039 5260 3100 5304 ut
3150 5261 3350 5304 sanctzr

1759 5351 2016 5406 Ecclesiae
2047 5349 2329 5404 catholicae
2359 5345 2480 5400 ﬁdei
2521 5359 2736 5412 semper
2764 5358 2827 5397 ac
2857 5343 3010 5413 pacis
3045 5342 3348 5398 cumuletur

1760 5444 1984 5497 alfectns
2010 5453 2058 5497 et
2092 5447 2392 5495 memorato
2418 5437 2644 5507 principi
2671 5451 2795 5490 cum
2824 5435 3188 5505 prosperitate
3216 5447 3346 5502 prm-

1757 5535 1928 5590 sentis
1956 5534 2101 5603 regni
2152 5531 2317 5586 futttri
2347 5531 2510 5585 etiam
2554 5527 2854 5598 largiantur
2883 5527 3100 5597 praemia
3145 5523 3347 5592 gaudii,

1760 5629 1875 5696 ipso
1917 5633 2210 5696 praestante
2254 5622 2344 5692 qui
2391 5621 2447 5676 in
2479 5621 2743 5675 Trinitate
2786 5633 2924 5672 unus
2967 5618 3108 5671 Deus
3136 5615 3265 5668 vivit
3294 5622 3343 5665 et

1759 5719 2020 5790 gloriatur
2057 5717 2106 5772 iu
2138 5714 2328 5778 srecula
2374 5710 2712 5771 szerulorum.
2747 5707 3038 5773 [lotontius
3067 5706 3118 5759 in
3144 5701 3363 5770 Christi,
