3910 6452
603 393 711 448 499
1425 391 1718 448 ΑΡΡΕΝῙ).
1762 389 1851 443 ΑΙ)
1882 388 2050 444 SEC.
2085 387 2147 440 IX

2280 418 2290 426 -
2330 386 2578 442 lSlDORl
2615 387 2847 444 MBRCA
2857 387 3060 444 'l’ORlS
3752 398 3824 454 500

602 510 820 566 nomine
849 518 1050 567 sancta:
1076 507 1432 566 Emeritensis
1457 506 1712 562 Ecclesiae
1755 500 2197 570 melropolitanus
2228 509 2270 567 Α
2301 498 2421 554 liter
2445 510 2499 552 et
2522 499 2609 552 alii
2635 500 2866 569 episcopi
2911 498 3374 572 subscripserunt,
3399 506 3825 578 nttmero,_triginu

600 601 903 674 episcopus,
935 603 1050 660 haec
1079 603 1372 660 constituta
1403 600 1661 657 deﬁniens
1681 595 1995 666 subscripsi.
2031 594 2194 648 Simi-
2297 601 2440 647 octo.

611 693 3795 726 JWW

1391 774 1738 835 INCIPIUNT
1777 771 2118 832 CAPITULA
2161 767 2450 825 CONCILII
2490 765 2742 823 OCTAVI
2774 766 3140 823 TOLETANI.

671 894 938 950 Allocutio
967 891 1351 950 Reccesiunthi
1381 892 1525 963 regis
1552 889 1621 946 ad
1648 888 1931 962 synodum.
2369 878 2421 932 6.
2466 877 2540 932 De
2579 878 2664 933 his
2693 878 2783 948 qui
2819 887 2940 948 post
2976 887 3252 949 assumpta
3287 866 3752 937 ecclesiasticarum
3775 885 3829 938 di-

675 984 748 1039 De
776 984 1055 1039 catholica:
1081 983 1202 1039 ﬁdei
1226 981 1576 1054 plenitudine.
2299 973 2562 1044 gnitatum
2591 970 2786 1038 ofﬁcia,
2814 971 2881 1026 ad
2909 969 3154 1043 conjugia
3182 973 3432 1027 redeunt.

674 1077 725 1130 ί,
769 1075 844 1130 ne
875 1075 1091 1131 ίηοειιηο
1113 1074 1440 1145 iuramento,
2371 1062 2422 1114 7.
2463 1062 2540 1115 De
2579 1076 2684 1114 non
2718 1061 3032 1116 ordinandis
3062 1061 3144 1115 his
3171 1060 3262 1131 qui
3291 1059 3624 1130 psalmorum
3649 1063 3830 1120 cantico-

670 1169 726 1222 2.
771 1170 844 1224 De
877 1169 962 1223 his
989 1169 1079 1238 qui
1115 1173 1495 1224 sacrosanctos
1524 1164 1743 1221 ordines
1771 1162 2080 1218 muneribus
2107 1176 2196 1217 as-
2307 1168 2447 1215 Tum.
2477 1167 2571 1227 SOU
2602 1152 2947 1224 hymnorum.
2975 1152 3125 1223 gnari
3157 1159 3304 1206 ειιηιο

601 1273 922 1326 sequnntur,
953 1267 1009 1313 et
1035 1257 1332 1313 fautoribus
1359 1271 1568 1312 eorum.
1959 1249 1974 1260 “

2371 1243 2424 1295 8.
2468 1241 2543 1296 De
2589 1242 2674 1297 his
2712 1242 2800 1312 qui
2850 1250 3110 1312 praetextu
3163 1241 3528 1298 incommoda:
3564 1244 3829 1315 aegritudinis

673 1352 727 1407 5.
769 1352 844 1406 De
876 1349 1334 1406 incontinenlibus
1361 1347 1648 1419 episcopis.

2301 1329 2739 1400 Quadragesima:
2761 1329 3023 1400 jejunium
3049 1331 3282 1386 solvunt.

675 1443 730 1497 4.
773 1443 850 1498 De
885 1442 1342 1498 incontinentibus
1376 1436 1740 1510 presbyteris,
1772 1450 1834 1490 ac
1863 1433 2197 1497 diacouibus,
2374 1420 2425 1474 9-
2469 1421 2546 1475 De
2571 1422 2657 1476 his
2681 1422 2772 1492 qui
2798 1431 2890 1476 aut
2913 1437 3010 1493 per
3035 1423 3420 1480 auctoritatem
3445 1432 3536 1478 aut
3560 1437 3650 1494 per
3671 1423 3753 1479 vim
3774 1441 3830 1480 0f-

605 1542 660 1588 cl
688 1533 904 1588 feminis
930 1549 1048 1603 quae
1079 1531 1274 1588 talibus
1303 1532 1721 1601 conjunguntur.
2303 1510 2472 1565 δίηίηί
2504 1519 2649 1564 sunt.

681 1624 736 1679 5.
779 1625 852 1680 De
881 1623 1339 1682 incominemibus
1365 1619 1700 1676 diaconibus,
2377 1604 2464 1659 10.
2507 1603 2583 1659 De
2609 1605 3021 1661 conﬁrmatione
3050 1605 3450 1663 universalium
3475 1606 3787 1664 decretorum.

2378 1698 2466 1754 11.
2511 1698 2586 1754 De
2611 1699 2832 1755 Iudaeis.

1997 1787 2478 1812 ψ...-

903 1918 1368 2008 INCIPIT
1437 1912 2110 2007 CONCILIUM
2185 1909 2932 2004 TOLETANUM
3007 1907 3620 2002 OCTAVUM.

1568 2083 1896 2142 Celebratum
1921 2102 2028 2141 tera
2060 2099 2208 2150 acu,
2236 2092 2380 2138 sexto
2410 2079 2678 2136 Kalendas
2697 2079 2950 2135 Januarii

685 2227 842 2280 Anno
865 2225 1053 2295 quinto
1081 2222 1368 2280 orthodoxi
1397 2232 1556 2292 atque
1581 2221 1823 2293 gloriosi,
1857 2230 1912 2277 et
1939 2237 2066 2277 vera
2094 2221 2203 2277 cle-
2310 2226 2563 2282 anhetum
2603 2235 2792 2298 pectus
2821 2240 2881 2282 se
2909 2225 2964 2281 in
2996 2224 3420 2297 promissionum
3452 2223 3668 2294 compita
3689 2221 3825 2278 didun-

617 2317 832 2372 mentiae
861 2316 1120 2387 dignitate
1162 2315 1416 2386 praecipui
1461 2314 1842 2370 Reccesiunthi
1877 2315 2044 2384 regis,
2081 2328 2201 2367 cum
2236 2335 2280 2394 Β
2309 2316 2406 2382 dit,
2433 2331 2502 2371 ne
2521 2315 2753 2386 pigritiae
2779 2314 2981 2370 fessum
3013 2314 3402 2370 retardationis
3424 2312 3665 2368 oneribus
3687 2315 3825 2367 sesub-

617 2426 805 2465 omnes
829 2425 926 2464 nos
952 2409 1146 2464 divina
1169 2408 1440 2462 ordinatio
1464 2406 1756 2462 voluntatis
1785 2405 2024 2475 ejusdem
2059 2403 2208 2476 prin-
2310 2407 2517 2471 mittat,
2562 2406 2774 2478 longam
2803 2406 3237 2476 prosecutionem
3271 2403 3594 2474 compendio
3621 2401 3824 2456 brevitatis

618 2500 755 2570 cipis
792 2500 1144 2555 serenissima
1181 2498 1335 2569 jussu
1380 2499 1432 2554 in
1478 2499 1703 2554 basilica
1741 2506 2052 2554 sanctorum
2081 2512 2210 2567 apo-
2309 2499 2560 2561 astrinxi,
2591 2506 2648 2554 et
2675 2497 2817 2569 quod
2848 2497 3297 2569 productionibus
3326 2495 3649 2566 loquelarum
3679 2495 3721 2548 in
3743 2509 3824 2548 con-

616 2591 879 2646 stolorum
934 2592 1001 2646 ad
1059 2603 1273 2645 sacrum
1329 2589 1520 2660 synodi
1581 2587 1844 2660 coegisset
1893 2585 2209 2658 congregari
2309 2592 2466 2646 cione
2487 2590 2790 2646 diﬂ'undere
2811 2589 2984 2659 potui,
3009 2597 3179 2643 totum
3206 2587 3260 2642 in
3285 2587 3418 2641 tomi
3446 2585 3600 2656 hujus
3621 2582 3824 2652 complicao

616 2691 967 2747 conventum,
1011 2681 1127 2736 dies
1155 2681 1367 2735 tandem
1397 2679 1597 2734 laetitiae
1627 2679 1867 2750 appetitu
1908 2676 2160 2732 diutissin

2311 2683 2492 2741 mento
2534 2698 2758 2755 prorsus
2792 2684 2950 2738 alma:
2979 2690 3174 2736 vestrze
3207 2677 3558 2734 sanctitudini
3593 2674 3750 2732 oﬂ‘erre
3767 2675 3821 2728 de

615 2779 946 2842 ιινωθριθιυε
972 2779 1027 2827 el
1053 2781 1238 2842 gralus
1268 2770 1460 2842 adfuit,
1487 2769 1830 2841 CleCUIIdUS
1865 2777 2013 2823 ιθηῑο
2039 2762 2209 2823 I105"i
2311 2775 2480 2840 crevi,
2510 2775 2562 2830 id
2590 2788 2786 2843 magno
2816 2781 3040 2844 precatu
3070 2768 3484 2829 deliberationis
3512 2768 3771 2830 exhortans,
3789 2775 3823 2816 ut

616 2865 854 2936 pectoris
891 2865 1116 2920 avidiori
1165 2876 1290 2920 voto
1332 2875 1648 2934 susceptus,
1698 2872 1901 2935 quanto
1935 2864 2002 2919 ad
2041 2879 2214 2920 reme—
2311 2877 2648 2936 quaecunque
2677 2861 2787 2918 illic
2836 2870 3087 2918 tenentur
3132 2861 3368 2932 ascripta
3399 2859 3570 2915 valido
3611 2857 3820 2912 attendatis

617 2959 765 3013 dium
804 2959 996 3014 salutis
1033 2959 1339 3025 exstiterat,
1365 2958 1735 3014 anhelantium
1780 2959 2094 3029 praecordiis
2121 2973 2215 3014 ex—
2314 2957 2533 3022 intuitu,
2561 2955 2743 3027 sagaci
2790 2955 3202 3024 perscrutemini
3234 2952 3438 3018 studio,
3474 2960 3528 3008 et
3573 2963 3821 3021 quacunque

615 3049 872 3119 quisitus.
903 3048 1146 3119 Cumque
1181 3064 1246 3104 ex
1287 3065 1439 3105 more
1466 3049 1841 3120 unusquisque
1867 3049 2038 3104 nostri
2069 3050 2215 3106 ordi-
2315 3049 2624 3106 exstiterint
2664 3047 2860 3119 placita
2891 3048 3024 3113 Deo,
3056 3046 3222 3102 vestri
3257 3047 3373 3102 oris
3413 3045 3480 3099 ad
3515 3059 3604 3098 nos
3629 3055 3751 3096 sacro
3772 3054 3819 3092 re-

617 3143 700 3197 nis
741 3144 897 3198 sedes
925 3143 1133 3199 debitas
1170 3150 1510 3214 occupasset,
1556 3151 1610 3198 et
1655 3152 1910 3198 eventum
1954 3142 2030 3198 rei
2065 3151 2214 3197 tran-
2313 3141 2558 3197 ferantur
2586 3138 2827 3196 oraculo.
2863 3136 3101 3210 Accepto
3133 3137 3324 3193 deinde
3355 3136 3534 3192 oblato
3559 3134 3689 3189 nobis
3711 3139 3820 3188 tumo.

618 3233 798 3303 quilla:
824 3234 1141 3290 intentionis
1165 3235 1500 3306 exspectatio
1531 3234 1846 3299 sustineret,
1888 3234 2042 3290 adest
2067 3251 2212 3290 sere-
2314 3239 2535 3303 agentes
2567 3229 2795 3284 Domino
2834 3229 3038 3300 gratias
3075 3228 3498 3284 acclamavimus
3527 3244 3542 3283 :
3577 3246 3594 3280 ε
3625 3222 3763 3281 Gloria
3787 3220 3818 3272 in

618 3324 876 3380 nissimus
897 3325 1148 3395 princeps
1170 3325 1256 3395 pia
1274 3324 1530 3396 religione
1547 3324 1909 3394 plenissimus,
1925 3332 1979 3380 et
2000 3340 2213 3381 summo
2313 3321 2542 3378 excelsis
2571 3321 2703 3386 Deo,
2733 3327 2790 3374 et
2821 3319 2874 3374 in
2906 3327 3048 3374 terra
3078 3333 3181 3389 pax
3208 3319 3518 3374 hominibus
3545 3317 3678 3372 bona:
3697 3309 3819 3365 velul-

617 3416 834 3472 laudum
865 3417 1019 3474 titulo
1048 3417 1332 3488 gloriosus,
1365 3418 1455 3489 qui
1486 3433 1544 3473 se
1570 3428 1758 3474 nostro
1781 3417 1950 3474 εαξιυὶ
1979 3417 2212 3474 reddens
2314 3414 2440 3467 talis
2469 3411 2619 3484 (Luc.
2661 3426 2720 3476 11,
2764 3409 2874 3481 14).
2912 3429 2930 3463 ι
2983 3409 3112 3464 Post
3144 3409 3304 3479 huius
3337 3405 3684 3466 exsultationis
3706 3403 3816 3456 17⁸³⁸³⁵

618 3508 912 3574 acclivem,
970 3517 1029 3562 ut
1085 3510 1228 3564 hunc
1275 3511 1626 3580 omnipotenti
1682 3510 1909 3566 Domino
1959 3511 2210 3580 precibus
2313 3503 2589 3575 gaudium,
2636 3511 2691 3558 el
2733 3501 2973 3558 cmlcslis
3015 3501 3198 3571 gloria).
3238 3502 3509 3579 hymnum
3534 3497 3684 3555 eidem
3713 3502 3815 3580 sati?

619 3598 1122 3653 comtnendaremus
1147 3606 1330 3654 astans
1357 3577 1603 3667 dulcibus
1631 3607 1690 3653 ut
1718 3598 1861 3654 ﬁlius
1885 3577 1982 3654 nos
2010 3601 2206 3655 cohor—
2313 3595 2544 3667 principi
2580 3595 2975 3660 benediximus,
3024 3602 3379 3666 reserataque
3421 3577 3579 3656 tomo,
3614 3587 3706 3642 haec
3731 3577 3815 3634 illi“

620 3694 765 3740 tatus
788 3693 873 3741 est
895 3687 1092 3753 verbis,
1128 3696 1309 3757 grates
1331 3687 1578 3743 deferens
1605 3688 1716 3743 Deo
1744 3689 2028 3754 virtutum,
2065 3690 2206 3759 quod
2236 3701 2280 3762 ρ
2314 3696 2567 3743 contexta
2599 3687 2900 3756 reperimus
2931 3705 2946 3742 :

620 3794 730 3831 sum
753 3777 1015 3845 jussionis
1038 3779 1322 3849 implentes
1346 3779 1623 3834 decretum
1650 3779 1703 3834 in
1728 3796 1892 3835 unum
1927 3781 2214 3836 fuissemus
2387 3781 2444 3834 In
2478 3781 2697 3835 nomine
2723 3779 2959 3845 Domini,
3002 3778 3220 3834 Flavius
3244 3773 3652 3834 Reccesiunthus
3672 3783 3740 3823 rex
3762 3776 3813 3816 re-

619 3867 838 3921 aduuati
866 3868 1190 3934 concilium;
1226 3869 1318 3924 sed
1361 3884 1482 3922 cum
1513 3879 1688 3925 tamen
1726 3870 1983 3926 humilem
2013 3887 2211 3941 coguo-
2318 3872 2722 3928 vereudissimis
2769 3871 3022 3927 Patr-ibus
3059 3871 3131 3940 in;
3159 3872 3262 3926 hac
3296 3878 3488 3924 sancta
3533 3859 3704 3936 synodo
3728 3853 3812 3910 retr

620 3957 884 4013 visscmus
928 3958 1044 4026 ejus
1088 3961 1282 4013 animae
1311 3961 1664 4024 voluntatem,
1721 3973 1776 4018 et
1806 3973 1918 4016 tam
1966 3964 2213 4019 sublimis
2315 3963 2587 4028 dentibus,
2626 3963 2829 4018 sanctis
2870 3961 3156 4032 episcopis.
3200 3957 3520 4016 Admirabili
3560 3955 3678 4009 dono
3710 3958 3812 4014 resu-

619 4046 804 4115 glorirc
827 4047 1198 4102 celsitudinem
1223 4049 1529 4106 videremus
1552 4051 1833 4118 acclivem,
1862 4061 2004 4106 tanta
2027 4068 2214 4107 sumus
2315 4052 2419 4106 lam
2466 4052 2586 4106 ﬁdei
2621 4067 2753 4106 mea:
2782 4051 3008 4107 solidam
3047 4061 3252 4115 tenens,
3292 4059 3352 4106 et
3397 4051 3679 4104 instructam
3701 4046 3810 4105 δειλοί

621 4137 745 4190 inde
772 4139 936 4206 gloria
964 4140 1339 4196 exsultationis
1364 4144 1630 4210 succensi,
1661 4152 1717 4197 ut
1741 4155 1924 4216 grates
1959 4143 2032 4198 illi
2064 4145 2216 4200 debi-
2313 4157 2490 4206 scens,
2519 4151 2682 4212 atque
2709 4142 2762 4196 in
2789 4141 2993 4197 honore
3018 4141 3133 4212 ejus
3155 4142 3403 4197 diadema
3429 4137 3598 4208 gloria:
3618 4142 3715 4187 cura
3734 4137 3809 4216 cor:

621 4238 704 4285 tas
733 4240 788 4286 et
822 4233 1101 4300 honorem,
1134 4242 1188 4290 et
1232 4233 1338 4289 laeti
1372 4212 1836 4302 redderemus,vet
1879 4237 2086 4306 cernui,
2119 4238 2213 4293 sed
2314 4235 2398 4289 dis
2443 4233 2750 4289 humilitate
2797 4241 3169 4303 prosternens,
3203 4233 3292 4288 illo
3335 4233 3488 4288 hctus
3526 4223 3682 4282 audii“
3714 4212 3806 4286 ll“0d

620 4331 882 4389 quantum
928 4323 1193 4378 extulerat
1217 4324 1513 4396 principem
1543 4325 1863 4381 humilitatis
1886 4327 2018 4381 ordo
2047 4325 2216 4382 subli—
2313 4339 2504 4380 omnes
2529 4338 2686 4396 reges
2715 4335 2874 4379 tet-rce
2914 4325 3158 4379 serviunt
3193 4333 3248 4380 et
3274 4324 3528 4380 obediunt
3554 4317 3661 4379 Deo.
3685 4323 3733 4363 ⁸ο
3752 4317 3805 4358 Γε⁶

619 4413 746 4478 mis,
773 4421 978 4469 tantum
1006 4417 1070 4469 ad
1097 4417 1354 4472 exercitii
1383 4433 1608 4488 summa:
1633 4418 1844 4474 virtutis
1871 4419 2214 4474 instruebant
2315 4416 2534 4469 verendi
2579 4414 2770 4470 Patres
2806 4415 3092 4471 excelsiori
3135 4415 3264 4470 mihi
3296 4407 3636 4470 venerationis
3667 4403 3806 4456 honore

619 4507 864 4576 exempla
893 4508 1242 4562 sacratissimi
1290 4509 1547 4578 principis
1593 4508 1823 4564 formam
1857 4517 2055 4564 nostras
2091 4510 2212 4564 reli-
2314 4509 2592 4574 sublimes,
2625 4524 2806 4565 eorum
2845 4508 3265 4563 vobis'advenio
3297 4508 3351 4562 in
3397 4502 3606 4578 gratiam
3629 4499 3804 4550 mansue-

621 4597 818 4666 gionis.
842 4597 976 4650 Tum
1011 4597 1195 4666 relatis
1224 4599 1335 4654 Deo
1361 4599 1608 4654 laudibus
1645 4600 1710 4655 de
1739 4601 1964 4656 unitatis
1991 4600 2213 4656 alterna:
2317 4604 2518 4658 tudinis
2553 4612 2749 4659 vestra:
2791 4603 3027 4658 studium
3064 4615 3390 4666 convocans,
3437 4609 3490 4652 et
3530 4581 3802 4648 tcstimtttlium

622 4698 904 4757 proventu,
951 4704 1142 4759 magna
1175 4705 1272 4743 nos
1293 4706 1416 4744 cmn
1449 4690 1854 4761 tranquillitatis
1880 4694 2052 4764 gratia
2085 4693 2214 4749 allo-
2315 4696 2538 4752 visionis
2557 4705 2750 4751 vestra:
2781 4710 2866 4750 me
2885 4703 2939 4750 et
2959 4688 3539 4762 coram'omnipotentis
3558 4682 3633 4737 Dei
3652 4671 3802 4764 antiit“S

598 4787 776 4831 .cutus
816 4788 898 4832 cst
938 4779 1160 4833 dicens:
1209 4778 1319 4834 Etsi
1364 4795 1607 4836 summus
1650 4781 1854 4836 Auctor
1898 4797 2077 4837 rerum
2127 4797 2214 4837 me
2317 4787 2610 4842 tremendis
2637 4786 2929 4852 acclinans,
2963 4786 3204 4841 referens
3235 4784 3306 4839 illi
3347 4779 3502 4838 corde
3537 4776 3638 4828 laeto
3661 4759 3800 4834 grauis

619 4867 756 4920 diva:
812 4868 1086 4922 memeria:
1133 4868 1336 4923 domini
1397 4870 1660 4940 genitoris
1716 4871 1821 4926 mei
1886 4873 2214 4942 temporibus
2319 4879 2623 4949 opulentas,
2654 4877 2796 4947 quod
2823 4892 2921 4932 vos
2962 4875 3247 4931 clementia
3295 4866 3572 4931 voluntatis
3602 4857 3729 4930 ipsius
3757 4859 3798 4898 ex

621 4959 770 5030 regni
819 4962 946 5016 sede
991 4961 1261 5026 subvexit,
1315 4971 1476 5032 atque
1524 4961 1692 5033 ipsius
1737 4963 1921 5034 gloria:
1967 4965 2214 5021 deferens
2319 4979 2516 5024 nostra:
2547 4967 2700 5037 jussu
2751 4967 3087 5023 celsitudinis
3125 4967 3191 5020 ad
3235 4963 3393 5034 hujus
3423 4965 3600 5016 sanctae
3637 4952 3794 5010 οοηετιι

619 5051 935 5120 participem
961 5051 1060 5107 feci
1072 5064 1108 5118 t,
1133 5070 1278 5108 nunc
1300 5063 1478 5109 tanten
1503 5070 1625 5109 cum
1652 5055 1764 5125 ipse
1792 5056 2030 5126 requiem
2057 5067 2215 5111 mter-
2242 5072 2292 5130 υ
2320 5063 2550 5130 gationis
2575 5063 2811 5116 votivum
2850 5063 3100 5131 dignatus
3125 5069 3208 5114 est
3233 5059 3490 5113 deducere
3513 5053 3694 5105 cretum,
3713 5041 3795 5131 ωιξς

621 5157 747 5196 nam
777 5144 1001 5214 adeptus
1040 5156 1123 5202 est
1163 5149 1522 5214 mansionum,
1553 5164 1617 5204 ea
1660 5165 1780 5220 qua:
1824 5151 1877 5205 in
1925 5167 2010 5206 me
2050 5152 2212 5207 totius
2244 5129 2256 5130 γ
2322 5129 2490 5206 fidens
2537 5161 2644 5206 tam
2679 5151 2806 5206 mihi
2851 5129 3014 5222 quam
3049 5149 3202 5204 vobis
3222 5149 3346 5204 etin
3388 5135 3687 5222 prtesentiunt
3704 5129 3794 5176 56"”

621 5234 902 5303 regimiuis
940 5239 1208 5294 transfusa
1233 5240 1354 5308 jura
1387 5241 1604 5312 reliquit
1632 5219 1698 5296 ex
1731 5250 1841 5297 toto
1867 5242 2046 5297 divina
2078 5243 2208 5298 mihi
2320 5253 2618 5316 temporum
2646 5286 2659 5308 ,
2717 5254 2774 5300 et
2840 5219 3140 5298 futurorum
3198 5241 3516 5315 longitudine
3563 5219 3796 5316 εωευ¹⁰τ¹¹ξ¹¹

621 5328 859 5399 potentia
885 5330 1209 5403 subjugavit,
1237 5337 1374 5391 unde
1400 5336 1524 5405 quia
1556 5335 1915 5406 regendorum
1944 5335 2211 5391 membro-
2317 5312 2445 5406 ejus
2479 5335 2668 5390 adesse
2695 5335 2879 5403 gratim
2917 5334 3221 5407 praemium,
3267 5312 3509 5403 quoniam
3547 5324 3688 5374 vestra

621 5427 740 5474 rum
773 5435 933 5473 causa
979 5422 1124 5475 salus
1153 5433 1236 5478 est
1271 5427 1484 5496 capitis,
1525 5435 1582 5481 ct
1625 5425 1855 5482 felicitas
1893 5427 2210 5498 populorum
2319 5429 2499 5484 cordia
2532 5430 2584 5482 in
2627 5427 2998 5483 conveniendo
3027 5427 3339 5481 unanimum
3377 5437 3434 5478 ac
3467 5389 3788 5498 religiosum

623 5512 838 5566 nonnisi
889 5515 1242 5570 mansuetudo
1293 5527 1374 5572 est
1418 5519 1742 5590 principum,
1773 5518 1954 5574 votive
2000 5519 2212 5575 decrevi
2318 5524 2630 5575 monstratis
2668 5522 2939 5583 allectum,
2971 5529 3023 5574 et
3056 5518 3418 5589 dispositionis
3447 5521 3563 5568 mea?
3588 5503 3630 5556 in
3662 5496 3787 5590 “3i?

621 5605 775 5659 vobis
804 5620 986 5659 coram
1023 5607 1213 5676 positis
1239 5617 1294 5662 et
1321 5619 1568 5665 votorum
1597 5627 1838 5667 meorum
1871 5610 2218 5666 deliberatio-
2317 5613 2398 5667 dis
2430 5613 2638 5682 populis
2661 5627 2822 5681 quam
2867 5611 3012 5681 plum
3058 5610 3128 5665 sit
3171 5607 3412 5680 poteritis
3438 5583 3785 5682 ρώπων-³11ίῖ

621 5707 716 5750 nes
764 5695 1041 5752 sanctione
1089 5695 1271 5766 patula
1317 5713 1581 5766 reserare,
1634 5711 1687 5755 et
1741 5701 2042 5756 studiorum
2089 5712 2211 5770 apta
2319 5720 2470 5760 scere
2519 5713 2723 5759 votum.
2769 5703 2919 5759 Nunc
2959 5705 3121 5774 igitur
3153 5704 3277 5775 quia
3324 5706 3528 5757 mouens
3561 5672 3785 5775 vnio???

621 5785 838 5840 decreta
887 5787 1096 5844 sincera
1145 5787 1474 5846 exhibitione
1521 5791 1751 5848 deferre.
1801 5793 1868 5845 At
1915 5807 2042 5847 vero
2089 5793 2212 5864 quia
2321 5795 2490 5868 longm
2518 5795 2767 5854 dictionis
2793 5811 2896 5851 non
2921 5761 3062 5868 rapit
3085 5761 3384 5860 excessum,
3406 5783 3517 5860 quid
3537 5778 3590 5835 σε
3613 5761 3781 5839 “nc-wn
