3910 6442
87 403 186 459 δθι

1302 384 1788 446 DECRETALIUM
1829 380 2222 439 COLLECTIO.

3220 339 3375 428 sua

87 521 196 577 ﬁde
223 516 470 572 noverim
495 527 656 584 quam
684 509 914 567 ccelitus'
942 508 1185 580 illapsam
1233 508 1364 563 mihi
1407 521 1504 577 per
1544 520 1672 560 san-
1701 508 1756 569 Α
1780 502 1990 560 actibus
2031 501 2182 574 gravi
2212 497 2639 556 contradictione
2667 497 2780 552 hzcc
2808 494 3072 550 sententia
3101 493 3364 552 resultare

86 623 302 666 ciorum
358 605 723 678 apostolorum
782 601 1255 674 frequentiumque
1305 598 1522 653 Patrum
1580 611 1675 651 ora

86 699 340 772 cognovi,
382 713 478 754 seu
506 695 633 767 quid
672 694 739 750 de
781 692 1048 777 secuturis
1077 691 1325 764 negotiis,
1357 705 1455 761 pro
1483 688 1680 759 quibus

90 791 236 844 hunc
259 795 588 843 conventum
619 783 1052 855 congregationis
1076 780 1366 838 coadunari
1398 778 1678 849 percensui

87 879 346 934 intimare
373 876 727 940 decreverim,
756 875 812 930 in
852 874 1011 945 hujus
1043 873 1171 928 tomi
1211 873 1352 928 serie
1376 869 1680 940 conscripta

88 979 293 1034 tenete,
340 983 406 1024 ac
439 967 625 1023 relicta
669 967 1001 1036 pernoscite,
1030 973 1086 1020 et
1125 964 1335 1019 cunctis
1360 978 1479 1032 quae
1509 960 1680 1016 teneri

86 1064 210 1132 ejus
274 1074 476 1116 nostrae
535 1058 904 1131 amplitudinis
967 1065 1208 1128 potestas
1260 1054 1552 1126 impressit,
1586 1067 1681 1107 ve-

88 1166 222 1211 strae
264 1153 615 1208 beatitudinis
661 1151 901 1224 gravitas
959 1148 1213 1205 eﬁ‘ectum
1256 1156 1365 1200 tam
1423 1145 1504 1200 eis
1559 1158 1682 1212 pro-

84 1257 206 1301 mat
232 1262 300 1301 ac
332 1247 656 1316 miseranter
683 1242 981 1314 impendat,
1003 1255 1165 1311 quam
1210 1245 1409 1294 nostra:
1434 1249 1684 1291 mansue-

89 1339 297 1394 tudinis
321 1339 586 1394 serenitas
609 1337 714 1393 hoc
741 1334 896 1392 nobis
920 1333 1189 1405 implenda
1214 1330 1575 1388 commendat.

161 1427 458 1483 Exordium
503 1428 688 1497 itaque
723 1424 1072 1482 allocutionis
1100 1436 1235 1478 mea:
1273 1436 1341 1477 ex
1369 1418 1685 1476 deﬁnitione

87 1529 297 1574 sanctae
325 1519 449 1574 ﬁdei
493 1518 777 1584 inehoans,
804 1523 998 1574 caetera
1028 1529 1149 1586 quae
1177 1511 1376 1569 futuris
1411 1521 1538 1568 sunt
1563 1525 1686 1582 pro-

88 1608 467 1665 secutionibus
493 1607 814 1672 intimanda,
852 1606 1002 1663 velut
1047 1620 1212 1676 supra
1241 1603 1567 1660 soliditatem
1595 1616 1688 1672 pe-

89 1715 191 1769 trae
217 1712 653 1768 constructurtts,
681 1717 712 1756 a
739 1702 850 1758 Deo
879 1703 1044 1757 etiam
1065 1699 1246 1770 operis
1274 1697 1377 1752 mei
1401 1694 1686 1761 aediﬁcium

90 1807 506 1865 congressurus,
541 1806 607 1848 eo
633 1789 1018 1862 consequentia
1056 1788 1287 1844 validius
1321 1800 1542 1857 ponam,
1582 1797 1689 1854 quo

1778 594 2146 666 perpenditur,
2188 600 2245 648 et
2290 591 2367 646 sic
2396 587 2635 646 funditus
2663 585 3024 642 damnationis
3056 583 3366 656 astipulatio

1779 687 2047 743 retinetur
2071 725 2086 748 ,
2120 698 2190 739 ne
2233 681 2417 752 pietati
2465 694 2585 751 qua:
2626 675 3252 747 Apostolopraecinente
3299 675 3369 729 ad

1779 778 1961 835 omnia
1991 776 2137 832 utilis
2159 783 2240 830 est
2277 771 2328 843 (1
2355 772 2490 826 Tim.
2518 784 2593 836 tv,
2621 769 2700 838 8),
2742 768 3048 838 quicunque
3073 767 3252 822 aditus
3280 781 3371 820 re-

1782 877 2048 933 servetur,
2092 866 2288 922 vestris
2329 864 2444 918 haec
2471 862 2760 931 committo_
2779 860 2961 914 ﬁdenti
2989 859 3168 915 animo
3198 857 3370 914 sacris

1782 957 2164 1031 pertractanda
2189 954 2431 1024 judiciis,
2458 968 2522 1008 ac
2546 949 2847 1007 dirimenda
2895 948 3200 1014 sententiis,
3230 947 3373 1002 unde

1777 1051 1890 1120 jam
1916 1057 2156 1104 vestrum
2179 1047 2305 1111 erit,
2335 1046 2627 1116 inspirante
2642 1043 2792 1098 vobis
2806 1041 3147 1097 miseratione
3167 1039 3371 1102 divina,

1785 1144 1860 1199 ita
1892 1143 2174 1211 utriusque
2205 1137 2538 1194 discriminis
2571 1147 2872 1211 temperare
2923 1146 3230 1187 mensuram
3257 1171 3270 1195 ,
3305 1143 3376 1183 ne

1787 1244 1878 1290 aut
1909 1235 1960 1290 in
1999 1209 2310 1304 iuramento
2338 1229 2575 1284 conditio
2609 1209 2789 1281 teneat
2824 1239 2977 1287 reus,
3009 1231 3102 1276 aut
3129 1221 3376 1290 impieta-

1789 1328 1859 1384 tis
1885 1326 2023 1381 ultio
2073 1323 2273 1381 habeat
2321 1322 2646 1378 inhumanos
2670 1358 2686 1384 ,
2722 1317 2908 1386 sicque
2941 1313 3107 1368 vestri
3150 1328 3248 1367 nos
3294 1309 3378 1364 in-

1787 1430 1962 1480 struat
2013 1419 2184 1476 forma
2222 1415 2438 1486 judicii,
2486 1422 2547 1468 ut
2589 1412 2860 1484 subjectos
2902 1407 3150 1479 populos,
3177 1419 3278 1459 nec
3324 1403 3379 1458 in

1787 1509 2252 1585 profanationilius
2292 1507 2590 1562 habeamus
2617 1502 2892 1564 subditos,
2941 1512 3041 1553 nec
3087 1493 3379 1566 impietatis

1790 1603 2023 1661 vinculis
2043 1600 2320 1657 doleamus
2361 1597 2780 1654 contaminatos.
2813 1593 2940 1648 Post
2965 1588 3125 1658 hujus
3150 1595 3380 1642 conten-

1789 1699 1955 1754 tionis
2023 1693 2342 1764 alloquium,
2391 1686 2729 1760 sequentium
2795 1699 2986 1740 causas
3041 1680 3382 1752 negotiorum

1789 1790 1953 1846 simili
1976 1801 2190 1860 quoque
2217 1782 2590 1852 subjungimus
2615 1794 2713 1834 vos
2753 1776 3031 1833 intendere
3060 1769 3382 1826 attentione.

91 1884 378 1940 decentius
405 1884 716 1939 ﬁrmissima
759 1881 1113 1955 praetulerim.
1159 1879 1342 1936 Primo
1371 1879 1552 1948 itaque
1590 1891 1682 1932 co-
1717 1864 1767 1926 Β
1792 1879 2143 1936 Decernimus
2183 1880 2502 1929 attestantes
2552 1866 2958 1923 universitatem
3008 1869 3248 1917 nostram
3285 1871 3392 1928 per

91 1990 208 2034 ram
237 1989 298 2029 se
325 1975 630 2029 reverentia
657 1982 837 2028 vestra
861 1972 1062 2028 habeat
1079 1963 1228 2041 quod
1257 1984 1415 2025 nosse
1437 1983 1542 2024 non
1571 1983 1689 2022 am-

91 2063 231 2134 bigit
270 2079 358 2117 me
397 2063 714 2120 orthodoxa:
741 2062 866 2117 ﬁdei
894 2077 1098 2128 veram,
1124 2069 1393 2126 sanctam,
1425 2068 1482 2114 et
1511 2057 1690 2113 sint-e-

94 2169 213 2208 ram
239 2153 481 2226 regulam
510 2154 578 2212 de
605 2155 766 2211 corde
795 2169 932 2224 puro
957 2161 1012 2208 et
1039 2152 1368 2209 conscientia
1397 2153 1537 2206 bona
1581 2149 1696 2221 ple-

95 2247 324 2302 nissime
370 2247 596 2314 habere,
647 2247 918 2304 veraciter
947 2247 1088 2303 seire
1109 2255 1166 2302 et
1214 2244 1521 2300 ﬁrmissime
1564 2245 1698 2298 reti-

94 2353 252 2404 nere,
287 2347 456 2410 atque
481 2353 600 2394 eam
629 2338 704 2394 ita
739 2338 1022 2416 complecti
1055 2346 1215 2407 atque
1237 2337 1507 2400 venerari,
1532 2343 1696 2403 atque

95 2428 349 2499 diligere,
410 2429 552 2484 sicut
593 2444 715 2485 eam
761 2439 948 2484 sancta
991 2427 1284 2501 apostolica
1334 2427 1554 2482 traditio
1607 2427 1696 2480 do-

95 2526 203 2586 cet,
231 2519 376 2575 sicut
418 2519 583 2574 etiam
614 2528 802 2574 sancta
853 2519 1094 2591 synodus
1139 2517 1356 2572 Nicaena
1394 2517 1693 2582 constituit,

96 2610 244 2666 sicut
267 2610 735 2681 Conatantinopoli
764 2620 1074 2666 sanctorum
1097 2609 1316 2664 Patrum
1348 2608 1697 2680 congregatio

96 2702 367 2768 deﬁnivit,
396 2707 539 2758 sicut
568 2703 827 2774 Ephesini
854 2701 1013 2774 primi
1051 2711 1226 2758 coetus
1257 2701 1439 2756 unitas
1467 2699 1698 2754 allii-ma-

99 2795 198 2863 vit,
249 2794 396 2849 sicut
413 2793 872 2851 Chalcedonensis
916 2792 1126 2848 concilii
1169 2791 1413 2846 deﬁnitio
1441 2789 1695 2861 praetulit,

98 2887 243 2953 hanc
269 2899 400 2940 cum
421 2885 674 2942 ﬁdelibus
704 2889 945 2947 servans,
974 2883 1041 2938 ad
1071 2883 1210 2939 hanc
1252 2882 1540 2938 salvandos
1571 2880 1696 2936 inﬁ-

97 2982 249 3038 deles
271 2980 530 3045 inritans,
554 2980 606 3034 in
626 2981 767 3034 hanc
783 2976 1054 3046 subjectos
1067 2975 1293 3048 populos
1320 2990 1533 3046 regens,
1557 2974 1700 3028 hanc

96 3074 338 3146 propriis
356 3073 610 3144 gentibus
629 3069 915 3127 tenendam
937 3070 1236 3135 insinuans,
1255 3069 1395 3124 hanc
1417 3069 1472 3123 in
1493 3067 1702 3140 populis

97 3167 296 3228 alienis
331 3165 688 3231 annuntians,
721 3171 784 3219 ut
821 3164 876 3218 in
912 3162 1000 3218 illa
1050 3161 1360 3234 gloriﬁcans
1395 3161 1598 3226 Deum,
1644 3168 1701 3215 et

98 3260 248 3322 inter
289 3255 548 3312 mortales
575 3269 663 3310 me
697 3267 922 3310 summa:
941 3253 1246 3308 divinitatis
1286 3251 1514 3307 felicitas
1551 3264 1699 3306 asse-

99 3357 328 3419 quatur,
356 3355 414 3401 et
448 3346 502 3402 iu
533 3354 677 3400 terra
711 3343 1008 3399 viventium
1033 3342 1322 3398 lnereditas
1349 3357 1380 3396 a
1405 3356 1490 3396 me
1518 3341 1700 3413 gloria:

99 3440 373 3510 Capiatur.
398 3437 500 3503 En,
521 3433 958 3493 reverendissinii
986 3432 1194 3497 Patres,
1225 3439 1485 3502 quantum
1516 3431 1584 3486 ad
1610 3444 1704 3484 ve-

100 3532 324 3586 ritatem
349 3527 474 3583 ﬁdei
509 3535 712 3583 sanctae
740 3524 1000 3598 pertinuit
1021 3537 1091 3579 ex
1117 3529 1229 3578 toto
1255 3522 1492 3576 animam
1524 3535 1700 3576 meam

99 3635 218 3676 sua:
237 3617 598 3675 confessionis
619 3615 805 3671 titulos
822 3613 1165 3685 explicuisse,
1181 3609 1593 3666 honoriﬁcentia
1615 3623 1704 3665 ve-

102 3723 216 3772 stra
257 3711 421 3782 122
449 3710 715 3782 pensavit.
754 3707 873 3765 lam
905 3720 1051 3761 nunc
1089 3718 1419 3775 magnopere
1465 3701 1702 3757 arbitror

100 3815 229 3860 esse
302 3802 432 3858 mihi
505 3807 869 3872 opportunmn
923 3811 1042 3867 quae
1129 3795 1398 3850 tendimus
1450 3792 1700 3849 societati

101 3894 349 3965 ejusdem
374 3909 518 3948 verte
539 3891 660 3947 ﬁdei
686 3890 860 3945 studia
891 3897 1091 3944 sancta:
1111 3887 1438 3957 operationis
1464 3885 1704 3940 innecte-

103 4003 188 4055 re,
219 4001 294 4041 ne
333 3985 477 4039 hanc
508 3993 601 4037 aut
638 3982 757 4037 sine
803 3979 1058 4050 Operibus
1088 3985 1354 4032 mortuam
1385 3977 1700 4044 habeamus,

105 4087 207 4144 aut
242 4093 350 4133 non
390 4073 740 4147 plenitudinis
781 4087 894 4126 suae
941 4063 1203 4146 dignitate
1241 4068 1525 4139 perspicua
1556 4067 1704 4124 deci-

105 4172 200 4233 dat
239 4153 564 4234 inhonesta,
598 4168 726 4222 dum
753 4165 1038 4235 Scriptura
1087 4177 1192 4218 non
1224 4163 1455 4228 silente,
1484 4163 1550 4218 de
1581 4162 1701 4234 qui-

110 4264 337 4320 busdam
383 4260 585 4316 inferat
604 4300 619 4325 ,
662 4273 781 4329 qua:
807 4258 996 4314 dicunt
1020 4270 1078 4312 se
1104 4269 1295 4320 nosse,
1329 4253 1496 4308 Deum
1521 4264 1703 4308 autem

110 4365 336 4429 negant.
387 4355 462 4411 Ut
501 4368 631 4425 ergo
678 4352 819 4406 hanc
863 4349 1023 4403 ﬁdem
1067 4360 1228 4418 super
1276 4346 1506 4417 lapidem
1553 4345 1701 4400 illum

110 4448 425 4510 solidatam,
485 4463 504 4495 ι
531 4458 690 4514 quem
726 4438 1152 4511 reprobaverunt
1184 4436 1402 4506 quidam
1424 4435 1702 4492 aediﬁcan-

113 4550 213 4602 tes,
271 4541 655 4595 ldem'tamen
711 4547 740 4587 a
809 4531 1040 4586 Domino
1095 4527 1270 4583 factus
1315 4527 1490 4582 estin
1537 4534 1701 4596 caput

115 4632 296 4705 anguli
347 4639 522 4686 etest
569 4624 906 4682 admirabilis
955 4622 1009 4676 in
1063 4618 1238 4677 oculis
1284 4619 1484 4676 nostris
1523 4615 1698 4687 (Psal.

111 4741 279 4793 exvit,
304 4723 380 4781 22
394 4731 451 4784 et
468 4721 582 4791 2'5),
608 4737 628 4772 ι
660 4717 872 4799 plenius
895 4715 1214 4779 habeamus,
1232 4709 1457 4786 ejusque
1478 4711 1710 4782 insignia

113 4819 213 4875 bus
264 4813 547 4879 decentius
589 4823 918 4873 exornemur
950 4848 964 4872 ,
1021 4805 1286 4861 attendite
1325 4803 1480 4874 cujus
1523 4803 1704 4873 operis

116 4911 378 4973 fructum,
426 4907 686 4976 cujusque
732 4900 1067 4973 operationis
1110 4907 1459 4969 augmentum
1507 4896 1705 4952 studiis

116 5003 275 5073 hujus
326 5008 526 5053 sanctae
553 4997 677 5052 ﬁdei
706 4993 1021 5050 consociare
1045 4991 1294 5056 velimus,
1345 4999 1399 5045 et
1428 4991 1704 5046 innectere

116 5101 456 5163 quantopere
499 5094 768 5159 optemus.
802 5083 990 5155 Itaque
1035 5080 1293 5138 revolutis
1321 5089 1468 5136 retro
1499 5088 1704 5150 tempe.-

118 5185 299 5249 ribus,
360 5183 435 5237 ita
481 5196 576 5236 vos
615 5190 940 5247 omnemque
983 5171 1238 5246 populum
1259 5173 1474 5244 jurasse
1516 5171 1709 5228 recoli-

119 5289 264 5343 mus,
288 5285 348 5331 ut
379 5273 745 5344 cujuscunque
762 5267 969 5325 ordinis
983 5267 1066 5322 vel
1088 5265 1308 5321 honoris
1336 5279 1563 5336 persona
1590 5279 1710 5335 qua:

119 5369 172 5423 in
201 5373 402 5423 necem
434 5365 636 5435 regiam
679 5359 1058 5428 excidiumque
1097 5356 1392 5412 Gothorum
1421 5355 1596 5426 gentis
1643 5369 1710 5410 ac

119 5462 311 5534 patriae
341 5461 550 5515 detecta
603 5456 794 5512 fuisset
817 5452 904 5508 vel
929 5451 1194 5522 cogitasse
1220 5449 1378 5504 noxia
1406 5447 1488 5502 vel
1511 5449 1707 5518 egisse,

123 5551 498 5608 irrevocabilis
522 5547 802 5604 sententiae
831 5542 1089 5598 multatus
1117 5541 1422 5606 atrocitate,
1445 5553 1711 5610 nusquam

125 5651 429 5699 mereretur
456 5629 624 5697 veniae
663 5635 988 5702 remedium,
1016 5633 1101 5690 vel
1144 5629 1369 5701 alicujus
1410 5640 1718 5703 temperan-

119 5739 213 5798 tiae
258 5736 544 5810 percipere
613 5731 1008 5802 qualecumque
1061 5726 1382 5784 subsidium.
1438 5724 1510 5779 At
1570 5739 1714 5780 nunc

129 5833 250 5912 quia
303 5845 468 5903 grave
516 5840 914 5896 oncrosumque
970 5831 1220 5886 censetur
1252 5861 1265 5888 ,
1313 5819 1436 5895 quia
1497 5817 1715 5896 pietatis

1791 1983 2018 2028 summa:
2065 1963 2364 2022 divinitatis
2409 1959 2736 2030 coaequalem
2763 1996 2780 2024 ,
2830 1965 2885 2011 et
2929 1963 3252 2010 coaeternam
3281 1988 3296 2014 ,
3327 1954 3391 2002 et

1794 2057 2208 2131 inseparabilem
2241 2053 2564 2109 Trinitatem
2593 2091 2606 2116 ,
2637 2057 2797 2118 atque
2845 2046 2988 2101 illius
3016 2040 3259 2114 mysterii
3291 2052 3382 2093 sa-

1794 2128 2141 2208 cramentum
2179 2144 2322 2217 quod
2363 2143 2706 2198 incarnatum
2735 2138 2828 2192 Dei
2856 2135 3050 2192 Filium
3073 2134 3138 2188 de
3173 2128 3382 2200 Spiritu

1793 2253 2016 2309 saneto,
2053 2258 2084 2297 a
2127 2239 2295 2297 Maria
2338 2238 2560 2310 Virgine
2613 2249 2712 2306 pro
2768 2231 2944 2288 salute
2997 2225 3223 2290 mundi,
3254 2237 3388 2276 vera

1795 2339 1928 2394 ﬁdes
1953 2338 2008 2392 in
2042 2344 2152 2393 toto
2199 2333 2332 2389 orbe
2372 2331 2688 2395 denuntiat,
2722 2336 2884 2396 atque
2927 2325 3217 2378 adventum
3248 2315 3392 2386 ejus-

1793 2432 1917 2488 dem
1972 2429 2100 2486 Jesu
2147 2426 2352 2484 Christi
2401 2425 2524 2481 Filii
2571 2422 2714 2489 Dei,
2769 2419 2937 2476 nostri
2977 2415 3227 2478 Domini,
3276 2425 3391 2482 quo

1793 2519 2094 2592 perimeudi
2144 2525 2272 2574 sunt
2319 2515 2495 2585 impii,
2543 2521 2600 2568 et
2635 2526 2855 2583 regnum
2884 2507 3002 2578 ejus
3052 2521 3158 2576 quo
3189 2500 3393 2576 glorill-
3471 2552 3474 2556 .

1794 2610 1952 2668 candi
1983 2607 2110 2666 sunt
2134 2607 2332 2673 sancti,
2367 2616 2429 2660 ut
2449 2617 2786 2676 quaecunque
2813 2599 3028 2669 negotia
3052 2599 3116 2652 de
3131 2608 3392 2666 quorum-

1795 2703 1930 2759 libet
1972 2701 2316 2772 querelarum
2366 2697 2640 2752 auditihus
2691 2692 3048 2756 exstiterint,
3117 2685 3392 2760 patefacta

1796 2811 1920 2852 cum
1940 2792 2153 2864 iustitia
2181 2799 2238 2847 et
2259 2786 2448 2861 vigore
2473 2783 2903 2842 misericorditer
2943 2789 2998 2836 et
3026 2793 3148 2834 cum
3183 2785 3390 2846 tempe-

1798 2894 2048 2944 ramento
2076 2879 2446 2940 miséralionis
2469 2877 2785 2948 justissima:
2814 2871 3159 2930 concorditer
3200 2866 3390 2922 terrui-

1797 2989 1999 3037 nentur
2022 2979 2078 3034 in
2106 2977 2286 3048 legum
2319 2972 2603 3031 sententiis
2645 2985 2765 3042 qua:
2793 2976 2889 3023 aut
2930 2967 3222 3036 depravata
3263 2975 3397 3030 con:

1798 3070 2044 3134 sistunt,
2089 3075 2185 3122 aut
2234 3080 2300 3122 ex
2358 3063 2672 3135 superﬂuo,
2718 3059 2804 3116 vel
2853 3055 3096 3114 indebilo
3147 3051 3393 3122 conjecta

1799 3161 2080 3226 videntur,
2104 3167 2305 3215 nostra:
2325 3155 2633 3212 serenitatis
2655 3148 3100 3208 accommodante
3126 3159 3392 3202 consensu

1801 3254 1916 3308 haec
1943 3251 2117 3308 solum
2149 3263 2269 3320 qure
2324 3248 2391 3302 ad
2439 3247 2705 3302 sinceram
2729 3242 2995 3313 justitiam
3050 3247 3106 3294 et
3152 3235 3400 3308 negotio-

1801 3359 1922 3401 rum
1966 3340 2344 3398 suilicientiam
2397 3337 2726 3393 conveniant
2796 3332 3080 3396 ordinetis,
3124 3343 3396 3384 canonum

1799 3433 2031 3492 obscura
2060 3432 2304 3503 quaedam
2350 3439 2407 3485 et
2448 3430 2502 3484 in
2535 3429 2756 3484 dubium
2800 3440 2980 3490 versa,
3008 3423 3064 3478 in
3109 3419 3395 3476 meridiem

1799 3525 1993 3584 lucida:
2021 3522 2388 3595 intelligentia:
2422 3520 2696 3576 reducatis
2717 3560 2730 3584 ,
2774 3517 3124 3585 omniumque
3152 3509 3399 3583 negotio-

1801 3631 1923 3672 rum
1969 3623 2272 3671 conventus
2298 3612 2659 3681 ordinumque
2698 3618 2894 3674 status,
2923 3606 3014 3676 qui
3066 3604 3116 3660 in
3155 3611 3392 3658 vestram

1802 3708 2112 3766 exstiterint
2137 3705 2372 3762 devoluti
2401 3703 2770 3776 praesentiam,
2801 3703 2873 3758 ita
2903 3700 3169 3772 majorum
3197 3695 3400 3767 regulis

1803 3800 2195 3857 concordantes
2252 3795 2588 3868 iustissime,
2643 3794 2838 3865 pieque
2899 3806 2963 3847 ac
3031 3794 3403 3859 temperanter-

1804 3895 2138 3954 constituere
2181 3881 2447 3948 studeatis
2477 3931 2492 3956 ,
2542 3896 2604 3944 ut
2649 3897 2705 3944 et
2751 3887 2881 3944 mihi
2939 3883 3030 3955 qui
3070 3885 3137 3938 ad
3184 3879 3400 3937 studio-

1804 4002 1924 4042 rum
1964 3985 2171 4040 fructus
2204 3984 2469 4038 bonorum
2513 3978 2709 4034 anhelo
2755 3993 2882 4049 pars
2909 3976 3193 4032 beatorum
3227 3969 3394 4025 adve-

1804 4078 1919 4132 niat
1944 4084 2000 4131 et
2027 4089 2123 4130 vos
2159 4074 2250 4144 qui
2276 4070 2634 4143 adimplentes
2657 4068 2990 4124 voluntatem
3027 4062 3145 4128 Dei,
3173 4075 3261 4117 me
3285 4073 3394 4114 non

1805 4165 2084 4238 spernitis,
2120 4165 2509 4234 imprecantem
2563 4157 2750 4229 religio
2796 4153 3150 4212 beatitudinis
3177 4158 3398 4206 (eterna:

1802 4255 2081 4327 suscipiat,
2131 4263 2186 4310 et
2221 4254 2360 4308 visio
2405 4249 2781 4307 delectationis
2810 4247 2906 4302 Dei
2957 4243 3059 4300 sibi
3085 4239 3395 4314 perenniter

1803 4348 2072 4404 inhmrere
2117 4344 2401 4400 concedat.
2443 4340 2552 4398 Vos
2591 4341 2754 4395 etiam
2807 4338 3049 4394 illustres
3076 4335 3224 4389 viros
3258 4343 3406 4401 quos

1801 4443 1869 4494 ex
1908 4435 2085 4493 oﬁicio
2114 4435 2356 4505 palatino
2383 4434 2510 4488 huic
2533 4442 2735 4492 sanctae
2757 4429 2963 4500 synodo
2991 4426 3252 4481 interesse
3279 4421 3392 4492 pri-

1804 4541 1982 4587 matus
2010 4530 2262 4593 oblinuit,
2294 4543 2358 4582 ac
2383 4526 2637 4582 nobilitas
2672 4521 2984 4594 spectabilis
3010 4518 3312 4581 honoravit,
3341 4521 3404 4569 et

1809 4621 2142 4694 experientia
2165 4618 2490 4689 :equalitatis
2511 4615 2745 4687 plebium
2773 4623 3014 4670 rectores
3035 4609 3233 4680 exegit,
3261 4619 3410 4677 quos

1812 4713 1866 4770 in
1901 4712 2160 4783 regimine
2206 4708 2400 4772 socios,
2451 4707 2504 4762 in
2553 4706 2879 4761 adversitate
2909 4703 3061 4756 ﬁdos.
3105 4698 3241 4754 etin
3270 4710 3398 4765 pro-

1811 4804 1986 4874 speris
2025 4800 2320 4871 amplector
2364 4808 2615 4854 strenuos
2640 4837 2656 4862 ,
2696 4811 2792 4866 per
2843 4809 2977 4865 quos
3006 4790 3217 4862 justitia
3249 4787 3405 4857 leges

1812 4893 1996 4964 implet
2023 4932 2045 4957 ,,
2071 4891 2350 4946 miseratio
2395 4890 2526 4958 legis
2567 4888 2854 4959 impletur,
2898 4892 3086 4939 contra
3126 4879 3400 4949 justitiam

1813 4989 1992 5060 legum
2060 4985 2362 5041 moderatio
2427 4983 2699 5054 mquitatis
2772 4976 3184 5049 temperantiam
3263 4972 3404 5043 legis

1813 5085 2116 5149 extorquet,
2151 5075 2406 5144 adjurans
2452 5075 2696 5131 obtestor
2719 5086 2817 5142 per
2850 5081 3010 5125 omne
3051 5066 3181 5121 illud
3221 5063 3397 5119 admi-

1814 5163 2008 5235 rabile,
2035 5177 2092 5222 et
2125 5166 2300 5222 solum
2329 5165 2491 5220 unius
2537 5178 2706 5219 sacrae
2733 5160 2854 5216 ﬁdei
2891 5165 3314 5219 sacramentum,
3346 5161 3402 5207 et

1813 5277 1912 5334 per
1970 5258 2337 5316 venerabilem
2380 5257 2622 5313 omnium
2676 5262 2987 5309 sanctorum
3018 5249 3256 5333 .Patrum
3304 5259 3402 5315 per

1815 5327 1976 5426 quem
2015 5353 2259 5408 obtestor
2292 5357 2534 5405 sanctum
2583 5352 2902 5401 conventum
2931 5383 2946 5409 ,
2991 5327 3051 5395 ut
3096 5339 3162 5394 ad
3198 5343 3404 5392 cunctae

1817 5425 2064 5502 veritatis
2103 5457 2168 5497 ac
2216 5438 2559 5497 discretionis
2592 5435 2906 5507 justissima:
2953 5429 3236 5488 formulam
3271 5467 3285 5491 ,
3327 5425 3407 5486 ita

1820 5537 2030 5593 animos
2081 5534 2362 5605 dirigatis,
2413 5541 2473 5587 ut
2505 5530 2640 5586 nihil
2691 5545 2720 5583 a
2765 5541 3028 5585 consensu
3061 5518 3409 5594 praesentium

1818 5628 2043 5684 Patrum
2071 5665 2088 5693 ,
2137 5633 2560 5695 sanctorumque
2601 5622 2840 5678 virorum
2889 5619 3166 5674 aliorsum
3202 5609 3415 5666 mentis.

1819 5721 2086 5782 obtutum,
2138 5715 2398 5788 quidquid
2446 5713 2766 5770 innocentia:
2813 5711 3048 5765 vicinum
3081 5747 3094 5771 ,
3145 5699 3418 5774 quidquid

1815 5813 2037 5885 iustitia:
2062 5811 2390 5888 proximum,
2426 5809 2682 5884 quidquid
2717 5824 2744 5863 a
2772 5807 2970 5884 pietate
3016 5817 3120 5860 non
3151 5797 3425 5864 alienum,‘
