3910 6472
615 349 724 407 ὺθδ

1435 354 1726 413 ΑΡΡΕΝΙ).
1766 355 1859 413 AD
1901 356 2075 416 SEO.
2104 357 2199 415 1x.
2237 390 2308 401 --
2332 358 2582 418 lSlDORI
2614 360 3058 426 MERCA'I’ORIS

613 466 701 521 vel
730 463 828 520 soli
863 464 972 521 Deo
1000 464 1328 538 agnoveritis
1347 467 1583 525 existere
1606 469 1884 540 placitum,
1916 471 2202 539 instanter,
2233 480 2278 538 Α
2310 487 2432 528 mus
2460 474 2525 530 de
2569 474 2655 530 illa
2683 477 2934 546 primitus
2962 479 3108 552 loqui
3149 489 3211 538 ut
3230 478 3370 535 inde
3409 477 3694 541 soliditatis
3721 494 3852 559 auspi-

616 556 884 625 modeste,
930 567 986 614 et
1021 574 1149 627 cum,
1187 560 1333 615 omni
1378 559 1673 632 dignemini
1719 563 2019 620 intentione
2061 579 2209 621 com-
2311 577 2496 617 cemur
2520 567 2834 634 exordium,
2866 571 3010 628 unde
3046 587 3215 629 sacrae
3241 573 3592 643 sumpsimus
3618 579 3851 639 nativitatis

612 649 777 719 plere.
836 648 1079 705 Scientes
1124 650 1251 719 quia
1308 650 1371 714 in,
1411 667 1477 708 eo
1511 652 1653 722 quod
1695 653 1811 710 haec
1855 668 1975 709 mea
2027 654 2206 712 sobria

612 747 739 793 vota
789 739 1072 810 completis
1097 780 1113 804 ,
1152 755 1252 795 vos
1280 740 1540 797 amabiles
1572 744 1679 799 Deo
1705 743 2028 816 assignatis,
2051 754 2107 809 et
2150 745 2203 800 in

611 844 678 887 eo
706 831 849 901 quod
877 832 1217 887 decretorum
1252 842 1561 897 nostrorum
1602 836 1776 891 edicta
1824 835 2026 897 favoris
2052 837 2205 893 exhi-

574 989 581 995 '
610 921 818 978 bitione
866 923 1183 990 corroboro,
1214 940 1302 980 me
1329 924 1607 982 vobiscum
1630 927 1795 987 simul
1824 942 1957 990 cum,
1976 929 2203 987 Domino

607 1013 935 1082 placiturum
967 1016 1208 1089 assigno.
1240 1017 1297 1074 In
1326 1032 1613 1075 commune
1639 1016 1750 1087 jam
1786 1021 1941 1078 vobis
1968 1024 2199 1090 cunctis,

606 1114 664 1163 et
702 1106 869 1163 divini
920 1110 1097 1166 cultus
1142 1111 1409 1167 ministris
1454 1112 1686 1179 idoneis,
1730 1125 1786 1170 et
1809 1130 1874 1171 ex
1904 1117 2026 1171 aula
2055 1118 2200 1190 regia

606 1199 913 1257 rectoribus
962 1201 1130 1257 divini
1181 1204 1418 1261 nominis
1470 1203 1807 1274 adiuratione
1856 1211 2197 1280 constrictis,

605 1288 804 1358 adjicio
829 1294 1203 1350 consensionis
1242 1311 1377 1352 mea:
1422 1313 1612 1355 verum
1638 1317 1941 1374 purumque
1970 1305 2201 1375 promis-

605 1395 725 1434 sum
746 1422 760 1443 ,
792 1391 855 1437 ut
881 1384 1244 1458 quodcunque
1264 1386 1489 1470 iustitiae
1520 1406 1583 1447 ac
1629 1393 1840 1463 pietati,
1866 1397 2200 1470 salutarique

606 1471 918 1529 discretioni
962 1476 1199 1532 vicinum
1236 1468 1532 1539 decernere
1557 1523 1573 1548 ,
1619 1499 1714 1541 seu
1746 1487 2047 1560 adimplere
2073 1468 2195 1548 cum

603 1576 874 1621 consensu
899 1565 1194 1638 elegeritis,
1221 1574 1402 1628 omnia
1429 1573 1640 1631 favente
1676 1577 1789 1635 Deo
1811 1581 2113 1659 perﬁciam,
2143 1594 2200 1641 et

604 1653 864 1713 adversus
879 1657 955 1729 (Ι)
979 1661 1256 1717 commoda
1281 1670 1773 1727 controversiarum
1794 1653 2074 1744 promissis
2093 1678 2199 1737 illis

601 1761 723 1818 nunc
751 1748 816 1802 ad
853 1750 1180 1811 domesticos
1215 1756 1337 1812 ﬁdei
1387 1760 1568 1829 regula
1599 1763 1844 1820 veritatis
1874 1768 2198 1836 pertinuisse

2306 652 2539 719 initium,
2572 665 2840 727 quatenus
2867 661 3228 717 assertiouum
3262 671 3592 719 sanctarum
3618 664 3731 721 forti
3754 684 3852 740 pra.

2304 744 2467 800 missa
2496 750 2787 815 sententia,
2833 752 3092 824 quidquid
3122 753 3494 824 imposterum
3521 757 3850 827 subsequenter

2303 835 2584 891 advenerit
2624 839 2691 895 de
2721 841 2858 897 actis
2889 843 3224 915 negotiorum
3248 844 3461 901 fortius
3504 846 3754 903 sustinere
3786 867 3850 907 ra-

2302 924 2411 982 leat
2438 930 2634 985 seriem
2663 932 3025 990 decretorum.
3067 934 3240 992 Unam
3289 951 3430 1009 ergo
3457 955 3627 998 sacrae
3654 943 3765 1007 fidei
3785 964 3849 1005 vc-

2305 1034 2420 1078 ram
2466 1022 2860 1091 professionem
2907 1042 3202 1098 veramque
3249 1030 3521 1101 regulam
3543 1042 3851 1103 tenere,_nos

2302 1122 2412 1168 tota
2471 1114 2672 1172 virtute
2718 1118 2886 1175 animi
2963 1128 3017 1176 et
3080 1121 3455 1192 profitemur,
3531 1134 3589 1181 et
3639 1130 3845 1186 acclama-

2298 1220 2442 1271 mus,
2476 1208 2793 1280 cunctisque
2823 1211 3228 1281 percipiendam
3254 1230 3328 1271 ac
3357 1216 3695 1274 retinendam
3735 1223 3843 1295 piem

2299 1296 2694 1354 deliberatione
2742 1300 3080 1357 incessanter
3122 1305 3501 1373 praedicamus
3525 1346 3541 1371 ,
3566 1308 3695 1371 sicut
3715 1326 3740 1365 a
3762 1329 3843 1368 san-

2298 1388 2401 1443 ctis
2431 1389 2687 1457 apostolis
2734 1399 2951 1447 ostensa
2997 1393 3242 1460 docetur,
3290 1397 3443 1453 sicut
3483 1413 3514 1451 a
3560 1404 3844 1470 sequentibus

2296 1475 2550 1536 Patribus
2597 1481 2916 1538 orthodoxis
2960 1485 3190 1541 disserta
3224 1487 3532 1558 probatur,
3566 1491 3695 1547 sicut
3722 1495 3839 1551 etiam

2298 1582 2329 1622 a
2376 1570 2581 1626 sanctis
2626 1571 2733 1628 illis
2779 1573 3148 1650 synodalibus.
3188 1578 3364 1648 gestis
3419 1594 3555 1635 vere
3610 1592 3840 1654 sancteque

2297 1658 2615 1716 conﬁrmata
2635 1663 2991 1733 dignoscitur,
3020 1665 3073 1721 in
3103 1668 3303 1737 quibus
3330 1668 3454 1725 Arii
3497 1670 3579 1726 vel
3608 1672 3837 1730 Eutichetis

2298 1748 2680 1809 insanissimus
2753 1769 2909 1810 error
2976 1755 3414 1826 deprehenditur
3444 1800 3473 1833 ,I
3527 1769 3582 1815 et
3641 1762 3840 1820 radicitus

597 1841 875 1909 probavit,
916 1844 1094 1903 adhuc
1117 1849 1261 1906 aliud
1305 1868 1335 1906 a
1366 1853 1715 1910 beatitudinis
1743 1864 1939 1914 vestrae
1967 1874 2192 1916 conven-

2299 1840 2678 1911 exstirpatur,
2752 1843 2895 1900 sicut
2948 1845 3182 1915 denique
3245 1847 3303 1902 in
3362 1849 3557 1922 sacris.
3612 1849 3832 1905 missarum

601 1941 656 1988 tu
711 1932 949 2001 ejusdem
1024 1938 1148 1997 ﬁdei
1221 1945 1455 2001 aviditas
1508 1948 1793 2017 deposcit.
1864 1962 2196 2010 connectens

604 2041 691 2082 me
747 2028 800 2083 in
880 2034 1171 2103 sequendis
1220 2037 1600 2097 traditionibus
1656 2042 1920 2099 confirmo
1974 2060 2194 2101 causam

598 2132 721 2188 qua:
750 2130 947 2178 vestrae
975 2124 1222 2193 dignitati
1251 2127 1513 2198 probatur
1541 2149 1645 2188 non
1685 2144 1966 2200 extranea,
1995 2153 2188 2207 quam-

600 2210 732 2266 libet
760 2229 861 2282 per
910 2231 997 2271 me
1028 2217 1227 2274 lucrari
1265 2220 1516 2279 Christus
1542 2226 1882 2293 exhortetur,
1920 2229 2191 2287 inimicam

599 2301 699 2356 sibi
747 2312 925 2359 tamen
966 2322 1088 2363 esse
1135 2326 1237 2365 non
1285 2313 1539 2385 ambigit,
1568 2316 1739 2373 donec
1765 2320 1906 2388 quod
1943 2322 2195 2379 ardenter

599 2410 770 2470 optat,
811 2403 1088 2463 obtineat:
1115 2409 1421 2467 Iudaeorum
1454 2415 1659 2471 scilicet
1696 2428 1753 2474 et
1780 2420 1947 2475 vitam
1994 2438 2196 2479 mores-

599 2509 705 2563 que
758 2496 1016 2554 denuntio
1045 2540 1061 2567 ,
1110 2517 1340 2571 quorum
1399 2509 1770 2566 tantummodo
1814 2513 1934 2567 novi
1988 2522 2190 2570 terram

599 2587 878 2658 regiminis
926 2593 1029 2648 mei
1076 2595 1336 2663 pollutam
1372 2614 1495 2656 esse
1541 2611 1695 2671 peste
1740 2607 2000 2678 contagii.
2055 2609 2190 2665 Nam

597 2694 720 2735 cum
781 2685 923 2740 Deus
950 2689 1294 2759 omnipotens
1326 2709 1519 2751 omnes
1569 2712 1635 2752 ex
1674 2698 1777 2755 hac
1802 2701 2023 2773 regione
2049 2706 2195 2760 radi-

595 2770 738 2828 citus
760 2776 1144 2846 exstirpaverit
1170 2782 1438 2849 haereses,
1465 2786 1567 2841 hoc
1595 2788 1768 2845 solum
1807 2770 2073 2865 sacrilegii
2103 2796 2192 2850 de-

598 2863 764 2921 decus
806 2870 1134 2927 remansisse
1177 2872 1514 2945 dignoscitur
1536 2918 1552 2942 ,
1580 2879 1724 2947 quod
1753 2889 1845 2934 aut
1877 2863 2077 2939 nostra:
2100 2885 2192 2941 de-

596 2955 832 3013 votionis
878 2958 1195 3017 instantiam
1246 2966 1504 3036 corrigat,
1551 2978 1643 3023 aut
1672 2970 1899 3028 ultionis
1929 2989 2041 3029 sum
2072 2976 2191 3031 vin-

595 3045 740 3102 dicta
789 3048 1084 3120 disperdat.
1135 3055 1214 3111 Ex
1254 3056 1334 3112 eis
1381 3059 1524 3114 enim
1572 3063 2191 3131 quosdaeraditionis

596 3151 784 3193 errore
808 3150 1022 3199 vetusto
1046 3145 1202 3203 video
1227 3149 1465 3207 retinere
1487 3151 1608 3222 jura
1638 3153 1900 3223 perfidiae,
1925 3158 2187 3227 quosdam

574 3242 729 3287 _vero
778 3235 917 3288 sacri
964 3237 1306 3306 baptismatis
1354 3242 1602 3312 expiatos
1655 3245 1962 3311 ablutione,
2013 3248 2087 3303 ita
2136 3250 2189 3304 in

598 3322 884 3389 apostasire
908 3325 1084 3383 denuo
1130 3327 1371 3399 relapsos
1407 3349 1650 3391 errorem
1678 3377 1693 3402 ,
1736 3349 1796 3394 ut
1823 3338 2193 3397 detestabilior

594 3414 903 3473 Inveniatur
935 3419 987 3474 in
1018 3421 1097 3477 eis
1139 3423 1370 3491 prolatio
1408 3426 1778 3498 blasphemiae,
1824 3446 1988 3502 quam
2014 3433 2069 3489 in
2110 3435 2191 3491 eis

597 3520 735 3574 quos
764 3509 1001 3566 nondum
1029 3523 1243 3569 constat
1268 3518 1578 3585 purificatcs
1610 3534 1729 3576 esse
1763 3525 2191 3593 regenerationis

594 3609 765 3653 sacra:
810 3598 1037 3671 liquore,
1070 3620 1168 3675 pro
1201 3622 1310 3676 quo
1342 3608 1498 3664 bona:
1526 3609 1845 3668 intentionis
1875 3628 2047 3685 agone
2070 3656 2087 3679 ,
2136 3625 2192 3673 et

594 3682 747 3742 lucro
801 3688 924 3745 fidei
971 3707 1111 3749 verte
1157 3695 1387 3752 obsecro
1434 3700 1793 3755 reverentiam
1834 3682 2190 3763 beatitudinis

595 3788 792 3836 vestra:
855 3790 1017 3853 atque
1085 3801 1250 3856 supra
1308 3797 1495 3845 taxato
1561 3801 1838 3848 contestor
1893 3798 2189 3853 tremendae

596 3868 985 3940 coniurationis
1009 3883 1215 3939 tenore,
1250 3888 1309 3932 ut
1337 3879 1541 3948 absque
1567 3882 1713 3937 omni
1743 3883 1948 3950 favore,
1985 3885 2191 3958 absque

595 3961 743 4016 omni
770 3976 1123 4031 personarum
1154 3969 1324 4039 partis
1369 3970 1607 4039 ipsorum
1657 3976 1995 4044 acceptione,
2027 3979 2186 4048 quid-

596 4052 728 4121 quid
771 4055 839 4110 ad
882 4056 1095 4113 Domini
1146 4069 1200 4114 et
1240 4061 1599 4131 redemptoris
1646 4065 1751 4121 mei
1805 4065 1932 4122 Jesu
1984 4069 2185 4127 Christi

594 4159 779 4201 veram
822 4147 1019 4216 ﬁdem,
1066 4167 1362 4225 verumque
1401 4156 1636 4225 pertinet
1666 4158 1960 4226 honorem,
2006 4161 2075 4218 de
2105 4163 2190 4220 bis

590 4236 830 4307 iubeatis
874 4243 1149 4304 ardenter.
1197 4254 1253 4301 et
1298 4248 1580 4305 verissime
1618 4251 1733 4307 Deo
1774 4267 1842 4309 ao
1890 4253 2009 4309 ﬁdei
2060 4271 2193 4312 mea:

595 4328 847 4400 placitam
876 4337 1198 4393 sententiam
1226 4339 1378 4405 dare,
1405 4349 1464 4395 ut
1489 4341 1633 4397 sicut
1652 4343 1786 4399 mibi
1811 4344 1993 4401 divina
2017 4346 2192 4416 pietas

592 4436 820 4494 regnum
864 4426 1098 4483 ﬁdelium
1145 4429 1294 4486 dedit
1327 4446 1448 4487 cum
1495 4434 1691 4503 quibus
1733 4450 1854 4492 eam
1894 4438 2187 4508 cognoscit.

2300 1930 2733 1989 solemnitatibus
2777 1935 3035 1992 concordi
3084 1951 3216 1993 voce
3269 1938 3603 2009 proﬁtemur
3650 1955 3707 1996 ac
3746 1942 3834 1997 dici-

2298 2039 2443 2080 mus.

2368 2113 2651 2177 Credimus
2688 2117 2743 2173 in
2775 2134 2943 2174 unum
2985 2118 3154 2179 Deum
3179 2119 3410 2177 Patrem
3442 2119 3830 2191 omnipotentem,

2296 2207 2559 2267 factorem
2597 2211 2721 2269 eteii
2763 2219 2821 2266 et
2848 2220 3045 2279 terrae,
3075 2212 3376 2273 visibilium
3419 2213 3655 2269 omnium
3675 2223 3719 2268 et
3737 2213 3833 2267 inri-

2295 2299 2529 2356 sibilium
2572 2301 2931 2358 conditorem.
2977 2302 3045 2358 Et
3092 2303 3146 2358 in
3194 2319 3370 2359 unum
3404 2302 3828 2361 Dominumlesum

2295 2391 2589 2459 Christum,
2632 2394 2828 2450 Filium
2859 2395 2955 2451 Dei
2980 2396 3325 2468 unigenitum
3350 2438 3367 2463 ,
3397 2407 3455 2452 et
3503 2412 3569 2452 ex
3609 2396 3747 2467 Patre
3762 2411 3827 2451 na-

2297 2495 2412 2545 tum
2433 2495 2557 2543 ante
2578 2488 2759 2544 ontttia
2778 2488 2999 2555 saecula,
3017 2488 3183 2546 Deum
3203 2505 3270 2545 ex
3291 2490 3430 2555 Deo,
3445 2491 3620 2545 lumen
3639 2506 3698 2545 ex
3713 2488 3823 2543 lumi-

2295 2592 2384 2641 ne,
2436 2578 2602 2633 Deum
2650 2594 2838 2633 verum
2868 2593 2937 2633 ex
2983 2579 3094 2635 Deo
3120 2595 3271 2646 vero,
3317 2590 3511 2636 natum
3539 2594 3635 2635 non
3661 2579 3823 2638 factum.

2294 2668 2577 2724 omousion
2600 2667 2773 2734 Patri,
2801 2670 2903 2726 hoc
2929 2679 3033 2737 est,
3047 2669 3290 2740 ejusdem
3317 2688 3444 2735 cum
3468 2671 3621 2727 Patre
3641 2670 3822 2726 substan-

2295 2761 2401 2824 tiaz,
2434 2775 2530 2830 per
2554 2775 2715 2830 quem
2745 2762 2927 2817 omnia
2951 2761 3090 2819 facta
3119 2773 3265 2828 sunt,
3298 2780 3425 2835 qua:
3456 2764 3508 2818 in
3537 2762 3665 2818 cado
3680 2769 3725 2815 et
3744 2774 3823 2829 qua

2295 2856 2351 2909 in
2382 2863 2563 2921 terra;
2590 2855 2682 2925 qui
2727 2864 2971 2924 nropter-
2995 2873 3094 2913 nos
3130 2866 3187 2912 et
3216 2866 3447 2929 propter
3490 2866 3703 2912 nostram
3723 2852 3819 2908 saln-
3868 2872 3869 2899 ι

2296 2958 2402 3004 tem
2434 2947 2749 3011 descendit,
2779 2958 2836 3003 et
2864 2950 3175 3011 incarnatus
3217 2960 3306 3007 est
3346 2952 3415 3007 de
3461 2948 3650 3020 Spiritu
3689 2954 3821 3008 sancta

2294 3053 2361 3094 ex
2389 3038 2557 3094 Maria
2586 3038 2824 3110 Virgine,
2859 3041 3021 3099 homo
3047 3041 3222 3098 factus
3244 3053 3302 3100 et
3339 3058 3531 3113 passus
3570 3040 3660 3097 sub
3684 3036 3817 3094 Pontio

2295 3132 2492 3198 Pilato,
2532 3149 2595 3187 ac
2639 3135 2912 3204 sepultus,
2943 3145 2999 3190 et
3031 3136 3190 3189 tertia
3219 3134 3319 3191 die
3337 3133 3646 3191 resurrexit.
3671 3131 3816 3186 Ascen-

2296 3222 2374 3276 dit
2402 3223 2455 3278 in
2487 3224 2672 3290 cmlos,
2710 3225 2861 3280 sedet
2894 3225 2962 3280 ad
3004 3225 3283 3281 dexteram
3314 3224 3518 3288 Patris,
3549 3222 3660 3289 inde
3686 3228 3814 3275 rentu-
3868 3248 3869 3263 ι

2296 3330 2388 3370 rus
2407 3313 2654 3382 judicare
2690 3317 2742 3371 in
2785 3317 2958 3390 gloria
2998 3317 3154 3373 vivos
3176 3326 3231 3370 et
3259 3327 3537 3385 mortuos,
3564 3313 3696 3384 cujus
3711 3308 3813 3377 rein

2268 3420 2403 3467 _nou
2451 3406 2557 3461 erit
2603 3407 2743 3463 ﬁnis.
2802 3407 3089 3479 Credimus
3140 3415 3195 3463 et
3233 3409 3287 3463 in
3338 3406 3592 3479 Spiritum
3632 3408 3811 3459 sancw

2293 3497 2686 3553 viviﬁcatorem
2709 3539 2724 3563 ,
2755 3514 2823 3554 ex
2846 3499 3009 3555 Patre
3044 3509 3100 3555 et
3133 3498 3273 3555 Filio
3321 3498 3707 3569 procedentem,
3729 3501 3811 3589 cunt
3868 3522 3869 3525 η

2292 3586 2455 3647 Patre
2500 3598 2558 3644 et
2614 3588 2754 3648 Filio
2800 3591 3136 3647 adorandum
3195 3599 3253 3648 et
3297 3589 3714 3664 glorificandum,
3750 3586 3810 3650 qui
3868 3616 3869 3664 ξ

2295 3679 2507 3741 locutus
2531 3688 2614 3736 est
2634 3695 2732 3750 per
2757 3682 3067 3753 prophetas.
3093 3682 3159 3737 Et
3181 3660 3350 3738 unam
3377 3680 3679 3738 catholicam
3697 3682 3809 3740 aliine
3868 3660 3869 3723 ι

2293 3773 2646 3843 apostolicam
2689 3774 3009 3833 Ecclesium.
3042 3773 3389 3832 Confitentur
3415 3787 3572 3830 unum
3612 3763 3807 3864 ωριίξξηε

2292 3863 2346 3919 in
2374 3865 2692 3921 remissione
2722 3875 3093 3937 peccatorum.
3117 3867 3513 3935 Exspectamus
3536 3862 3806 3919 resurrectio-

2293 3970 2416 4011 nem
2477 3965 2813 4014 mortuorum
2843 3999 2859 4025 ,
2903 3967 2961 4015 et
3002 3958 3167 4013 vitam
3212 3957 3381 4014 futuri
3440 3953 3625 4014 saeculi.
3666 3949 3803 4005 Amen.

2295 4048 2462 4119 Hujus
2480 4048 2600 4106 fidei
2622 4060 2823 4108 sanctae
2846 4051 3027 4123 regula
3053 4050 3255 4107 idcirco
3277 4067 3419 4107 nunc
3437 4047 3801 4104 tractatuan

2293 4141 2487 4212 recipit
2511 4154 2845 4212 aperturam,
2862 4145 2987 4214 quia
3012 4152 3069 4200 et
3088 4160 3119 4199 a
3141 4145 3318 4201 sacris
3346 4139 3640 4200 doctoribus
3653 4128 3804 4228 abunde

2292 4242 2505 4288 constat
2528 4235 2793 4305 exposita,
2826 4244 2883 4292 et
2916 4236 3315 4293 imminentium
3345 4245 3614 4291 causarum
3648 4229 3799 4294 πείθω

2291 4325 2360 4381 ad
2389 4325 2495 4381 alia
2519 4326 2741 4383 trahunt
2761 4327 3091 4398 peragenda.

2366 4417 2430 4473 ll.
2473 4417 2735 4476 Secunda:
2789 4420 3167 4491 disputationis
3215 4435 3445 4478 occursu
3490 4413 3642 4473 adfuit
3679 4417 3795 4475 πει»

592 4514 668 4571 ita
709 4531 924 4588 quoque
970 4519 1266 4576 inﬁdelium
1330 4497 1545 4592 assequi
1595 4525 1801 4589 tribuat
1842 4497 2053 4583 lucrum
2081 4570 2097 4591 ,
2130 4497 2184 4585 in
2219 4555 2266 4615 ο
2296 4510 2454 4577 “um,
2501 4510 3005 4615 iamf‘lcnﬁquam
3025 4522 3087 4615 ξι
3114 4528 3301 4584 ατηεν
3341 4513 3396 4568 in
3426 4524 3533 4615 συθ

589 4605 788 4675 quibus
829 4607 1122 4665 voluntatis
1169 4626 1280 4666 sum
1310 4611 1427 4668 ﬁeri
1456 4614 1686 4679 bonum,
1721 4624 1776 4671 et
1823 4617 1876 4671 in
1913 4618 2031 4687 cjtts
2058 4634 2189 4675 con-

589 4697 803 4753 venisse
832 4700 1199 4771 congaudeam
1226 4703 1537 4760 venerabile
1565 4720 1813 4776 regnum.
1856 4706 2053 4763 Datum
2089 4708 2190 4764 sub

590 4790 679 4844 die
706 4788 1072 4845 Kalendarum
1112 4790 1526 4859 Ianuariarum,
1562 4810 1707 4851 anno
1745 4796 1977 4854 feliciter
1999 4799 2191 4869 quinto

589 4878 774 4946 gloriae
844 4883 994 4953 regni
1047 4884 1240 4941 nostri.
1303 4884 1361 4940 In
1423 4886 1642 4943 nomine
1692 4888 1905 4944 Domini
1969 4890 2188 4947 Flavius

591 4967 1022 5029 Recccsinnthus
1071 4989 1166 5030 rex
1213 4975 1354 5032 hanc
1410 4974 1535 5031 fidei
1586 4983 1640 5032 et
1689 4977 1844 5034 honre
1892 4979 2190 5042 voluntatis

589 5075 726 5117 meae
756 5063 1197 5124 deliberationem
1232 5083 1391 5122 manu
1424 5082 1539 5123 mea
1571 5067 1894 5140 subscripsi.

660 5148 793 5206 Cn.
826 5153 867 5208 Ι.
908 5155 1124 5213 Relecta
1146 5159 1291 5214 omni
1323 5158 1516 5229 pagina
1541 5159 1626 5214 vel
1658 5160 1832 5227 finita,
1862 5177 1987 5219 cum
2018 5162 2182 5234 glori-

589 5239 909 5301 ﬁcassemus
924 5245 1092 5303 Deum
1109 5250 1173 5304 de
1190 5249 1309 5305 fidei
1328 5249 1641 5320 principalis
1655 5250 1865 5320 auditu,
1879 5253 2017 5317 etde
2030 5253 2186 5309 bonae

590 5332 888 5392 voluntatis
926 5338 1043 5408 ejus
1089 5340 1305 5406 affectu,
1326 5341 1397 5397 ad
1428 5343 1855 5413 peragendarum
1893 5360 2186 5401 causarum

591 5432 910 5480 exterarum
938 5428 1209 5497 negotium
1232 5431 1412 5486 statim
1431 5432 1692 5488 vertimus
1711 5434 1972 5503 animum,
2002 5435 2188 5491 simul-

590 5528 699 5584 que
733 5530 921 5572 sumus
954 5519 1132 5573 exorsi
1180 5519 1413 5574 initium.
1461 5520 1615 5577 Tunc
1641 5523 1829 5592 prima:
1858 5525 2189 5580 narrationis

592 5617 788 5665 exortu
816 5626 957 5667 vera
987 5610 1110 5667 ﬁdei
1163 5612 1321 5669 nobis
1362 5624 1627 5671 tractatus
1653 5616 1915 5684 occurrit,
1947 5615 2182 5686 incepi-

669 5724 748 5794 (1)
789 5725 1322 5802 Sic_legen_dttm_;__et
1347 5727 1594 5783 aduersus
1623 5731 1974 5789 omnimodam
2008 5728 2477 5787 controversiarum
2508 5729 2770 5800 querelam
2800 5730 3080 5802 principali
3109 5732 3412 5793 auctoritate
3430 5720 3664 5782 muniant!

608 5796 839 5865 fetidum.
876 5795 1175 5856 Promissis
1199 5797 1324 5865 illis,
1352 5808 1435 5854 ctc
1467 5840 1487 5865 ι
1516 5812 1623 5865 etc.

2297 4615 2461 4675 τιιψιθ
2504 4606 2726 4677 perfidis
2778 4605 3153 4676 disputatione
3201 4614 3507 4669 commetat,
3571 4605 3713 4652 utrum
3748 4599 3793 4639 ne

2296 4698 2471 4769 possit
2492 4698 2808 4754 earumdem
2851 4699 3249 4769 contemperari
3291 4694 3548 4754 sententia
3583 4687 3792 4744 damnato.

2297 4804 2445 4854 rum,
2478 4803 2675 4859 magno
2702 4788 2839 4844 satis
2868 4797 3069 4855 conatu
3095 4796 3181 4843 est
3208 4788 3562 4859 exquisitum;
3603 4773 3680 4878 sed
3708 4778 3789 4878 cuti—1

2297 4880 2510 4935 illarum
2545 4881 2717 4937 series
2768 4881 3136 4937 conditionum
3185 4882 3254 4938 ad
3310 4895 3444 4952 quas
3485 4871 3788 4969 decurrit“???

2293 4973 2454 5045 longe
2512 4973 2848 5043 temporibus
2890 4988 2989 5043 pro
3037 4987 3225 5029 eorum
3293 4968 3509 5044 penula
3554 4954 3786 5058 bo“???

2284 5041 2516 5120 vastitas
2539 5041 2640 5120 nos
2648 5062 2852 5132 jurare
2893 5041 3173 5134 coegerat.
3204 5041 3403 5120 ηοέιτίε
3428 5041 3783 5147 8⁸⁵⁸⁸7

2298 5156 2565 5211 recensita
2592 5196 2611 5223 ,
2639 5163 2851 5215 tantam
2879 5155 3183 5231 reperimus
3205 5151 3535 5225 obligationis
3555 5142 3646 5200 illic
3662 5141 3783 5191 inesse

2296 5260 2626 5315 censuram.
2679 5257 2741 5311 ιιι
2800 5246 3137 5310 macularum
3188 5263 3407 5305 Suarum
3450 5233 3680 5299 nodOSiias
3709 5232 3778 5275 “0"

2282 5346 2509 5395 tantum
2562 5339 2842 5397 videretur
2869 5339 3293 5410 prohibitionem
3319 5337 3519 5395 dedisse

2295 5427 2552 5495 sionum,
2614 5440 2878 5500 quantum
2931 5430 3266 5487 conclusisse
3321 5430 3515 5484 viscera
3568 5412 3771 5500 pietatm

2292 5517 2499 5574 Aderat
2540 5499 2686 5575 enim
2714 5521 2869 5590 quod
2896 5521 2949 5575 in
2996 5529 3230 5592 utroque
3271 5533 3432 5592 pavor
3459 5509 3636 5583 πεώδη
3663 5499 3772 5592 9“?

2294 5615 2464 5669 sancti
2498 5615 2733 5671 nominis
2774 5614 3083 5691 profanatio
3119 5614 3291 5680 ﬁeret,
3314 5621 3378 5682 ct
3410 5623 3473 5666 ne
3495 5590 3769 5752 miserant?"

2294 5728 2476 5752 “.“m‘”
2515 5729 2768 5752 ἠυλ-η-
2803 5730 2916 5752 ---—'--
2933 5731 2999 5752 -εμ
3014 5748 3023 5752 -
3046 5731 3080 5752 ιε
3121 5749 3176 5752 -μ-
3194 5743 3229 5752 --
3244 5750 3258 5752 -
3273 5732 3333 5752 με.
3347 5741 3412 5752 ξ.-
3430 5720 3622 5752 .......:.m
3640 5722 3686 5752 η
3728 5711 3763 5748 ι-

3665 5711 3763 5761 cdt-
