3910 6442
13 400 115 481 505'

1192 400 1685 469 DECItEi‘ALlUM
1722 400 2147 470 COLLECTIO.‘

3158 404 3263 474 508

12 533 226 608 operatio
270 508 545 598 interiret,
590 530 719 601 quia
777 544 843 586 ex
899 520 997 584 Dei
1042 526 1276 583 neminis
1323 524 1578 596 profana~
1609 536 1652 591 Α
1686 523 1751 579 Ει
1783 539 1880 594 per
1925 523 2202 580 Michzcam
2232 542 2245 579 :
2280 544 2299 577 ι
2334 508 2427 583 Vin
2471 525 2638 593 mihi,
2688 526 2869 583 anima
2922 542 3081 595 mea,
3134 530 3262 600 quia

12 629 133 680 tione
154 637 253 679 non
280 624 480 679 aberat
500 624 641 693 quod
673 622 933 688 terrebat,
959 620 1326 692 prohibitione
1354 616 1575 689 pietatis

12 715 173 769 aderat
217 712 361 783 quod
400 713 677 769 tendebat.
722 711 861 766 Dum
891 725 1105 782 quoque
1132 709 1343 765 alterno
1368 708 1576 780 pericu-

13 807 158 859 lorum
197 803 412 872 objectu
456 801 557 858 sibi
597 804 821 873 prolatae
857 800 1143 856 sententie
1188 806 1572 870 repugnarent,

14 892 425 965 periclitabamur
457 891 721 960 ancipites
752 891 805 945 in
832 888 1004 945 biﬁdo
1032 897 1269 961 paruum
1303 887 1573 943 dissiden-

14 986 122 1037 tium
148 981 428 1051 calle,jquo
455 980 833 1051 diremptionis
860 978 1076 1034 tramite
1091 977 1352 1049 judicium
1378 990 1571 1048 prope-

15 1083 148 1133 raret.
176 1072 280 1129 Sed
304 1088 432 1128 cum
479 1073 755 1144 gressibus
783 1070 1168 1142 disputationis
1208 1074 1408 1124 nostrae
1433 1077 1577 1124 esset

16 1164 303 1220 diiiicnltatis
354 1162 693 1233 congressio,
747 1170 802 1218 et
856 1162 922 1217 de
978 1161 1062 1216 via
1124 1176 1225 1217 nos
1260 1161 1567 1233 dejecissct,

18 1256 299 1329 properandi
342 1256 569 1310 tandem
609 1255 802 1310 relicto
843 1254 1160 1311 discrimine
1200 1269 1323 1309 cum
1358 1252 1576 1325 fragore

21 1348 327 1419 singultuum,
357 1356 416 1403 et
463 1346 732 1402 imbribus
762 1345 1125 1417 lacrymarum
1166 1346 1234 1400 ad
1266 1344 1433 1399 Deum
1480 1345 1574 1416 qui

22 1441 197 1512 pietatis
225 1438 346 1495 fons
367 1447 454 1496 est
483 1440 653 1495 verba
696 1438 858 1494 simul
907 1447 963 1494 et
1005 1437 1169 1493 corda
1208 1437 1575 1493 convertimus

26 1532 213 1586 orantia.
249 1530 434 1601 Spira,
497 1538 689 1585 sancte
736 1528 994 1601 Spiritus,
1040 1537 1101 1584 et
1150 1528 1332 1584 ducito
1370 1544 1469 1583 nos
1517 1528 1575 1584 in

25 1636 192 1697 portum
234 1625 539 1682 voluntatis
591 1634 696 1681 tute
754 1623 927 1697 (Paul.
987 1639 1070 1680 cvt
1099 1664 1113 1689 ,
1166 1605 1309 1695 .30),
1369 1623 1575 1679 sedatis

27 1716 229 1772 luctibus
267 1716 596 1788 ignorantia:
626 1722 846 1779 nostra),
875 1726 1006 1769 ecce
1037 1713 1182 1769 enim
1210 1712 1573 1784 periculorum

27 1817 159 1878 syrtes
204 1809 255 1862 in
297 1807 487 1863 littore
535 1822 731 1863 cursus
780 1805 953 1862 nostri
1008 1804 1359 1877 proveniunt,
1409 1814 1574 1875 atque

1680 620 1841 688 periit
1892 627 2172 675 revertens
2205 636 2235 673 a
2267 629 2414 675 terra
2440 660 2455 685 ,
2500 629 2557 675 et
2585 620 2677 691 qui
2708 621 2947 692 corrigat
2992 622 3136 676 inter
3166 624 3266 677 ho-

1678 713 1855 768 mines
1886 728 1991 767 non
2019 722 2123 776 est,
2148 724 2339 770 omnes
2366 713 2419 768 in
2447 715 2709 782 sanguine
2731 712 3067 783 judicantur,
3094 730 3265 771 unus-

1677 802 1908 873 quisilue
1975 802 2286 872 proximum
2373 818 2529 857 suum
2614 803 2873 868 tribulat,
2938 816 3127 859 omnes
3208 805 3263 859 in

1677 893 1879 949 malum
1910 909 2036 949 suas
2087 909 2281 949 manus
2312 903 2639 966 praeparant.
2664 914 2683 948 ι
2727 895 2808 950 Ad
2844 895 3261 951 beneﬁcentiam

1677 994 1824 1041 certe
1863 1000 1985 1055 qua:
2011 985 2208 1040 divinis
2234 986 2406 1041 oculis
2435 995 2584 1040 tanto
2638 995 2725 1042 est
2772 990 2980 1058 gratior
3007 1028 3022 1052 ,
3052 998 3260 1057 quanto

1676 1083 1734 1131 et
1800 1077 2072 1131 invenitur
2144 1092 2266 1133 esse
2332 1078 2684 1149 prmsentior,
2758 1079 2837 1133 sic
2912 1093 3011 1133 nos
3093 1078 3265 1134 isaias

1678 1166 1930 1233 instruit,
1986 1169 2219 1223 dicens:
2279 1186 2298 1220 ι
2335 1168 2582 1225 Dissolve
2638 1169 3010 1240 colligationes
3067 1171 3259 1242 impie-

1677 1257 1821 1322 tatis,
1852 1258 1999 1314 solve
2028 1258 2315 1317 fasciculos
2354 1263 2719 1332 deprimentes
2762 1263 2898 1335 (lsa.
2931 1280 3081 1328 Lvut,
3124 1264 3201 1336 6).
3231 1282 3251 1316 ι

1678 1348 1877 1405 Paulus
1904 1352 2067 1405 etiam
2095 1360 2190 1408 vas
2209 1352 2489 1409 eleCtiOnis
2514 1372 2527 1407 :
2564 1374 2583 1406 ‹
2606 1355 2788 1411 Pietas
2819 1356 2885 1410 ad
2909 1357 3089 1410 omnia
3114 1356 3263 1413 utilis

1676 1448 1761 1496 est
1789 1439 1841 1512 (Ι
1875 1440 2007 1495 Tim.
2036 1448 2112 1508 iv,
2143 1444 2216 1514 8).
2236 1465 2253 1497 ι
2281 1443 2592 1501 EtJacobus
2618 1464 2632 1500 :
2662 1456 2682 1497 ι
2701 1445 2971 1502 Judicinm
3004 1448 3122 1503 sine
3151 1447 3255 1500 mi—

1681 1533 1977 1588 sericordia
1998 1534 2071 1588 illi
2090 1534 2310 1606 ﬁet,qui
2339 1551 2444 1590 non
2477 1535 3071 1592 fecitmisericordiam.
3092 1536 3263 1607 Supe-

1686 1620 2140 1680 rexceHit-autcm
2170 1625 2541 1681 misericordia
2562 1626 2766 1695 judicio
2788 1625 2932 1699 (Jac.
2975 1643 3013 1683 ιι
3037 1668 3051 1687 ,
3091 1626 3201 1699 i3).
3242 1649 3260 1680 ι

1675 1709 1913 1767 Joannes
1963 1713 2091 1767 item
2122 1732 2136 1768 ς
2174 1732 2193 1765 ι
2226 1713 2327 1781 Qui
2359 1715 2475 1769 odit
2514 1715 2739 1770 fratrem
2788 1732 2947 1772 suum
2995 1717 3265 1772 homicida

1677 1809 1785 1868 est,
1816 1812 1871 1859 et
1899 1803 2085 1869 scitis,
2114 1805 2241 1875 quia
2265 1806 2444 1861 omnis
2475 1807 2744 1862 homicida
2776 1824 2881 1862 non
2907 1808 3074 1863 habet
3098 1809 3265 1862 vitam

37 1900 131 1955 hinc
156 1900 272 1956 inde
322 1899 683 1956 obviantibus
717 1897 1123 1970 naufragiorum
1154 1895 1419 1963 obicibus,
1468 1912 1576 1967 quo
1609 1895 1653 1956 Β
1680 1902 1940 1951 attentam
1968 1895 2021 1949 in
2049 1908 2110 1950 se
2138 1906 2448 1952 manentem
2482 1896 2535 1969 (Ι
2563 1896 2726 1952 Joan.
2761 1914 2844 1965 ill,
2876 1898 2987 1970 15).
3025 1918 3044 1951 ι
3075 1899 3142 1954 Ει
3166 1914 3267 1969 per

31 1993 354 2061 disputationis
380 2002 587 2048 nostra:
607 1992 727 2048 vela
756 1992 1061 2063 pandamus
1087 1991 1406 2048 attentionis
1435 2006 1569 2047 con-

32 2080 305 2138 sideratione
325 2097 435 2137 non
462 2082 772 2149 cernimus;
790 2082 885 2138 sed
913 2081 1117 2153 aspira,
1152 2091 1208 2137 tu
1235 2091 1423 2138 sancte
1451 2081 1575 2154 Spi-

34 2172 149 2237 ritus,
169 2180 218 2228 et
250 2174 373 2229 dato
395 2174 560 2229 nobis
584 2181 639 2229 te
660 2174 897 2230 donante
928 2187 1088 2229 nosse
1112 2174 1257 2245 quod
1275 2174 1486 2244 jubeas,
1510 2190 1575 2232 ac

33 2271 70 2315 te
110 2260 305 2331 iubente
354 2262 605 2334 implere
635 2278 794 2334 posse
851 2263 996 2334 quod
1042 2262 1294 2332 iusseris,
1345 2274 1404 2318 ut
1451 2280 1575 2335 per-

31 2353 254 2409 lustrando
303 2355 590 2414 illumines
639 2359 784 2427 quod
835 2357 1132 2423 nescimus,
1174 2365 1229 2412 et
1269 2355 1576 2426 adjuvando

31 2443 245 2514 perﬁcias,
278 2447 422 2517 quod
451 2446 683 2518 implere
724 2463 1005 2519 paremus.
1030 2447 1244 2505 .Simus
1278 2464 1408 2522 ergo
1436 2449 1488 2505 in
1521 2459 1575 2506 te

34 2537 398 2606 requiescentes,
457 2547 519 2594 et
567 2554 921 2595 erroneornm
970 2539 1229 2594 ﬂuctuum
1280 2540 1587 2611 pavoribus.

34 2628 205 2699 abiectis
248 2632 582 2688 commercia
618 2647 718 2687 nos
765 2632 897 2703 jube
943 2633 1234 2703 disponere
1270 2635 1441 2705 pacis.
1490 2635 1576 2689 in.

38 2722 237 2780 dicemus
261 2725 347 2780 illa
385 2740 518 2796 qua:
547 2735 603 2781 et
648 2725 700 2780 in
748 2725 978 2797 gloriam
1029 2735 1134 2780 tua:
1160 2726 1569 2798 omnipotentiae

40 2812 342 2883 conferantur,
388 2825 444 2872 et
493 2816 747 2872 humana:
771 2816 931 2872 saluti
975 2826 1026 2873 le
1060 2824 1334 2876 annuente
1370 2822 1573 2877 donen-

43 2910 118 2955 tur.
137 2902 469 2976 Temporibus
503 2920 612 2962 non
641 2906 827 2978 procul
859 2907 1107 2963 excursis
1145 2922 1269 2964 cum
1308 2925 1572 2981 quorum-

43 2992 129 3046 dam
184 2995 532 3053 refutatorum
610 2997 942 3053 tumultuosa
1010 2999 1206 3055 seditio
1263 3000 1575 3072 frequenter

46 3086 307 3144 vastationes
331 3090 494 3145 terris
520 3088 768 3155 inferret,
805 3098 861 3145 et
902 3091 1159 3146 scandala
1208 3094 1422 3163 populis
1448 3110 1571 3150 cum

44 3175 214 3233 excidiis
250 3179 534 3253 irrogaret,
567 3180 704 3235 adeo
733 3189 791 3236 ut
816 3182 1158 3251 captivorum
1184 3191 1392 3239 turmas
1413 3184 1573 3240 duce-

1673 1984 2024 2055 semetipsum
2086 1983 2317 2041 Veritas.
2365 2003 2384 2038 t
2432 1984 2649 2057 Diiigite
2716 1989 2965 2045 inimicos
3022 1999 3257 2053 vestros,

1673 2074 1977 2132 benefacite
2014 2078 2098 2131 bis
2128 2077 2219 2148 qui
2252 2093 2348 2133 vos
2393 2079 2585 2134 odiunt
2636 2080 2853 2152 (Matth.
2884 2098 2951 2147 v,
2979 2082 3092 2155 44).
3125 2103 3144 2136 ι
3198 2082 3267 2138 Ει

1676 2165 1917 2221 iterum:
1951 2165 2218 2222 Dimittite
2246 2208 2262 2234 ,
2312 2178 2369 2224 et
2416 2169 2719 2225 dimittetur
2766 2171 2939 2227 vobis.
2993 2172 3050 2228 Si
3083 2181 3264 2227 autem

1676 2268 1784 2312 non
1815 2256 2166 2324 dimiserjtis,
2201 2274 2301 2315 nec
2330 2257 2493 2315 Pater
2525 2273 2709 2317 vester
2741 2261 2978 2319 cmiestis
3016 2264 3254 2320 dimittet

1675 2348 1829 2405 vobis
1857 2359 2079 2419 peccata
2127 2360 2307 2407 vestra
2342 2350 2559 2422 (Matth.
2610 2369 2662 2408 vr
2694 2394 2707 2420 ,
2759 2354 2827 2408 12
2851 2365 2900 2409 et
2940 2356 3095 2428 ηιμ).
3122 2356 3263 2413 Ecce

1676 2448 1805 2495 sunt
1830 2440 2126 2497 Dominica‘.
2147 2441 2407 2511 jussionis
2436 2444 2564 2499 hinc
2593 2445 2717 2500 inde
2748 2446 3033 2517 astipulata
3065 2447 3267 2504 ﬁrmis-

1676 2532 1815 2586 sima
1844 2533 2097 2587 cautione
2126 2544 2419 2605 praecepta,
2450 2551 2512 2591 ac
2536 2537 2763 2607 proinde
2793 2540 2918 2609 quia
2946 2551 3075 2595 sunt
3096 2541 3266 2596 divini

1674 2626 1788 2682 oris
1814 2627 2199 2696 prosecutione
2224 2634 2401 2683 taxata
2429 2628 2723 2684 manebunt
2746 2645 2843 2700 per
2857 2633 3035 2687 omnia
3059 2641 3265 2689 aeterna

1676 2715 1793 2788 iege
1819 2716 2058 2787 praeﬁxa.
2090 2717 2230 2786 Quid
2254 2720 2420 2790 ergo?
2439 2718 2689 2791 Nunquid
2708 2719 3014 2790 iuramenta
3039 2724 3266 2795 justitite

1674 2815 1730 2863 et
1751 2807 2061 2879 juramenta
2087 2809 2237 2879 pacis
2267 2810 2368 2867 sibi
2400 2820 2588 2866 contra
2623 2812 2702 2869 ire
2747 2815 3091 2895 narrabimus
3136 2817 3268 2872 dunt

1675 2897 1935 2968 scriptum
1965 2899 2077 2954 sit:
2119 2919 2139 2952 ς
2173 2899 2540 2957 Misericordia
2576 2912 2631 2959 et
2668 2905 2870 2960 veritas
2906 2907 3268 2965 obviaverunt

1676 2989 1801 3057 sibi,
1825 2988 2038 3059 justitia
2064 3001 2117 3048 et
2145 3008 2249 3064 pax
2278 2996 2576 3066 complemc
2604 3007 2730 3053 sunt
2759 3014 2817 3054 se
2839 2998 3011 3072 (Psal.
3039 3018 3262 3070 Lxxuv,

1677 3080 1820 3151 11).»
1846 3081 1916 3136 At
1937 3083 2062 3151 quia
2087 3086 2578 3141 controversiarum
2608 3087 2789 3159 lapsus
2811 3104 2931 3145 sese
2956 3090 3009 3144 in
3033 3101 3259 3148 conten-

1678 3169 1823 3227 tione
1869 3170 2205 3240 diﬁ'unduut,
2281 3177 2416 3232 adeo
2481 3178 2639 3232 unius
2685 3181 2857 3251 partis
2901 3182 3258 3238 assertionem

47 3277 151 3334 τοίη,
189 3279 237 3326 ει
262 3273 624 3330 ἀεεοιαιίοηεε
648 3273 1004 3329 ecclesiarum
1045 3273 1307 3339 facerem,
1335 3291 1454 3344 qua,
1479 3277 1573 3331 ιηιί
1603 3257 1646 3317 C
1681 3266 2020 3321 narravimus
2075 3283 2180 3323 non
2225 3269 2566 3339 implendam,
2620 3288 2720 3327 cur
2757 3272 2980 3329 alterius
3027 3277 3259 3331 assertio

46 3373 257 3419 concussa:
303 3375 428 3421 sunt
469 3377 643 3439 peste,
693 3374 753 3420 ut
799 3366 1026 3437 quilibet
1076 3377 1303 3423 conatus
1342 3377 1580 3438 nequeat

50 3464 264 3522 reparare,
292 3469 549 3514 exactum
582 3468 667 3514 est
685 3459 737 3513 vi
761 3458 944 3529 potius
990 3460 1332 3517 necessitatis
1373 3472 1577 3518 exorta:

49 3553 163 3608 quam
177 3545 550 3606 deliberatione
563 3548 779 3619 iudicii,
809 3559 863 3605 ut
891 3562 1080 3606 contra
1101 3552 1319 3607 eosdem
1335 3551 1575 3608 eisdem-

50 3638 415 3700 questmillimos
436 3656 564 3697 cum
590 3643 735 3697 omni
772 3640 886 3697 fere
910 3642 1109 3714 populo
1136 3643 1403 3699 acerrima
1424 3645 1579 3715 jura-

51 3736 179 3782 menta
200 3732 455 3790 daremus.
478 3732 634 3790 Unde
652 3734 868 3804 jurasse
893 3750 992 3791 nos
1016 3749 1113 3806 per
1132 3736 1576 3791 attrectatione-m

51 3814 168 3873 divini
197 3827 413 3883 nominis
438 3827 683 3883 conditio
706 3826 1002 3897 juramenti
1028 3820 1386 3895 demonstrat,
1416 3836 1472 3884 et
1506 3844 1577 3885 ne

54 3911 194 3968 resolvi
237 3927 388 3988 queat
455 3934 631 3977 sacrae
680 3920 976 3991 Scriptura:
1023 3921 1320 3977 auctoritas
1384 3921 1574 3977 instat.

54 3997 263 4076 Scriptum
307 4028 539 4086 namque
587 4014 641 4069 in
694 4012 879 4070 Exodo
922 4024 1007 4070 est
1047 4015 1183 4085 (xx,
1231 4013 1332 4085 7).
1391 4032 1409 4067 ι
1458 4013 1577 4070 Non

56 4108 237 4156 assumes
283 4120 471 4162 nomen
526 4105 739 4162 Domini
790 4106 886 4162 Dei
948 4107 1022 4162 tui
1088 4108 1142 4162 in
1193 4121 1411 4173 vanum,
1464 4102 1576 4163 "nec

57 4184 260 4250 insontem
288 4200 424 4254 enim
456 4200 682 4256 habebit
710 4200 969 4256 Dominus
993 4214 1116 4254 eum
1145 4199 1237 4269 qui
1263 4210 1575 4270 aSSumpse-

60 4278 107 4333 rit
122 4297 278 4343 nomen
293 4290 381 4347 Dei
403 4293 485 4348 sui
511 4292 735 4349 frustra.
762 4312 780 4345 ι
797 4292 930 4349 item
956 4293 1008 4347 in
1032 4291 1571 4364 Levitico(x1x,12):

61 4368 175 4446 123
203 4397 219 4430 ι
252 4380 356 4439 Νοιι
395 4384 703 4456 perjurabis
757 4385 975 4441 nomine
1019 4399 1174 4448 meo,
1218 4399 1318 4440 nec
1366 4382 1578 4455 pollues

62 4476 203 4523 nomen
229 4470 422 4531 Domini
449 4477 545 4532 Dei
574 4476 674 4541 tui,
705 4490 805 4548 ego
837 4476 1116 4531 Dominus.
1146 4494 1167 4528 «
1191 4474 1263 4530 At
1286 4488 1415 4531 vero
1446 4477 1573 4546 quia

61 4550 164 4612 illata
203 4577 559 4631 pressurarum
597 4568 868 4624 acerbitas
907 4568 1101 4624 resolvi
1146 4569 1352 4640 possit,
1386 4583 1451 4624 ac
1482 4571 1573 4625 deo

62 4640 174 4712 beat,
205 4661 299 4709 tam
323 4657 661 4714 vinculorum
703 4668 759 4714 et
792 4659 1155 4716 lamentorum
1186 4660 1377 4714 horum
1417 4676 1574 4731 aspe-

65 4732 157 4791 ritas
177 4740 411 4817 insinuat,
435 4765 600 4823 quam
629 4751 873 4822 ejusdem
900 4751 1245 4807 auctoritatis
1281 4752 1574 4809 Dominica:

72 4836 277 4914 Pmcelita
302 4842 913 4910 commendant,etenim
939 4842 1095 4914 juxta
1126 4853 1362 4899 veterem
1398 4851 1575 4900 trans-

69 4910 259 5011 lationem
299 4931 367 4989 ita
412 4936 678 5008 quosdam
726 4950 827 5007 per
845 4910 1063 5007 [isaiam
1100 4937 1250 5008 gravi
1302 4936 1573 5009 exproba-

74 5014 179 5102 ξιοηο
199 5017 434 5085 Dominu's
472 5030 751 5100 increpat,
800 5039 856 5086 et
899 5029 1111 5102 arguit,
1156 5030 1382 5086 dicens:
1428 5051 1445 5084 ι
1483 5031 1575 5089 Vae

72 5100 156 5159 ﬁliis
179 5117 497 5190 desertionis,
537 5123 670 5180 dicit
704 5100 997 5190 Dominus,
1032 5122 1238 5178 fecistis
1284 5123 1573 5181 concilium

72 5202 144 5285 non
163 5213 243 5267 per
258 5222 332 5264 me
344 5224 396 5267 et
424 5213 792 5284 sponsionem,
821 5226 927 5268 non
953 5224 1053 5285 per
1076 5211 1333 5283 Spiritum
1369 5228 1571 5282 meum,

74 5278 247 5378 :‘dlicete
285 5278 551 5365 peccat-um
589 5319 753 5376 super
778 5278 1057 5375 peccatum
1092 5278 1226 5374 (isa.
1260 5318 1399 5369 xxx,
1437 5303 1510 5378 i).

74 5364 168 5428 “em
187 5379 231 5435 in
254 5379 508 5448 Ieremia:
545 5413 563 5447 ι
598 5364 923 5465 iniquitates
942 5398 1140 5447 nostra:
1163 5394 1570 5450 declinaverunt

76 5467 234 5553 omnia.
259 5485 307 5532 et
331 5495 546 5550 peccata
575 5495 760 5541 nostra
790 5494 1114 5540 amaverunt
1153 5485 1291 5540 bona
1320 5502 1351 5541 a
1384 5486 1568 5553 nobis,

78 5552 165 5613 quia
191 5559 363 5650 inventi
397 5583 520 5631 sunt
544 5576 596 5631 in
628 5577 826 5647 populo
851 5592 970 5633 meo
997 5576 1172 5650 impii,
1205 5589 1260 5636 et
1291 5579 1570 5648 loquentes

84 5648 180 5739 ξειηῆ
195 5687 206 5711 ,
224 5648 501 5718 statuerunt
529 5666 595 5721 ad
625 5666 1014 5739 dispergendos
1040 5648 1211 5735 virOS,
1237 5677 1291 5723 ei
1322 5683 1571 5737 Compre’

82 5723 341 5829 Ilenti-erunt;
372 5763 427 5806 ut
451 5753 673 5827 laqueus
702 5723 952 5813 venantis
1000 5758 1189 5829 plenus
1229 5758 1571 5825 vnialilibus.

86 5825 137 5874 εκ
158 5825 314 5893 domus
337 5825 722 5919 eorumﬁplenaa
750 5846 874 5906 dolo
922 5825 1056 5922 μέν.
1090 5866 1157 5920 v,
1200 5849 1272 5906 25
1304 5860 1351 5908 et
1380 5850 1515 5925 seq.)
1548 5868 1568 5903 ι

1603 4612 1651 4671 D

1680 3357 1854 3427 partis
1875 3357 2103 3427 jacturze
2139 3362 2375 3432 patietur
2420 3366 2783 3421 instantiam?
2831 3367 2897 3422 Et
2938 3366 3064 3438 quia
3112 3366 3266 3441 jura-

1681 3449 1848 3503 meuti
1874 3451 2113 3506 custodia
2144 3452 2403 3508 ultionem
2431 3468 2535 3510 non
2565 3466 2828 3528 temperat
2850 3461 3265 3529 pavescendam,

1680 3537 1883 3594 idcirco
1909 3540 2202 3610 impietatis
2234 3547 2495 3602 atrocitas
2517 3556 2744 3603 mortem
2774 3551 2952 3620 pariat
2980 3567 3266 3609 exsecran-

1681 3629 1843 3685 dam?
1902 3632 2065 3687 absit.
2114 3628 2324 3690 Etenim
2387 3637 2432 3693 si
2495 3637 2724 3709 publicis
2762 3655 3039 3698 sacrorum
3099 3645 3268 3717 gestis

1680 3721 1870 3793 (quod
1929 3723 2072 3781 Deus
2125 3728 2385 3799 avertat)
2444 3745 2475 3784 a
2525 3732 2854 3801 quibuslibet
2902 3734 3125 3802 illicita,
3180 3738 3266 3793 vel

1678 3829 1785 3869 non
1814 3815 1953 3870 bOna
1981 3816 2259 3873 exstitisse
2292 3820 2530 3876 conditio
2573 3822 2866 3895 allegatur,
2905 3841 3024 3895 qua:
3058 3836 3152 3882 aut
3174 3826 3267 3895 ju-

1679 3904 1865 3975 gulare
1898 3908 2135 3963 animam
2164 3912 2338 3981 patris
2361 3953 2376 3976 ,
2414 3925 2510 3968 aut
2554 3928 2717 3986 agere
2769 3917 3117 3987 compelleret
3153 3929 3269 3974 stu-

1678 4010 1836 4069 prum
1887 4000 2277 4058 sacratissima:
2322 4003 2590 4076 virginis,
2641 4008 2883 4078 nunquid
2934 4008 3269 4067 tolerabilius

1678 4096 1824 4144 esset
1849 4090 2030 4145 stultae
2059 4091 2436 4161 promissionis
2461 4093 2662 4163 ejicere
2692 4106 2811 4151 vota
2836 4137 2853 4163 ,
2895 4114 3059 4169 quam
3102 4099 3273 4156 inuti-

1678 4182 1810 4238 lium
1838 4187 2231 4256 promissorum
2257 4189 2529 4256 custodia,
2555 4191 2951 4249 exltorrendam
2979 4195 3268 4254 criminum

1678 4276 1903 4346 implere
1928 4280 2276 4335 mensuram?
2305 4281 2458 4349 Quod
2484 4282 2529 4337 si
2560 4283 2631 4337 ita
2662 4294 2824 4346 esset.
2854 4289 3123 4355 quomodo
3149 4306 3271 4345 ere-

1677 4367 1898 4424 deretur
1939 4371 2095 4425 unius
2140 4372 2483 4428 observantia
2530 4372 2783 4433 iussionis
2834 4375 2955 4433 fons
3004 4379 3262 4448 pietatis,

1679 4477 1802 4517 cum
1831 4463 2107 4519 emitteret
2153 4464 2381 4521 tribulos
2431 4466 2684 4524 ultionis?
2730 4467 2838 4523 Aut
2878 4485 3127 4541 quaenam
3176 4474 3266 4528 illa

1678 4561 1824 4608 esset
1852 4567 2022 4609 sacrae
2042 4554 2354 4611 observatio
2384 4556 2546 4628 legis,
2582 4573 2703 4628 qua:
2734 4559 3011 4633 sacrilegia
3038 4564 3270 4617 commi-

1679 4652 1815 4700 teret
1838 4646 2155 4714 probitatis?
2174 4648 2257 4702 vel
2291 4648 2443 4719 cujus
2472 4665 2738 4707 mensurae
2761 4652 3020 4722 iniquitas
3049 4655 3260 4710 videre-

1679 4747 1769 4792 tur
1792 4777 1806 4801 ,
1857 4748 1915 4791 ut
1956 4754 2023 4794 ex
2053 4740 2212 4794 unius
2237 4741 2488 4812 praecepti
2533 4742 2743 4797 cautela
2783 4745 2930 4799 necis
2959 4747 3265 4803 exorirelur

1679 4829 1988 4886 immanitas
2020 4832 2357 4887 truculenta?
2383 4834 2454 4887 At
2483 4849 2628 4889 nunc
2654 4849 2758 4890 non
2788 4836 2860 4890 ita
2883 4838 3266 4896 contendimus

1678 4928 1737 4975 ut
1765 4922 2177 4977 contentionum
2220 4923 2467 4979 divertiis
2515 4925 2805 4981 concitatis
2852 4927 3099 4997 nosipsos
3135 4943 3266 4984 con-

1681 5011 2013 5067 tentionibus
2044 5014 2433 5071 certaminibus
2460 5015 2810 5073 misceamus.
2861 5016 2957 5072 Est
2989 5030 3114 5073 vera
3156 5036 3264 5090 pax

1681 5100 1733 5156 in
1762 5110 1992 5174 utroque
2005 5104 2149 5177 quod
2172 5106 2421 5172 dicimus,
2438 5106 2561 5176 quia
2578 5108 2655 5163 sic
2672 5106 2905 5178 Spiritus
2920 5120 3142 5167 sanctus
3160 5113 3266 5168 iter

1678 5205 1922 5250 nostrtun
1949 5237 1964 5263 ,
2016 5212 2081 5252 ac
2106 5213 2322 5252 cursum
2355 5206 2658 5268 temperat,
2699 5207 2759 5253 ut
2804 5200 2855 5254 in
2888 5200 3039 5257 nullo
3075 5203 3264 5259 devius

1679 5305 1775 5345 nos
1803 5304 1961 5346 casus
2002 5306 2032 5344 a
2073 5290 2426 5359 dispositione
2468 5290 2731 5346 secludat.
2782 5288 2936 5347 Unde
2967 5291 3124 5363 plena
3147 5292 3263 5362 jam

1678 5394 1834 5447 voce,
1865 5381 2092 5453 pieniori
2120 5380 2255 5449 ﬁde,
2293 5382 2716 5452 plenissimusque
2744 5382 3045 5439 intentione
3069 5385 3264 5455 przedi-

1678 5471 1852 5528 cimus
1878 5514 1893 5537 ,
1921 5483 2085 5544 atque
2135 5473 2187 5527 in
2227 5481 2338 5527 tota
2387 5482 2587 5528 sancta:
2615 5473 2870 5531 Ecclesiae
2912 5476 3265 5531 universitate

1677 5569 2034 5640 praedicamus
2058 5567 2266 5637 pariter
2301 5578 2355 5621 et
2383 5576 2665 5637 optamus,
2706 5569 2852 5624 nulla
2882 5567 3263 5641 profanatione

1675 5660 1843 5717 solius
1864 5668 1920 5715 et
1943 5673 2167 5714 summac
2182 5657 2491 5712 Divinitatis
2511 5672 2703 5714 nomen
2726 5660 2960 5715 existere
2984 5676 3264 5716 assumen-

1677 5754 1827 5815 dum,
1859 5751 2001 5807 nullo
2029 5750 2267 5823 perjurio
2290 5749 2558 5821 sacrilegii
2584 5751 3260 5827 indebito‘profanaudum,

1679 5844 1827 5901 nullo
1857 5855 2096 5915 unquam
2125 5851 2375 5901 cout;;etu
2403 5842 2628 5900 fallaciae
2658 5843 3093 5915 contingendam:
3125 5842 3261 5900 Nam
