3910 6432
599 403 603 408 ί
645 378 749 433 507

1361 365 1655 424 APPEND.
1696 365 1788 422 AD
1821 363 1997 424 SEO.
2033 363 2127 422 ιιι.
2157 394 2226 406 -—-
2250 361 2498 422 lSlDOR-I
2536 357 2979 424 MERCATORIS

640 496 717 562 si,
745 497 1037 548 attestante
1052 485 1300 550 veritate,
1319 489 1539 555 propter
1559 481 1987 554 profanationem
2009 477 2229 550 periurii
2261 484 2306 540 Λ
2335 477 2473 532 mala
2489 478 2615 534 licet
2627 478 2966 535 sintomnino
2977 479 3637 553 cautisimepra'cavenda,
3663 494 3838 548 tamen:

645 585 953 644 cvitandam
979 579 1295 653 prohibetur
1331 578 1554 633 omnino
1578 575 1768 644 iurare
1787 617 1804 642 ,
1834 589 1960 631 cum
1989 574 2189 628 dicitur
2213 589 2227 626 :

642 679 732 734 Sit
761 691 942 731 sermo
973 680 1150 728 vester
1169 711 1184 736 ,
1211 679 1294 725 est
1319 711 1332 735 ,
1358 677 1481 723 est:
1514 683 1620 723 non
1649 709 1665 733 ,
1703 683 1808 723 non
1834 681 1850 721 :
1879 665 2020 736 quod
2051 673 2231 719 autem

645 770 767 842 plus
793 775 875 823 est
900 807 915 830 ,
957 781 985 819 a
1011 763 1152 818 malo
1183 769 1266 817 est
1296 757 1514 833 (Matth.
1538 776 1593 825 v,
1629 759 1740 829 57),
1765 759 2034 830 quomodo
2060 757 2234 828 impu-

646 862 818 914 nitum
849 858 951 913 erit
971 870 1163 911 nomen
1193 862 1355 907 tantae
1375 851 1557 924 gloria:
1575 849 1879 905 voluntarie
1892 848 2232 919 profanasse,

647 956 773 1008 dum
831 951 883 1004 in
914 965 979 1006 eo
1031 956 1213 1002 taxata
1257 945 1392 1001 ﬁdes
1437 944 1769 1014 dignoscitur
1811 933 2098 996 interisse?
2148 929 2233 996 vel
2300 1002 2303 1009 ι

645 1051 916 1111 quatenus
962 1039 1114 1110 pacis
1144 1037 1349 1092 foedera
1393 1037 1535 1091 inter
1561 1033 1802 1104 gentium
1849 1031 2076 1087 dissidia
2102 1029 2234 1101 liga-

648 1137 874 1198 buntur,
904 1131 947 1187 si
982 1146 1084 1184 non
1117 1127 1411 1198 iuramenti
1439 1135 1596 1198 pacta
1627 1124 1890 1184 sanctioni
1921 1123 2233 1194 integritate

645 1223 959 1284 serventur?
989 1223 1198 1278 Etenim
1224 1237 1387 1278 omne
1409 1220 1553 1291 quod
1583 1220 1637 1273 in
1661 1217 1810 1288 pacis
1834 1216 2037 1270 foedera
2061 1214 2231 1278 venit,

649 1325 776 1372 tunc
799 1314 1024 1370 solidius
1069 1310 1348 1373 subsistit,
1375 1325 1496 1364 cum
1521 1306 1818 1380 iuramenti
1848 1306 1952 1361 hoc
1989 1305 2234 1375 interpo-

646 1410 772 1466 sitio
800 1409 1049 1474 roborat,
1079 1407 1174 1462 sed
1219 1414 1274 1461 et
1312 1420 1472 1460 omne
1507 1403 1650 1474 quod
1687 1402 1900 1457 animos
1933 1401 2232 1456 amicorum

649 1501 908 1558 conciliat
936 1510 1064 1555 tunc
1090 1499 1250 1554 ﬁxius
1276 1498 1466 1563 durat,
1493 1511 1618 1552 cum
1640 1508 1735 1550 eos
1756 1492 2080 1549 sacramenti
2113 1490 2234 1546 vin-

647 1592 771 1649 cula
822 1592 1009 1664 ligant.
1053 1589 1226 1646 Omne
1277 1588 1442 1643 etiam
1493 1587 1637 1658 quod
1669 1585 1821 1640 testis
1873 1583 2229 1654 astipulatur,

646 1695 778 1742 tunc
801 1684 982 1739 verius
1016 1688 1230 1739 constat
1264 1695 1385 1734 cum
1425 1679 1477 1734 id
1521 1679 1751 1748 adiectio
1773 1675 2066 1745 iurationis
2091 1671 2236 1729 afﬁr-

645 1785 780 1842 mat;
805 1773 950 1845 quod
993 1772 1038 1828 si
1068 1780 1122 1827 et
1148 1771 1315 1842 gestis
1336 1768 1572 1834 deﬁciat,
1602 1766 1907 1823 innocentis
1930 1765 2088 1820 ﬁdem
2119 1763 2232 1820 sola

2328 568 2560 658 periculi
2609 573 2908 626 necessitas
2945 585 3012 626 ex
3037 571 3124 627 his
3156 588 3318 627 unum
3349 582 3642 643 temperare
3682 592 3832 650 compu-

2333 663 2481 729 lerit,
2512 660 2565 717 id
2593 663 2852 719 debemus
2895 663 3197 732 resolvere,
3229 665 3374 738 quod
3425 667 3612 722 minori
3635 679 3752 725 nexu
3774 689 3835 729 no-

2334 753 2504 808 scitur
2531 752 2782 824 obligari;
2813 754 2943 822 quid
2975 761 3161 810 autem
3185 770 3254 810 ex
3282 755 3372 810 his
3399 755 3587 820 levius,
3613 759 3773 827 quidve
3797 763 3838 817 sit

2333 843 2554 916 gravius
2578 844 2796 914 pietatis
2839 845 3091 901 acumine
3133 845 3488 916 vestigemus.
3533 845 3721 903 Etenim
3755 851 3838 907 dum

2330 934 2619 1005 periurare
2645 934 3052 1005 compellimur,
3093 945 3400 993 creatorem
3432 937 3642 1006 quidem
3679 940 3840 998 otl‘eudi-

2337 1041 2494 1091 mus,
2535 1025 2631 1081 sed
2676 1039 2778 1082 nos
2819 1027 3198 1084 tantummodo
3241 1027 3594 1084 maculamus.
3623 1027 3735 1085 Cum
3759 1048 3840 1090 vero

2335 1116 2498 1172 noxia
2547 1118 2814 1186 promissa
2850 1112 3220 1189 comphmu's,
3257 1127 3316 1174 et
3359 1118 3460 1174 Dei
3494 1119 3636 1190 iussa
3676 1125 3840 1190 superbe

2336 1212 2735 1268 contemnimus
2759 1253 2776 1278 ,
2803 1223 2859 1270 et
2897 1214 3160 1284 proximis
3190 1215 3361 1286 impia
3393 1214 3703 1272 crudelitate
3733 1234 3839 1276 uoci.L

2336 1323 2488 1372 mus,
2519 1317 2575 1363 et
2603 1308 2854 1380 nosipsos
2876 1310 3166 1366 crudeliori
3196 1311 3378 1383 gladio
3399 1312 3729 1369 'trucidamus.
3767 1315 3838 1371 Illic

2335 1397 2480 1452 enim
2510 1397 2722 1469 'duplici
2758 1398 3034 1471 culparum
3078 1401 3186 1458 telo
3233 1403 3604 1474 percutimur,
3629 1404 3707 1460 hic
3729 1407 3841 1479 tripli.

2335 1489 2476 1543 citer
2496 1487 2826 1560 iugulamur.
2876 1489 3069 1547 Restat
3105 1507 3236 1564 ergo
3283 1501 3345 1548 ut
3406 1508 3474 1550 eo
3515 1503 3683 1551 nostra
3713 1507 3840 1567 pergat

2337 1581 2611 1635 sententia
2639 1582 3160 1652 quo’misericordiae
3188 1587 3431 1655 patuerit
3458 1586 3576 1652 via,
3617 1602 3719 1656 quae
3738 1588 3790 1641 ita
3807 1589 3837 1640 in

2340 1667 2572 1726 Domino
2598 1672 2865 1741 probatur
2894 1683 3150 1745 accepta,
3183 1685 3247 1730 ut
3270 1675 3393 1746 plus
3408 1673 3522 1744 iam
3550 1677 3711 1746 cupiat
3731 1693 3834 1746 quam

2339 1758 2614 1816 sacriﬁcia
2639 1762 2974 1829 veneranda,
3000 1763 3216 1820 dicente
3245 1764 3403 1836 ipso:
3439 1783 3458 1818 ι
3497 1763 3835 1821 Misericordiam

640 1837 998 1938 iurisiurandi
1041 1837 1246 1918 taxatio
1291 1860 1624 1916 manifestat.
1669 1859 1808 1914 Hinc
1853 1865 1914 1912 ut
1963 1856 2234 1913 mentibus
2263 1837 2308 1898 Β
2341 1851 2463 1907 volo
2477 1860 2530 1908 et
2562 1868 2670 1908 non
2695 1854 3024 1910 sacriﬁcium
3049 1855 3264 1927 (Matth.
3299 1873 3378 1923 ιι,
3412 1857 3526 1930 13).
3557 1877 3576 1912 ι
3605 1857 3702 1914 Hac
3724 1858 3836 1913 indul-

649 1960 903 2017 humanis
933 1957 1112 2012 divina
1139 1956 1388 2012 voluntas
1416 1955 1680 2025 panderet
1719 1951 1861 2022 quod
1889 1949 2135 2015 volebat,
2166 1962 2235 2003 ne

655 2051 848 2104 labans
879 2047 1145 2117 fragilitas
1169 2061 1268 2116 pro
1299 2045 1507 2100 incerto
1539 2052 1765 2105 teneret,
1793 2041 1936 2112 quod
1966 2039 2239 2094 inviolata:

644 2139 890 2196 veritatis
910 2135 1196 2208 promissio
1225 2133 1579 2206 exprimebat,
1613 2148 1709 2202 per
1733 2132 1923 2187 Isaiam
1956 2131 2198 2200 loquitur
2219 2169 2234 2194 ,

646 2233 836 2289 dicens
863 2248 877 2285 ε
911 2249 930 2282 ι
963 2230 1074 2300 Ego
1102 2227 1362 2283 Dominus
1399 2234 1456 2282 et
1481 2240 1587 2281 non
1620 2233 1705 2279 est
1734 2223 1872 2279 alius
1892 2263 1908 2286 ,
1933 2223 1986 2276 in
2013 2229 2240 2276 memet-

648 2326 768 2396 ipso
790 2322 971 2394 iuravi
1001 2319 1137 2392 (Isa.
1171 2335 1308 2384 XLV,
1338 2318 1454 2390 25).
1485 2336 1506 2371 ι
1547 2317 1606 2374 Si
1646 2331 1777 2388 ergo
1818 2324 1983 2370 tanta:
2023 2309 2234 2369 institu-

646 2415 814 2473 tionis
845 2413 1017 2469 limite
1057 2420 1186 2467 sunt
1229 2411 1410 2464 votiva
1447 2407 1756 2478 iuramenta
1807 2403 2239 2475 servanda,quis

647 2506 859 2562 alienus
888 2519 917 2557 a
942 2501 1174 2558 veritate
1195 2500 1496 2556 constituat
1519 2496 1932 2554 exsecrabiliter
1961 2491 2238 2548 violanda?

650 2598 886 2654 Stabunt
912 2609 1043 2666 ergo
1083 2606 1253 2649 sacrae
1299 2589 1641 2647 auctoritatis
1685 2585 1894 2643 viviﬁca
1920 2579 2104 2656 iussa,
2138 2598 2240 2640 nec

646 2707 788 2748 vana
835 2687 1214 2762 profanatione
1280 2692 1442 2741 erunt
1489 2683 1832 2752 aliquatenus
1901 2677 2234 2734 temeranda.

648 2780 852 2838 Verum
900 2793 969 2835 ne
1004 2775 1315 2845 iuramenta
1342 2788 1462 2844 qua:
1486 2772 1610 2829 data
1660 2779 1816 2835 sunt,
1864 2769 2154 2825 videantur
2184 2767 2237 2821 in

647 2886 749 2928 nos
771 2870 843 2924 ita
875 2869 1090 2939 penitus
1114 2866 1524 2921 miserationum
1549 2860 1885 2918 conclusisse
1913 2857 2236 2929 praecordia,

645 2969 708 3016 ut
731 2959 928 3014 nullam
954 2958 1020 3012 de
1034 2955 1252 3026 pietatis
1275 2955 1471 3010 atl‘ectu
1495 2953 1687 3008 animm
1701 2953 1911 3007 viscera
1928 2948 2239 3019 concipiant

648 3049 1035 3120 indulgentiam
1082 3047 1402 3116 parituram,
1435 3046 1516 3099 sic
1561 3041 1818 3098 stabilitis
1866 3039 2240 3096 contractibus

644 3141 938 3213 juramenti
983 3140 1162 3195 sinum
1198 3136 1586 3194 misericordia:
1607 3135 1915 3207 aperimus,
1944 3140 2106 3202 atque
2142 3130 2232 3185 illa

646 3233 864 3290 cunctis
893 3232 1002 3287 Deo
1025 3230 1223 3302 placita
1257 3228 1506 3286 misereri
1549 3241 1868 3291 censemus,
1906 3233 1966 3279 ut
2003 3239 2102 3279 nos
2132 3239 2234 3278 nec
2260 3197 2306 3260 Ο

640 3325 939 3398 iuramcnti
970 3332 1150 3380 teneat
1174 3323 1358 3378 cautio
1388 3335 1530 3381 reos,
1555 3333 1655 3374 nec
1681 3316 2048 3373 inhumanitas
2071 3314 2234 3370 faciat

647 3418 1029 3476 exsecrandos.
1059 3416 1362 3472 Occurrere
1390 3420 1542 3468 certe
1579 3411 1905 3466 miserorum
1936 3409 2109 3464 ruinis
2136 3407 2232 3464 de-

646 3512 741 3567 bet
765 3509 1005 3566 subsidio
1019 3505 1389 3577 unusquisque
1414 3519 1522 3575 quo
1543 3502 1709 3569 valet,
1737 3509 1794 3558 et
1814 3516 1884 3556 ex
1906 3498 2236 3556 relevatione

648 3601 839 3658 aliena:
873 3599 1125 3655 vindictae
1160 3613 1190 3652 a
1213 3611 1272 3653 se
1317 3596 1413 3650 Dei
1444 3607 1700 3649 amovere
1733 3591 2062 3654 vindictam;
2102 3589 2237 3643 libat

647 3691 790 3746 enim
821 3689 1048 3749 Domino
1070 3699 1330 3757 prospera
1363 3683 1454 3755 qui
1482 3684 1550 3739 ab
1577 3681 1792 3737 amictis
1817 3678 2231 3754 pellitatlversa.

649 3782 803 3838 Unde
828 3781 929 3837 Job
955 3780 1182 3850 iuvante
1207 3778 1477 3849 passionis
1509 3775 1874 3846 experientia,
1917 3772 2233 3843 impendens

647 3872 993 3944 patientibus
1019 3871 1287 3942 passionis
1336 3885 1447 3924 suae
1495 3867 1812 3940 patientiam
1878 3864 2232 3928 memorabat,

650 3978 870 4019 suarum
902 3963 1161 4017 virtutum
1198 3959 1504 4031 catalogunt
1547 3967 1736 4014 texens
1763 3956 1906 4012 inter
1931 3964 2127 4010 caetera
2155 3954 2236 4010 sic

651 4053 926 4108 connectit
954 4069 969 4106 :
1007 4070 1025 4104 ι
1063 4051 1376 4107 Benedictio
1402 4049 1626 4121 perituri
1653 4063 1818 4119 super
1852 4061 1939 4101 me
1961 4046 2232 4110 veniebat,

649 4154 706 4201 et
745 4160 841 4199 cor
880 4144 1055 4199 viduae
1095 4141 1406 4197 consolatus
1449 4156 1567 4196 sum
1604 4140 1727 4211 (Job
1760 4155 1912 4204 xxix,
1947 4138 2057 4208 15).
2098 4157 2116 4190 ι
2168 4137 2238 4191 Et

650 4233 810 4305 paulo
839 4242 958 4304 post
984 4251 996 4286 :
1019 4249 1039 4284 ι
1076 4231 1297 4287 Flebant
1325 4231 1596 4302 quondam
1621 4244 1783 4300 super
1805 4245 1870 4285 co
1889 4229 1978 4299 qui
2001 4227 2234 4284 alllictus

649 4335 790 4392 erat,
821 4335 876 4381 et
899 4323 1331 4396 compatiebatur
1353 4324 1535 4378 anima
1562 4338 1678 4378 mea
1711 4323 1934 4394 pauperi
1959 4322 2081 4393 (Job
2105 4337 2230 4388 xxx,

647 4424 766 4495 εδ).
798 4443 816 4475 i
854 4423 990 4477 Hinc
1024 4433 1077 4478 et
1122 4421 1420 4477 Salomon:
1465 4440 1483 4472 ‹
1517 4420 1661 4476 Erue
1702 4434 1798 4475 eos
1841 4419 1934 4490 qui
1963 4420 2234 4474 ducuntur

650 4516 719 4571 ad
746 4524 1011 4579 mortem,
1049 4523 1104 4570 et
1129 4515 1222 4585 qui
1265 4514 1557 4568 trahuntur
1593 4513 1660 4567 ad
1690 4512 1968 4566 interitum
1997 4511 2232 4566 liberare

651 4622 720 4662 ne
749 4621 931 4662 cesses
958 4604 1138 4677 (Prov.
1169 4619 1316 4670 xxrv,
1348 4604 1458 4676 ii).
1490 4622 1508 4656 ›
1530 4602 1737 4670 Quibus
1765 4611 1971 4657 sancta:
2001 4600 2236 4656 auctori-

616 4695 618 4698 ’
651 4698 780 4754 tatis
811 4697 1062 4753 instructi
1093 4696 1359 4762 decretis,
1406 4711 1508 4752 nec
1537 4703 1786 4750 sanctum
1826 4708 2022 4750 nomen
2049 4691 2233 4764 profa-

650 4805 810 4846 nasse
839 4805 938 4846 nos
959 4797 1210 4854 constat,
1247 4787 1391 4858 quod
1441 4787 1752 4842 nullatenus
1787 4801 1885 4857 pro
1931 4786 2233 4841 sanandum

645 4880 736 4952 ius
763 4891 961 4937 nostra:
998 4879 1396 4952 praedicationis
1443 4879 1714 4944 insinuat,
1761 4887 1847 4942 et,
1887 4876 2235 4947 indulgentia:

650 4974 952 5029 visceribus
1022 4971 1333 5042 adapertis,
1387 4968 1514 5024 licet
1570 4969 1682 5024 oris
1741 4968 1825 5024 sui
1900 4967 2238 5037 professione

651 5063 895 5118 damnati
959 5061 1174 5118 difﬁcile
1221 5069 1537 5116 mereantur
1591 5059 1828 5126 absolvi,
1880 5057 2036 5128 juxta
2093 5059 2236 5129 quod

651 5156 916 5226 scriptum
941 5165 1024 5211 est
1072 5174 1085 5210 :
1136 5175 1154 5208 ι
1205 5153 1440 5226 Sanguis
1471 5162 1592 5208 tuus
1640 5167 1805 5224 super
1843 5162 2006 5222 caput
2049 5161 2234 5217 tuum,

651 5262 715 5302 os
743 5246 886 5301 enim
919 5255 1066 5300 tuum
1094 5245 1336 5302 locutum
1360 5255 1446 5301 est
1473 5245 1759 5300 adversum
1791 5255 1844 5300 te
1870 5242 1988 5315 (Ill
2021 5241 2146 5315 Reg.
2172 5259 2233 5310 tt,

652 5334 767 5406 37);
797 5353 814 5385 ι
846 5335 1146 5390 etitcrum:
1173 5355 1191 5387 ι
1225 5337 1308 5391 Ex
1333 5352 1430 5392 ore
1470 5343 1560 5390 tuo
1587 5334 2058 5400 condemnaberis,
2087 5345 2144 5390 et
2169 5351 2237 5391 ex

651 5441 750 5483 ore
779 5425 1269 5495 tuoiustiﬁcaberis
1295 5428 1514 5501 (Matth.
1538 5443 1613 5482 ιιι
1639 5467 1654 5493 ,
1684 5427 1775 5498 57)
1795 5467 1810 5493 ,
1846 5446 1865 5480 ι
1902 5436 2082 5482 tamen
2123 5427 2257 5500 pie--

653 5519 782 5574 tatis
831 5517 1063 5582 intuitu,
1096 5527 1152 5574 et
1202 5519 1457 5590 parcendi
1490 5518 1630 5573 viam
1665 5519 1983 5588 pandimus,
2019 5527 2075 5572 et
2130 5520 2236 5573 mi-

654 5609 1005 5665 sericordiam
1035 5619 1426 5680 prorogamus;
1476 5607 1634 5677 huius
1682 5623 1814 5664 sane
1859 5609 2237 5680 promissionis

655 5699 874 5756 incaute
901 5701 1126 5757 crudam
1151 5710 1542 5770 cruentamque
1565 5709 1866 5771 temperare
1892 5701 2234 5767 sententiam,

657 5791 744 5844 lita
772 5810 932 5862 quam
959 5797 1191 5850 maxime
1216 5793 1589 5863 compellimur
1617 5808 1776 5850 causa
1795 5833 1810 5861 ,
1834 5793 1976 5864 quod
1997 5793 2109 5849 haec
2137 5795 2239 5851 duo

2347 1944 2549 2014 gentize
2581 1959 2840 2002 concessa
2873 1946 3095 2002 licentia
3129 1947 3500 2005 miserationis
3521 1948 3672 2020 ipsius
3693 1963 3792 2019 opus
3807 1949 3836 2000 in

2341 2034 2563 2105 gloriosi
2591 2037 2856 2109 principis
2878 2047 3153 2109 potestate
3183 2039 3504 2112 redigimus,
3546 2047 3602 2096 ut
3619 2039 3723 2110 quia
3747 2039 3835 2093 Deus

2341 2128 2418 2183 illi
2462 2129 2758 2187 miserendi
2812 2130 3024 2186 aditum
3070 2131 3370 2203 patefecit,
3426 2131 3652 2187 remedia
3691 2131 3838 2201 pietatis

2341 2218 2456 2289 ipse
2481 2234 2698 2290 quoque
2719 2235 2827 2275 non
2851 2221 3102 2293 deneget.
3137 2221 3269 2288 Qua:
3298 2221 3377 2276 ita
3408 2219 3675 2292 principali
3705 2221 3836 2276 discre

2342 2311 2490 2368 tione
2516 2313 2797 2368 moderata
2827 2314 3147 2386 persistant,
3179 2323 3238 2369 ut
3263 2323 3322 2371 et
3351 2314 3462 2369 illis
3490 2314 3559 2369 sit
3585 2314 3835 2384 aliquatenus

2345 2405 2723 2462 misericordia
2749 2406 3086 2473 contribula,
3109 2415 3166 2462 et
3191 2421 3463 2477 nusquam
3477 2421 3603 2478 gens
3625 2414 3701 2460 aut
3721 2405 3833 2476 patria

2337 2515 2436 2572 per
2461 2499 2679 2556 eosdem
2713 2506 2809 2555 aut
2835 2499 3135 2572 periculum
3161 2499 3526 2570 quodcunque
3551 2495 3753 2568 perferat
3781 2506 3834 2548 aut

2332 2593 2646 2664 iacturam,
2695 2594 2811 2649 haec
2869 2593 3238 2649 miserationis
3290 2591 3522 2650 obtentu
3592 2602 3833 2660 temperasse

2338 2683 2588 2740 sutﬁciat.
2619 2683 2909 2750 Caeterum,
2945 2697 3284 2754 quascunque
3301 2683 3606 2754 iuramenta
3631 2695 3712 2752 pro
3729 2679 3830 2748 regis

2338 2777 2626 2847 potestatis
2653 2777 2826 2832 salute
2851 2818 2866 2844 ,
2911 2786 2967 2832 et
3013 2777 3396 2832 contutatione
3422 2767 3592 2846 gentis
3613 2781 3660 2828 et
3681 2771 3824 2842 patria.

2339 2868 2424 2923 vel
2455 2869 2713 2924 hactenus
2753 2876 2882 2923 sunt
2926 2876 3116 2923 exacta
3145 2909 3161 2935 ,
3195 2867 3280 2923 vel
3330 2867 3582 2936 deinceps
3615 2860 3831 2920 exstiterint

2339 2959 2626 3028 exigenda,
2655 2958 2803 3014 omni
2834 2957 3081 3013 custodia
3105 2991 3122 3023 -,
3153 2957 3417 3028 omnique
3441 2954 3693 3028 vigilantia
3726 2949 3832 3004 indis

2338 3051 2640 3108 solubiliter
2677 3051 3022 3108 decernimus
3074 3051 3419 3108 observanda
3443 3091 3458 3116 ,
3502 3063 3532 3105 a
3563 3047 3830 3104 membrorum

2340 3144 2681 3199 tmncatione
2737 3143 3038 3214 mortisque
3096 3143 3369 3200 sententia
3420 3141 3660 3213 religione
3690 3135 3831 3208 penitus

2337 3237 2600 3293 absoluta.
2629 3235 2734 3292 Sed
2761 3251 2830 3292 ne
2852 3249 3143 3308 pravarum
3168 3237 3433 3292 mentium
3453 3241 3650 3292 versuta
3669 3228 3827 3300 nequitia

2338 3331 2696 3400 nosmetipsos
2722 3329 2788 3384 ad
2818 3328 3046 3400 periurii
3075 3329 3406 3401 quandoque
3435 3331 3642 3385 devocet
3661 3323 3824 3394 culpam.

2339 3437 2440 3477 nec
2469 3437 2498 3476 a
2535 3429 2738 3477 sancta:
2766 3421 2889 3477 ﬁdei
2931 3421 3116 3492 regula
3153 3421 3297 3477 banc
3347 3429 3550 3478 asserat
3579 3417 3728 3474 venire
3752 3428 3826 3468 sen-

2341 3513 2560 3567 tentiam
2587 3552 2602 3575 ,
2663 3520 2776 3566 tam
2825 3511 3024 3567 divinae
3081 3510 3431 3567 auctoritatis
3485 3507 3678 3564 oracula
3727 3513 3827 3571 quam

2339 3602 2758 3672 praecedentium
2805 3601 3028 3657 Patrum
3079 3611 3288 3659 asserta
3348 3602 3475 3658 huic
3510 3595 3751 3656 narrationi
3773 3606 3829 3645 cn-

2341 3695 2579 3767 cavimus
2646 3694 2990 3750 innectenda.
3039 3693 3252 3748 Etenim
3318 3689 3651 3749 immutabilis
3691 3682 3830 3741 deitatia

2339 3784 2464 3841 licet
2512 3784 2656 3840 dicta
2701 3782 2811 3838 sint
2867 3781 3222 3856 ﬁrmissima,
3276 3782 3477 3840 crebro
3508 3789 3662 3835 tamen
3696 3772 3830 3844 eiust!

2332 3875 2639 3946 iuramenta
2683 3875 2939 3946 leguntur
2987 3884 3043 3928 et
3090 3874 3414 3945 paenitentia
3439 3915 3455 3941 ,
3500 3886 3612 3943 quae
3648 3869 3688 3922 in
3721 3861 3828 3918 sacris

2338 3975 2556 4024 exstant
2585 3965 2857 4037 mysteriis
2888 3957 3170 4036 adeperta.
3199 3963 3402 4021 iurare
3423 3975 3634 4034 namque
3655 3958 3724 4014 Dei
3741 3962 3795 4010 est
3809 3968 3826 4003 ε

2338 4075 2400 4115 se
2448 4057 2753 4113 nullatenus
2793 4056 3043 4114 ordinata
3098 4056 3430 4121 convellere,
3483 4053 3709 4126 pteuitere
3745 4055 3825 4097 vero

2339 4150 2530 4206 eadem
2584 4149 2835 4204 ordinata
2865 4163 2988 4203 cum
3021 4147 3266 4220 voluerit,
3304 4149 3598 4205 immutare.
3639 4141 3712 4197 Sic
3734 4135 3823 4191 enim

2337 4256 2436 4312 per
2493 4239 2824 4296 Hieremiam
2873 4240 3006 4296 dicit
3046 4255 3062 4296 :
3112 4239 3358 4312 Repente
3405 4241 3584 4310 loquar
3628 4234 3823 4288 adversum

2339 4340 2575 4405 gentem,
2604 4341 2660 4386 et
2679 4331 2968 4386 adversum
3012 4345 3258 4402 regnum,
3296 4342 3358 4387 ut
3411 4329 3680 4389 eradicem,
3704 4316 3822 4375 eldt“

2337 4435 2567 4490 struam,
2603 4432 2658 4478 et
2697 4423 3004 4494 disperdam
3038 4423 3188 4480 illud.
3233 4423 3292 4480 Si
3337 4419 3673 4496 paenitentiam
3711 4406 3821 4480 eger"

2263 4553 2314 4614 Β
2339 4532 2472 4588 gens
2506 4515 2597 4571 illa
2655 4530 2818 4586 super
2872 4515 3014 4570 malo
3056 4529 3156 4570 suo
3184 4515 3329 4585 quod
3355 4515 3554 4570 locutus
3576 4502 3823 4614 sutn'adver:

2342 4587 2436 4664 sus
2463 4623 2609 4672 eam,
2641 4622 2794 4679 agam
2820 4614 2878 4661 et
2903 4620 3004 4676 ego
3035 4606 3411 4677 paenitentiam
3440 4617 3588 4673 super
3607 4596 3716 4654 malo
3730 4587 3819 4658 ψιυλ

2341 4698 2605 4770 cogitavi,
2656 4705 2713 4750 ut
2752 4696 2987 4751 facerem
3028 4696 3079 4750 ei
3116 4694 3256 4766 (Jer.
3291 4709 3460 4758 xvut,
3491 4692 3519 4744 7
3544 4700 3585 4744 et
3609 4686 3671 4755 8).
3695 4679 3820 4744 Eli“

2343 4790 2702 4848 Ezechielem.
2733 4808 2751 4841 ι
2790 4788 2846 4845 Si
2887 4790 3076 4846 dixero
3097 4788 3248 4859 iusto
3275 4791 3392 4845 viro
3420 4785 3554 4859 quod
3585 4782 3675 4835 vita
3709 4772 3815 4828 tim.

2341 4894 2395 4938 et
2417 4897 2713 4938 conversus
2742 4897 2772 4935 a
2792 4879 3000 4950 iustitia
3022 4895 3120 4936 sua
3143 4882 3333 4938 iecerit
3354 4878 3679 4949 iniquitatem,
3695 4868 3816 4916 omnes

2337 4975 2565 5047 iustitiae
2625 4973 2741 5042 eius
2793 4972 3051 5028 oblivioni
3107 4972 3406 5039 tradentur,
3431 4978 3483 5025 et
3510 4962 3740 5047 iniquitate
3757 4960 3812 5003 Si“

2342 5046 2504 5136 Quam
2531 5073 2785 5135 operatus
2810 5072 2894 5118 est
2914 5063 2968 5118 in
2995 5063 3110 5134 ipsa
3143 5064 3420 5119 morietur.
3448 5059 3501 5116 Si
3523 5064 3673 5112 autem
3694 5046 3815 5100 dixero

2344 5157 2512 5228 impio
2538 5174 2550 5210 :
2576 5155 2746 5211 Morte
2774 5155 3047 5219 morieris,
3072 5162 3128 5210 et
3149 5155 3320 5224 egerit
3345 5146 3673 5224 paenitentiam
3689 5155 3712 5190 a
3732 5146 3810 5203 ΡΝ·

2339 5259 2466 5302 cato
2493 5262 2614 5312 suo,
2653 5245 2763 5300 vita
2791 5247 2956 5312 vivet,
2983 5259 3041 5300 et
3074 5259 3182 5300 non
3211 5243 3466 5299 morietur
3497 5231 3680 5307 (Eucti.
3706 5233 3809 5278 ιιιιι,

2337 5340 2408 5395 24
2437 5349 2486 5394 et
2524 5339 2681 5410 ιαμ).
2730 5357 2749 5390 ι
2784 5337 2843 5393 Si
2883 5352 3015 5408 ergo
3048 5345 3234 5393 nostra
3265 5332 3531 5392 conversio
3559 5327 3623 5384 sic
3647 5317 3807 5376 divinam

2338 5440 2514 5488 mutat
2542 5429 2902 5496 sententiam,
2944 5443 3043 5485 cur
3085 5428 3402 5484 miserorum
3434 5429 3578 5478 tanta:
3607 5413 3808 5503 ικιτηξεν

2339 5522 2424 5578 "el
2455 5537 2708 5594 Pressura
2738 5530 2847 5577 tam
2878 5521 3103 5578 crudam
3134 5535 3241 5576 non
3295 5519 3572 5588 temperant
3613 5518 3665 5560 ex
3702 5503 3806 5594 ηιιεξξ

2342 5617 2553 5687 ratione
2601 5615 2935 5672 vindictam?
2984 5615 3120 5671 Hinc
3155 5615 3319 5671 etiam
3382 5601 3639 5666 Israelitico
3680 5579 3808 5687 Muli}

2343 5721 2486 5776 sirpe
2523 5706 2658 5761 ultio
2705 5708 2972 5776 promissa
3024 5703 3400 5774 suspenditur,
3451 5706 3502 5753 et
3549 5682 3807 5776 ltt'inivitaru‘fi1

2347 5799 2577 5865 perditio
2614 5759 2810 5853 divitiae
2837 5759 3137 5852 sententia:-
3155 5792 3534 5867 permutatione
3558 5777 3738 5838 sedatur.
3764 5759 3806 5810 Αι
