3910 6442
38 530 146 574 vero
192 509 488 570 illustrium
554 508 772 566 laudum
839 505 995 562 titulo
1057 504 1352 576 pmclarus
1409 507 1599 554 auctor
1628 500 1673 556 Α

37 604 359 668 Ambrosius,
396 602 453 657 in
482 601 618 656 libro
649 599 718 656 de
751 595 956 654 Ofﬁciis
986 596 1164 668 primo
1187 635 1203 660 ,
1245 592 1468 662 hujusce
1516 587 1593 642 rei

36 697 281 756 causa.sic
307 695 588 766 loquitur:
622 693 718 748 Est
755 692 922 747 etiam
952 699 1141 746 contra
1179 685 1409 740 ofﬁcium
1456 695 1594 736 non-

39 803 284 860 nunquam
327 787 660 861 promissum
713 790 1113 840 sacramentum
1173 777 1443 833 custodire
1471 813 1486 839 ,
1537 781 1597 826 ut

41 879 286 944 Herodes,
341 878 433 947 qui
490 876 693 945 juravit
739 874 994 944 quoniam
1048 870 1308 942 quidquid
1362 867 1597 936 petitura

39 980 178 1036 esset,
203 969 357 1025 daret
396 967 525 1022 filiae
560 964 881 1021 Herodladis
907 972 961 1018 et
989 974 1176 1017 necem
1205 957 1432 1013 Joannis
1462 970 1598 1025 pra:-

41 1063 170 1127 stitit,
196 1078 259 1116 ne
279 1059 612 1130 promissmn
643 1059 936 1128 denegaret
954 1055 1146 1122 (Marc.
1170 1067 1220 1106 vr
1242 1091 1256 1115 ,
1277 1050 1348 1104 22
1372 1060 1417 1104 et
1443 1048 1595 1118 δρψ).

41 1156 152 1209 Nam
177 1153 240 1208 de
264 1150 461 1222 Jephte
495 1148 624 1219 quid
668 1148 847 1204 dicant
873 1147 896 1201 ?
926 1144 1026 1213 Qui
1058 1142 1368 1198 immolavit
1409 1139 1598 1202 ﬁliam,

45 1260 141 1316 quae
186 1242 287 1299 sibi
334 1242 534 1298 victori
586 1242 822 1311 primum
876 1243 1223 1298 occurrerat,
1257 1250 1365 1303 quo
1416 1241 1599 1285 votum

47 1339 258 1408 impleret
284 1337 429 1406 quod
460 1334 827 1406 spoponderat
853 1342 912 1386 ut
950 1329 1207 1399 quidquid
1239 1327 1339 1381 sibi
1365 1325 1598 1397 primmn

47 1426 374 1490 occurrisset,
429 1422 655 1480 oﬂ‘erret
702 1423 812 1476 Deo
862 1421 1063 1490 (ludia.
1112 1434 1176 1482 ιι,
1213 1417 1283 1471 δι
1338 1426 1384 1470 et
1442 1413 1594 1484 seq).

49 1521 202 1576 Melius
245 1518 425 1574 fuerat
473 1517 608 1572 nihil
651 1518 756 1572 tale
797 1514 1146 1585 promittere,
1178 1526 1341 1580 quam
1373 1508 1602 1578 promis-

49 1629 143 1667 sum
168 1610 371 1668 solvere
400 1609 718 1680 parricidio.
752 1608 882 1662 Item
916 1605 1125 1660 inlibro
1141 1603 1330 1657 tertio:
1361 1599 1602 1654 Primum

52 1720 151 1775 ergo
168 1705 435 1759 sincerum
465 1709 680 1772 oportet
705 1715 826 1756 esse
849 1697 1124 1761 affectum,
1150 1707 1206 1752 et
1235 1693 1602 1762 unusquisque

54 1794 305 1864 simplicem
338 1807 652 1848 sermonem
687 1790 947 1862 proferat,
993 1804 1086 1842 vas
1116 1803 1273 1842 suum
1315 1786 1367 1839 in
1399 1784 1604 1840 sancti-

59 1855 146 1941 tate
168 1884 469 1956 possideat,
506 1899 611 1938 nec
629 1882 855 1936 fratrem
883 1878 1388 1947 circumscriptione
1413 1875 1604 1931 verbo—
1636 1855 1682 1916 Β

58 1993 147 2030 rum
170 1977 404 2042 seducat,
435 1975 573 2030 nihil
599 1974 878 2045 promittat
905 1971 1248 2025 inhonestum
1268 2008 1284 2032 ,
1314 1983 1381 2022 ac
1407 1967 1452 2021 si
1477 1981 1606 2034 pro-

62 2068 271 2133 miserit,
329 2065 670 2123 tolerabilius
713 2071 797 2120 est
843 2062 1166 2133 promissum
1223 2073 1328 2113 non
1385 2055 1564 2111 facere
1592 2097 1607 2120 ,

62 2175 188 2226 quam
207 2158 377 2215 facere
399 2157 551 2229 quod
581 2166 740 2226 turpe
761 2155 851 2210 sit.
887 2154 1040 2224 Smpe
1065 2153 1309 2224 plerique
1337 2149 1610 2206 constrin-

64 2259 167 2316 gunt
192 2265 244 2304 se
275 2247 586 2320 jusjurandi
631 2253 998 2308 sacramento,
1030 2253 1089 2298 et
1117 2259 1236 2296 cum
1271 2241 1369 2311 ipsi
1405 2255 1610 2310 cogno-

68 2340 206 2394 verint
242 2338 671 2411 promittendum
697 2353 802 2392 non
831 2337 998 2392 fuisse
1022 2375 1038 2399 ,
1069 2333 1395 2390 sacramenti
1433 2343 1611 2387 tamen

70 2429 479 2499 contemplatione
526 2429 734 2484 faciunt
759 2429 902 2497 quod
935 2426 1352 2497 spepondcrint,
1378 2425 1520 2480 sicut
1545 2423 1614 2478 de

69 2518 240 2574 Herode
279 2518 809 2590 suprascripsimus,
861 2518 952 2587 qui
1008 2516 1270 2572 saitatrici
1332 2515 1612 2586 praemium

73 2609 262 2678 turpiter
287 2610 574 2680 promisit,
613 2607 908 2663 crudeliter
945 2607 1128 2669 solvit,
1165 2616 1320 2676 turpe
1354 2614 1438 2660 est
1471 2604 1616 2674 quod

71 2715 250 2770 regnum
299 2715 394 2771 pro
437 2699 732 2756 saltatione
777 2699 1112 2770 promittitur
1144 2738 1159 2762 ,
1203 2697 1420 2752 crudele
1471 2696 1614 2765 quod

75 2804 186 2844 mors
230 2806 321 2861 pro
385 2789 639 2861 professa
693 2788 1048 2860 jurisjurandi
1123 2788 1386 2859 religione
1433 2787 1614 2842 datur.

77 2880 246 2947 Quanto
288 2881 630 2938 tolerabilius
693 2881 797 2936 tale
843 2880 1034 2935 fuisset
1087 2879 1384 2951 perjurium
1436 2894 1619 2934 sacra-

77 2975 261 3030 mento?
287 2975 352 3030 Et
378 2990 559 3046 pauca
585 2975 653 3030 de
674 2972 867 3044 Iephte
900 2974 1182 3043 disputans
1228 2992 1240 3026 :
1289 2973 1615 3028 Miserabilis

80 3067 320 3124 necessitas
345 3083 467 3138 quze
491 3066 724 3122 solvitur
753 3067 1069 3136 parricidio.
1107 3065 1296 3120 Melius
1316 3074 1394 3119 est
1432 3073 1614 3118 votum

82 3170 159 3210 Ion
180 3157 369 3214 solvere
395 3173 580 3228 quam“
603 3157 657 3212 id
683 3197 699 3224 ,
729 3157 870 3230 quod
916 3157 1016 3212 sibi
1066 3157 1112 3212 is
1155 3157 1241 3210 cui
1284 3157 1618 3226 promittitur

84 3219 446 3308 nolitexolviJ‘Z-t
464 3259 590 3321 post
606 3219 913 3321 paululum:
939 3249 1055 3305 Non
1077 3219 1470 3320 semper-igitur
1488 3266 1614 3320 pro-
1642 3219 1689 3284 ο

85 3340 208 3396 missa
228 3343 469 3399 solvenda
508 3343 689 3400 omnia
719 3353 861 3398 sunt.
891 3343 1129 3412 Denique
1156 3344 1268 3412 ipse
1293 3342 1456 3407 Deus,
1479 3343 1619 3398 sicut

84 3427 552 3501 Scripturaindicat,
575 3433 885 3504 frequenter
909 3443 1082 3489 mutat
1109 3449 1259 3490 suam
1274 3434 1616 3488 sententiam.

139 3522 212 3576 i’ir
230 3539 429 3596 quoque
455 3525 838 3582 sanctissimus
864 3525 1219 3595 Augustinus,
1246 3523 1622 3595 vestigationis

89 3614 286 3670 acmnine
326 3625 546 3679 cautus.
570 3615 878 3672 inveniendi
925 3625 1044 3671 arte
1092 3616 1428 3686 praecipuus,
1467 3629 1615 3671 asse-

90 3704 202 3758 rendi
237 3706 378 3776 copia
426 3705 709 3779 protinus,
759 3705 1082 3777 eloquentiae
1134 3706 1265 3762 flore
1318 3717 1618 3770 venustus,

90 3794 313 3860 sapientia:
341 3796 523 3852 fructu
573 3797 834 3853 fecundus
860 3837 876 3860 ,
921 3797 1035 3851 hare
1063 3797 1116 3850 in
1143 3798 1256 3851 suis
1281 3806 1468 3851 narrat
1493 3795 1623 3851 aﬂ‘a-

91 3883 232 3942 tibus:
290 3889 400 3945 Duo
464 3900 594 3946 sunt
656 3890 878 3945 omnino
933 3905 1131 3961 genera
1183 3891 1621 3956 mendaciorum,

92 3973 131 4027 in
168 3979 340 4047 quibus
392 3996 506 4038 non
553 3994 746 4052 magna
793 3979 950 4050 culpa
998 3987 1103 4044 est,
1148 3986 1243 4035 sed
1282 3990 1461 4036 tamen
1515 3997 1623 4036 non

93 4072 153 4117 est
199 4069 301 4125 sine
333 4071 492 4142 culpa
518 4086 642 4127 cum
699 4078 791 4126 aut
829 4069 1100 4140 jocamur.
1140 4081 1234 4126 aut
1279 4073 1625 4142 promisimus

95 4159 348 4228 mentimur;
393 4164 527 4219 illud
572 4163 804 4234 primum
856 4164 910 4218 in
953 4162 1187 4231 jocando
1224 4180 1328 4220 non
1375 4177 1460 4222 est
1503 4182 1629 4238 per-

96 4244 455 4310 niciosissimum
485 4295 500 4320 ,
547 4255 674 4326 quia
715 4270 822 4310 non
861 4253 1042 4322 fallit,
1074 4256 1223 4310 novit
1252 4257 1394 4312 enim
1422 4258 1509 4314 ille
1535 4259 1624 4315 cui

97 4334 248 4394 dicitur
285 4343 388 4414 joci
434 4362 602 4404 causa
651 4362 770 4404 esse
817 4349 1046 4414 dictum,
1090 4349 1387 4404 secundum
1443 4358 1624 4406 autem

100 4427 235 4487 minus
257 4445 352 4503 est,
401 4439 527 4494 ideo
563 4439 690 4508 quia
726 4439 926 4495 retinet
957 4439 1271 4495 nonnullam
1300 4440 1628 4496 benevolen-

101 4519 214 4577 tiam.
235 4525 362 4583 Idem
386 4531 502 4602 ipse
527 4549 542 4585 :
563 4527 680 4586 Non
706 4530 917 4585 auferat
937 4530 1158 4602 (inquit)
1186 4531 1384 4588 veritas
1415 4532 1622 4588 miseri-

103 4617 310 4689 eordiam,
327 4640 422 4682 nec
435 4625 809 4682 misericordia
824 4627 1082 4696 impediat
1097 4629 1402 4693 veritatem,
1417 4629 1464 4686 si
1479 4631 1626 4686 enim

105 4715 177 4768 1³η)
187 4711 403 4780 veritate,
415 4725 510 4771 aut
523 4716 677 4787 quasi
697 4717 868 4788 rigida
889 4717 1119 4773 veritate
1133 4717 1331 4775 oblitus
1345 4719 1512 4776 fueris
1527 4722 1627 4777 mi-

108 4797 418 4872 sericordiam,
439 4823 548 4863 non
570 4808 872 4864 ambulabis
890 4808 946 4864 in
965 4809 1052 4864 via
1072 4809 1304 4877 Domini,
1321 4811 1375 4867 in
1395 4827 1503 4882 qua
1527 4813 1630 4868 mi-

113 4890 350 4980 sericordia
361 4909 413 4954 et
424 4901 994 4958 veritasobvisverunt
1006 4903 1107 4960 sibi
1131 4903 1304 4977 (Psal.
1317 4921 1483 4962 xxxix
1494 4908 1536 4974 ,l
1547 4907 1625 4980 2).

119 4977 242 5067 lu
266 4986 448 5050 Beatus
471 4994 638 5050 etiam
669 5009 806 5066 papa
835 4993 1151 5067 Gregorius,
1177 5007 1233 5054 et
1265 5001 1390 5054 vita:
1422 4977 1632 5058 meritis

118 5066 445 5150 bouorandus,
486 5094 650 5156 atque
696 5085 753 5141 in
809 5066 1004 5143 ethicis
1053 5089 1450 5146 assertionibus
1493 5104 1633 5161 pene

118 5167 280 5256 functis
299 5175 484 5231 merito
498 5175 885 5247 praeferendus,
909 5178 989 5234 sic
1011 5179 1064 5234 in
1089 5179 1241 5236 libris
1263 5181 1426 5236 infert
1446 5197 1633 5238 mora-

120 5244 400 5328 ϋιυεςρυίι
420 5244 553 5338 πέει
576 5263 836 5335 Beemoth
874 5267 978 5324 iste
1010 5275 1123 5326 tam
1170 5270 1637 5340 inexplicabilibus

122 5345 256 5405 modis
282 5351 484 5426 ligatur,
514 5366 573 5417 ut
601 5357 919 5430 plerumque
940 5375 1094 5416 meus
1115 5361 1170 5416 in
1199 5363 1362 5419 dubio
1385 5363 1636 5427 adducta,

126 5436 231 5494 unde
255 5456 310 5510 se
335 5461 364 5501 a
397 5449 550 5521 culpa
577 5449 788 5506 solvere
811 5450 1027 5518 nititur,
1067 5452 1192 5509 inde
1231 5454 1387 5525 culpa
1433 5455 1640 5511 arctius

127 5528 414 5604 astringatur,
438 5550 582 5598 recte
625 5541 862 5612 dicitur:
889 5541 1072 5599 Nervi
1098 5545 1466 5601 testiculorum
1520 5545 1639 5616 ejus

129 5619 316 5710 itﬁrplesi
335 5643 488 5699 sunt,
539 5645 858 5706 argumenta
899 5651 1132 5706 namque
1178 5637 1639 5694 machinationum

133 5697 256 5808 Ψίυῇ
277 5728 371 5782 ‘luo
391 5697 555 5795 magis
576 5697 891 5797 rélaxantur
913 5735 974 5781 ut
996 5697 1302 5798 relinquant
1325 5768 1340 5793 ,
1370 5743 1437 5784 eo
1471 5731 1642 5802 magis

138 5796 414 5866 ""l’licantur
437 5825 492 5869 ut
515 5825 747 5874 teneant.
774 5817 867 5874 Est
894 5825 1070 5874 tamen
1103 5796 1244 5889 quod
1272 5821 1337 5874 ad
1363 5796 1643 5878 destruem

1206 370 1690 437 DECRETALIUM
1716 370 2115 430 COLLECTEO.

1653 4575 1706 4636 D

1705 493 1803 550 das
1831 498 2100 554 versutias
2148 498 2350 554 utiliter
2379 498 2494 565 fiat,
2539 508 2598 554 ut
2641 512 2761 554 cum
2791 510 2946 554 mens
2991 497 3185 554 minori
3229 501 3286 553 et

1697 587 1936 642 maximo
1959 600 2182 658 peccato
2204 590 2611 660 constringitur,
2642 590 2686 644 si
2716 588 2938 643 omnino
2962 587 3140 643 nullus
3165 588 3285 643 sinu

1696 687 1918 745 peccato
1951 679 2132 734 aditus
2164 681 2425 735 evadendi
2469 689 2644 750 patet,
2683 680 2889 734 minora
2932 663 3146 748 semper
3187 677 3287 732 eli-

1697 781 1934 841 gantur,
1981 774 2105 842 quia
2151 783 2206 828 et
2258 776 2348 844 qui
2403 790 2678 829 murorum
2725 773 2929 826 ambitu
2981 787 3048 826 ne
3097 769 3283 840 fugiat.

1697 861 1987 927 clauditur,
2021 863 2092 918 ibi
2125 880 2182 919 se
2229 866 2280 918 in
2328 865 2508 936 fugam
2557 863 2878 934 praecipitat,
2930 863 3021 916 ubi
3071 861 3290 915 brevior

1700 965 1886 1007 murus
1915 953 2206 1009 invenitur.
2239 955 2418 1010 Nostri
2444 970 2657 1024 quoque
2687 953 2867 1008 saeculi
2891 953 3108 1016 doctor,
3139 967 3290 1022 egre—

1699 1045 1818 1116 gius
1831 1045 2084 1102 Ecclesia:
2105 1048 2384 1104 catholictc
2407 1049 2757 1102 novissimum
2775 1046 2958 1109 decus,
2984 1044 3291 1114 pneceden-

1703 1137 1846 1191 tibus
1873 1147 2035 1193 aetate
2087 1149 2413 1208 postrenms,
2454 1137 2712 1192 doctrinae
2741 1135 3144 1204 comparatione
3184 1148 3292 1186 non

1701 1227 1939 1295 infimus,
1972 1240 2154 1301 atque,
2191 1238 2247 1286 et
2275 1232 2418 1301 quod
2464 1229 2636 1299 majus
2676 1238 2780 1294 est,
2821 1227 2932 1296 jam
2974 1227 3291 1282 saeculorum

1703 1321 1977 1376 linitorum
2025 1323 2396 1388 doctissimus,
2426 1339 2548 1378 cum
2582 1321 2885 1377 reverentia
2935 1319 3294 1374 nominandus

1702 1411 1940 1468 Isidorus
1973 1415 2022 1468 in
2057 1415 2193 1470 libro
2221 1416 2631 1474 sententiarum,
2665 1412 2901 1467 secundo
2928 1413 3042 1466 lucc
3071 1426 3169 1482 pro
3198 1409 3293 1464 tali

1703 1516 1890 1560 narrat
1913 1508 2156 1575 negotio:
2184 1506 2299 1562 Non
2329 1516 2412 1562 est
2441 1509 2868 1562 conservandum
2899 1514 3296 1569 sacramentum

1703 1596 1846 1666 qum]
1877 1597 2015 1651 male
2051 1608 2108 1651 ct
2144 1597 2358 1651 incaute
2395 1597 2745 1667 promittitur,
2780 1595 2926 1648 velut
2955 1595 2997 1649 si
3027 1593 3295 1664 quispiam

1704 1688 1958 1742 adulzerze
1974 1698 2286 1758 perpetuam
2303 1703 2425 1742 cum
2442 1703 2502 1742 ea
2514 1685 2861 1756 permanendi
2881 1684 3034 1738 fidem
3055 1683 3300 1753 pollicea-

1677 1787 1810 1834 ‘tur.
1852 1777 2209 1834 Tolerabilius
2233 1787 2316 1834 est
2344 1780 2488 1832 enim
2514 1794 2618 1832 non
2643 1776 2863 1847 implere
2894 1785 3296 1830 sacramentum

1708 1889 1870 1944 quam
1898 1888 2218 1942 permanere
2246 1875 2298 1927 in
2319 1874 2488 1944 stupri
2512 1872 2732 1944 flagitio.
2781 1871 3046 1926 Similiter
3076 1872 3127 1923 in
3161 1867 3299 1938 Syn-

1709 1967 1918 2036 onymis
1945 1983 1956 2018 :
1983 1963 2039 2018 In
2091 1964 2246 2020 malis
2278 1967 2556 2036 promissis
2580 1965 2822 2018 rescinde
2863 1962 3042 2026 fidem,
3076 1961 3128 2014 in
3157 1959 3297 2030 turpi

1711 2063 1835 2110 voto
1860 2065 2007 2109 muta
2031 2054 2330 2121 decretum,
2357 2057 2496 2124 quod
2530 2055 2745 2110 incaute
2775 2053 2999 2117 vovisti,
3029 2051 3188 2122 impia
3219 2059 3302 2104 est

1712 2145 2000 2218 promissio
2029 2161 2148 2215 quae
2175 2146 2379 2202 scelere
2401 2146 2743 2216 adimpletur.
2771 2144 2893 2199 llaec
2918 2145 2983 2199 de
3009 2142 3180 2198 sacris
3206 2156 3301 2211 pa-

1712 2239 1853 2312 ginis
1901 2239 2320 2308 auctoribusque
2369 2237 2657 2309 praecipuis
2704 2235 3020 2290 brevissime
3071 2233 3304 2289 sufficiat

1714 2330 2044 2402 pnclibasse.
2077 2329 2211 2384 Nam
2242 2330 2470 2400 plurima
2488 2329 2740 2401 colligere
2753 2329 3052 2400 poteritqui
3086 2330 3198 2382 haec
3221 2337 3303 2382 at-

1715 2425 1912 2479 tentius
1925 2423 2150 2510 legendo
2162 2423 2458 2493 quaesierit.
2473 2423 2740 2478 Caeterum
2764 2422 2959 2492 quibus
2973 2423 3088 2476 haec
3103 2436 3304 2490 nequa-

1714 2531 1875 2585 quam
1890 2515 2182 2582 sufficiunt,
2198 2518 2279 2570 vel
2295 2519 2408 2572 haec
2420 2525 2635 2572 sumant
2646 2533 2768 2572 cum
2793 2516 2989 2571 rubore
3003 2515 3301 2579 silentium,

1712 2608 1837 2677 quia
1865 2618 2018 2678 optat
2034 2609 2139 2664 Vas
2153 2608 2430 2664 electionis
2459 2610 2748 2664 anathema
2769 2623 2888 2664 esse
2914 2623 2944 2662 a
2971 2608 3187 2664 Christo
3205 2623 3302 2676 pro

1717 2697 1973 2754 fratribus
1997 2699 2109 2753 suis
2128 2715 2290 2770 quam
2328 2701 2622 2769 perdurare
2647 2699 2955 2754 crudelibus
2987 2699 3040 2752 in
3069 2699 3300 2754 delictis.

1784 2789 1869 2845 ΙΙΙ.
1895 2791 2080 2846 Tertio
2109 2791 2536 2846 ratiocinationis
2560 2791 2795 2861 alloquio
2819 2791 3084 2846 doluimus
3114 2799 3307 2846 contra

1714 2882 1896 2952 priora
1925 2883 2129 2936 monita
2157 2882 2382 2937 Patrum
2405 2895 2549 2948 vota,
2575 2883 3031 2954 perniciosissima
3060 2892 3307 2952 postero-

1698 2961 1862 3039 rum,
1897 2990 2020 3028 nam
2047 2984 2250 3044 quanto
2295 2973 2632 3044 frequentius
2680 2974 2754 3029 illi
2795 2975 2954 3028 noxia
2999 2982 3306 3037 vetuerunt,

1719 3074 1875 3141 tanto
1899 3065 2193 3121 studiosius
2221 3065 2306 3120 isti
2338 3076 2652 3136 perpetrare
2669 3066 2835 3120 vetita
2866 3081 2973 3119 non
2999 3065 3306 3134 quiescunt.

1719 3154 1918 3226 Sicque
1947 3171 2046 3226 per
2073 3156 2406 3212 contrarium
2444 3155 2586 3226 quod
2617 3155 2831 3227 penitus
2867 3156 3190 3210 occumbere
3213 3155 3310 3211 de-

1717 3249 1853 3314 buit,
1888 3249 2147 3304 insultare
2174 3263 2279 3304 non
2309 3249 2525 3314 desinit,
2559 3257 2614 3304 et
2641 3265 2726 3305 res
2755 3265 2872 3318 quae
2903 3257 2978 3303 tot
3002 3250 3186 3305 excisa
3217 3249 3308 3304 deo

1717 3339 1882 3395 cretis
1912 3354 2160 3394 arescere
2196 3339 2392 3408 potuit,
2437 3339 2503 3392 ad
2549 3339 2723 3393 vicem
2770 3337 2977 3392 Lernzei
3007 3339 3201 3409 capitis
3229 3339 3310 3410 (ut

1719 3429 1902 3484 ferunt
1937 3427 2152 3503 fabulae)
2181 3437 2426 3484 truncata
2471 3430 2710 3484 virescit.
2762 3427 3004 3497 Denique
3033 3431 3174 3498 quod
3203 3445 3309 3483 non

1719 3523 1838 3578 sine
1861 3538 2057 3593 magno
2088 3522 2271 3578 dolore
2299 3522 2586 3578 dicendum
2615 3529 2720 3588 est,
2751 3522 3095 3591 reperiuntur
3117 3537 3309 3592 quam-

1720 3613 1936 3684 plurimi
1969 3612 2185 3684 negotio
2216 3613 2458 3669 muneris
2476 3613 2702 3683 perituri
2754 3614 2984 3668 mercari
3017 3613 3152 3669 velle
3180 3631 3309 3681 gra-

1723 3707 1853 3760 tiam
1871 3704 2103 3776 Spiritus
2114 3707 2311 3772 sancti,
2327 3706 2452 3761 dum
2467 3705 2554 3760 ille
2569 3705 2846 3776 praemium
2861 3707 3045 3770 donat,
3061 3715 3120 3762 ut
3137 3707 3312 3776 ponti-

1724 3795 1894 3852 ﬁcalis
1913 3797 2119 3852 ordinis
2131 3797 2211 3851 sui
2239 3795 2469 3852 sublime
2494 3793 2704 3851 culmen
2725 3797 2954 3867 accipiat
2974 3796 3170 3851 oblitus
3198 3812 3312 3852 ver-

1721 3889 1912 3946 borum
1927 3891 2072 3946 Petri
2089 3892 2177 3961 qui
2198 3892 2328 3946 dixit
2342 3891 2407 3947 ad
2423 3889 2699 3948 Simonem
2716 3909 2730 3946 :
2751 3890 3012 3946 «Pecunia
3030 3900 3119 3946 tua
3134 3901 3309 3947 tecum

1723 3983 1793 4037 sit
1827 3983 1893 4037 ad
1924 3983 2298 4053 perditionem,
2330 3984 2587 4054 quoniam
2613 3985 2813 4040 donum
2857 3984 2951 4039 Dei
2987 3984 3312 4039 existimasti

1725 4087 1822 4142 per
1851 4075 2134 4144 pecuniam
2168 4075 2445 4144 possidere
2458 4075 2598 4148 (Act.
2622 4091 2746 4142 Vill,
2763 4075 2907 4148 20).»
2929 4075 3159 4132 Proinde
3183 4077 3312 4147 quia

1724 4174 1779 4220 et
1805 4167 2063 4220 usitatum
2095 4174 2178 4220 est
2208 4175 2385 4221 tamen
2415 4166 2637 4233 malum,
2669 4176 2727 4223 et
2761 4167 3024 4238 majorum
3061 4167 3315 4238 frequen-

1719 4243 1811 4312 ter
1853 4265 2066 4312 constat
2109 4272 2366 4312 mucrone
2410 4259 2678 4313 succisum
2704 4299 2720 4323 ,
2765 4273 2863 4313 nos
2915 4273 3130 4330 quoque
3187 4259 3316 4314 huic

1726 4347 1932 4403 vulneri
1961 4362 2257 4403 canceroso
2290 4348 2516 4418 ignitum
2543 4351 2685 4418 quod
2715 4358 2959 4419 superest
2988 4351 3162 4404 adhuc
3193 4348 3317 4419 inji-

1729 4440 1902 4496 cimus
1940 4438 2166 4505 ferrum,
2216 4439 2570 4495 decernentes
2613 4441 2854 4505 omnino,
2901 4450 2957 4496 ut
3003 4442 3314 4512 quicunque

1730 4529 1982 4600 deinceps
2012 4539 2232 4601 propter
2255 4529 2620 4600 accipiendam
2648 4531 2934 4586 sacerdotii
2977 4532 3311 4602 dignitatem,

1733 4623 2010 4696 quodlibet
2037 4625 2316 4693 praemium
2347 4622 2509 4678 fuerit
2541 4623 2784 4679 detectus
2820 4624 3097 4688 obtulisse,
3129 4639 3192 4680 ex
3219 4639 3314 4678 co.

1735 4715 1858 4772 dem
1887 4724 2130 4786 tempore
2156 4730 2215 4770 se
2244 4715 2475 4779 noverit,
2497 4715 2857 4783 anatheniatis
2881 4716 3168 4785 opprobrio
3195 4733 3224 4770 c
3262 4731 3315 4768 n-

1735 4809 2048 4866 demnatum
2088 4818 2250 4878 atque
2279 4806 2688 4877 participatione
2723 4805 2925 4862 Christi
2968 4808 3214 4875 corporis
3261 4818 3318 4864 et

1737 4901 2015 4973 sanguinis
2038 4900 2296 4965 alienum,
2333 4915 2398 4954 ex
2428 4915 2536 4970 quo
2563 4899 2709 4954 illum
2738 4907 2952 4954 constat
2985 4899 3316 4954 exsecrabile

1736 4992 1936 5048 Christi
1967 4999 2302 5062 perpetrasse
2323 4990 2603 5062 flagitium.
2631 4991 2783 5059 Quod
2805 4991 2849 5046 si
2873 4991 3068 5060 aliquis
3097 4992 3318 5046 exstite-

1740 5084 1830 5149 rit,
1876 5085 1968 5154 qui
2006 5091 2223 5139 accuset
2249 5125 2264 5147 ,
2312 5083 2400 5138 ille
2429 5084 2521 5153 qui
2550 5083 2695 5138 hunc
2733 5082 2976 5136 ordinem
3031 5098 3317 5138 munerum

1741 5177 1915 5233 fuerat
1937 5179 2246 5248 acceptione
2264 5177 2521 5242 lucratus,
2547 5186 2603 5230 et
2625 5184 2877 5246 suscepto
2901 5176 3122 5231 honoris
3148 5178 3316 5248 gradu

1740 5274 2004 5345 privetur,
2022 5281 2076 5327 et
2089 5272 2142 5326 in
2159 5269 2486 5325 monasterio
2513 5271 2612 5325 sub
2629 5269 2845 5340 perenni
2862 5270 3177 5340 paenitentia
3197 5270 3314 5323 reli-

1739 5375 1916 5438 getur;
1945 5363 2017 5418 illi
2046 5378 2174 5419 vero
2191 5363 2280 5433 qui
2306 5363 2406 5417 hac
2432 5376 2595 5416 causa
2629 5376 2915 5415 munerum
2948 5369 3318 5431 acceptatores

1737 5455 2304 5524 exstiterint,siclerici
2320 5454 2515 5510 fuerint
2529 5454 2751 5510 honoris
2763 5455 3050 5510 amissione
3062 5453 3320 5508 mulctcn-

1743 5558 1848 5604 tur.
1867 5546 1922 5603 Si
1940 5562 2067 5601 vero
2081 5547 2225 5611 laici,
2239 5546 2582 5600 anathemate
2603 5554 2862 5616 perpetuo
2873 5545 3319 5601 condemnentur

1814 5639 1902 5694 IV.
1933 5639 2148 5706 Quarta:
2177 5637 2610 5708 congregationis
2639 5647 2833 5692 eventu
2861 5637 3050 5692 obvius
3081 5649 3200 5690 sese
3225 5652 3298 5688 no

1745 5732 1828 5787 bis
1853 5731 2032 5786 intulit
2054 5729 2374 5800 pontificalis
2401 5728 2650 5785 culminis
2675 5730 2878 5800 lapsus,
2910 5728 3163 5798 quoniam
3199 5737 3326 5780 ante

1745 5824 1873 5881 llerc
1919 5839 2079 5892 quam
2129 5823 2411 5892 disponere
2452 5824 2713 5894 compulsi
2761 5839 2825 5876 ex
2872 5823 3060 5878 ordine
3103 5836 3320 5887 sanius;
