  <div class='ocr_page' id='page_1' title='image "/cluster/home/n/w/nwhite01/storage/ocr_20150623/130/hvd.32044015471717/285.png"; bbox 0 0 3888 6470; ppageno 0'>
   <div class='ocr_carea' id='block_1_1' title="bbox 556 368 658 436">
    <p class='ocr_par' dir='ltr' id='par_1_1' title="bbox 556 368 658 436">
     <span class='ocr_line' id='line_1_1' title="bbox 556 368 658 436; baseline -0.02 0"><span class='ocrx_word' id='word_1_1' title='bbox 556 368 658 436; x_wconf 67' lang='grc' dir='ltr'><strong>διι</strong></span> 
     </span>
    </p>
   </div>
   <div class='ocr_carea' id='block_1_2' title="bbox 1404 363 3001 477">
    <p class='ocr_par' dir='ltr' id='par_1_2' title="bbox 1404 363 3001 477">
     <span class='ocr_line' id='line_1_2' title="bbox 1404 363 3001 477; baseline -0.003 -43"><span class='ocrx_word' id='word_1_2' title='bbox 1404 374 1694 434; x_wconf 79' lang='lat' dir='ltr'><strong>APPEND.</strong></span> <span class='ocrx_word' id='word_1_3' title='bbox 1730 374 1819 430; x_wconf 76' lang='lat' dir='ltr'><strong>AD</strong></span> <span class='ocrx_word' id='word_1_4' title='bbox 1850 372 2025 477; x_wconf 42' lang='grc' dir='ltr'><strong>εἴδεα.</strong></span> <span class='ocrx_word' id='word_1_5' title='bbox 2054 372 2144 429; x_wconf 67' lang='lat' dir='ltr'><strong>ll.</strong></span> <span class='ocrx_word' id='word_1_6' title='bbox 2175 398 2242 413; x_wconf 85' lang='lat'><strong>-—</strong></span> <span class='ocrx_word' id='word_1_7' title='bbox 2278 369 2530 429; x_wconf 81' lang='lat' dir='ltr'><strong>lSlDORI</strong></span> <span class='ocrx_word' id='word_1_8' title='bbox 2558 363 3001 430; x_wconf 77' lang='lat' dir='ltr'><strong>MERCATORIS</strong></span> 
     </span>
    </p>
   </div>
   <div class='ocr_carea' id='block_1_3' title="bbox 3737 376 3817 436">
    <p class='ocr_par' dir='ltr' id='par_1_3' title="bbox 3737 376 3817 436">
     <span class='ocr_line' id='line_1_3' title="bbox 3737 376 3817 436; baseline -0.013 0"><span class='ocrx_word' id='word_1_9' title='bbox 3737 376 3817 436; x_wconf 73' lang='lat' dir='ltr'><strong>5H</strong></span> 
     </span>
    </p>
   </div>
   <div class='ocr_carea' id='block_1_4' title="bbox 553 486 3815 562">
    <p class='ocr_par' dir='ltr' id='par_1_4' title="bbox 553 486 3815 562">
     <span class='ocr_line' id='line_1_4' title="bbox 553 486 3815 562; baseline 0.001 -13"><span class='ocrx_word' id='word_1_10' title='bbox 553 511 682 551; x_wconf 81' lang='lat' dir='ltr'><strong>nam</strong></span> <span class='ocrx_word' id='word_1_11' title='bbox 726 494 858 553; x_wconf 71' lang='lat' dir='ltr'><strong>dum</strong></span> <span class='ocrx_word' id='word_1_12' title='bbox 917 493 1213 553; x_wconf 83' lang='lat' dir='ltr'><strong>secundum</strong></span> <span class='ocrx_word' id='word_1_13' title='bbox 1260 495 1441 561; x_wconf 84' lang='lat' dir='ltr'><strong>carnis</strong></span> <span class='ocrx_word' id='word_1_14' title='bbox 1475 495 1780 562; x_wconf 68' lang='lat' dir='ltr'><strong>fassumpta:</strong></span> <span class='ocrx_word' id='word_1_15' title='bbox 1826 490 2138 561; x_wconf 80' lang='lat' dir='ltr'><strong>mysterium</strong></span> <span class='ocrx_word' id='word_1_16' title='bbox 2169 491 2217 549; x_wconf 79' lang='grc' dir='ltr'><strong>Α</strong></span> <span class='ocrx_word' id='word_1_17' title='bbox 2319 488 2425 543; x_wconf 80' lang='lat' dir='ltr'><strong>VII.</strong></span> <span class='ocrx_word' id='word_1_18' title='bbox 2458 486 2712 558; x_wconf 66' lang='lat' dir='ltr'><strong>Septimus</strong></span> <span class='ocrx_word' id='word_1_19' title='bbox 2739 491 3055 546; x_wconf 85' lang='lat' dir='ltr'><strong>assertionis</strong></span> <span class='ocrx_word' id='word_1_20' title='bbox 3081 495 3307 548; x_wconf 79' lang='lat' dir='ltr'><strong>accessu</strong></span> <span class='ocrx_word' id='word_1_21' title='bbox 3335 490 3481 548; x_wconf 83' lang='lat' dir='ltr'><strong>adiit</strong></span> <span class='ocrx_word' id='word_1_22' title='bbox 3506 498 3702 549; x_wconf 68' lang='lat' dir='ltr'><strong>emtum</strong></span> <span class='ocrx_word' id='word_1_23' title='bbox 3739 511 3815 552; x_wconf 84' lang='lat' dir='ltr'><strong>uo-</strong></span> 
     </span>
    </p>
   </div>
   <div class='ocr_carea' id='block_1_5' title="bbox 557 581 2142 657">
    <p class='ocr_par' dir='ltr' id='par_1_5' title="bbox 557 581 2142 657">
     <span class='ocr_line' id='line_1_5' title="bbox 557 581 2142 657; baseline -0.005 -14"><span class='ocrx_word' id='word_1_24' title='bbox 557 585 819 644; x_wconf 59' lang='lat' dir='ltr'><strong>Ecclcsia‘.</strong></span> <span class='ocrx_word' id='word_1_25' title='bbox 836 603 948 644; x_wconf 75' lang='lat' dir='ltr'><strong>sua:</strong></span> <span class='ocrx_word' id='word_1_26' title='bbox 970 585 1133 642; x_wconf 86' lang='lat' dir='ltr'><strong>fuerit</strong></span> <span class='ocrx_word' id='word_1_27' title='bbox 1157 586 1408 657; x_wconf 86' lang='lat' dir='ltr'><strong>dignatus</strong></span> <span class='ocrx_word' id='word_1_28' title='bbox 1431 593 1594 656; x_wconf 91' lang='lat' dir='ltr'><strong>caput</strong></span> <span class='ocrx_word' id='word_1_29' title='bbox 1616 586 1851 639; x_wconf 74' lang='lat' dir='ltr'><strong>existere</strong></span> <span class='ocrx_word' id='word_1_30' title='bbox 1871 581 2142 644; x_wconf 87' lang='lat' dir='ltr'><strong>Christus,</strong></span> 
     </span>
    </p>
   </div>
   <div class='ocr_carea' id='block_1_6' title="bbox 556 670 2144 747">
    <p class='ocr_par' dir='ltr' id='par_1_6' title="bbox 556 670 2144 747">
     <span class='ocr_line' id='line_1_6' title="bbox 556 670 2144 747; baseline -0.003 -16"><span class='ocrx_word' id='word_1_31' title='bbox 556 676 758 736; x_wconf 85' lang='lat' dir='ltr'><strong>merito</strong></span> <span class='ocrx_word' id='word_1_32' title='bbox 779 678 835 734; x_wconf 93' lang='lat' dir='ltr'><strong>in</strong></span> <span class='ocrx_word' id='word_1_33' title='bbox 860 677 1117 734; x_wconf 84' lang='lat' dir='ltr'><strong>membris</strong></span> <span class='ocrx_word' id='word_1_34' title='bbox 1152 676 1268 747; x_wconf 86' lang='lat' dir='ltr'><strong>ejus</strong></span> <span class='ocrx_word' id='word_1_35' title='bbox 1289 676 1514 732; x_wconf 73' lang='lat' dir='ltr'><strong>intentio</strong></span> <span class='ocrx_word' id='word_1_36' title='bbox 1546 676 1921 746; x_wconf 88' lang='lat' dir='ltr'><strong>episcoporum</strong></span> <span class='ocrx_word' id='word_1_37' title='bbox 1965 670 2144 727; x_wconf 78' lang='lat' dir='ltr'><strong>ofﬁcia</strong></span> 
     </span>
    </p>
   </div>
   <div class='ocr_carea' id='block_1_7' title="bbox 554 762 2148 842">
    <p class='ocr_par' dir='ltr' id='par_1_7' title="bbox 554 762 2148 842">
     <span class='ocr_line' id='line_1_7' title="bbox 554 762 2148 842; baseline -0.002 -21"><span class='ocrx_word' id='word_1_38' title='bbox 554 777 823 842; x_wconf 72' lang='lat' dir='ltr'><strong>peragere</strong></span> <span class='ocrx_word' id='word_1_39' title='bbox 850 768 1092 825; x_wconf 87' lang='lat' dir='ltr'><strong>cernitur</strong></span> <span class='ocrx_word' id='word_1_40' title='bbox 1119 765 1412 824; x_wconf 88' lang='lat' dir='ltr'><strong>oculorum-</strong></span> <span class='ocrx_word' id='word_1_41' title='bbox 1447 765 1554 837; x_wconf 86' lang='lat' dir='ltr'><strong>Ipsi</strong></span> <span class='ocrx_word' id='word_1_42' title='bbox 1584 765 1729 822; x_wconf 91' lang='lat' dir='ltr'><strong>enim</strong></span> <span class='ocrx_word' id='word_1_43' title='bbox 1773 764 1840 820; x_wconf 90' lang='lat' dir='ltr'><strong>de</strong></span> <span class='ocrx_word' id='word_1_44' title='bbox 1868 762 2148 819; x_wconf 90' lang='lat' dir='ltr'><strong>sublimio-</strong></span> 
     </span>
    </p>
   </div>
   <div class='ocr_carea' id='block_1_8' title="bbox 557 853 2146 929">
    <p class='ocr_par' dir='ltr' id='par_1_8' title="bbox 557 853 2146 929">
     <span class='ocr_line' id='line_1_8' title="bbox 557 853 2146 929; baseline -0.006 -12"><span class='ocrx_word' id='word_1_45' title='bbox 557 858 713 917; x_wconf 72' lang='lat' dir='ltr'><strong>ribus</strong></span> <span class='ocrx_word' id='word_1_46' title='bbox 733 859 1050 915; x_wconf 82' lang='lat' dir='ltr'><strong>celsitudine</strong></span> <span class='ocrx_word' id='word_1_47' title='bbox 1083 857 1290 914; x_wconf 82' lang='lat' dir='ltr'><strong>ordinis</strong></span> <span class='ocrx_word' id='word_1_48' title='bbox 1314 866 1528 929; x_wconf 87' lang='lat' dir='ltr'><strong>regunt,</strong></span> <span class='ocrx_word' id='word_1_49' title='bbox 1573 864 1628 911; x_wconf 93' lang='lat' dir='ltr'><strong>et</strong></span> <span class='ocrx_word' id='word_1_50' title='bbox 1680 855 1969 926; x_wconf 90' lang='lat' dir='ltr'><strong>disponunt</strong></span> <span class='ocrx_word' id='word_1_51' title='bbox 2008 853 2146 908; x_wconf 70' lang='lat' dir='ltr'><strong>Sub-</strong></span> 
     </span>
    </p>
   </div>
   <div class='ocr_carea' id='block_1_9' title="bbox 554 943 2149 1018">
    <p class='ocr_par' dir='ltr' id='par_1_9' title="bbox 554 943 2149 1018">
     <span class='ocr_line' id='line_1_9' title="bbox 554 943 2149 1018; baseline -0.005 -12"><span class='ocrx_word' id='word_1_52' title='bbox 554 948 730 1018; x_wconf 64' lang='lat' dir='ltr'><strong>jet‘las</strong></span> <span class='ocrx_word' id='word_1_53' title='bbox 756 949 1129 1004; x_wconf 86' lang='lat' dir='ltr'><strong>multitudines</strong></span> <span class='ocrx_word' id='word_1_54' title='bbox 1155 948 1391 1018; x_wconf 84' lang='lat' dir='ltr'><strong>plebium</strong></span> <span class='ocrx_word' id='word_1_55' title='bbox 1417 964 1433 1014; x_wconf 90' lang='lat'><strong>;</strong></span> <span class='ocrx_word' id='word_1_56' title='bbox 1485 948 1629 1003; x_wconf 90' lang='lat' dir='ltr'><strong>unde</strong></span> <span class='ocrx_word' id='word_1_57' title='bbox 1655 955 1858 1017; x_wconf 88' lang='lat' dir='ltr'><strong>quanto</strong></span> <span class='ocrx_word' id='word_1_58' title='bbox 1885 945 1987 1014; x_wconf 87' lang='lat' dir='ltr'><strong>ipsi</strong></span> <span class='ocrx_word' id='word_1_59' title='bbox 2012 943 2149 999; x_wconf 91' lang='lat' dir='ltr'><strong>ﬁunt</strong></span> 
     </span>
    </p>
   </div>
   <div class='ocr_carea' id='block_1_10' title="bbox 556 1033 2148 1106">
    <p class='ocr_par' dir='ltr' id='par_1_10' title="bbox 556 1033 2148 1106">
     <span class='ocr_line' id='line_1_10' title="bbox 556 1033 2148 1106; baseline -0.004 -9"><span class='ocrx_word' id='word_1_60' title='bbox 556 1039 836 1106; x_wconf 84' lang='lat' dir='ltr'><strong>ductores,</strong></span> <span class='ocrx_word' id='word_1_61' title='bbox 860 1048 1010 1095; x_wconf 89' lang='lat' dir='ltr'><strong>tanto</strong></span> <span class='ocrx_word' id='word_1_62' title='bbox 1029 1039 1347 1095; x_wconf 88' lang='lat' dir='ltr'><strong>meritorum</strong></span> <span class='ocrx_word' id='word_1_63' title='bbox 1373 1037 1576 1093; x_wconf 83' lang='lat' dir='ltr'><strong>lumine</strong></span> <span class='ocrx_word' id='word_1_64' title='bbox 1596 1038 1791 1093; x_wconf 90' lang='lat' dir='ltr'><strong>debent</strong></span> <span class='ocrx_word' id='word_1_65' title='bbox 1805 1033 2148 1106; x_wconf 73' lang='lat' dir='ltr'><strong>prmfulgere,</strong></span> 
     </span>
    </p>
   </div>
   <div class='ocr_carea' id='block_1_11' title="bbox 554 1126 2150 1202">
    <p class='ocr_par' dir='ltr' id='par_1_11' title="bbox 554 1126 2150 1202">
     <span class='ocr_line' id='line_1_11' title="bbox 554 1126 2150 1202; baseline -0.008 -11"><span class='ocrx_word' id='word_1_66' title='bbox 554 1142 891 1202; x_wconf 70' lang='lat' dir='ltr'><strong>tinapropter</strong></span> <span class='ocrx_word' id='word_1_67' title='bbox 934 1145 1122 1185; x_wconf 91' lang='lat' dir='ltr'><strong>omnes</strong></span> <span class='ocrx_word' id='word_1_68' title='bbox 1170 1129 1407 1200; x_wconf 73' lang='lat' dir='ltr'><strong>episcopi</strong></span> <span class='ocrx_word' id='word_1_69' title='bbox 1452 1128 1596 1183; x_wconf 90' lang='lat' dir='ltr'><strong>inter</strong></span> <span class='ocrx_word' id='word_1_70' title='bbox 1640 1136 1834 1184; x_wconf 61' lang='lat' dir='ltr'><strong>cratera</strong></span> <span class='ocrx_word' id='word_1_71' title='bbox 1883 1126 2150 1181; x_wconf 91' lang='lat' dir='ltr'><strong>virtutum</strong></span> 
     </span>
    </p>
   </div>
   <div class='ocr_carea' id='block_1_12' title="bbox 556 1217 2148 1291">
    <p class='ocr_par' dir='ltr' id='par_1_12' title="bbox 556 1217 2148 1291">
     <span class='ocr_line' id='line_1_12' title="bbox 556 1217 2148 1291; baseline -0.004 -12"><span class='ocrx_word' id='word_1_72' title='bbox 556 1230 884 1279; x_wconf 62' lang='lat' dir='ltr'><strong>ornamenta</strong></span> <span class='ocrx_word' id='word_1_73' title='bbox 919 1223 1095 1277; x_wconf 87' lang='lat' dir='ltr'><strong>nitore</strong></span> <span class='ocrx_word' id='word_1_74' title='bbox 1121 1221 1304 1278; x_wconf 91' lang='lat' dir='ltr'><strong>carnis</strong></span> <span class='ocrx_word' id='word_1_75' title='bbox 1347 1221 1546 1277; x_wconf 91' lang='lat' dir='ltr'><strong>debent</strong></span> <span class='ocrx_word' id='word_1_76' title='bbox 1568 1219 1887 1291; x_wconf 87' lang='lat' dir='ltr'><strong>pr0pensius</strong></span> <span class='ocrx_word' id='word_1_77' title='bbox 1917 1217 2148 1283; x_wconf 82' lang='lat' dir='ltr'><strong>enitere,</strong></span> 
     </span>
    </p>
   </div>
   <div class='ocr_carea' id='block_1_13' title="bbox 563 1309 2152 1384">
    <p class='ocr_par' dir='ltr' id='par_1_13' title="bbox 563 1309 2152 1384">
     <span class='ocr_line' id='line_1_13' title="bbox 563 1309 2152 1384; baseline -0.003 -14"><span class='ocrx_word' id='word_1_78' title='bbox 563 1325 623 1371; x_wconf 92' lang='lat' dir='ltr'><strong>ut</strong></span> <span class='ocrx_word' id='word_1_79' title='bbox 648 1330 717 1371; x_wconf 79' lang='lat' dir='ltr'><strong>ex</strong></span> <span class='ocrx_word' id='word_1_80' title='bbox 745 1316 849 1371; x_wconf 90' lang='lat' dir='ltr'><strong>hoc</strong></span> <span class='ocrx_word' id='word_1_81' title='bbox 872 1315 1155 1370; x_wconf 85' lang='lat' dir='ltr'><strong>audientes</strong></span> <span class='ocrx_word' id='word_1_82' title='bbox 1180 1313 1501 1368; x_wconf 88' lang='lat' dir='ltr'><strong>munditiam</strong></span> <span class='ocrx_word' id='word_1_83' title='bbox 1525 1319 1800 1384; x_wconf 88' lang='lat' dir='ltr'><strong>appetant,</strong></span> <span class='ocrx_word' id='word_1_84' title='bbox 1832 1325 1897 1366; x_wconf 80' lang='lat' dir='ltr'><strong>ex</strong></span> <span class='ocrx_word' id='word_1_85' title='bbox 1920 1322 2029 1380; x_wconf 86' lang='lat' dir='ltr'><strong>quo</strong></span> <span class='ocrx_word' id='word_1_86' title='bbox 2055 1309 2152 1365; x_wconf 85' lang='lat' dir='ltr'><strong>do-</strong></span> 
     </span>
    </p>
   </div>
   <div class='ocr_carea' id='block_1_14' title="bbox 565 1399 2152 1473">
    <p class='ocr_par' dir='ltr' id='par_1_14' title="bbox 565 1399 2152 1473">
     <span class='ocr_line' id='line_1_14' title="bbox 565 1399 2152 1473; baseline -0.004 -12"><span class='ocrx_word' id='word_1_87' title='bbox 565 1415 748 1463; x_wconf 89' lang='lat' dir='ltr'><strong>ctores</strong></span> <span class='ocrx_word' id='word_1_88' title='bbox 772 1404 1113 1460; x_wconf 89' lang='lat' dir='ltr'><strong>immunditia</strong></span> <span class='ocrx_word' id='word_1_89' title='bbox 1135 1419 1241 1459; x_wconf 91' lang='lat' dir='ltr'><strong>non</strong></span> <span class='ocrx_word' id='word_1_90' title='bbox 1276 1404 1548 1473; x_wconf 85' lang='lat' dir='ltr'><strong>deturpat,</strong></span> <span class='ocrx_word' id='word_1_91' title='bbox 1578 1401 1714 1457; x_wconf 86' lang='lat' dir='ltr'><strong>adeo</strong></span> <span class='ocrx_word' id='word_1_92' title='bbox 1742 1410 1799 1455; x_wconf 91' lang='lat' dir='ltr'><strong>ut</strong></span> <span class='ocrx_word' id='word_1_93' title='bbox 1826 1401 1871 1455; x_wconf 91' lang='lat' dir='ltr'><strong>si</strong></span> <span class='ocrx_word' id='word_1_94' title='bbox 1901 1399 2152 1468; x_wconf 86' lang='lat' dir='ltr'><strong>deinceps</strong></span> 
     </span>
    </p>
   </div>
   <div class='ocr_carea' id='block_1_15' title="bbox 565 1493 2151 1569">
    <p class='ocr_par' dir='ltr' id='par_1_15' title="bbox 565 1493 2151 1569">
     <span class='ocr_line' id='line_1_15' title="bbox 565 1493 2151 1569; baseline -0.004 -17"><span class='ocrx_word' id='word_1_95' title='bbox 565 1498 805 1569; x_wconf 89' lang='lat' dir='ltr'><strong>episcopi</strong></span> <span class='ocrx_word' id='word_1_96' title='bbox 834 1496 1028 1552; x_wconf 89' lang='lat' dir='ltr'><strong>detecti</strong></span> <span class='ocrx_word' id='word_1_97' title='bbox 1057 1495 1258 1551; x_wconf 84' lang='lat' dir='ltr'><strong>fuerint</strong></span> <span class='ocrx_word' id='word_1_98' title='bbox 1306 1495 1733 1552; x_wconf 80' lang='lat' dir='ltr'><strong>exsecrabilibus</strong></span> <span class='ocrx_word' id='word_1_99' title='bbox 1759 1493 1976 1562; x_wconf 80' lang='lat' dir='ltr'><strong>ﬂagitiis</strong></span> <span class='ocrx_word' id='word_1_100' title='bbox 2026 1506 2151 1547; x_wconf 90' lang='lat' dir='ltr'><strong>cum</strong></span> 
     </span>
    </p>
   </div>
   <div class='ocr_carea' id='block_1_16' title="bbox 566 1583 2150 1658">
    <p class='ocr_par' dir='ltr' id='par_1_16' title="bbox 566 1583 2150 1658">
     <span class='ocr_line' id='line_1_16' title="bbox 566 1583 2150 1658; baseline -0.001 -19"><span class='ocrx_word' id='word_1_101' title='bbox 566 1588 896 1657; x_wconf 86' lang='lat' dir='ltr'><strong>quibuslibet</strong></span> <span class='ocrx_word' id='word_1_102' title='bbox 920 1587 1132 1641; x_wconf 81' lang='lat' dir='ltr'><strong>feminis</strong></span> <span class='ocrx_word' id='word_1_103' title='bbox 1159 1586 1348 1658; x_wconf 89' lang='lat' dir='ltr'><strong>pollui,</strong></span> <span class='ocrx_word' id='word_1_104' title='bbox 1390 1601 1455 1641; x_wconf 88' lang='lat' dir='ltr'><strong>ac</strong></span> <span class='ocrx_word' id='word_1_105' title='bbox 1493 1585 1744 1640; x_wconf 85' lang='lat' dir='ltr'><strong>familiari</strong></span> <span class='ocrx_word' id='word_1_106' title='bbox 1776 1583 2150 1654; x_wconf 89' lang='lat' dir='ltr'><strong>peculiaritate</strong></span> 
     </span>
    </p>
   </div>
   <div class='ocr_carea' id='block_1_17' title="bbox 564 1674 2152 1743">
    <p class='ocr_par' dir='ltr' id='par_1_17' title="bbox 564 1674 2152 1743">
     <span class='ocr_line' id='line_1_17' title="bbox 564 1674 2152 1743; baseline -0.001 -13"><span class='ocrx_word' id='word_1_107' title='bbox 564 1678 796 1743; x_wconf 87' lang='lat' dir='ltr'><strong>versari,</strong></span> <span class='ocrx_word' id='word_1_108' title='bbox 834 1677 1083 1732; x_wconf 85' lang='lat' dir='ltr'><strong>noverint</strong></span> <span class='ocrx_word' id='word_1_109' title='bbox 1126 1682 1185 1732; x_wconf 85' lang='lat' dir='ltr'><strong>se</strong></span> <span class='ocrx_word' id='word_1_110' title='bbox 1228 1675 1566 1732; x_wconf 80' lang='lat' dir='ltr'><strong>irrevocabili</strong></span> <span class='ocrx_word' id='word_1_111' title='bbox 1614 1675 1883 1730; x_wconf 83' lang='lat' dir='ltr'><strong>sententia</strong></span> <span class='ocrx_word' id='word_1_112' title='bbox 1928 1674 2152 1729; x_wconf 83' lang='lat' dir='ltr'><strong>Patrum</strong></span> 
     </span>
    </p>
   </div>
   <div class='ocr_carea' id='block_1_18' title="bbox 567 1753 2048 1837">
    <p class='ocr_par' dir='ltr' id='par_1_18' title="bbox 567 1753 2048 1837">
     <span class='ocr_line' id='line_1_18' title="bbox 567 1753 2048 1837; baseline -0.003 -15"><span class='ocrx_word' id='word_1_113' title='bbox 567 1766 780 1833; x_wconf 86' lang='lat' dir='ltr'><strong>ulcisci,</strong></span> <span class='ocrx_word' id='word_1_114' title='bbox 809 1768 862 1822; x_wconf 90' lang='lat' dir='ltr'><strong>id</strong></span> <span class='ocrx_word' id='word_1_115' title='bbox 886 1774 990 1832; x_wconf 88' lang='lat' dir='ltr'><strong>est,</strong></span> <span class='ocrx_word' id='word_1_116' title='bbox 1017 1776 1072 1822; x_wconf 92' lang='lat' dir='ltr'><strong>et</strong></span> <span class='ocrx_word' id='word_1_117' title='bbox 1098 1753 1202 1822; x_wconf 85' lang='lat' dir='ltr'><strong>loci</strong></span> <span class='ocrx_word' id='word_1_118' title='bbox 1228 1776 1284 1821; x_wconf 93' lang='lat' dir='ltr'><strong>et</strong></span> <span class='ocrx_word' id='word_1_119' title='bbox 1308 1766 1514 1822; x_wconf 89' lang='lat' dir='ltr'><strong>ordinis</strong></span> <span class='ocrx_word' id='word_1_120' title='bbox 1543 1765 1806 1837; x_wconf 74' lang='lat' dir='ltr'><strong>dignitate</strong></span> <span class='ocrx_word' id='word_1_121' title='bbox 1825 1764 2048 1836; x_wconf 89' lang='lat' dir='ltr'><strong>privari.</strong></span> 
     </span>
    </p>
   </div>
   <div class='ocr_carea' id='block_1_19' title="bbox 2247 579 3815 653">
    <p class='ocr_par' dir='ltr' id='par_1_19' title="bbox 2247 579 3815 653">
     <span class='ocr_line' id='line_1_19' title="bbox 2247 579 3815 653; baseline 0.006 -21"><span class='ocrx_word' id='word_1_122' title='bbox 2247 587 2417 632; x_wconf 91' lang='lat' dir='ltr'><strong>strum</strong></span> <span class='ocrx_word' id='word_1_123' title='bbox 2444 587 2551 632; x_wconf 88' lang='lat' dir='ltr'><strong>tam</strong></span> <span class='ocrx_word' id='word_1_124' title='bbox 2579 579 2938 635; x_wconf 81' lang='lat' dir='ltr'><strong>inverecunda</strong></span> <span class='ocrx_word' id='word_1_125' title='bbox 2958 581 3288 652; x_wconf 79' lang='lat' dir='ltr'><strong>progressio,</strong></span> <span class='ocrx_word' id='word_1_126' title='bbox 3318 596 3499 653; x_wconf 87' lang='lat' dir='ltr'><strong>quam</strong></span> <span class='ocrx_word' id='word_1_127' title='bbox 3525 582 3815 652; x_wconf 80' lang='lat' dir='ltr'><strong>ignobilisac</strong></span> 
     </span>
    </p>
   </div>
   <div class='ocr_carea' id='block_1_20' title="bbox 2247 669 3814 745">
    <p class='ocr_par' dir='ltr' id='par_1_20' title="bbox 2247 669 3814 745">
     <span class='ocr_line' id='line_1_20' title="bbox 2247 669 3814 745; baseline 0.008 -22"><span class='ocrx_word' id='word_1_128' title='bbox 2247 669 2559 725; x_wconf 87' lang='lat' dir='ltr'><strong>detestanda</strong></span> <span class='ocrx_word' id='word_1_129' title='bbox 2597 672 2968 743; x_wconf 62' lang='lat' dir='ltr'><strong>prmsumptio,</strong></span> <span class='ocrx_word' id='word_1_130' title='bbox 3010 675 3273 745; x_wconf 85' lang='lat' dir='ltr'><strong>quosdam</strong></span> <span class='ocrx_word' id='word_1_131' title='bbox 3323 674 3482 730; x_wconf 87' lang='lat' dir='ltr'><strong>enim</strong></span> <span class='ocrx_word' id='word_1_132' title='bbox 3529 684 3622 731; x_wconf 85' lang='lat' dir='ltr'><strong>aut</strong></span> <span class='ocrx_word' id='word_1_133' title='bbox 3655 688 3814 735; x_wconf 84' lang='lat' dir='ltr'><strong>eventu</strong></span> 
     </span>
    </p>
   </div>
   <div class='ocr_carea' id='block_1_21' title="bbox 2246 762 3817 842">
    <p class='ocr_par' dir='ltr' id='par_1_21' title="bbox 2246 762 3817 842">
     <span class='ocr_line' id='line_1_21' title="bbox 2246 762 3817 842; baseline 0.008 -27"><span class='ocrx_word' id='word_1_134' title='bbox 2246 762 2652 827; x_wconf 89' lang='lat' dir='ltr'><strong>necessitatum,</strong></span> <span class='ocrx_word' id='word_1_135' title='bbox 2698 773 2793 819; x_wconf 91' lang='lat' dir='ltr'><strong>aut</strong></span> <span class='ocrx_word' id='word_1_136' title='bbox 2822 773 2968 821; x_wconf 89' lang='lat' dir='ltr'><strong>metu</strong></span> <span class='ocrx_word' id='word_1_137' title='bbox 3017 767 3423 838; x_wconf 82' lang='lat' dir='ltr'><strong>periculorum,</strong></span> <span class='ocrx_word' id='word_1_138' title='bbox 3471 767 3544 823; x_wconf 88' lang='lat' dir='ltr'><strong>ab</strong></span> <span class='ocrx_word' id='word_1_139' title='bbox 3589 772 3817 842; x_wconf 81' lang='lat' dir='ltr'><strong>episcopis</strong></span> 
     </span>
    </p>
   </div>
   <div class='ocr_carea' id='block_1_22' title="bbox 2248 853 3816 932">
    <p class='ocr_par' dir='ltr' id='par_1_22' title="bbox 2248 853 3816 932">
     <span class='ocr_line' id='line_1_22' title="bbox 2248 853 3816 932; baseline 0.007 -25"><span class='ocrx_word' id='word_1_140' title='bbox 2248 853 2542 924; x_wconf 82' lang='lat' dir='ltr'><strong>sumpsisse</strong></span> <span class='ocrx_word' id='word_1_141' title='bbox 2585 855 2834 911; x_wconf 84' lang='lat' dir='ltr'><strong>novimus</strong></span> <span class='ocrx_word' id='word_1_142' title='bbox 2873 856 3372 914; x_wconf 83' lang='lat' dir='ltr'><strong>ecclesiasticarum</strong></span> <span class='ocrx_word' id='word_1_143' title='bbox 3405 856 3592 916; x_wconf 82' lang='lat' dir='ltr'><strong>ofﬁcia</strong></span> <span class='ocrx_word' id='word_1_144' title='bbox 3627 860 3816 932; x_wconf 81' lang='lat' dir='ltr'><strong>dignita-</strong></span> 
     </span>
    </p>
   </div>
   <div class='ocr_carea' id='block_1_23' title="bbox 2250 945 3816 1021">
    <p class='ocr_par' dir='ltr' id='par_1_23' title="bbox 2250 945 3816 1021">
     <span class='ocr_line' id='line_1_23' title="bbox 2250 945 3816 1021; baseline 0.008 -23"><span class='ocrx_word' id='word_1_145' title='bbox 2250 952 2388 1000; x_wconf 88' lang='lat' dir='ltr'><strong>tum.</strong></span> <span class='ocrx_word' id='word_1_146' title='bbox 2435 945 2499 1000; x_wconf 85' lang='lat' dir='ltr'><strong>Et</strong></span> <span class='ocrx_word' id='word_1_147' title='bbox 2539 948 2795 1017; x_wconf 87' lang='lat' dir='ltr'><strong>quoniam</strong></span> <span class='ocrx_word' id='word_1_148' title='bbox 2838 963 2966 1004; x_wconf 85' lang='lat' dir='ltr'><strong>cum</strong></span> <span class='ocrx_word' id='word_1_149' title='bbox 3016 948 3129 1006; x_wconf 78' lang='lat' dir='ltr'><strong>illis</strong></span> <span class='ocrx_word' id='word_1_150' title='bbox 3162 951 3282 1007; x_wconf 66' lang='lat' dir='ltr'><strong>haec</strong></span> <span class='ocrx_word' id='word_1_151' title='bbox 3308 951 3735 1021; x_wconf 81' lang='lat' dir='ltr'><strong>imponerentur,</strong></span> <span class='ocrx_word' id='word_1_152' title='bbox 3777 956 3816 1010; x_wconf 91' lang='lat' dir='ltr'><strong>id</strong></span> 
     </span>
    </p>
   </div>
   <div class='ocr_carea' id='block_1_24' title="bbox 2249 1037 3815 1114">
    <p class='ocr_par' dir='ltr' id='par_1_24' title="bbox 2249 1037 3815 1114">
     <span class='ocr_line' id='line_1_24' title="bbox 2249 1037 3815 1114; baseline 0.006 -21"><span class='ocrx_word' id='word_1_153' title='bbox 2249 1037 2351 1093; x_wconf 88' lang='lat' dir='ltr'><strong>sibi</strong></span> <span class='ocrx_word' id='word_1_154' title='bbox 2384 1037 2500 1094; x_wconf 86' lang='lat' dir='ltr'><strong>ﬁeri</strong></span> <span class='ocrx_word' id='word_1_155' title='bbox 2545 1040 2787 1097; x_wconf 83' lang='lat' dir='ltr'><strong>noluisse</strong></span> <span class='ocrx_word' id='word_1_156' title='bbox 2834 1043 3015 1099; x_wconf 77' lang='lat' dir='ltr'><strong>testati</strong></span> <span class='ocrx_word' id='word_1_157' title='bbox 3051 1052 3198 1111; x_wconf 84' lang='lat' dir='ltr'><strong>sunt,</strong></span> <span class='ocrx_word' id='word_1_158' title='bbox 3248 1043 3473 1099; x_wconf 83' lang='lat' dir='ltr'><strong>ideirco</strong></span> <span class='ocrx_word' id='word_1_159' title='bbox 3521 1043 3576 1099; x_wconf 89' lang='lat' dir='ltr'><strong>id</strong></span> <span class='ocrx_word' id='word_1_160' title='bbox 3604 1058 3815 1114; x_wconf 81' lang='lat' dir='ltr'><strong>spernere</strong></span> 
     </span>
    </p>
   </div>
   <div class='ocr_carea' id='block_1_25' title="bbox 2250 1131 3813 1207">
    <p class='ocr_par' dir='ltr' id='par_1_25' title="bbox 2250 1131 3813 1207">
     <span class='ocr_line' id='line_1_25' title="bbox 2250 1131 3813 1207; baseline 0.006 -24"><span class='ocrx_word' id='word_1_161' title='bbox 2250 1139 2414 1199; x_wconf 92' lang='lat' dir='ltr'><strong>atque</strong></span> <span class='ocrx_word' id='word_1_162' title='bbox 2436 1131 2507 1185; x_wconf 89' lang='lat' dir='ltr'><strong>&#39;ad</strong></span> <span class='ocrx_word' id='word_1_163' title='bbox 2538 1132 2762 1202; x_wconf 84' lang='lat' dir='ltr'><strong>pristina</strong></span> <span class='ocrx_word' id='word_1_164' title='bbox 2807 1144 3114 1204; x_wconf 77' lang='lat' dir='ltr'><strong>perten‘tant</strong></span> <span class='ocrx_word' id='word_1_165' title='bbox 3149 1133 3413 1207; x_wconf 82' lang='lat' dir='ltr'><strong>eoujugia</strong></span> <span class='ocrx_word' id='word_1_166' title='bbox 3450 1148 3728 1206; x_wconf 84' lang='lat' dir='ltr'><strong>moresque</strong></span> <span class='ocrx_word' id='word_1_167' title='bbox 3748 1146 3813 1193; x_wconf 79' lang='lat' dir='ltr'><strong>re-</strong></span> 
     </span>
    </p>
   </div>
   <div class='ocr_carea' id='block_1_26' title="bbox 2252 1222 3813 1300">
    <p class='ocr_par' dir='ltr' id='par_1_26' title="bbox 2252 1222 3813 1300">
     <span class='ocr_line' id='line_1_26' title="bbox 2252 1222 3813 1300; baseline 0.008 -23"><span class='ocrx_word' id='word_1_168' title='bbox 2252 1222 2390 1289; x_wconf 85' lang='lat' dir='ltr'><strong>dire,</strong></span> <span class='ocrx_word' id='word_1_169' title='bbox 2422 1233 2530 1280; x_wconf 89' lang='lat' dir='ltr'><strong>tam</strong></span> <span class='ocrx_word' id='word_1_170' title='bbox 2574 1225 2825 1295; x_wconf 87' lang='lat' dir='ltr'><strong>nequiter</strong></span> <span class='ocrx_word' id='word_1_171' title='bbox 2874 1226 3114 1283; x_wconf 77' lang='lat' dir='ltr'><strong>etelestia</strong></span> <span class='ocrx_word' id='word_1_172' title='bbox 3159 1227 3287 1298; x_wconf 82' lang='lat' dir='ltr'><strong>jura</strong></span> <span class='ocrx_word' id='word_1_173' title='bbox 3344 1229 3648 1293; x_wconf 55' lang='lat' dir='ltr'><strong>struentes,</strong></span> <span class='ocrx_word' id='word_1_174' title='bbox 3688 1243 3813 1300; x_wconf 75' lang='lat' dir='ltr'><strong>quam</strong></span> 
     </span>
    </p>
   </div>
   <div class='ocr_carea' id='block_1_27' title="bbox 2251 1317 3814 1391">
    <p class='ocr_par' dir='ltr' id='par_1_27' title="bbox 2251 1317 3814 1391">
     <span class='ocr_line' id='line_1_27' title="bbox 2251 1317 3814 1391; baseline 0.007 -21"><span class='ocrx_word' id='word_1_175' title='bbox 2251 1325 2500 1386; x_wconf 87' lang='lat' dir='ltr'><strong>prompte</strong></span> <span class='ocrx_word' id='word_1_176' title='bbox 2524 1317 2704 1372; x_wconf 81' lang='lat' dir='ltr'><strong>saeculi</strong></span> <span class='ocrx_word' id='word_1_177' title='bbox 2735 1329 2956 1375; x_wconf 80' lang='lat' dir='ltr'><strong>exstant</strong></span> <span class='ocrx_word' id='word_1_178' title='bbox 2989 1320 3259 1377; x_wconf 87' lang='lat' dir='ltr'><strong>illecebris</strong></span> <span class='ocrx_word' id='word_1_179' title='bbox 3293 1321 3602 1378; x_wconf 80' lang='lat' dir='ltr'><strong>inhiantes.</strong></span> <span class='ocrx_word' id='word_1_180' title='bbox 3629 1323 3732 1391; x_wconf 80' lang='lat' dir='ltr'><strong>Qua</strong></span> <span class='ocrx_word' id='word_1_181' title='bbox 3765 1326 3814 1381; x_wconf 82' lang='lat' dir='ltr'><strong>de</strong></span> 
     </span>
    </p>
   </div>
   <div class='ocr_carea' id='block_1_28' title="bbox 2256 1409 3813 1482">
    <p class='ocr_par' dir='ltr' id='par_1_28' title="bbox 2256 1409 3813 1482">
     <span class='ocr_line' id='line_1_28' title="bbox 2256 1409 3813 1482; baseline 0.008 -24"><span class='ocrx_word' id='word_1_182' title='bbox 2256 1417 2316 1459; x_wconf 87' lang='lat' dir='ltr'><strong>re</strong></span> <span class='ocrx_word' id='word_1_183' title='bbox 2346 1420 2506 1461; x_wconf 88' lang='lat' dir='ltr'><strong>nosse</strong></span> <span class='ocrx_word' id='word_1_184' title='bbox 2552 1421 2651 1462; x_wconf 90' lang='lat' dir='ltr'><strong>nos</strong></span> <span class='ocrx_word' id='word_1_185' title='bbox 2698 1409 2971 1475; x_wconf 89' lang='lat' dir='ltr'><strong>convenit,</strong></span> <span class='ocrx_word' id='word_1_186' title='bbox 3025 1411 3168 1480; x_wconf 91' lang='lat' dir='ltr'><strong>quod</strong></span> <span class='ocrx_word' id='word_1_187' title='bbox 3213 1411 3561 1482; x_wconf 80' lang='lat' dir='ltr'><strong>episcopalis</strong></span> <span class='ocrx_word' id='word_1_188' title='bbox 3618 1414 3813 1470; x_wconf 81' lang='lat' dir='ltr'><strong>eminen-</strong></span> 
     </span>
    </p>
   </div>
   <div class='ocr_carea' id='block_1_29' title="bbox 2255 1498 3813 1563">
    <p class='ocr_par' dir='ltr' id='par_1_29' title="bbox 2255 1498 3813 1563">
     <span class='ocr_line' id='line_1_29' title="bbox 2255 1498 3813 1563; baseline 0.007 -11"><span class='ocrx_word' id='word_1_189' title='bbox 2255 1498 2342 1553; x_wconf 67' lang='lat' dir='ltr'><strong>tia;</strong></span> <span class='ocrx_word' id='word_1_190' title='bbox 2398 1498 2610 1553; x_wconf 86' lang='lat' dir='ltr'><strong>culmen</strong></span> <span class='ocrx_word' id='word_1_191' title='bbox 2678 1515 2785 1555; x_wconf 90' lang='lat' dir='ltr'><strong>non</strong></span> <span class='ocrx_word' id='word_1_192' title='bbox 2848 1500 3120 1558; x_wconf 84' lang='lat' dir='ltr'><strong>immerito</strong></span> <span class='ocrx_word' id='word_1_193' title='bbox 3182 1503 3369 1559; x_wconf 86' lang='lat' dir='ltr'><strong>sacris</strong></span> <span class='ocrx_word' id='word_1_194' title='bbox 3423 1504 3673 1561; x_wconf 83' lang='lat' dir='ltr'><strong>omnibus</strong></span> <span class='ocrx_word' id='word_1_195' title='bbox 3722 1522 3813 1563; x_wconf 79' lang='lat' dir='ltr'><strong>esse</strong></span> 
     </span>
    </p>
   </div>
   <div class='ocr_carea' id='block_1_30' title="bbox 2254 1592 3810 1663">
    <p class='ocr_par' dir='ltr' id='par_1_30' title="bbox 2254 1592 3810 1663">
     <span class='ocr_line' id='line_1_30' title="bbox 2254 1592 3810 1663; baseline 0.004 -18"><span class='ocrx_word' id='word_1_196' title='bbox 2254 1605 2464 1646; x_wconf 89' lang='lat' dir='ltr'><strong>summa</strong></span> <span class='ocrx_word' id='word_1_197' title='bbox 2507 1592 2841 1660; x_wconf 87' lang='lat' dir='ltr'><strong>percensuit,</strong></span> <span class='ocrx_word' id='word_1_198' title='bbox 2865 1608 2987 1663; x_wconf 70' lang='lat' dir='ltr'><strong>qua:</strong></span> <span class='ocrx_word' id='word_1_199' title='bbox 3029 1595 3241 1650; x_wconf 79' lang='lat' dir='ltr'><strong>czeteris</strong></span> <span class='ocrx_word' id='word_1_200' title='bbox 3269 1596 3657 1651; x_wconf 74' lang='lat' dir='ltr'><strong>sacerdotibus</strong></span> <span class='ocrx_word' id='word_1_201' title='bbox 3687 1607 3810 1653; x_wconf 78' lang='lat' dir='ltr'><strong>exer-</strong></span> 
     </span>
    </p>
   </div>
   <div class='ocr_carea' id='block_1_31' title="bbox 2255 1681 3810 1758">
    <p class='ocr_par' dir='ltr' id='par_1_31' title="bbox 2255 1681 3810 1758">
     <span class='ocr_line' id='line_1_31' title="bbox 2255 1681 3810 1758; baseline 0.005 -21"><span class='ocrx_word' id='word_1_202' title='bbox 2255 1681 2430 1737; x_wconf 88' lang='lat' dir='ltr'><strong>cenda</strong></span> <span class='ocrx_word' id='word_1_203' title='bbox 2461 1682 2759 1753; x_wconf 87' lang='lat' dir='ltr'><strong>perhibuit,</strong></span> <span class='ocrx_word' id='word_1_204' title='bbox 2809 1684 3017 1740; x_wconf 87' lang='lat' dir='ltr'><strong>scilicet</strong></span> <span class='ocrx_word' id='word_1_205' title='bbox 3062 1686 3397 1758; x_wconf 86' lang='lat' dir='ltr'><strong>templorum</strong></span> <span class='ocrx_word' id='word_1_206' title='bbox 3466 1686 3560 1743; x_wconf 87' lang='lat' dir='ltr'><strong>Dei</strong></span> <span class='ocrx_word' id='word_1_207' title='bbox 3608 1691 3810 1745; x_wconf 79' lang='lat' dir='ltr'><strong>sacratio-</strong></span> 
     </span>
    </p>
   </div>
   <div class='ocr_carea' id='block_1_32' title="bbox 2256 1774 3811 1850">
    <p class='ocr_par' dir='ltr' id='par_1_32' title="bbox 2256 1774 3811 1850">
     <span class='ocr_line' id='line_1_32' title="bbox 2256 1774 3811 1850; baseline 0.002 -21"><span class='ocrx_word' id='word_1_208' title='bbox 2256 1789 2415 1842; x_wconf 88' lang='lat' dir='ltr'><strong>nem,</strong></span> <span class='ocrx_word' id='word_1_209' title='bbox 2447 1774 2758 1831; x_wconf 84' lang='lat' dir='ltr'><strong>chrismatis</strong></span> <span class='ocrx_word' id='word_1_210' title='bbox 2812 1775 3242 1833; x_wconf 89' lang='lat' dir='ltr'><strong>benedictionem</strong></span> <span class='ocrx_word' id='word_1_211' title='bbox 3262 1819 3280 1844; x_wconf 92' lang='lat'><strong>,</strong></span> <span class='ocrx_word' id='word_1_212' title='bbox 3316 1792 3708 1850; x_wconf 87' lang='lat' dir='ltr'><strong>sacrorumque</strong></span> <span class='ocrx_word' id='word_1_213' title='bbox 3752 1794 3811 1834; x_wconf 88' lang='lat' dir='ltr'><strong>or-</strong></span> 
     </span>
    </p>
   </div>
   <div class='ocr_carea' id='block_1_33' title="bbox 640 1838 2180 1938">
    <p class='ocr_par' dir='ltr' id='par_1_33' title="bbox 640 1851 2152 1927">
     <span class='ocr_line' id='line_1_33' title="bbox 640 1851 2152 1927; baseline -0.001 -15"><span class='ocrx_word' id='word_1_214' title='bbox 640 1851 707 1912; x_wconf 70' lang='grc' dir='ltr'><strong>ν.</strong></span> <span class='ocrx_word' id='word_1_215' title='bbox 751 1853 965 1926; x_wconf 65' lang='lat' dir='ltr'><strong>Quintae</strong></span> <span class='ocrx_word' id='word_1_216' title='bbox 1014 1856 1242 1912; x_wconf 86' lang='lat' dir='ltr'><strong>actionis</strong></span> <span class='ocrx_word' id='word_1_217' title='bbox 1294 1855 1525 1927; x_wconf 87' lang='lat' dir='ltr'><strong>impulsu</strong></span> <span class='ocrx_word' id='word_1_218' title='bbox 1574 1855 1820 1927; x_wconf 87' lang='lat' dir='ltr'><strong>pervenit</strong></span> <span class='ocrx_word' id='word_1_219' title='bbox 1864 1855 1932 1909; x_wconf 90' lang='lat' dir='ltr'><strong>ad</strong></span> <span class='ocrx_word' id='word_1_220' title='bbox 1989 1853 2152 1910; x_wconf 90' lang='lat' dir='ltr'><strong>totius</strong></span> 
     </span>
    </p>
   </div>
   <div class='ocr_carea' id='block_1_34' title="bbox 2271 1838 3808 1938">
    <p class='ocr_par' dir='ltr' id='par_1_34' title="bbox 2271 1838 3808 1938">
     <span class='ocr_line' id='line_1_34' title="bbox 2271 1838 3808 1938; baseline 0 -16"><span class='ocrx_word' id='word_1_221' title='bbox 2271 1838 2450 1923; x_wconf 83' lang='lat' dir='ltr'><strong>diuum</strong></span> <span class='ocrx_word' id='word_1_222' title='bbox 2505 1865 2925 1933; x_wconf 83' lang='lat' dir='ltr'><strong>restitutionem,</strong></span> <span class='ocrx_word' id='word_1_223' title='bbox 2993 1882 3116 1938; x_wconf 68' lang='lat' dir='ltr'><strong>quae</strong></span> <span class='ocrx_word' id='word_1_224' title='bbox 3166 1838 3361 1925; x_wconf 83' lang='lat' dir='ltr'><strong>tandin</strong></span> <span class='ocrx_word' id='word_1_225' title='bbox 3411 1867 3574 1924; x_wconf 82' lang='lat' dir='ltr'><strong>aliter</strong></span> <span class='ocrx_word' id='word_1_226' title='bbox 3617 1838 3808 1923; x_wconf 76' lang='lat' dir='ltr'><strong>ordinata</strong></span> 
     </span>
    </p>
   </div>
   <div class='ocr_carea' id='block_1_35' title="bbox 566 1945 2155 2017">
    <p class='ocr_par' dir='ltr' id='par_1_35' title="bbox 566 1945 2155 2017">
     <span class='ocr_line' id='line_1_35' title="bbox 566 1945 2155 2017; baseline -0.003 -12"><span class='ocrx_word' id='word_1_227' title='bbox 566 1948 785 2005; x_wconf 91' lang='lat' dir='ltr'><strong>concilii</strong></span> <span class='ocrx_word' id='word_1_228' title='bbox 828 1963 1044 2003; x_wconf 90' lang='lat' dir='ltr'><strong>sacrum</strong></span> <span class='ocrx_word' id='word_1_229' title='bbox 1066 1948 1308 2003; x_wconf 86' lang='lat' dir='ltr'><strong>auditum</strong></span> <span class='ocrx_word' id='word_1_230' title='bbox 1337 1947 1599 2017; x_wconf 89' lang='lat' dir='ltr'><strong>quosdam</strong></span> <span class='ocrx_word' id='word_1_231' title='bbox 1631 1946 1939 2002; x_wconf 87' lang='lat' dir='ltr'><strong>sacerdotes</strong></span> <span class='ocrx_word' id='word_1_232' title='bbox 1965 1954 2019 2002; x_wconf 89' lang='lat' dir='ltr'><strong>et</strong></span> <span class='ocrx_word' id='word_1_233' title='bbox 2049 1945 2155 2001; x_wconf 91' lang='lat' dir='ltr'><strong>mi-</strong></span> 
     </span>
    </p>
   </div>
   <div class='ocr_carea' id='block_1_36' title="bbox 569 2038 2159 2110">
    <p class='ocr_par' dir='ltr' id='par_1_36' title="bbox 569 2038 2159 2110">
     <span class='ocr_line' id='line_1_36' title="bbox 569 2038 2159 2110; baseline -0.002 -15"><span class='ocrx_word' id='word_1_234' title='bbox 569 2040 789 2107; x_wconf 89' lang='lat' dir='ltr'><strong>nistros,</strong></span> <span class='ocrx_word' id='word_1_235' title='bbox 816 2039 1200 2096; x_wconf 88' lang='lat' dir='ltr'><strong>obliviscentes</strong></span> <span class='ocrx_word' id='word_1_236' title='bbox 1254 2038 1524 2110; x_wconf 88' lang='lat' dir='ltr'><strong>majorum</strong></span> <span class='ocrx_word' id='word_1_237' title='bbox 1571 2048 1626 2094; x_wconf 90' lang='lat' dir='ltr'><strong>et</strong></span> <span class='ocrx_word' id='word_1_238' title='bbox 1666 2047 1910 2095; x_wconf 86' lang='lat' dir='ltr'><strong>veterum</strong></span> <span class='ocrx_word' id='word_1_239' title='bbox 1955 2038 2159 2095; x_wconf 91' lang='lat' dir='ltr'><strong>consti-</strong></span> 
     </span>
    </p>
   </div>
   <div class='ocr_carea' id='block_1_37' title="bbox 569 2129 2161 2201">
    <p class='ocr_par' dir='ltr' id='par_1_37' title="bbox 569 2129 2161 2201">
     <span class='ocr_line' id='line_1_37' title="bbox 569 2129 2161 2201; baseline -0.002 -15"><span class='ocrx_word' id='word_1_240' title='bbox 569 2141 833 2199; x_wconf 89' lang='lat' dir='ltr'><strong>tutorum,</strong></span> <span class='ocrx_word' id='word_1_241' title='bbox 857 2140 951 2187; x_wconf 87' lang='lat' dir='ltr'><strong>aut</strong></span> <span class='ocrx_word' id='word_1_242' title='bbox 986 2147 1236 2196; x_wconf 77' lang='lat' dir='ltr'><strong>uxorum,</strong></span> <span class='ocrx_word' id='word_1_243' title='bbox 1298 2139 1391 2186; x_wconf 87' lang='lat' dir='ltr'><strong>aut</strong></span> <span class='ocrx_word' id='word_1_244' title='bbox 1434 2145 1882 2201; x_wconf 84' lang='lat' dir='ltr'><strong>quarumcunque</strong></span> <span class='ocrx_word' id='word_1_245' title='bbox 1932 2129 2161 2186; x_wconf 73' lang='lat' dir='ltr'><strong>femina-</strong></span> 
     </span>
    </p>
   </div>
   <div class='ocr_carea' id='block_1_38' title="bbox 570 2222 2163 2293">
    <p class='ocr_par' dir='ltr' id='par_1_38' title="bbox 570 2222 2163 2293">
     <span class='ocr_line' id='line_1_38' title="bbox 570 2222 2163 2293; baseline -0.002 -14"><span class='ocrx_word' id='word_1_246' title='bbox 570 2241 689 2279; x_wconf 90' lang='lat' dir='ltr'><strong>rum</strong></span> <span class='ocrx_word' id='word_1_247' title='bbox 719 2224 993 2279; x_wconf 84' lang='lat' dir='ltr'><strong>immunda</strong></span> <span class='ocrx_word' id='word_1_248' title='bbox 1039 2224 1299 2280; x_wconf 83' lang='lat' dir='ltr'><strong>societate</strong></span> <span class='ocrx_word' id='word_1_249' title='bbox 1359 2231 1415 2279; x_wconf 90' lang='lat' dir='ltr'><strong>et</strong></span> <span class='ocrx_word' id='word_1_250' title='bbox 1472 2222 1791 2279; x_wconf 79' lang='lat' dir='ltr'><strong>exsecrabili</strong></span> <span class='ocrx_word' id='word_1_251' title='bbox 1841 2223 2163 2293; x_wconf 79' lang='lat' dir='ltr'><strong>contagione</strong></span> 
     </span>
    </p>
   </div>
   <div class='ocr_carea' id='block_1_39' title="bbox 572 2312 2156 2384">
    <p class='ocr_par' dir='ltr' id='par_1_39' title="bbox 572 2312 2156 2384">
     <span class='ocr_line' id='line_1_39' title="bbox 572 2312 2156 2384; baseline -0.001 -16"><span class='ocrx_word' id='word_1_252' title='bbox 572 2312 804 2384; x_wconf 87' lang='lat' dir='ltr'><strong>turpari,</strong></span> <span class='ocrx_word' id='word_1_253' title='bbox 833 2320 888 2369; x_wconf 83' lang='lat' dir='ltr'><strong>et</strong></span> <span class='ocrx_word' id='word_1_254' title='bbox 910 2312 1145 2383; x_wconf 88' lang='lat' dir='ltr'><strong>pessima</strong></span> <span class='ocrx_word' id='word_1_255' title='bbox 1173 2313 1354 2368; x_wconf 88' lang='lat' dir='ltr'><strong>cordis</strong></span> <span class='ocrx_word' id='word_1_256' title='bbox 1389 2312 1776 2379; x_wconf 82' lang='lat' dir='ltr'><strong>obstinatiOne,</strong></span> <span class='ocrx_word' id='word_1_257' title='bbox 1826 2320 1934 2368; x_wconf 87' lang='lat' dir='ltr'><strong>tam</strong></span> <span class='ocrx_word' id='word_1_258' title='bbox 1982 2312 2156 2370; x_wconf 90' lang='lat' dir='ltr'><strong>sacris</strong></span> 
     </span>
    </p>
   </div>
   <div class='ocr_carea' id='block_1_40' title="bbox 573 2402 2163 2475">
    <p class='ocr_par' dir='ltr' id='par_1_40' title="bbox 573 2402 2163 2475">
     <span class='ocr_line' id='line_1_40' title="bbox 573 2402 2163 2475; baseline 0 -17"><span class='ocrx_word' id='word_1_259' title='bbox 573 2404 770 2460; x_wconf 82' lang='lat' dir='ltr'><strong>litteris</strong></span> <span class='ocrx_word' id='word_1_260' title='bbox 795 2410 959 2473; x_wconf 83' lang='lat' dir='ltr'><strong>quam</strong></span> <span class='ocrx_word' id='word_1_261' title='bbox 979 2402 1201 2458; x_wconf 88' lang='lat' dir='ltr'><strong>Patrum</strong></span> <span class='ocrx_word' id='word_1_262' title='bbox 1233 2403 1429 2475; x_wconf 87' lang='lat' dir='ltr'><strong>regulis</strong></span> <span class='ocrx_word' id='word_1_263' title='bbox 1450 2403 1755 2469; x_wconf 78' lang='lat' dir='ltr'><strong>obviantes,</strong></span> <span class='ocrx_word' id='word_1_264' title='bbox 1781 2411 1884 2459; x_wconf 86' lang='lat' dir='ltr'><strong>nec</strong></span> <span class='ocrx_word' id='word_1_265' title='bbox 1904 2402 2006 2458; x_wconf 90' lang='lat' dir='ltr'><strong>levi</strong></span> <span class='ocrx_word' id='word_1_266' title='bbox 2044 2403 2163 2474; x_wconf 87' lang='lat' dir='ltr'><strong>qui-</strong></span> 
     </span>
    </p>
   </div>
   <div class='ocr_carea' id='block_1_41' title="bbox 574 2496 2159 2568">
    <p class='ocr_par' dir='ltr' id='par_1_41' title="bbox 574 2496 2159 2568">
     <span class='ocr_line' id='line_1_41' title="bbox 574 2496 2159 2568; baseline 0.001 -15"><span class='ocrx_word' id='word_1_267' title='bbox 574 2499 696 2553; x_wconf 90' lang='lat' dir='ltr'><strong>dem</strong></span> <span class='ocrx_word' id='word_1_268' title='bbox 736 2496 1543 2568; x_wconf 69' lang='lat' dir='ltr'><strong>respiramine&#39;contemplantes</strong></span> <span class='ocrx_word' id='word_1_269' title='bbox 1580 2497 1722 2568; x_wconf 87' lang='lat' dir='ltr'><strong>quod</strong></span> <span class='ocrx_word' id='word_1_270' title='bbox 1752 2498 2012 2568; x_wconf 89' lang='lat' dir='ltr'><strong>scriptum</strong></span> <span class='ocrx_word' id='word_1_271' title='bbox 2034 2508 2159 2554; x_wconf 91' lang='lat' dir='ltr'><strong>est:</strong></span> 
     </span>
    </p>
   </div>
   <div class='ocr_carea' id='block_1_42' title="bbox 578 2585 2162 2664">
    <p class='ocr_par' dir='ltr' id='par_1_42' title="bbox 578 2585 2162 2664">
     <span class='ocr_line' id='line_1_42' title="bbox 578 2585 2162 2664; baseline 0.005 -26"><span class='ocrx_word' id='word_1_272' title='bbox 578 2585 808 2643; x_wconf 64' lang='lat' dir='ltr'><strong>(Sancti</strong></span> <span class='ocrx_word' id='word_1_273' title='bbox 828 2597 1021 2652; x_wconf 87' lang='lat' dir='ltr'><strong>estote,</strong></span> <span class='ocrx_word' id='word_1_274' title='bbox 1042 2588 1293 2657; x_wconf 85' lang='lat' dir='ltr'><strong>quoniam</strong></span> <span class='ocrx_word' id='word_1_275' title='bbox 1319 2598 1373 2643; x_wconf 91' lang='lat' dir='ltr'><strong>et</strong></span> <span class='ocrx_word' id='word_1_276' title='bbox 1391 2604 1490 2660; x_wconf 86' lang='lat' dir='ltr'><strong>ego</strong></span> <span class='ocrx_word' id='word_1_277' title='bbox 1511 2599 1730 2645; x_wconf 85' lang='lat' dir='ltr'><strong>sanctus</strong></span> <span class='ocrx_word' id='word_1_278' title='bbox 1750 2606 1869 2645; x_wconf 91' lang='lat' dir='ltr'><strong>sum</strong></span> <span class='ocrx_word' id='word_1_279' title='bbox 1891 2589 2076 2664; x_wconf 78' lang='lat' dir='ltr'><strong>(Leuit.</strong></span> <span class='ocrx_word' id='word_1_280' title='bbox 2099 2608 2162 2658; x_wconf 89' lang='grc' dir='ltr'><strong>ιι,</strong></span> 
     </span>
    </p>
   </div>
   <div class='ocr_carea' id='block_1_43' title="bbox 571 2676 2166 2749">
    <p class='ocr_par' dir='ltr' id='par_1_43' title="bbox 571 2676 2166 2749">
     <span class='ocr_line' id='line_1_43' title="bbox 571 2676 2166 2749; baseline 0.003 -16"><span class='ocrx_word' id='word_1_281' title='bbox 571 2677 688 2749; x_wconf 67' lang='grc'><strong>44),</strong></span> <span class='ocrx_word' id='word_1_282' title='bbox 722 2677 854 2734; x_wconf 92' lang='lat' dir='ltr'><strong>dicit</strong></span> <span class='ocrx_word' id='word_1_283' title='bbox 882 2676 1180 2743; x_wconf 87' lang='lat' dir='ltr'><strong>Dominus;</strong></span> <span class='ocrx_word' id='word_1_284' title='bbox 1221 2698 1239 2729; x_wconf 75' lang='grc' dir='ltr'><strong>ι</strong></span> <span class='ocrx_word' id='word_1_285' title='bbox 1272 2687 1326 2734; x_wconf 91' lang='lat' dir='ltr'><strong>et</strong></span> <span class='ocrx_word' id='word_1_286' title='bbox 1356 2679 1485 2733; x_wconf 90' lang='lat' dir='ltr'><strong>illud</strong></span> <span class='ocrx_word' id='word_1_287' title='bbox 1519 2680 1887 2749; x_wconf 83' lang='lat' dir='ltr'><strong>Apostolicum</strong></span> <span class='ocrx_word' id='word_1_288' title='bbox 1920 2695 1935 2734; x_wconf 88' lang='lat'><strong>:</strong></span> <span class='ocrx_word' id='word_1_289' title='bbox 1970 2699 1988 2733; x_wconf 81' lang='grc' dir='ltr'><strong>ι</strong></span> <span class='ocrx_word' id='word_1_290' title='bbox 2023 2680 2166 2738; x_wconf 80' lang='lat' dir='ltr'><strong>Mor-</strong></span> 
     </span>
    </p>
   </div>
   <div class='ocr_carea' id='block_1_44' title="bbox 573 2764 2165 2841">
    <p class='ocr_par' dir='ltr' id='par_1_44' title="bbox 573 2764 2165 2841">
     <span class='ocr_line' id='line_1_44' title="bbox 573 2764 2165 2841; baseline 0.002 -18"><span class='ocrx_word' id='word_1_291' title='bbox 573 2767 777 2824; x_wconf 83' lang='lat' dir='ltr'><strong>tiﬁcate</strong></span> <span class='ocrx_word' id='word_1_292' title='bbox 838 2764 1081 2823; x_wconf 88' lang='lat' dir='ltr'><strong>membra</strong></span> <span class='ocrx_word' id='word_1_293' title='bbox 1139 2777 1359 2833; x_wconf 89' lang='lat' dir='ltr'><strong>vestra,</strong></span> <span class='ocrx_word' id='word_1_294' title='bbox 1415 2784 1534 2839; x_wconf 65' lang='lat' dir='ltr'><strong>quae</strong></span> <span class='ocrx_word' id='word_1_295' title='bbox 1585 2779 1712 2825; x_wconf 90' lang='lat' dir='ltr'><strong>sunt</strong></span> <span class='ocrx_word' id='word_1_296' title='bbox 1756 2786 1918 2841; x_wconf 87' lang='lat' dir='ltr'><strong>super</strong></span> <span class='ocrx_word' id='word_1_297' title='bbox 1966 2782 2165 2827; x_wconf 84' lang='lat' dir='ltr'><strong>terram</strong></span> 
     </span>
    </p>
   </div>
   <div class='ocr_carea' id='block_1_45' title="bbox 575 2851 2166 2933">
    <p class='ocr_par' dir='ltr' id='par_1_45' title="bbox 575 2851 2166 2933">
     <span class='ocr_line' id='line_1_45' title="bbox 575 2851 2166 2933; baseline 0.003 -19"><span class='ocrx_word' id='word_1_298' title='bbox 575 2857 714 2933; x_wconf 83' lang='lat' dir='ltr'><strong>(Col.</strong></span> <span class='ocrx_word' id='word_1_299' title='bbox 738 2872 821 2925; x_wconf 90' lang='grc' dir='ltr'><strong>ιιι,</strong></span> <span class='ocrx_word' id='word_1_300' title='bbox 853 2851 929 2930; x_wconf 80' lang='grc'><strong>5),</strong></span> <span class='ocrx_word' id='word_1_301' title='bbox 965 2875 984 2910; x_wconf 73' lang='grc' dir='ltr'><strong>ι</strong></span> <span class='ocrx_word' id='word_1_302' title='bbox 1018 2859 1192 2925; x_wconf 89' lang='lat' dir='ltr'><strong>idest,</strong></span> <span class='ocrx_word' id='word_1_303' title='bbox 1220 2860 1629 2916; x_wconf 80' lang='lat' dir='ltr'><strong>fornicationem</strong></span> <span class='ocrx_word' id='word_1_304' title='bbox 1659 2873 1716 2917; x_wconf 90' lang='lat' dir='ltr'><strong>et</strong></span> <span class='ocrx_word' id='word_1_305' title='bbox 1747 2862 2166 2930; x_wconf 87' lang='lat' dir='ltr'><strong>immunditiam,</strong></span> 
     </span>
    </p>
   </div>
   <div class='ocr_carea' id='block_1_46' title="bbox 574 2950 2168 3026">
    <p class='ocr_par' dir='ltr' id='par_1_46' title="bbox 574 2950 2168 3026">
     <span class='ocr_line' id='line_1_46' title="bbox 574 2950 2168 3026; baseline 0.003 -21"><span class='ocrx_word' id='word_1_306' title='bbox 574 2951 1067 3023; x_wconf 80' lang='lat' dir='ltr'><strong>concupiscentiam</strong></span> <span class='ocrx_word' id='word_1_307' title='bbox 1095 2951 1316 3018; x_wconf 86' lang='lat' dir='ltr'><strong>malam,</strong></span> <span class='ocrx_word' id='word_1_308' title='bbox 1334 2950 1388 3007; x_wconf 75' lang='lat' dir='ltr'><strong>e&#39;t</strong></span> <span class='ocrx_word' id='word_1_309' title='bbox 1413 2954 1720 3020; x_wconf 80' lang='lat' dir='ltr'><strong>avaritiam,</strong></span> <span class='ocrx_word' id='word_1_310' title='bbox 1749 2955 1945 3024; x_wconf 90' lang='lat' dir='ltr'><strong>quibus</strong></span> <span class='ocrx_word' id='word_1_311' title='bbox 1965 2967 2168 3026; x_wconf 90' lang='lat' dir='ltr'><strong>quanto</strong></span> 
     </span>
    </p>
   </div>
   <div class='ocr_carea' id='block_1_47' title="bbox 576 3032 2167 3114">
    <p class='ocr_par' dir='ltr' id='par_1_47' title="bbox 576 3032 2167 3114">
     <span class='ocr_line' id='line_1_47' title="bbox 576 3032 2167 3114; baseline 0.002 -16"><span class='ocrx_word' id='word_1_312' title='bbox 576 3053 661 3098; x_wconf 89' lang='lat' dir='ltr'><strong>est</strong></span> <span class='ocrx_word' id='word_1_313' title='bbox 682 3042 1009 3114; x_wconf 88' lang='lat' dir='ltr'><strong>pertinacior</strong></span> <span class='ocrx_word' id='word_1_314' title='bbox 1044 3036 1128 3097; x_wconf 88' lang='lat' dir='ltr'><strong>vis</strong></span> <span class='ocrx_word' id='word_1_315' title='bbox 1158 3032 1211 3097; x_wconf 86' lang='lat' dir='ltr'><strong>in</strong></span> <span class='ocrx_word' id='word_1_316' title='bbox 1236 3043 1413 3109; x_wconf 89' lang='lat' dir='ltr'><strong>malis,</strong></span> <span class='ocrx_word' id='word_1_317' title='bbox 1445 3045 1594 3100; x_wconf 84' lang='lat' dir='ltr'><strong>taiito</strong></span> <span class='ocrx_word' id='word_1_318' title='bbox 1620 3045 2013 3102; x_wconf 88' lang='lat' dir='ltr'><strong>austerioribus</strong></span> <span class='ocrx_word' id='word_1_319' title='bbox 2033 3061 2167 3102; x_wconf 88' lang='lat' dir='ltr'><strong>con-</strong></span> 
     </span>
    </p>
   </div>
   <div class='ocr_carea' id='block_1_48' title="bbox 576 3124 2169 3214">
    <p class='ocr_par' dir='ltr' id='par_1_48' title="bbox 576 3124 2169 3214">
     <span class='ocr_line' id='line_1_48' title="bbox 576 3124 2169 3214; baseline 0.004 -24"><span class='ocrx_word' id='word_1_320' title='bbox 576 3137 724 3214; x_wconf 89' lang='lat' dir='ltr'><strong>venit</strong></span> <span class='ocrx_word' id='word_1_321' title='bbox 753 3135 973 3191; x_wconf 82' lang='lat' dir='ltr'><strong>obviare</strong></span> <span class='ocrx_word' id='word_1_322' title='bbox 1002 3130 1252 3193; x_wconf 86' lang='lat' dir='ltr'><strong>decretis.</strong></span> <span class='ocrx_word' id='word_1_323' title='bbox 1281 3124 1508 3206; x_wconf 81' lang='lat' dir='ltr'><strong>Propter</strong></span> <span class='ocrx_word' id='word_1_324' title='bbox 1532 3137 1672 3208; x_wconf 86' lang='lat' dir='ltr'><strong>quod</strong></span> <span class='ocrx_word' id='word_1_325' title='bbox 1701 3137 1919 3210; x_wconf 84' lang='lat' dir='ltr'><strong>ﬂagitiis</strong></span> <span class='ocrx_word' id='word_1_326' title='bbox 1944 3140 2169 3196; x_wconf 81' lang='lat' dir='ltr'><strong>detectis</strong></span> 
     </span>
    </p>
   </div>
   <div class='ocr_carea' id='block_1_49' title="bbox 2260 1957 3809 2028">
    <p class='ocr_par' dir='ltr' id='par_1_49' title="bbox 2260 1957 3809 2028">
     <span class='ocr_line' id='line_1_49' title="bbox 2260 1957 3809 2028; baseline 0 -15"><span class='ocrx_word' id='word_1_327' title='bbox 2260 1957 2558 2028; x_wconf 89' lang='lat' dir='ltr'><strong>persistunt</strong></span> <span class='ocrx_word' id='word_1_328' title='bbox 2592 1997 2610 2024; x_wconf 91' lang='lat'><strong>,</strong></span> <span class='ocrx_word' id='word_1_329' title='bbox 2684 1972 2847 2028; x_wconf 89' lang='lat' dir='ltr'><strong>quam</strong></span> <span class='ocrx_word' id='word_1_330' title='bbox 2916 1959 3382 2015; x_wconf 81' lang='lat' dir='ltr'><strong>excellentissime</strong></span> <span class='ocrx_word' id='word_1_331' title='bbox 3456 1958 3809 2024; x_wconf 73' lang='lat' dir='ltr'><strong>conferuntur,</strong></span> 
     </span>
    </p>
   </div>
   <div class='ocr_carea' id='block_1_50' title="bbox 2261 2049 3806 2124">
    <p class='ocr_par' dir='ltr' id='par_1_50' title="bbox 2261 2049 3806 2124">
     <span class='ocr_line' id='line_1_50' title="bbox 2261 2049 3806 2124; baseline 0.001 -19"><span class='ocrx_word' id='word_1_332' title='bbox 2261 2050 2388 2120; x_wconf 83' lang='lat' dir='ltr'><strong>quia</strong></span> <span class='ocrx_word' id='word_1_333' title='bbox 2451 2058 2508 2106; x_wconf 89' lang='lat' dir='ltr'><strong>et</strong></span> <span class='ocrx_word' id='word_1_334' title='bbox 2562 2059 2713 2106; x_wconf 88' lang='lat' dir='ltr'><strong>tanto</strong></span> <span class='ocrx_word' id='word_1_335' title='bbox 2763 2049 2833 2107; x_wconf 89' lang='lat' dir='ltr'><strong>ab</strong></span> <span class='ocrx_word' id='word_1_336' title='bbox 2895 2051 2977 2107; x_wconf 88' lang='lat' dir='ltr'><strong>eis</strong></span> <span class='ocrx_word' id='word_1_337' title='bbox 3027 2052 3391 2122; x_wconf 76' lang='lat' dir='ltr'><strong>singulariter</strong></span> <span class='ocrx_word' id='word_1_338' title='bbox 3444 2053 3806 2124; x_wconf 83' lang='lat' dir='ltr'><strong>impenduntur,</strong></span> 
     </span>
    </p>
   </div>
   <div class='ocr_carea' id='block_1_51' title="bbox 2263 2142 3808 2216">
    <p class='ocr_par' dir='ltr' id='par_1_51' title="bbox 2263 2142 3808 2216">
     <span class='ocr_line' id='line_1_51' title="bbox 2263 2142 3808 2216; baseline -0.001 -18"><span class='ocrx_word' id='word_1_339' title='bbox 2263 2152 2466 2214; x_wconf 85' lang='lat' dir='ltr'><strong>quanto</strong></span> <span class='ocrx_word' id='word_1_340' title='bbox 2493 2142 2669 2198; x_wconf 91' lang='lat' dir='ltr'><strong>eidem</strong></span> <span class='ocrx_word' id='word_1_341' title='bbox 2698 2158 2913 2199; x_wconf 89' lang='lat' dir='ltr'><strong>summo</strong></span> <span class='ocrx_word' id='word_1_342' title='bbox 2941 2143 3161 2199; x_wconf 89' lang='lat' dir='ltr'><strong>culmini</strong></span> <span class='ocrx_word' id='word_1_343' title='bbox 3187 2144 3513 2216; x_wconf 74' lang='lat' dir='ltr'><strong>peragenda</strong></span> <span class='ocrx_word' id='word_1_344' title='bbox 3557 2153 3808 2199; x_wconf 82' lang='lat' dir='ltr'><strong>servantur.</strong></span> 
     </span>
    </p>
   </div>
   <div class='ocr_carea' id='block_1_52' title="bbox 2263 2231 3809 2304">
    <p class='ocr_par' dir='ltr' id='par_1_52' title="bbox 2263 2231 3809 2304">
     <span class='ocr_line' id='line_1_52' title="bbox 2263 2231 3809 2304; baseline 0.001 -17"><span class='ocrx_word' id='word_1_345' title='bbox 2263 2231 2544 2300; x_wconf 82' lang='lat' dir='ltr'><strong>Quomodo</strong></span> <span class='ocrx_word' id='word_1_346' title='bbox 2591 2245 2722 2302; x_wconf 86' lang='lat' dir='ltr'><strong>ergo</strong></span> <span class='ocrx_word' id='word_1_347' title='bbox 2779 2232 2871 2303; x_wconf 90' lang='lat' dir='ltr'><strong>qui</strong></span> <span class='ocrx_word' id='word_1_348' title='bbox 2907 2246 2970 2288; x_wconf 90' lang='lat' dir='ltr'><strong>ea</strong></span> <span class='ocrx_word' id='word_1_349' title='bbox 3012 2232 3068 2288; x_wconf 91' lang='lat' dir='ltr'><strong>in</strong></span> <span class='ocrx_word' id='word_1_350' title='bbox 3107 2248 3168 2290; x_wconf 90' lang='lat' dir='ltr'><strong>se</strong></span> <span class='ocrx_word' id='word_1_351' title='bbox 3213 2233 3420 2304; x_wconf 88' lang='lat' dir='ltr'><strong>recipit</strong></span> <span class='ocrx_word' id='word_1_352' title='bbox 3454 2247 3485 2287; x_wconf 88' lang='lat' dir='ltr'><strong>a</strong></span> <span class='ocrx_word' id='word_1_353' title='bbox 3533 2246 3591 2288; x_wconf 87' lang='lat' dir='ltr'><strong>se</strong></span> <span class='ocrx_word' id='word_1_354' title='bbox 3639 2232 3809 2304; x_wconf 81' lang='lat' dir='ltr'><strong>rejicere</strong></span> 
     </span>
    </p>
   </div>
   <div class='ocr_carea' id='block_1_53' title="bbox 2263 2322 3808 2394">
    <p class='ocr_par' dir='ltr' id='par_1_53' title="bbox 2263 2322 3808 2394">
     <span class='ocr_line' id='line_1_53' title="bbox 2263 2322 3808 2394; baseline 0 -18"><span class='ocrx_word' id='word_1_355' title='bbox 2263 2322 2481 2391; x_wconf 88' lang='lat' dir='ltr'><strong>poterit,</strong></span> <span class='ocrx_word' id='word_1_356' title='bbox 2526 2336 2651 2377; x_wconf 91' lang='lat' dir='ltr'><strong>cum</strong></span> <span class='ocrx_word' id='word_1_357' title='bbox 2692 2322 2809 2378; x_wconf 63' lang='lat' dir='ltr'><strong>haec</strong></span> <span class='ocrx_word' id='word_1_358' title='bbox 2850 2338 2881 2378; x_wconf 84' lang='lat' dir='ltr'><strong>a</strong></span> <span class='ocrx_word' id='word_1_359' title='bbox 2926 2322 3074 2379; x_wconf 92' lang='lat' dir='ltr'><strong>nullo</strong></span> <span class='ocrx_word' id='word_1_360' title='bbox 3120 2323 3295 2378; x_wconf 85' lang='lat' dir='ltr'><strong>altero</strong></span> <span class='ocrx_word' id='word_1_361' title='bbox 3343 2324 3584 2380; x_wconf 79' lang='lat' dir='ltr'><strong>conferri</strong></span> <span class='ocrx_word' id='word_1_362' title='bbox 3626 2336 3759 2394; x_wconf 71' lang='lat' dir='ltr'><strong>quam</strong></span> <span class='ocrx_word' id='word_1_363' title='bbox 3787 2337 3808 2376; x_wconf 71' lang='grc' dir='ltr'><strong>ι</strong></span> 
     </span>
    </p>
   </div>
   <div class='ocr_carea' id='block_1_54' title="bbox 2266 2416 3805 2491">
    <p class='ocr_par' dir='ltr' id='par_1_54' title="bbox 2266 2416 3805 2491">
     <span class='ocr_line' id='line_1_54' title="bbox 2266 2416 3805 2491; baseline 0 -20"><span class='ocrx_word' id='word_1_364' title='bbox 2266 2416 2397 2473; x_wconf 90' lang='lat' dir='ltr'><strong>solis</strong></span> <span class='ocrx_word' id='word_1_365' title='bbox 2422 2416 2771 2488; x_wconf 85' lang='lat' dir='ltr'><strong>pontiﬁcibus</strong></span> <span class='ocrx_word' id='word_1_366' title='bbox 2800 2417 2968 2483; x_wconf 88' lang='lat' dir='ltr'><strong>novit,</strong></span> <span class='ocrx_word' id='word_1_367' title='bbox 2996 2418 3193 2489; x_wconf 90' lang='lat' dir='ltr'><strong>quibus</strong></span> <span class='ocrx_word' id='word_1_368' title='bbox 3235 2432 3345 2475; x_wconf 78' lang='lat' dir='ltr'><strong>nec</strong></span> <span class='ocrx_word' id='word_1_369' title='bbox 3374 2417 3538 2491; x_wconf 87' lang='lat' dir='ltr'><strong>ligata</strong></span> <span class='ocrx_word' id='word_1_370' title='bbox 3564 2417 3702 2482; x_wconf 86' lang='lat' dir='ltr'><strong>solvi,</strong></span> <span class='ocrx_word' id='word_1_371' title='bbox 3738 2431 3805 2471; x_wconf 78' lang='lat' dir='ltr'><strong>nec</strong></span> 
     </span>
    </p>
   </div>
   <div class='ocr_carea' id='block_1_55' title="bbox 2265 2509 3805 2583">
    <p class='ocr_par' dir='ltr' id='par_1_55' title="bbox 2265 2509 3805 2583">
     <span class='ocr_line' id='line_1_55' title="bbox 2265 2509 3805 2583; baseline -0.002 -19"><span class='ocrx_word' id='word_1_372' title='bbox 2265 2509 2443 2565; x_wconf 87' lang='lat' dir='ltr'><strong>soluta</strong></span> <span class='ocrx_word' id='word_1_373' title='bbox 2487 2518 2780 2580; x_wconf 89' lang='lat' dir='ltr'><strong>potuerunt</strong></span> <span class='ocrx_word' id='word_1_374' title='bbox 2812 2511 2882 2566; x_wconf 87' lang='lat' dir='ltr'><strong>ab</strong></span> <span class='ocrx_word' id='word_1_375' title='bbox 2928 2510 3108 2580; x_wconf 85' lang='lat' dir='ltr'><strong>aliquo</strong></span> <span class='ocrx_word' id='word_1_376' title='bbox 3155 2511 3432 2583; x_wconf 78' lang='lat' dir='ltr'><strong>religari?</strong></span> <span class='ocrx_word' id='word_1_377' title='bbox 3474 2509 3566 2565; x_wconf 84' lang='lat' dir='ltr'><strong>Sic</strong></span> <span class='ocrx_word' id='word_1_378' title='bbox 3608 2510 3729 2565; x_wconf 84' lang='lat' dir='ltr'><strong>enim</strong></span> <span class='ocrx_word' id='word_1_379' title='bbox 3762 2509 3805 2562; x_wconf 83' lang='lat' dir='ltr'><strong>ad</strong></span> 
     </span>
    </p>
   </div>
   <div class='ocr_carea' id='block_1_56' title="bbox 2270 2598 3805 2672">
    <p class='ocr_par' dir='ltr' id='par_1_56' title="bbox 2270 2598 3805 2672">
     <span class='ocr_line' id='line_1_56' title="bbox 2270 2598 3805 2672; baseline -0.003 -17"><span class='ocrx_word' id='word_1_380' title='bbox 2270 2599 2489 2655; x_wconf 90' lang='lat' dir='ltr'><strong>Petrum</strong></span> <span class='ocrx_word' id='word_1_381' title='bbox 2526 2598 2741 2655; x_wconf 83' lang='lat' dir='ltr'><strong>Veritas</strong></span> <span class='ocrx_word' id='word_1_382' title='bbox 2776 2600 2854 2655; x_wconf 87' lang='lat' dir='ltr'><strong>ait</strong></span> <span class='ocrx_word' id='word_1_383' title='bbox 2897 2617 2911 2653; x_wconf 91' lang='lat'><strong>:</strong></span> <span class='ocrx_word' id='word_1_384' title='bbox 2971 2600 3372 2671; x_wconf 85' lang='lat' dir='ltr'><strong>Quodcumque</strong></span> <span class='ocrx_word' id='word_1_385' title='bbox 3417 2600 3657 2672; x_wconf 75' lang='lat' dir='ltr'><strong>ligaveris</strong></span> <span class='ocrx_word' id='word_1_386' title='bbox 3690 2613 3805 2667; x_wconf 79' lang='lat' dir='ltr'><strong>super</strong></span> 
     </span>
    </p>
   </div>
   <div class='ocr_carea' id='block_1_57' title="bbox 2271 2687 3803 2763">
    <p class='ocr_par' dir='ltr' id='par_1_57' title="bbox 2271 2687 3803 2763">
     <span class='ocr_line' id='line_1_57' title="bbox 2271 2687 3803 2763; baseline -0.005 -17"><span class='ocrx_word' id='word_1_387' title='bbox 2271 2699 2471 2746; x_wconf 88' lang='lat' dir='ltr'><strong>terram</strong></span> <span class='ocrx_word' id='word_1_388' title='bbox 2498 2689 2607 2746; x_wconf 90' lang='lat' dir='ltr'><strong>erit</strong></span> <span class='ocrx_word' id='word_1_389' title='bbox 2631 2689 2854 2762; x_wconf 90' lang='lat' dir='ltr'><strong>ligatum</strong></span> <span class='ocrx_word' id='word_1_390' title='bbox 2883 2690 3016 2746; x_wconf 89' lang='lat' dir='ltr'><strong>etin</strong></span> <span class='ocrx_word' id='word_1_391' title='bbox 3046 2690 3205 2756; x_wconf 75' lang='lat' dir='ltr'><strong>ctelo,</strong></span> <span class='ocrx_word' id='word_1_392' title='bbox 3231 2700 3293 2747; x_wconf 89' lang='lat' dir='ltr'><strong>et</strong></span> <span class='ocrx_word' id='word_1_393' title='bbox 3345 2690 3690 2763; x_wconf 84' lang='lat' dir='ltr'><strong>quodcunque</strong></span> <span class='ocrx_word' id='word_1_394' title='bbox 3727 2687 3803 2742; x_wconf 84' lang='lat' dir='ltr'><strong>sol-</strong></span> 
     </span>
    </p>
   </div>
   <div class='ocr_carea' id='block_1_58' title="bbox 2268 2777 3799 2851">
    <p class='ocr_par' dir='ltr' id='par_1_58' title="bbox 2268 2777 3799 2851">
     <span class='ocr_line' id='line_1_58' title="bbox 2268 2777 3799 2851; baseline -0.003 -15"><span class='ocrx_word' id='word_1_395' title='bbox 2268 2782 2413 2837; x_wconf 89' lang='lat' dir='ltr'><strong>veris</strong></span> <span class='ocrx_word' id='word_1_396' title='bbox 2450 2796 2614 2849; x_wconf 88' lang='lat' dir='ltr'><strong>super</strong></span> <span class='ocrx_word' id='word_1_397' title='bbox 2653 2789 2853 2837; x_wconf 82' lang='lat' dir='ltr'><strong>terrain</strong></span> <span class='ocrx_word' id='word_1_398' title='bbox 2888 2782 2995 2838; x_wconf 91' lang='lat' dir='ltr'><strong>erit</strong></span> <span class='ocrx_word' id='word_1_399' title='bbox 3026 2782 3262 2838; x_wconf 88' lang='lat' dir='ltr'><strong>solutum</strong></span> <span class='ocrx_word' id='word_1_400' title='bbox 3312 2789 3372 2837; x_wconf 90' lang='lat' dir='ltr'><strong>et</strong></span> <span class='ocrx_word' id='word_1_401' title='bbox 3399 2782 3457 2836; x_wconf 92' lang='lat' dir='ltr'><strong>in</strong></span> <span class='ocrx_word' id='word_1_402' title='bbox 3486 2780 3616 2837; x_wconf 72' lang='lat' dir='ltr'><strong>caelo</strong></span> <span class='ocrx_word' id='word_1_403' title='bbox 3639 2777 3799 2851; x_wconf 70' lang='lat' dir='ltr'><strong>(Harii.</strong></span> 
     </span>
    </p>
   </div>
   <div class='ocr_carea' id='block_1_59' title="bbox 2269 2868 3801 2944">
    <p class='ocr_par' dir='ltr' id='par_1_59' title="bbox 2269 2868 3801 2944">
     <span class='ocr_line' id='line_1_59' title="bbox 2269 2868 3801 2944; baseline -0.004 -17"><span class='ocrx_word' id='word_1_404' title='bbox 2269 2888 2393 2938; x_wconf 66' lang='grc' dir='ltr'><strong>χιιι,</strong></span> <span class='ocrx_word' id='word_1_405' title='bbox 2437 2872 2562 2942; x_wconf 84' lang='grc'><strong>19),</strong></span> <span class='ocrx_word' id='word_1_406' title='bbox 2604 2887 2943 2943; x_wconf 80' lang='lat' dir='ltr'><strong>nequaquam</strong></span> <span class='ocrx_word' id='word_1_407' title='bbox 2995 2872 3288 2942; x_wconf 80' lang='lat' dir='ltr'><strong>aliquando</strong></span> <span class='ocrx_word' id='word_1_408' title='bbox 3349 2872 3555 2944; x_wconf 78' lang='lat' dir='ltr'><strong>poterit</strong></span> <span class='ocrx_word' id='word_1_409' title='bbox 3590 2868 3801 2942; x_wconf 72' lang='lat' dir='ltr'><strong>profuturi</strong></span> 
     </span>
    </p>
   </div>
   <div class='ocr_carea' id='block_1_60' title="bbox 2269 2958 3801 3035">
    <p class='ocr_par' dir='ltr' id='par_1_60' title="bbox 2269 2958 3801 3035">
     <span class='ocr_line' id='line_1_60' title="bbox 2269 2958 3801 3035; baseline -0.01 -14"><span class='ocrx_word' id='word_1_410' title='bbox 2269 2964 2412 3034; x_wconf 91' lang='lat' dir='ltr'><strong>quod</strong></span> <span class='ocrx_word' id='word_1_411' title='bbox 2443 2963 2913 3033; x_wconf 69' lang='lat' dir='ltr'><strong>divinaajussionis</strong></span> <span class='ocrx_word' id='word_1_412' title='bbox 2936 2964 3203 3035; x_wconf 88' lang='lat' dir='ltr'><strong>simulque</strong></span> <span class='ocrx_word' id='word_1_413' title='bbox 3224 2963 3545 3035; x_wconf 75' lang='lat' dir='ltr'><strong>apostolica:</strong></span> <span class='ocrx_word' id='word_1_414' title='bbox 3565 2958 3801 3017; x_wconf 72' lang='lat' dir='ltr'><strong>traditionis</strong></span> 
     </span>
    </p>
   </div>
   <div class='ocr_carea' id='block_1_61' title="bbox 2271 3047 3800 3111">
    <p class='ocr_par' dir='ltr' id='par_1_61' title="bbox 2271 3047 3800 3111">
     <span class='ocr_line' id='line_1_61' title="bbox 2271 3047 3800 3111; baseline -0.007 -3"><span class='ocrx_word' id='word_1_415' title='bbox 2271 3053 2599 3111; x_wconf 89' lang='lat' dir='ltr'><strong>auctoritate</strong></span> <span class='ocrx_word' id='word_1_416' title='bbox 2624 3068 2842 3110; x_wconf 85' lang='lat' dir='ltr'><strong>sacrum</strong></span> <span class='ocrx_word' id='word_1_417' title='bbox 2883 3053 3130 3109; x_wconf 88' lang='lat' dir='ltr'><strong>noscitur</strong></span> <span class='ocrx_word' id='word_1_418' title='bbox 3152 3053 3457 3110; x_wconf 77' lang='lat' dir='ltr'><strong>exstitisse.</strong></span> <span class='ocrx_word' id='word_1_419' title='bbox 3489 3049 3671 3106; x_wconf 80' lang='lat' dir='ltr'><strong>Verum</strong></span> <span class='ocrx_word' id='word_1_420' title='bbox 3703 3047 3800 3101; x_wconf 84' lang='lat' dir='ltr'><strong>sicut</strong></span> 
     </span>
    </p>
   </div>
   <div class='ocr_carea' id='block_1_62' title="bbox 2274 3136 3801 3201">
    <p class='ocr_par' dir='ltr' id='par_1_62' title="bbox 2274 3136 3801 3201">
     <span class='ocr_line' id='line_1_62' title="bbox 2274 3136 3801 3201; baseline -0.007 0"><span class='ocrx_word' id='word_1_421' title='bbox 2274 3154 2523 3201; x_wconf 86' lang='lat' dir='ltr'><strong>sanctum</strong></span> <span class='ocrx_word' id='word_1_422' title='bbox 2559 3144 2797 3200; x_wconf 87' lang='lat' dir='ltr'><strong>chrisma</strong></span> <span class='ocrx_word' id='word_1_423' title='bbox 2844 3144 3099 3200; x_wconf 89' lang='lat' dir='ltr'><strong>collatum</strong></span> <span class='ocrx_word' id='word_1_424' title='bbox 3144 3153 3200 3199; x_wconf 89' lang='lat' dir='ltr'><strong>et</strong></span> <span class='ocrx_word' id='word_1_425' title='bbox 3253 3144 3452 3200; x_wconf 86' lang='lat' dir='ltr'><strong>altaris</strong></span> <span class='ocrx_word' id='word_1_426' title='bbox 3499 3143 3659 3198; x_wconf 86' lang='lat' dir='ltr'><strong>honor</strong></span> <span class='ocrx_word' id='word_1_427' title='bbox 3688 3136 3801 3194; x_wconf 79' lang='lat' dir='ltr'><strong>evelli</strong></span> 
     </span>
    </p>
   </div>
   <div class='ocr_carea' id='block_1_63' title="bbox 579 3212 3797 3307">
    <p class='ocr_par' dir='ltr' id='par_1_63' title="bbox 579 3212 3797 3307">
     <span class='ocr_line' id='line_1_63' title="bbox 579 3212 3797 3307; baseline 0.001 -25"><span class='ocrx_word' id='word_1_428' title='bbox 579 3212 887 3297; x_wconf 84' lang='lat' dir='ltr'><strong>specialiter</strong></span> <span class='ocrx_word' id='word_1_429' title='bbox 914 3227 1017 3283; x_wconf 91' lang='lat' dir='ltr'><strong>hoc</strong></span> <span class='ocrx_word' id='word_1_430' title='bbox 1046 3243 1076 3281; x_wconf 89' lang='lat' dir='ltr'><strong>a</strong></span> <span class='ocrx_word' id='word_1_431' title='bbox 1104 3237 1290 3284; x_wconf 85' lang='lat' dir='ltr'><strong>sancto</strong></span> <span class='ocrx_word' id='word_1_432' title='bbox 1316 3229 1545 3285; x_wconf 85' lang='lat' dir='ltr'><strong>concilio</strong></span> <span class='ocrx_word' id='word_1_433' title='bbox 1570 3229 1846 3296; x_wconf 87' lang='lat' dir='ltr'><strong>delinitur,</strong></span> <span class='ocrx_word' id='word_1_434' title='bbox 1875 3240 1936 3286; x_wconf 91' lang='lat' dir='ltr'><strong>ut</strong></span> <span class='ocrx_word' id='word_1_435' title='bbox 1975 3244 2165 3286; x_wconf 91' lang='lat' dir='ltr'><strong>omnes</strong></span> <span class='ocrx_word' id='word_1_436' title='bbox 2195 3212 2242 3276; x_wconf 76' lang='lat' dir='ltr'>C</span> <span class='ocrx_word' id='word_1_437' title='bbox 2274 3252 2382 3293; x_wconf 82' lang='lat' dir='ltr'><strong>non</strong></span> <span class='ocrx_word' id='word_1_438' title='bbox 2403 3244 2624 3306; x_wconf 90' lang='lat' dir='ltr'><strong>queunt,</strong></span> <span class='ocrx_word' id='word_1_439' title='bbox 2651 3236 2725 3291; x_wconf 88' lang='lat' dir='ltr'><strong>ita</strong></span> <span class='ocrx_word' id='word_1_440' title='bbox 2751 3250 2968 3307; x_wconf 87' lang='lat' dir='ltr'><strong>quoque</strong></span> <span class='ocrx_word' id='word_1_441' title='bbox 2990 3253 3203 3292; x_wconf 85' lang='lat' dir='ltr'><strong>sacrum</strong></span> <span class='ocrx_word' id='word_1_442' title='bbox 3226 3237 3399 3293; x_wconf 90' lang='lat' dir='ltr'><strong>decus</strong></span> <span class='ocrx_word' id='word_1_443' title='bbox 3425 3229 3797 3302; x_wconf 81' lang='lat' dir='ltr'><strong>bonorum,un</strong></span> 
     </span>
    </p>
   </div>
   <div class='ocr_carea' id='block_1_64' title="bbox 578 3318 2160 3391">
    <p class='ocr_par' dir='ltr' id='par_1_64' title="bbox 578 3318 2160 3391">
     <span class='ocr_line' id='line_1_64' title="bbox 578 3318 2160 3391; baseline 0.003 -18"><span class='ocrx_word' id='word_1_444' title='bbox 578 3318 815 3390; x_wconf 85' lang='lat' dir='ltr'><strong>episcopi</strong></span> <span class='ocrx_word' id='word_1_445' title='bbox 863 3320 914 3374; x_wconf 93' lang='lat' dir='ltr'><strong>id</strong></span> <span class='ocrx_word' id='word_1_446' title='bbox 962 3319 1133 3390; x_wconf 90' lang='lat' dir='ltr'><strong>ipsum</strong></span> <span class='ocrx_word' id='word_1_447' title='bbox 1180 3321 1230 3375; x_wconf 91' lang='lat' dir='ltr'><strong>in</strong></span> <span class='ocrx_word' id='word_1_448' title='bbox 1274 3321 1387 3377; x_wconf 83' lang='lat' dir='ltr'><strong>suis</strong></span> <span class='ocrx_word' id='word_1_449' title='bbox 1417 3335 1661 3391; x_wconf 73' lang='lat' dir='ltr'><strong>quaerere</strong></span> <span class='ocrx_word' id='word_1_450' title='bbox 1689 3321 1917 3378; x_wconf 88' lang='lat' dir='ltr'><strong>sollicite</strong></span> <span class='ocrx_word' id='word_1_451' title='bbox 1951 3332 2160 3379; x_wconf 70' lang='lat' dir='ltr'><strong>curent.</strong></span> 
     </span>
    </p>
   </div>
   <div class='ocr_carea' id='block_1_65' title="bbox 580 3404 2169 3484">
    <p class='ocr_par' dir='ltr' id='par_1_65' title="bbox 580 3404 2169 3484">
     <span class='ocr_line' id='line_1_65' title="bbox 580 3404 2169 3484; baseline 0.003 -19"><span class='ocrx_word' id='word_1_452' title='bbox 580 3404 648 3465; x_wconf 85' lang='lat' dir='ltr'><strong>Et</strong></span> <span class='ocrx_word' id='word_1_453' title='bbox 697 3424 820 3466; x_wconf 92' lang='lat' dir='ltr'><strong>cum</strong></span> <span class='ocrx_word' id='word_1_454' title='bbox 869 3409 973 3466; x_wconf 84' lang='lat' dir='ltr'><strong>hoc</strong></span> <span class='ocrx_word' id='word_1_455' title='bbox 1025 3410 1306 3466; x_wconf 81' lang='lat' dir='ltr'><strong>verissime</strong></span> <span class='ocrx_word' id='word_1_456' title='bbox 1356 3412 1594 3482; x_wconf 86' lang='lat' dir='ltr'><strong>reperire</strong></span> <span class='ocrx_word' id='word_1_457' title='bbox 1639 3412 1931 3484; x_wconf 87' lang='lat' dir='ltr'><strong>potuerint,</strong></span> <span class='ocrx_word' id='word_1_458' title='bbox 1980 3428 2169 3469; x_wconf 88' lang='lat' dir='ltr'><strong>omnes</strong></span> 
     </span>
    </p>
   </div>
   <div class='ocr_carea' id='block_1_66' title="bbox 580 3505 2172 3578">
    <p class='ocr_par' dir='ltr' id='par_1_66' title="bbox 580 3505 2172 3578">
     <span class='ocr_line' id='line_1_66' title="bbox 580 3505 2172 3578; baseline -0.001 -17"><span class='ocrx_word' id='word_1_459' title='bbox 580 3506 777 3578; x_wconf 88' lang='lat' dir='ltr'><strong>placita</strong></span> <span class='ocrx_word' id='word_1_460' title='bbox 807 3506 1058 3561; x_wconf 84' lang='lat' dir='ltr'><strong>cautione</strong></span> <span class='ocrx_word' id='word_1_461' title='bbox 1090 3505 1267 3561; x_wconf 90' lang='lat' dir='ltr'><strong>taliter</strong></span> <span class='ocrx_word' id='word_1_462' title='bbox 1296 3505 1642 3577; x_wconf 89' lang='lat' dir='ltr'><strong>distringant,</strong></span> <span class='ocrx_word' id='word_1_463' title='bbox 1669 3515 1730 3561; x_wconf 93' lang='lat' dir='ltr'><strong>ut</strong></span> <span class='ocrx_word' id='word_1_464' title='bbox 1767 3521 2043 3577; x_wconf 86' lang='lat' dir='ltr'><strong>nunquam</strong></span> <span class='ocrx_word' id='word_1_465' title='bbox 2089 3505 2172 3562; x_wconf 64' lang='grc' dir='ltr'><strong>ιιι-ι</strong></span> 
     </span>
    </p>
   </div>
   <div class='ocr_carea' id='block_1_67' title="bbox 580 3597 2169 3656">
    <p class='ocr_par' dir='ltr' id='par_1_67' title="bbox 580 3597 2169 3656">
     <span class='ocr_line' id='line_1_67' title="bbox 580 3597 2169 3656; baseline 0.002 -4"><span class='ocrx_word' id='word_1_466' title='bbox 580 3597 751 3656; x_wconf 81' lang='lat' dir='ltr'><strong>terius</strong></span> <span class='ocrx_word' id='word_1_467' title='bbox 788 3604 898 3653; x_wconf 89' lang='lat' dir='ltr'><strong>tam</strong></span> <span class='ocrx_word' id='word_1_468' title='bbox 929 3598 1292 3654; x_wconf 86' lang='lat' dir='ltr'><strong>abominanda</strong></span> <span class='ocrx_word' id='word_1_469' title='bbox 1327 3599 1693 3654; x_wconf 89' lang='lat' dir='ltr'><strong>committant.</strong></span> <span class='ocrx_word' id='word_1_470' title='bbox 1739 3598 1993 3655; x_wconf 84' lang='lat' dir='ltr'><strong>Mulieres</strong></span> <span class='ocrx_word' id='word_1_471' title='bbox 2038 3613 2169 3655; x_wconf 90' lang='lat' dir='ltr'><strong>vero</strong></span> 
     </span>
    </p>
   </div>
   <div class='ocr_carea' id='block_1_68' title="bbox 582 3691 2170 3763">
    <p class='ocr_par' dir='ltr' id='par_1_68' title="bbox 582 3691 2170 3763">
     <span class='ocr_line' id='line_1_68' title="bbox 582 3691 2170 3763; baseline 0 -15"><span class='ocrx_word' id='word_1_472' title='bbox 582 3707 680 3748; x_wconf 89' lang='lat' dir='ltr'><strong>seu</strong></span> <span class='ocrx_word' id='word_1_473' title='bbox 718 3691 906 3748; x_wconf 75' lang='lat' dir='ltr'><strong>liberae</strong></span> <span class='ocrx_word' id='word_1_474' title='bbox 943 3691 1071 3757; x_wconf 90' lang='lat' dir='ltr'><strong>sint,</strong></span> <span class='ocrx_word' id='word_1_475' title='bbox 1110 3706 1205 3748; x_wconf 90' lang='lat' dir='ltr'><strong>seu</strong></span> <span class='ocrx_word' id='word_1_476' title='bbox 1248 3692 1458 3749; x_wconf 76' lang='lat' dir='ltr'><strong>ancillae</strong></span> <span class='ocrx_word' id='word_1_477' title='bbox 1503 3701 1611 3747; x_wconf 90' lang='lat' dir='ltr'><strong>tam</strong></span> <span class='ocrx_word' id='word_1_478' title='bbox 1654 3702 1884 3763; x_wconf 86' lang='lat' dir='ltr'><strong>turpiter</strong></span> <span class='ocrx_word' id='word_1_479' title='bbox 1930 3693 2170 3759; x_wconf 63' lang='lat' dir='ltr'><strong>sociatae,</strong></span> 
     </span>
    </p>
   </div>
   <div class='ocr_carea' id='block_1_69' title="bbox 583 3783 2176 3867">
    <p class='ocr_par' dir='ltr' id='par_1_69' title="bbox 583 3783 2176 3867">
     <span class='ocr_line' id='line_1_69' title="bbox 583 3783 2176 3867; baseline 0.001 -28"><span class='ocrx_word' id='word_1_480' title='bbox 583 3784 659 3839; x_wconf 80' lang='lat' dir='ltr'><strong>ita</strong></span> <span class='ocrx_word' id='word_1_481' title='bbox 687 3784 996 3840; x_wconf 89' lang='lat' dir='ltr'><strong>omnimode</strong></span> <span class='ocrx_word' id='word_1_482' title='bbox 1043 3794 1382 3867; x_wconf 76' lang='lat' dir='ltr'><strong>separentur,</strong></span> <span class='ocrx_word' id='word_1_483' title='bbox 1430 3794 1523 3839; x_wconf 91' lang='lat' dir='ltr'><strong>aut</strong></span> <span class='ocrx_word' id='word_1_484' title='bbox 1573 3794 1722 3841; x_wconf 88' lang='lat' dir='ltr'><strong>certe</strong></span> <span class='ocrx_word' id='word_1_485' title='bbox 1762 3783 2084 3852; x_wconf 81' lang='lat' dir='ltr'><strong>vendantur,</strong></span> <span class='ocrx_word' id='word_1_486' title='bbox 2114 3794 2176 3841; x_wconf 90' lang='lat' dir='ltr'><strong>ut</strong></span> 
     </span>
    </p>
   </div>
   <div class='ocr_carea' id='block_1_70' title="bbox 582 3876 2174 3933">
    <p class='ocr_par' dir='ltr' id='par_1_70' title="bbox 582 3876 2174 3933">
     <span class='ocr_line' id='line_1_70' title="bbox 582 3876 2174 3933; baseline 0 -2"><span class='ocrx_word' id='word_1_487' title='bbox 582 3877 810 3933; x_wconf 86' lang='lat' dir='ltr'><strong>ulterius</strong></span> <span class='ocrx_word' id='word_1_488' title='bbox 835 3879 904 3931; x_wconf 90' lang='lat' dir='ltr'><strong>ad</strong></span> <span class='ocrx_word' id='word_1_489' title='bbox 934 3876 1214 3932; x_wconf 90' lang='lat' dir='ltr'><strong>consocios</strong></span> <span class='ocrx_word' id='word_1_490' title='bbox 1242 3876 1326 3931; x_wconf 90' lang='lat' dir='ltr'><strong>sui</strong></span> <span class='ocrx_word' id='word_1_491' title='bbox 1351 3876 1597 3931; x_wconf 90' lang='lat' dir='ltr'><strong>criminis</strong></span> <span class='ocrx_word' id='word_1_492' title='bbox 1625 3876 1926 3933; x_wconf 87' lang='lat' dir='ltr'><strong>revertendi</strong></span> <span class='ocrx_word' id='word_1_493' title='bbox 1956 3891 2174 3933; x_wconf 88' lang='lat' dir='ltr'><strong>onmem</strong></span> 
     </span>
    </p>
   </div>
   <div class='ocr_carea' id='block_1_71' title="bbox 584 3970 2177 4043">
    <p class='ocr_par' dir='ltr' id='par_1_71' title="bbox 584 3970 2177 4043">
     <span class='ocr_line' id='line_1_71' title="bbox 584 3970 2177 4043; baseline -0.003 -14"><span class='ocrx_word' id='word_1_494' title='bbox 584 3973 823 4029; x_wconf 85' lang='lat' dir='ltr'><strong>habeant</strong></span> <span class='ocrx_word' id='word_1_495' title='bbox 866 3972 1072 4027; x_wconf 87' lang='lat' dir='ltr'><strong>aditum</strong></span> <span class='ocrx_word' id='word_1_496' title='bbox 1118 3972 1459 4043; x_wconf 84' lang='lat' dir='ltr'><strong>denegatum.</strong></span> <span class='ocrx_word' id='word_1_497' title='bbox 1509 3971 1587 4027; x_wconf 93' lang='lat' dir='ltr'><strong>llli</strong></span> <span class='ocrx_word' id='word_1_498' title='bbox 1634 3985 1799 4035; x_wconf 88' lang='lat' dir='ltr'><strong>vero,</strong></span> <span class='ocrx_word' id='word_1_499' title='bbox 1856 3970 1904 4026; x_wconf 87' lang='lat' dir='ltr'><strong>si</strong></span> <span class='ocrx_word' id='word_1_500' title='bbox 1955 3970 2177 4025; x_wconf 91' lang='lat' dir='ltr'><strong>omnino</strong></span> 
     </span>
    </p>
   </div>
   <div class='ocr_carea' id='block_1_72' title="bbox 586 4062 2177 4134">
    <p class='ocr_par' dir='ltr' id='par_1_72' title="bbox 586 4062 2177 4134">
     <span class='ocr_line' id='line_1_72' title="bbox 586 4062 2177 4134; baseline -0.003 -13"><span class='ocrx_word' id='word_1_501' title='bbox 586 4064 827 4121; x_wconf 83' lang='lat' dir='ltr'><strong>coerceri</strong></span> <span class='ocrx_word' id='word_1_502' title='bbox 855 4063 1218 4134; x_wconf 86' lang='lat' dir='ltr'><strong>nequiverint,</strong></span> <span class='ocrx_word' id='word_1_503' title='bbox 1244 4077 1413 4134; x_wconf 84' lang='lat' dir='ltr'><strong>usque</strong></span> <span class='ocrx_word' id='word_1_504' title='bbox 1437 4063 1506 4119; x_wconf 88' lang='lat' dir='ltr'><strong>ad</strong></span> <span class='ocrx_word' id='word_1_505' title='bbox 1539 4062 1745 4118; x_wconf 77' lang='lat' dir='ltr'><strong>exitum</strong></span> <span class='ocrx_word' id='word_1_506' title='bbox 1775 4062 1901 4117; x_wconf 65' lang='lat' dir='ltr'><strong>vita:</strong></span> <span class='ocrx_word' id='word_1_507' title='bbox 1929 4076 2040 4116; x_wconf 76' lang='lat' dir='ltr'><strong>sua:</strong></span> <span class='ocrx_word' id='word_1_508' title='bbox 2068 4075 2177 4116; x_wconf 91' lang='lat' dir='ltr'><strong>mo-</strong></span> 
     </span>
    </p>
   </div>
   <div class='ocr_carea' id='block_1_73' title="bbox 588 4141 2176 4225">
    <p class='ocr_par' dir='ltr' id='par_1_73' title="bbox 588 4141 2176 4225">
     <span class='ocr_line' id='line_1_73' title="bbox 588 4141 2176 4225; baseline -0.002 -15"><span class='ocrx_word' id='word_1_509' title='bbox 588 4147 842 4211; x_wconf 84' lang='lat' dir='ltr'><strong>nasteriis</strong></span> <span class='ocrx_word' id='word_1_510' title='bbox 863 4154 1101 4225; x_wconf 89' lang='lat' dir='ltr'><strong>deputati</strong></span> <span class='ocrx_word' id='word_1_511' title='bbox 1128 4141 1424 4224; x_wconf 82' lang='lat' dir='ltr'><strong>disciplinis</strong></span> <span class='ocrx_word' id='word_1_512' title='bbox 1446 4153 1756 4210; x_wconf 88' lang='lat' dir='ltr'><strong>monasticis</strong></span> <span class='ocrx_word' id='word_1_513' title='bbox 1781 4161 2035 4209; x_wconf 87' lang='lat' dir='ltr'><strong>maneant</strong></span> <span class='ocrx_word' id='word_1_514' title='bbox 2061 4168 2176 4208; x_wconf 92' lang='lat' dir='ltr'><strong>om-</strong></span> 
     </span>
    </p>
   </div>
   <div class='ocr_carea' id='block_1_74' title="bbox 589 4246 1427 4317">
    <p class='ocr_par' dir='ltr' id='par_1_74' title="bbox 589 4246 1427 4317">
     <span class='ocr_line' id='line_1_74' title="bbox 589 4246 1427 4317; baseline 0 -16"><span class='ocrx_word' id='word_1_515' title='bbox 589 4247 717 4301; x_wconf 88' lang='lat' dir='ltr'><strong>nino</strong></span> <span class='ocrx_word' id='word_1_516' title='bbox 747 4246 999 4317; x_wconf 90' lang='lat' dir='ltr'><strong>subjecti.</strong></span> <span class='ocrx_word' id='word_1_517' title='bbox 1416 4246 1427 4256; x_wconf 85' lang='lat'>&#39;</span> 
     </span>
    </p>
   </div>
   <div class='ocr_carea' id='block_1_75' title="bbox 664 4330 2177 4408">
    <p class='ocr_par' dir='ltr' id='par_1_75' title="bbox 664 4330 2177 4408">
     <span class='ocr_line' id='line_1_75' title="bbox 664 4330 2177 4408; baseline 0 -16"><span class='ocrx_word' id='word_1_518' title='bbox 664 4330 746 4393; x_wconf 81' lang='lat' dir='ltr'><strong>VI.</strong></span> <span class='ocrx_word' id='word_1_519' title='bbox 771 4337 952 4394; x_wconf 75' lang='lat' dir='ltr'><strong>Sexta:</strong></span> <span class='ocrx_word' id='word_1_520' title='bbox 964 4335 1284 4393; x_wconf 88' lang='lat' dir='ltr'><strong>discutionis</strong></span> <span class='ocrx_word' id='word_1_521' title='bbox 1299 4335 1510 4406; x_wconf 77' lang='lat' dir='ltr'><strong>objecta</strong></span> <span class='ocrx_word' id='word_1_522' title='bbox 1521 4380 1536 4404; x_wconf 91' lang='lat'><strong>,</strong></span> <span class='ocrx_word' id='word_1_523' title='bbox 1549 4339 1905 4408; x_wconf 88' lang='lat' dir='ltr'><strong>quorumdam</strong></span> <span class='ocrx_word' id='word_1_524' title='bbox 1922 4336 2061 4394; x_wconf 86' lang='lat' dir='ltr'><strong>male</strong></span> <span class='ocrx_word' id='word_1_525' title='bbox 2071 4335 2177 4392; x_wconf 90' lang='lat' dir='ltr'><strong>sibi</strong></span> 
     </span>
    </p>
   </div>
   <div class='ocr_carea' id='block_1_76' title="bbox 590 4428 2176 4502">
    <p class='ocr_par' dir='ltr' id='par_1_76' title="bbox 590 4428 2176 4502">
     <span class='ocr_line' id='line_1_76' title="bbox 590 4428 2176 4502; baseline -0.004 -15"><span class='ocrx_word' id='word_1_526' title='bbox 590 4431 928 4487; x_wconf 85' lang='lat' dir='ltr'><strong>consciorum</strong></span> <span class='ocrx_word' id='word_1_527' title='bbox 953 4429 1124 4500; x_wconf 89' lang='lat' dir='ltr'><strong>patuit</strong></span> <span class='ocrx_word' id='word_1_528' title='bbox 1153 4428 1464 4485; x_wconf 86' lang='lat' dir='ltr'><strong>denotatum</strong></span> <span class='ocrx_word' id='word_1_529' title='bbox 1504 4429 1757 4502; x_wconf 83' lang='lat' dir='ltr'><strong>elogium.</strong></span> <span class='ocrx_word' id='word_1_530' title='bbox 1784 4429 1920 4485; x_wconf 87' lang='lat' dir='ltr'><strong>Nam</strong></span> <span class='ocrx_word' id='word_1_531' title='bbox 1952 4429 2176 4484; x_wconf 79' lang='lat' dir='ltr'><strong>relatum</strong></span> 
     </span>
    </p>
   </div>
   <div class='ocr_carea' id='block_1_77' title="bbox 590 4518 2176 4592">
    <p class='ocr_par' dir='ltr' id='par_1_77' title="bbox 590 4518 2176 4592">
     <span class='ocr_line' id='line_1_77' title="bbox 590 4518 2176 4592; baseline -0.004 -15"><span class='ocrx_word' id='word_1_532' title='bbox 590 4532 674 4578; x_wconf 78' lang='lat' dir='ltr'><strong>est</strong></span> <span class='ocrx_word' id='word_1_533' title='bbox 706 4522 859 4578; x_wconf 92' lang='lat' dir='ltr'><strong>nobis</strong></span> <span class='ocrx_word' id='word_1_534' title='bbox 905 4522 1166 4592; x_wconf 86' lang='lat' dir='ltr'><strong>quosdam</strong></span> <span class='ocrx_word' id='word_1_535' title='bbox 1200 4521 1559 4578; x_wconf 88' lang='lat' dir='ltr'><strong>subdiaconos</strong></span> <span class='ocrx_word' id='word_1_536' title='bbox 1598 4530 1884 4592; x_wconf 90' lang='lat' dir='ltr'><strong>postquam</strong></span> <span class='ocrx_word' id='word_1_537' title='bbox 1932 4520 2002 4576; x_wconf 88' lang='lat' dir='ltr'><strong>ad</strong></span> <span class='ocrx_word' id='word_1_538' title='bbox 2035 4518 2176 4575; x_wconf 89' lang='lat' dir='ltr'><strong>sacri</strong></span> 
     </span>
    </p>
   </div>
   <div class='ocr_carea' id='block_1_78' title="bbox 2272 3325 3797 3400">
    <p class='ocr_par' dir='ltr' id='par_1_78' title="bbox 2272 3325 3797 3400">
     <span class='ocr_line' id='line_1_78' title="bbox 2272 3325 3797 3400; baseline -0.005 -16"><span class='ocrx_word' id='word_1_539' title='bbox 2272 3329 2360 3386; x_wconf 86' lang='lat' dir='ltr'><strong>his</strong></span> <span class='ocrx_word' id='word_1_540' title='bbox 2383 3343 2604 3399; x_wconf 88' lang='lat' dir='ltr'><strong>compar</strong></span> <span class='ocrx_word' id='word_1_541' title='bbox 2630 3328 2862 3385; x_wconf 85' lang='lat' dir='ltr'><strong>habetur.</strong></span> <span class='ocrx_word' id='word_1_542' title='bbox 2891 3336 2945 3384; x_wconf 93' lang='lat' dir='ltr'><strong>et</strong></span> <span class='ocrx_word' id='word_1_543' title='bbox 2969 3329 3201 3395; x_wconf 89' lang='lat' dir='ltr'><strong>socium,</strong></span> <span class='ocrx_word' id='word_1_544' title='bbox 3230 3329 3479 3400; x_wconf 90' lang='lat' dir='ltr'><strong>qualibet</strong></span> <span class='ocrx_word' id='word_1_545' title='bbox 3511 3325 3659 3382; x_wconf 81' lang='lat' dir='ltr'><strong>fuerit</strong></span> <span class='ocrx_word' id='word_1_546' title='bbox 3683 3335 3797 3379; x_wconf 80' lang='lat' dir='ltr'><strong>oeca-</strong></span> 
     </span>
    </p>
   </div>
   <div class='ocr_carea' id='block_1_79' title="bbox 2276 3415 3793 3491">
    <p class='ocr_par' dir='ltr' id='par_1_79' title="bbox 2276 3415 3793 3491">
     <span class='ocr_line' id='line_1_79' title="bbox 2276 3415 3793 3491; baseline -0.007 -14"><span class='ocrx_word' id='word_1_547' title='bbox 2276 3420 2430 3477; x_wconf 90' lang='lat' dir='ltr'><strong>sione</strong></span> <span class='ocrx_word' id='word_1_548' title='bbox 2460 3428 2794 3491; x_wconf 90' lang='lat' dir='ltr'><strong>perceptum,</strong></span> <span class='ocrx_word' id='word_1_549' title='bbox 2829 3421 3072 3477; x_wconf 83' lang='lat' dir='ltr'><strong>manebit</strong></span> <span class='ocrx_word' id='word_1_550' title='bbox 3116 3421 3434 3479; x_wconf 89' lang='lat' dir='ltr'><strong>omnimode</strong></span> <span class='ocrx_word' id='word_1_551' title='bbox 3478 3415 3793 3489; x_wconf 65' lang='lat' dir='ltr'><strong>inconvulsumt</strong></span> 
     </span>
    </p>
   </div>
   <div class='ocr_carea' id='block_1_80' title="bbox 2274 3501 3798 3583">
    <p class='ocr_par' dir='ltr' id='par_1_80' title="bbox 2274 3501 3798 3583">
     <span class='ocr_line' id='line_1_80' title="bbox 2274 3501 3798 3583; baseline -0.006 -18"><span class='ocrx_word' id='word_1_552' title='bbox 2274 3510 2357 3566; x_wconf 82' lang='lat' dir='ltr'><strong>Ad</strong></span> <span class='ocrx_word' id='word_1_553' title='bbox 2384 3509 2789 3580; x_wconf 81' lang='lat' dir='ltr'><strong>exstirpandum</strong></span> <span class='ocrx_word' id='word_1_554' title='bbox 2821 3526 2947 3566; x_wconf 86' lang='lat' dir='ltr'><strong>vero</strong></span> <span class='ocrx_word' id='word_1_555' title='bbox 2974 3511 3233 3568; x_wconf 86' lang='lat' dir='ltr'><strong>radicitus</strong></span> <span class='ocrx_word' id='word_1_556' title='bbox 3260 3511 3426 3583; x_wconf 87' lang='lat' dir='ltr'><strong>hujus</strong></span> <span class='ocrx_word' id='word_1_557' title='bbox 3445 3509 3635 3568; x_wconf 74' lang='lat' dir='ltr'><strong>callida:</strong></span> <span class='ocrx_word' id='word_1_558' title='bbox 3650 3501 3798 3561; x_wconf 80' lang='lat' dir='ltr'><strong>machi-</strong></span> 
     </span>
    </p>
   </div>
   <div class='ocr_carea' id='block_1_81' title="bbox 2276 3591 3795 3671">
    <p class='ocr_par' dir='ltr' id='par_1_81' title="bbox 2276 3591 3795 3671">
     <span class='ocr_line' id='line_1_81' title="bbox 2276 3591 3795 3671; baseline -0.008 -17"><span class='ocrx_word' id='word_1_559' title='bbox 2276 3599 2512 3656; x_wconf 88' lang='lat' dir='ltr'><strong>nationis</strong></span> <span class='ocrx_word' id='word_1_560' title='bbox 2561 3598 2751 3655; x_wconf 91' lang='lat' dir='ltr'><strong>inutile</strong></span> <span class='ocrx_word' id='word_1_561' title='bbox 2779 3607 3191 3671; x_wconf 84' lang='lat' dir='ltr'><strong>argumentum,</strong></span> <span class='ocrx_word' id='word_1_562' title='bbox 3226 3601 3282 3656; x_wconf 92' lang='lat' dir='ltr'><strong>id</strong></span> <span class='ocrx_word' id='word_1_563' title='bbox 3330 3601 3434 3657; x_wconf 89' lang='lat' dir='ltr'><strong>sibi</strong></span> <span class='ocrx_word' id='word_1_564' title='bbox 3481 3591 3795 3654; x_wconf 79' lang='lat' dir='ltr'><strong>rationabiliter</strong></span> 
     </span>
    </p>
   </div>
   <div class='ocr_carea' id='block_1_82' title="bbox 2276 3681 3795 3762">
    <p class='ocr_par' dir='ltr' id='par_1_82' title="bbox 2276 3681 3795 3762">
     <span class='ocr_line' id='line_1_82' title="bbox 2276 3681 3795 3762; baseline -0.005 -16"><span class='ocrx_word' id='word_1_565' title='bbox 2276 3690 2394 3747; x_wconf 88' lang='lat' dir='ltr'><strong>dari</strong></span> <span class='ocrx_word' id='word_1_566' title='bbox 2416 3690 2729 3756; x_wconf 89' lang='lat' dir='ltr'><strong>noluerunt,</strong></span> <span class='ocrx_word' id='word_1_567' title='bbox 2775 3691 2827 3746; x_wconf 93' lang='lat' dir='ltr'><strong>in</strong></span> <span class='ocrx_word' id='word_1_568' title='bbox 2861 3690 3074 3762; x_wconf 89' lang='lat' dir='ltr'><strong>objectu</strong></span> <span class='ocrx_word' id='word_1_569' title='bbox 3100 3692 3242 3761; x_wconf 88' lang='lat' dir='ltr'><strong>quod</strong></span> <span class='ocrx_word' id='word_1_570' title='bbox 3284 3688 3609 3748; x_wconf 79' lang='lat' dir='ltr'><strong>sacrosancti</strong></span> <span class='ocrx_word' id='word_1_571' title='bbox 3646 3681 3795 3752; x_wconf 83' lang='lat' dir='ltr'><strong>baptis-</strong></span> 
     </span>
    </p>
   </div>
   <div class='ocr_carea' id='block_1_83' title="bbox 2280 3784 3792 3855">
    <p class='ocr_par' dir='ltr' id='par_1_83' title="bbox 2280 3784 3792 3855">
     <span class='ocr_line' id='line_1_83' title="bbox 2280 3784 3792 3855; baseline -0.004 -15"><span class='ocrx_word' id='word_1_572' title='bbox 2280 3784 2440 3840; x_wconf 89' lang='lat' dir='ltr'><strong>matis</strong></span> <span class='ocrx_word' id='word_1_573' title='bbox 2465 3784 2884 3855; x_wconf 85' lang='lat' dir='ltr'><strong>inappreciabile</strong></span> <span class='ocrx_word' id='word_1_574' title='bbox 2909 3785 3108 3839; x_wconf 91' lang='lat' dir='ltr'><strong>donum</strong></span> <span class='ocrx_word' id='word_1_575' title='bbox 3139 3792 3224 3840; x_wconf 88' lang='lat' dir='ltr'><strong>est</strong></span> <span class='ocrx_word' id='word_1_576' title='bbox 3242 3797 3483 3855; x_wconf 86' lang='lat' dir='ltr'><strong>semper,</strong></span> <span class='ocrx_word' id='word_1_577' title='bbox 3502 3792 3554 3838; x_wconf 89' lang='lat' dir='ltr'><strong>et</strong></span> <span class='ocrx_word' id='word_1_578' title='bbox 3576 3791 3696 3849; x_wconf 65' lang='lat' dir='ltr'><strong>saepe</strong></span> <span class='ocrx_word' id='word_1_579' title='bbox 3719 3786 3792 3827; x_wconf 72' lang='lat' dir='ltr'><strong>non</strong></span> 
     </span>
    </p>
   </div>
   <div class='ocr_carea' id='block_1_84' title="bbox 2278 3861 3792 3947">
    <p class='ocr_par' dir='ltr' id='par_1_84' title="bbox 2278 3861 3792 3947">
     <span class='ocr_line' id='line_1_84' title="bbox 2278 3861 3792 3947; baseline -0.001 -17"><span class='ocrx_word' id='word_1_580' title='bbox 2278 3874 2454 3930; x_wconf 90' lang='lat' dir='ltr'><strong>solum</strong></span> <span class='ocrx_word' id='word_1_581' title='bbox 2487 3873 2817 3937; x_wconf 68' lang='lat' dir='ltr'><strong>nolentibus,</strong></span> <span class='ocrx_word' id='word_1_582' title='bbox 2875 3889 3060 3929; x_wconf 88' lang='lat' dir='ltr'><strong>verum</strong></span> <span class='ocrx_word' id='word_1_583' title='bbox 3106 3874 3272 3929; x_wconf 90' lang='lat' dir='ltr'><strong>etiam</strong></span> <span class='ocrx_word' id='word_1_584' title='bbox 3323 3873 3487 3947; x_wconf 92' lang='lat' dir='ltr'><strong>(quod</strong></span> <span class='ocrx_word' id='word_1_585' title='bbox 3536 3867 3685 3939; x_wconf 87' lang='lat' dir='ltr'><strong>majus</strong></span> <span class='ocrx_word' id='word_1_586' title='bbox 3721 3861 3792 3929; x_wconf 69' lang='grc' dir='ltr'><strong>εει)</strong></span> 
     </span>
    </p>
   </div>
   <div class='ocr_carea' id='block_1_85' title="bbox 2279 3955 3791 4035">
    <p class='ocr_par' dir='ltr' id='par_1_85' title="bbox 2279 3955 3791 4035">
     <span class='ocr_line' id='line_1_85' title="bbox 2279 3955 3791 4035; baseline -0.005 -14"><span class='ocrx_word' id='word_1_587' title='bbox 2279 3965 2646 4022; x_wconf 86' lang='lat' dir='ltr'><strong>nescientibus</strong></span> <span class='ocrx_word' id='word_1_588' title='bbox 2705 3966 3034 4035; x_wconf 87' lang='lat' dir='ltr'><strong>intpartitur,</strong></span> <span class='ocrx_word' id='word_1_589' title='bbox 3079 3965 3174 4021; x_wconf 90' lang='lat' dir='ltr'><strong>sed</strong></span> <span class='ocrx_word' id='word_1_590' title='bbox 3222 3967 3330 4022; x_wconf 84' lang='lat' dir='ltr'><strong>hoc</strong></span> <span class='ocrx_word' id='word_1_591' title='bbox 3374 3980 3406 4019; x_wconf 92' lang='lat' dir='ltr'><strong>a</strong></span> <span class='ocrx_word' id='word_1_592' title='bbox 3458 3962 3593 4018; x_wconf 85' lang='lat' dir='ltr'><strong>nullo</strong></span> <span class='ocrx_word' id='word_1_593' title='bbox 3633 3955 3791 4029; x_wconf 66' lang='lat' dir='ltr'><strong>penitus</strong></span> 
     </span>
    </p>
   </div>
   <div class='ocr_carea' id='block_1_86' title="bbox 2278 4052 3791 4125">
    <p class='ocr_par' dir='ltr' id='par_1_86' title="bbox 2278 4052 3791 4125">
     <span class='ocr_line' id='line_1_86' title="bbox 2278 4052 3791 4125; baseline -0.007 -16"><span class='ocrx_word' id='word_1_594' title='bbox 2278 4054 2553 4125; x_wconf 82' lang='lat' dir='ltr'><strong>profanari</strong></span> <span class='ocrx_word' id='word_1_595' title='bbox 2584 4054 2933 4124; x_wconf 82' lang='lat' dir='ltr'><strong>permittitur.</strong></span> <span class='ocrx_word' id='word_1_596' title='bbox 2962 4053 3115 4122; x_wconf 84' lang='lat' dir='ltr'><strong>Quod</strong></span> <span class='ocrx_word' id='word_1_597' title='bbox 3136 4056 3181 4110; x_wconf 90' lang='lat' dir='ltr'><strong>si</strong></span> <span class='ocrx_word' id='word_1_598' title='bbox 3206 4065 3263 4110; x_wconf 91' lang='lat' dir='ltr'><strong>et</strong></span> <span class='ocrx_word' id='word_1_599' title='bbox 3288 4056 3379 4111; x_wconf 92' lang='lat' dir='ltr'><strong>hic</strong></span> <span class='ocrx_word' id='word_1_600' title='bbox 3401 4052 3678 4124; x_wconf 90' lang='lat' dir='ltr'><strong>opponitur,</strong></span> <span class='ocrx_word' id='word_1_601' title='bbox 3702 4055 3791 4099; x_wconf 83' lang='lat' dir='ltr'><strong>nec-</strong></span> 
     </span>
    </p>
   </div>
   <div class='ocr_carea' id='block_1_87' title="bbox 2280 4143 3791 4218">
    <p class='ocr_par' dir='ltr' id='par_1_87' title="bbox 2280 4143 3791 4218">
     <span class='ocr_line' id='line_1_87' title="bbox 2280 4143 3791 4218; baseline -0.01 -15"><span class='ocrx_word' id='word_1_602' title='bbox 2280 4148 2405 4203; x_wconf 91' lang='lat' dir='ltr'><strong>dum</strong></span> <span class='ocrx_word' id='word_1_603' title='bbox 2438 4147 2662 4202; x_wconf 86' lang='lat' dir='ltr'><strong>rationis</strong></span> <span class='ocrx_word' id='word_1_604' title='bbox 2686 4161 2937 4216; x_wconf 88' lang='lat' dir='ltr'><strong>capacem</strong></span> <span class='ocrx_word' id='word_1_605' title='bbox 2963 4148 3198 4203; x_wconf 81' lang='lat' dir='ltr'><strong>existere</strong></span> <span class='ocrx_word' id='word_1_606' title='bbox 3222 4149 3317 4218; x_wconf 82' lang='lat' dir='ltr'><strong>qiti</strong></span> <span class='ocrx_word' id='word_1_607' title='bbox 3359 4150 3459 4203; x_wconf 91' lang='lat' dir='ltr'><strong>hoc</strong></span> <span class='ocrx_word' id='word_1_608' title='bbox 3486 4143 3705 4217; x_wconf 84' lang='lat' dir='ltr'><strong>probatur</strong></span> <span class='ocrx_word' id='word_1_609' title='bbox 3731 4149 3791 4189; x_wconf 79' lang='grc' dir='ltr'><strong>ιο-</strong></span> 
     </span>
    </p>
   </div>
   <div class='ocr_carea' id='block_1_88' title="bbox 2280 4230 3789 4313">
    <p class='ocr_par' dir='ltr' id='par_1_88' title="bbox 2280 4230 3789 4313">
     <span class='ocr_line' id='line_1_88' title="bbox 2280 4230 3789 4313; baseline -0.011 -15"><span class='ocrx_word' id='word_1_610' title='bbox 2280 4242 2484 4313; x_wconf 84' lang='lat' dir='ltr'><strong>cipere,</strong></span> <span class='ocrx_word' id='word_1_611' title='bbox 2522 4242 2646 4297; x_wconf 88' lang='lat' dir='ltr'><strong>hinc</strong></span> <span class='ocrx_word' id='word_1_612' title='bbox 2672 4240 2983 4297; x_wconf 90' lang='lat' dir='ltr'><strong>omnimodo</strong></span> <span class='ocrx_word' id='word_1_613' title='bbox 3011 4251 3365 4313; x_wconf 83' lang='lat' dir='ltr'><strong>cognoscant,</strong></span> <span class='ocrx_word' id='word_1_614' title='bbox 3395 4239 3515 4311; x_wconf 88' lang='lat' dir='ltr'><strong>quia</strong></span> <span class='ocrx_word' id='word_1_615' title='bbox 3544 4236 3586 4292; x_wconf 88' lang='lat' dir='ltr'><strong>si</strong></span> <span class='ocrx_word' id='word_1_616' title='bbox 3625 4230 3789 4300; x_wconf 79' lang='lat' dir='ltr'><strong>majores</strong></span> 
     </span>
    </p>
   </div>
   <div class='ocr_carea' id='block_1_89' title="bbox 2280 4319 3788 4409">
    <p class='ocr_par' dir='ltr' id='par_1_89' title="bbox 2280 4319 3788 4409">
     <span class='ocr_line' id='line_1_89' title="bbox 2280 4319 3788 4409; baseline -0.012 -17"><span class='ocrx_word' id='word_1_617' title='bbox 2280 4337 2501 4407; x_wconf 88' lang='lat' dir='ltr'><strong>impune</strong></span> <span class='ocrx_word' id='word_1_618' title='bbox 2548 4351 2657 4393; x_wconf 88' lang='lat' dir='ltr'><strong>non</strong></span> <span class='ocrx_word' id='word_1_619' title='bbox 2708 4336 2965 4392; x_wconf 86' lang='lat' dir='ltr'><strong>deserunt</strong></span> <span class='ocrx_word' id='word_1_620' title='bbox 3007 4337 3150 4407; x_wconf 91' lang='lat' dir='ltr'><strong>quod</strong></span> <span class='ocrx_word' id='word_1_621' title='bbox 3199 4337 3410 4409; x_wconf 77' lang='lat' dir='ltr'><strong>parvuli</strong></span> <span class='ocrx_word' id='word_1_622' title='bbox 3452 4334 3530 4390; x_wconf 74' lang='lat' dir='ltr'><strong>vel</strong></span> <span class='ocrx_word' id='word_1_623' title='bbox 3576 4319 3788 4385; x_wconf 70' lang='lat' dir='ltr'><strong>nesciendo</strong></span> 
     </span>
    </p>
   </div>
   <div class='ocr_carea' id='block_1_90' title="bbox 2279 4411 3786 4500">
    <p class='ocr_par' dir='ltr' id='par_1_90' title="bbox 2279 4411 3786 4500">
     <span class='ocr_line' id='line_1_90' title="bbox 2279 4411 3786 4500; baseline -0.005 -18"><span class='ocrx_word' id='word_1_624' title='bbox 2279 4426 2364 4484; x_wconf 87' lang='lat' dir='ltr'><strong>vel</strong></span> <span class='ocrx_word' id='word_1_625' title='bbox 2395 4426 2630 4484; x_wconf 87' lang='lat' dir='ltr'><strong>nolendo</strong></span> <span class='ocrx_word' id='word_1_626' title='bbox 2656 4428 2993 4498; x_wconf 90' lang='lat' dir='ltr'><strong>percipiunt,</strong></span> <span class='ocrx_word' id='word_1_627' title='bbox 3040 4437 3244 4498; x_wconf 89' lang='lat' dir='ltr'><strong>quanto</strong></span> <span class='ocrx_word' id='word_1_628' title='bbox 3288 4428 3459 4500; x_wconf 89' lang='lat' dir='ltr'><strong>magis</strong></span> <span class='ocrx_word' id='word_1_629' title='bbox 3486 4439 3580 4480; x_wconf 92' lang='lat' dir='ltr'><strong>non</strong></span> <span class='ocrx_word' id='word_1_630' title='bbox 3604 4411 3786 4476; x_wconf 68' lang='lat' dir='ltr'><strong>cettvenil</strong></span> 
     </span>
    </p>
   </div>
   <div class='ocr_carea' id='block_1_91' title="bbox 2281 4510 3787 4592">
    <p class='ocr_par' dir='ltr' id='par_1_91' title="bbox 2281 4510 3787 4592">
     <span class='ocr_line' id='line_1_91' title="bbox 2281 4510 3787 4592; baseline 0.001 -18"><span class='ocrx_word' id='word_1_631' title='bbox 2281 4520 2499 4585; x_wconf 86' lang='lat' dir='ltr'><strong>violari,</strong></span> <span class='ocrx_word' id='word_1_632' title='bbox 2522 4519 2663 4590; x_wconf 91' lang='lat' dir='ltr'><strong>quod</strong></span> <span class='ocrx_word' id='word_1_633' title='bbox 2686 4534 2785 4589; x_wconf 89' lang='lat' dir='ltr'><strong>pro</strong></span> <span class='ocrx_word' id='word_1_634' title='bbox 2810 4519 3000 4577; x_wconf 87' lang='lat' dir='ltr'><strong>mortis</strong></span> <span class='ocrx_word' id='word_1_635' title='bbox 3024 4531 3119 4575; x_wconf 85' lang='lat' dir='ltr'><strong>aut</strong></span> <span class='ocrx_word' id='word_1_636' title='bbox 3143 4535 3423 4592; x_wconf 71' lang='lat' dir='ltr'><strong>pinnarum</strong></span> <span class='ocrx_word' id='word_1_637' title='bbox 3450 4510 3684 4574; x_wconf 69' lang='lat' dir='ltr'><strong>evadentia</strong></span> <span class='ocrx_word' id='word_1_638' title='bbox 3702 4518 3787 4592; x_wconf 64' lang='grc' dir='ltr'><strong>Ραῗ</strong></span> 
     </span>
    </p>
   </div>
   <div class='ocr_carea' id='block_1_92' title="bbox 591 4590 3785 4686">
    <p class='ocr_par' dir='ltr' id='par_1_92' title="bbox 591 4590 3785 4686">
     <span class='ocr_line' id='line_1_92' title="bbox 591 4590 3785 4686; baseline -0 -17"><span class='ocrx_word' id='word_1_639' title='bbox 591 4614 795 4685; x_wconf 87' lang='lat' dir='ltr'><strong>ordinis</strong></span> <span class='ocrx_word' id='word_1_640' title='bbox 823 4590 1172 4684; x_wconf 78' lang='lat' dir='ltr'><strong>pervenerint</strong></span> <span class='ocrx_word' id='word_1_641' title='bbox 1206 4613 1453 4686; x_wconf 87' lang='lat' dir='ltr'><strong>gradum,</strong></span> <span class='ocrx_word' id='word_1_642' title='bbox 1504 4590 1617 4670; x_wconf 81' lang='lat' dir='ltr'><strong>non</strong></span> <span class='ocrx_word' id='word_1_643' title='bbox 1656 4590 1832 4670; x_wconf 82' lang='lat' dir='ltr'><strong>solum</strong></span> <span class='ocrx_word' id='word_1_644' title='bbox 1862 4615 2044 4671; x_wconf 86' lang='lat' dir='ltr'><strong>carnis</strong></span> <span class='ocrx_word' id='word_1_645' title='bbox 2074 4614 2178 4670; x_wconf 85' lang='lat' dir='ltr'><strong>im-</strong></span> <span class='ocrx_word' id='word_1_646' title='bbox 2205 4594 2261 4656; x_wconf 82' lang='grc' dir='ltr'><strong>Ῑ)</strong></span> <span class='ocrx_word' id='word_1_647' title='bbox 2286 4610 2426 4666; x_wconf 90' lang='lat' dir='ltr'><strong>nicie</strong></span> <span class='ocrx_word' id='word_1_648' title='bbox 2445 4608 2654 4666; x_wconf 86' lang='lat' dir='ltr'><strong>occulta</strong></span> <span class='ocrx_word' id='word_1_649' title='bbox 2669 4608 2765 4665; x_wconf 86' lang='lat' dir='ltr'><strong>Dei</strong></span> <span class='ocrx_word' id='word_1_650' title='bbox 2787 4590 3189 4680; x_wconf 80' lang='lat' dir='ltr'><strong>dispensatione</strong></span> <span class='ocrx_word' id='word_1_651' title='bbox 3207 4612 3531 4683; x_wconf 75' lang='lat' dir='ltr'><strong>dignoscitur</strong></span> <span class='ocrx_word' id='word_1_652' title='bbox 3545 4590 3785 4686; x_wconf 55' lang='lat' dir='ltr'><strong>obvenissf?</strong></span> 
     </span>
    </p>
   </div>
   <div class='ocr_carea' id='block_1_93' title="bbox 593 4692 2180 4779">
    <p class='ocr_par' dir='ltr' id='par_1_93' title="bbox 593 4692 2180 4779">
     <span class='ocr_line' id='line_1_93' title="bbox 593 4692 2180 4779; baseline 0.003 -19"><span class='ocrx_word' id='word_1_653' title='bbox 593 4705 854 4761; x_wconf 90' lang='lat' dir='ltr'><strong>munditia</strong></span> <span class='ocrx_word' id='word_1_654' title='bbox 883 4705 1171 4771; x_wconf 88' lang='lat' dir='ltr'><strong>sordidari,</strong></span> <span class='ocrx_word' id='word_1_655' title='bbox 1202 4721 1325 4761; x_wconf 90' lang='lat' dir='ltr'><strong>cum</strong></span> <span class='ocrx_word' id='word_1_656' title='bbox 1360 4706 1621 4779; x_wconf 88' lang='lat' dir='ltr'><strong>scriptum</strong></span> <span class='ocrx_word' id='word_1_657' title='bbox 1648 4707 1758 4763; x_wconf 86' lang='lat' dir='ltr'><strong>sit:</strong></span> <span class='ocrx_word' id='word_1_658' title='bbox 1790 4725 1809 4759; x_wconf 85' lang='lat' dir='ltr'><strong>t</strong></span> <span class='ocrx_word' id='word_1_659' title='bbox 1848 4692 2180 4765; x_wconf 71' lang='lat' dir='ltr'><strong>Mundumini</strong></span> 
     </span>
    </p>
   </div>
   <div class='ocr_carea' id='block_1_94' title="bbox 593 4795 2179 4869">
    <p class='ocr_par' dir='ltr' id='par_1_94' title="bbox 593 4795 2179 4869">
     <span class='ocr_line' id='line_1_94' title="bbox 593 4795 2179 4869; baseline 0.003 -20"><span class='ocrx_word' id='word_1_660' title='bbox 593 4797 685 4868; x_wconf 88' lang='lat' dir='ltr'><strong>qui</strong></span> <span class='ocrx_word' id='word_1_661' title='bbox 711 4795 861 4852; x_wconf 86' lang='lat' dir='ltr'><strong>lertis</strong></span> <span class='ocrx_word' id='word_1_662' title='bbox 886 4811 1016 4851; x_wconf 89' lang='lat' dir='ltr'><strong>vasa</strong></span> <span class='ocrx_word' id='word_1_663' title='bbox 1036 4796 1246 4850; x_wconf 86' lang='lat' dir='ltr'><strong>Domini</strong></span> <span class='ocrx_word' id='word_1_664' title='bbox 1275 4796 1411 4868; x_wconf 72' lang='lat' dir='ltr'><strong>(Ira.</strong></span> <span class='ocrx_word' id='word_1_665' title='bbox 1432 4797 1554 4869; x_wconf 82' lang='lat' dir='ltr'><strong>ut),</strong></span> <span class='ocrx_word' id='word_1_666' title='bbox 1574 4815 1593 4850; x_wconf 81' lang='grc' dir='ltr'><strong>ι</strong></span> <span class='ocrx_word' id='word_1_667' title='bbox 1622 4797 1715 4854; x_wconf 88' lang='lat' dir='ltr'><strong>sed</strong></span> <span class='ocrx_word' id='word_1_668' title='bbox 1741 4800 1904 4854; x_wconf 89' lang='lat' dir='ltr'><strong>etiam</strong></span> <span class='ocrx_word' id='word_1_669' title='bbox 1929 4799 2073 4869; x_wconf 90' lang='lat' dir='ltr'><strong>quod</strong></span> <span class='ocrx_word' id='word_1_670' title='bbox 2095 4800 2179 4856; x_wconf 93' lang='lat' dir='ltr'><strong>di-</strong></span> 
     </span>
    </p>
   </div>
   <div class='ocr_carea' id='block_1_95' title="bbox 595 4888 2181 4961">
    <p class='ocr_par' dir='ltr' id='par_1_95' title="bbox 595 4888 2181 4961">
     <span class='ocr_line' id='line_1_95' title="bbox 595 4888 2181 4961; baseline 0.003 -17"><span class='ocrx_word' id='word_1_671' title='bbox 595 4901 685 4944; x_wconf 90' lang='lat' dir='ltr'><strong>ctu</strong></span> <span class='ocrx_word' id='word_1_672' title='bbox 711 4888 859 4943; x_wconf 79' lang='lat' dir='ltr'><strong>nefas</strong></span> <span class='ocrx_word' id='word_1_673' title='bbox 886 4888 990 4961; x_wconf 90' lang='lat' dir='ltr'><strong>est)</strong></span> <span class='ocrx_word' id='word_1_674' title='bbox 1028 4903 1243 4959; x_wconf 90' lang='lat' dir='ltr'><strong>quoque</strong></span> <span class='ocrx_word' id='word_1_675' title='bbox 1274 4890 1535 4946; x_wconf 80' lang='lat' dir='ltr'><strong>uxoribus</strong></span> <span class='ocrx_word' id='word_1_676' title='bbox 1566 4891 1827 4960; x_wconf 91' lang='lat' dir='ltr'><strong>copulari,</strong></span> <span class='ocrx_word' id='word_1_677' title='bbox 1874 4901 2181 4949; x_wconf 88' lang='lat' dir='ltr'><strong>asserentes</strong></span> 
     </span>
    </p>
   </div>
   <div class='ocr_carea' id='block_1_96' title="bbox 599 4979 2185 5051">
    <p class='ocr_par' dir='ltr' id='par_1_96' title="bbox 599 4979 2185 5051">
     <span class='ocr_line' id='line_1_96' title="bbox 599 4979 2185 5051; baseline 0.003 -18"><span class='ocrx_word' id='word_1_678' title='bbox 599 4980 698 5035; x_wconf 90' lang='lat' dir='ltr'><strong>hoc</strong></span> <span class='ocrx_word' id='word_1_679' title='bbox 717 4980 833 5034; x_wconf 90' lang='lat' dir='ltr'><strong>ideo</strong></span> <span class='ocrx_word' id='word_1_680' title='bbox 847 4979 949 5045; x_wconf 85' lang='lat' dir='ltr'><strong>sibi</strong></span> <span class='ocrx_word' id='word_1_681' title='bbox 967 4979 1152 5043; x_wconf 89' lang='lat' dir='ltr'><strong>licere,</strong></span> <span class='ocrx_word' id='word_1_682' title='bbox 1170 4994 1238 5049; x_wconf 87' lang='lat' dir='ltr'><strong>qu</strong></span> <span class='ocrx_word' id='word_1_683' title='bbox 1248 4980 1297 5032; x_wconf 87' lang='lat' dir='ltr'><strong>ia</strong></span> <span class='ocrx_word' id='word_1_684' title='bbox 1326 4979 1752 5035; x_wconf 90' lang='lat' dir='ltr'><strong>benedictionem</strong></span> <span class='ocrx_word' id='word_1_685' title='bbox 1766 4996 1797 5034; x_wconf 89' lang='lat' dir='ltr'><strong>a</strong></span> <span class='ocrx_word' id='word_1_686' title='bbox 1822 4980 2079 5051; x_wconf 91' lang='lat' dir='ltr'><strong>pontiﬁce</strong></span> <span class='ocrx_word' id='word_1_687' title='bbox 2091 4996 2185 5037; x_wconf 86' lang='lat' dir='ltr'><strong>ne-</strong></span> 
     </span>
    </p>
   </div>
   <div class='ocr_carea' id='block_1_97' title="bbox 599 5072 2187 5143">
    <p class='ocr_par' dir='ltr' id='par_1_97' title="bbox 599 5072 2187 5143">
     <span class='ocr_line' id='line_1_97' title="bbox 599 5072 2187 5143; baseline 0.003 -16"><span class='ocrx_word' id='word_1_688' title='bbox 599 5073 779 5127; x_wconf 88' lang='lat' dir='ltr'><strong>sciunt</strong></span> <span class='ocrx_word' id='word_1_689' title='bbox 790 5072 1522 5143; x_wconf 88' lang='lat' dir='ltr'><strong>percepisse.Proinde,omni</strong></span> <span class='ocrx_word' id='word_1_690' title='bbox 1536 5074 1942 5129; x_wconf 71' lang='lat' dir='ltr'><strong>excusationum</strong></span> <span class='ocrx_word' id='word_1_691' title='bbox 1960 5076 2187 5131; x_wconf 87' lang='lat' dir='ltr'><strong>discisso</strong></span> 
     </span>
    </p>
   </div>
   <div class='ocr_carea' id='block_1_98' title="bbox 601 5162 2187 5234">
    <p class='ocr_par' dir='ltr' id='par_1_98' title="bbox 601 5162 2187 5234">
     <span class='ocr_line' id='line_1_98' title="bbox 601 5162 2187 5234; baseline 0.004 -19"><span class='ocrx_word' id='word_1_692' title='bbox 601 5162 892 5227; x_wconf 82' lang='lat' dir='ltr'><strong>velamine,</strong></span> <span class='ocrx_word' id='word_1_693' title='bbox 910 5163 961 5217; x_wconf 91' lang='lat' dir='ltr'><strong>id</strong></span> <span class='ocrx_word' id='word_1_694' title='bbox 982 5164 1324 5234; x_wconf 80' lang='lat' dir='ltr'><strong>praecipimus</strong></span> <span class='ocrx_word' id='word_1_695' title='bbox 1347 5163 1648 5231; x_wconf 89' lang='lat' dir='ltr'><strong>observari,</strong></span> <span class='ocrx_word' id='word_1_696' title='bbox 1665 5172 1725 5218; x_wconf 92' lang='lat' dir='ltr'><strong>ut</strong></span> <span class='ocrx_word' id='word_1_697' title='bbox 1747 5179 1869 5220; x_wconf 89' lang='lat' dir='ltr'><strong>cum</strong></span> <span class='ocrx_word' id='word_1_698' title='bbox 1884 5164 2044 5220; x_wconf 90' lang='lat' dir='ltr'><strong>iidem</strong></span> <span class='ocrx_word' id='word_1_699' title='bbox 2060 5165 2187 5221; x_wconf 90' lang='lat' dir='ltr'><strong>sub-</strong></span> 
     </span>
    </p>
   </div>
   <div class='ocr_carea' id='block_1_99' title="bbox 604 5254 2186 5314">
    <p class='ocr_par' dir='ltr' id='par_1_99' title="bbox 604 5254 2186 5314">
     <span class='ocr_line' id='line_1_99' title="bbox 604 5254 2186 5314; baseline 0.003 -4"><span class='ocrx_word' id='word_1_700' title='bbox 604 5255 858 5312; x_wconf 83' lang='lat' dir='ltr'><strong>diacones</strong></span> <span class='ocrx_word' id='word_1_701' title='bbox 871 5254 1187 5311; x_wconf 90' lang='lat' dir='ltr'><strong>ordinantur</strong></span> <span class='ocrx_word' id='word_1_702' title='bbox 1197 5273 1317 5314; x_wconf 89' lang='lat' dir='ltr'><strong>cum</strong></span> <span class='ocrx_word' id='word_1_703' title='bbox 1334 5257 1479 5312; x_wconf 91' lang='lat' dir='ltr'><strong>vasis</strong></span> <span class='ocrx_word' id='word_1_704' title='bbox 1492 5257 1776 5313; x_wconf 89' lang='lat' dir='ltr'><strong>ministerii</strong></span> <span class='ocrx_word' id='word_1_705' title='bbox 1791 5258 2092 5314; x_wconf 89' lang='lat' dir='ltr'><strong>benedictio</strong></span> <span class='ocrx_word' id='word_1_706' title='bbox 2107 5260 2186 5314; x_wconf 91' lang='lat' dir='ltr'><strong>eis</strong></span> 
     </span>
    </p>
   </div>
   <div class='ocr_carea' id='block_1_100' title="bbox 605 5345 2191 5418">
    <p class='ocr_par' dir='ltr' id='par_1_100' title="bbox 605 5345 2191 5418">
     <span class='ocr_line' id='line_1_100' title="bbox 605 5345 2191 5418; baseline 0.003 -17"><span class='ocrx_word' id='word_1_707' title='bbox 605 5345 675 5401; x_wconf 88' lang='lat' dir='ltr'><strong>ab</strong></span> <span class='ocrx_word' id='word_1_708' title='bbox 687 5346 936 5417; x_wconf 88' lang='lat' dir='ltr'><strong>episcopo</strong></span> <span class='ocrx_word' id='word_1_709' title='bbox 951 5348 1125 5414; x_wconf 89' lang='lat' dir='ltr'><strong>detur,</strong></span> <span class='ocrx_word' id='word_1_710' title='bbox 1139 5349 1277 5404; x_wconf 90' lang='lat' dir='ltr'><strong>sicut</strong></span> <span class='ocrx_word' id='word_1_711' title='bbox 1291 5347 1344 5402; x_wconf 90' lang='lat' dir='ltr'><strong>in</strong></span> <span class='ocrx_word' id='word_1_712' title='bbox 1358 5347 1938 5418; x_wconf 88' lang='lat' dir='ltr'><strong>quibusdamEcclesiis</strong></span> <span class='ocrx_word' id='word_1_713' title='bbox 1953 5360 2191 5407; x_wconf 81' lang='lat' dir='ltr'><strong>vetustas</strong></span> 
     </span>
    </p>
   </div>
   <div class='ocr_carea' id='block_1_101' title="bbox 606 5438 2188 5513">
    <p class='ocr_par' dir='ltr' id='par_1_101' title="bbox 606 5438 2188 5513">
     <span class='ocr_line' id='line_1_101' title="bbox 606 5438 2188 5513; baseline 0.002 -19"><span class='ocrx_word' id='word_1_714' title='bbox 606 5438 771 5494; x_wconf 89' lang='lat' dir='ltr'><strong>tradit</strong></span> <span class='ocrx_word' id='word_1_715' title='bbox 794 5438 1035 5508; x_wconf 88' lang='lat' dir='ltr'><strong>antiqua,</strong></span> <span class='ocrx_word' id='word_1_716' title='bbox 1062 5449 1116 5493; x_wconf 92' lang='lat' dir='ltr'><strong>et</strong></span> <span class='ocrx_word' id='word_1_717' title='bbox 1152 5454 1302 5495; x_wconf 88' lang='lat' dir='ltr'><strong>sacra</strong></span> <span class='ocrx_word' id='word_1_718' title='bbox 1333 5440 1666 5513; x_wconf 83' lang='lat' dir='ltr'><strong>dignoscitur</strong></span> <span class='ocrx_word' id='word_1_719' title='bbox 1697 5442 2028 5496; x_wconf 88' lang='lat' dir='ltr'><strong>consuetudo</strong></span> <span class='ocrx_word' id='word_1_720' title='bbox 2061 5440 2188 5497; x_wconf 88' lang='lat' dir='ltr'><strong>sub-</strong></span> 
     </span>
    </p>
   </div>
   <div class='ocr_carea' id='block_1_102' title="bbox 607 5530 2193 5603">
    <p class='ocr_par' dir='ltr' id='par_1_102' title="bbox 607 5530 2193 5603">
     <span class='ocr_line' id='line_1_102' title="bbox 607 5530 2193 5603; baseline 0.001 -15"><span class='ocrx_word' id='word_1_721' title='bbox 607 5540 755 5588; x_wconf 87' lang='lat' dir='ltr'><strong>stare</strong></span> <span class='ocrx_word' id='word_1_722' title='bbox 776 5530 1007 5602; x_wconf 86' lang='lat' dir='ltr'><strong>prolata,</strong></span> <span class='ocrx_word' id='word_1_723' title='bbox 1035 5532 1180 5586; x_wconf 91' lang='lat' dir='ltr'><strong>omni</strong></span> <span class='ocrx_word' id='word_1_724' title='bbox 1203 5533 1417 5603; x_wconf 91' lang='lat' dir='ltr'><strong>penitus</strong></span> <span class='ocrx_word' id='word_1_725' title='bbox 1440 5533 1510 5589; x_wconf 90' lang='lat' dir='ltr'><strong>ab</strong></span> <span class='ocrx_word' id='word_1_726' title='bbox 1536 5533 1642 5588; x_wconf 90' lang='lat' dir='ltr'><strong>illis</strong></span> <span class='ocrx_word' id='word_1_727' title='bbox 1654 5534 1814 5589; x_wconf 89' lang='lat' dir='ltr'><strong>sorde</strong></span> <span class='ocrx_word' id='word_1_728' title='bbox 1828 5530 2110 5587; x_wconf 89' lang='lat' dir='ltr'><strong>tnulierum</strong></span> <span class='ocrx_word' id='word_1_729' title='bbox 2127 5547 2193 5589; x_wconf 87' lang='lat' dir='ltr'><strong>ac</strong></span> 
     </span>
    </p>
   </div>
   <div class='ocr_carea' id='block_1_103' title="bbox 607 5618 2194 5695">
    <p class='ocr_par' dir='ltr' id='par_1_103' title="bbox 607 5618 2194 5695">
     <span class='ocr_line' id='line_1_103' title="bbox 607 5618 2194 5695; baseline 0.002 -16"><span class='ocrx_word' id='word_1_730' title='bbox 607 5618 974 5680; x_wconf 80' lang='lat' dir='ltr'><strong>familiaritate</strong></span> <span class='ocrx_word' id='word_1_731' title='bbox 1012 5634 1234 5680; x_wconf 87' lang='lat' dir='ltr'><strong>remota.</strong></span> <span class='ocrx_word' id='word_1_732' title='bbox 1275 5625 1426 5693; x_wconf 86' lang='lat' dir='ltr'><strong>Quod</strong></span> <span class='ocrx_word' id='word_1_733' title='bbox 1461 5626 1504 5682; x_wconf 91' lang='lat' dir='ltr'><strong>si</strong></span> <span class='ocrx_word' id='word_1_734' title='bbox 1542 5626 1644 5682; x_wconf 88' lang='lat' dir='ltr'><strong>hoc</strong></span> <span class='ocrx_word' id='word_1_735' title='bbox 1681 5626 1902 5682; x_wconf 90' lang='lat' dir='ltr'><strong>vulnere</strong></span> <span class='ocrx_word' id='word_1_736' title='bbox 1942 5625 2194 5695; x_wconf 89' lang='lat' dir='ltr'><strong>deinceps</strong></span> 
     </span>
    </p>
   </div>
   <div class='ocr_carea' id='block_1_104' title="bbox 609 5714 2196 5790">
    <p class='ocr_par' dir='ltr' id='par_1_104' title="bbox 609 5714 2196 5790">
     <span class='ocr_line' id='line_1_104' title="bbox 609 5714 2196 5790; baseline 0.003 -21"><span class='ocrx_word' id='word_1_737' title='bbox 609 5714 811 5772; x_wconf 80' lang='lat' dir='ltr'><strong>Iuerint</strong></span> <span class='ocrx_word' id='word_1_738' title='bbox 835 5716 1083 5783; x_wconf 86' lang='lat' dir='ltr'><strong>sauciati,</strong></span> <span class='ocrx_word' id='word_1_739' title='bbox 1114 5730 1241 5772; x_wconf 81' lang='lat' dir='ltr'><strong>mox</strong></span> <span class='ocrx_word' id='word_1_740' title='bbox 1272 5726 1434 5773; x_wconf 91' lang='lat' dir='ltr'><strong>erunt</strong></span> <span class='ocrx_word' id='word_1_741' title='bbox 1462 5718 1562 5774; x_wconf 89' lang='lat' dir='ltr'><strong>sub</strong></span> <span class='ocrx_word' id='word_1_742' title='bbox 1583 5718 1916 5790; x_wconf 68' lang='lat' dir='ltr'><strong>poenitentiae</strong></span> <span class='ocrx_word' id='word_1_743' title='bbox 1939 5718 2196 5774; x_wconf 88' lang='lat' dir='ltr'><strong>oneribus</strong></span> 
     </span>
    </p>
   </div>
   <div class='ocr_carea' id='block_1_105' title="bbox 613 5808 2022 5877">
    <p class='ocr_par' dir='ltr' id='par_1_105' title="bbox 613 5808 2022 5877">
     <span class='ocr_line' id='line_1_105' title="bbox 613 5808 2022 5877; baseline 0.002 -19"><span class='ocrx_word' id='word_1_744' title='bbox 613 5817 780 5876; x_wconf 83' lang='lat' dir='ltr'><strong>usque</strong></span> <span class='ocrx_word' id='word_1_745' title='bbox 806 5809 873 5863; x_wconf 89' lang='lat' dir='ltr'><strong>ad</strong></span> <span class='ocrx_word' id='word_1_746' title='bbox 902 5816 1203 5866; x_wconf 80' lang='lat' dir='ltr'><strong>extremum</strong></span> <span class='ocrx_word' id='word_1_747' title='bbox 1225 5808 1348 5864; x_wconf 76' lang='lat' dir='ltr'><strong>vitae</strong></span> <span class='ocrx_word' id='word_1_748' title='bbox 1376 5809 1718 5867; x_wconf 86' lang='lat' dir='ltr'><strong>monasteriis</strong></span> <span class='ocrx_word' id='word_1_749' title='bbox 1743 5808 2022 5877; x_wconf 86' lang='lat' dir='ltr'><strong>religandi.</strong></span> 
     </span>
    </p>
   </div>
   <div class='ocr_carea' id='block_1_106' title="bbox 2286 4683 3783 4773">
    <p class='ocr_par' dir='ltr' id='par_1_106' title="bbox 2286 4683 3783 4773">
     <span class='ocr_line' id='line_1_106' title="bbox 2286 4683 3783 4773; baseline -0.005 -18"><span class='ocrx_word' id='word_1_750' title='bbox 2286 4700 2566 4758; x_wconf 82' lang='lat' dir='ltr'><strong>Receda&#39;nt</strong></span> <span class='ocrx_word' id='word_1_751' title='bbox 2596 4715 2728 4773; x_wconf 87' lang='lat' dir='ltr'><strong>ergo</strong></span> <span class='ocrx_word' id='word_1_752' title='bbox 2754 4700 2941 4756; x_wconf 89' lang='lat' dir='ltr'><strong>talium</strong></span> <span class='ocrx_word' id='word_1_753' title='bbox 2990 4701 3380 4758; x_wconf 87' lang='lat' dir='ltr'><strong>desideriorum</strong></span> <span class='ocrx_word' id='word_1_754' title='bbox 3407 4701 3517 4757; x_wconf 90' lang='lat' dir='ltr'><strong>sine</strong></span> <span class='ocrx_word' id='word_1_755' title='bbox 3542 4683 3783 4773; x_wconf 53' lang='lat' dir='ltr'><strong>verecundi?</strong></span> 
     </span>
    </p>
   </div>
   <div class='ocr_carea' id='block_1_107' title="bbox 2287 4771 3781 4866">
    <p class='ocr_par' dir='ltr' id='par_1_107' title="bbox 2287 4771 3781 4866">
     <span class='ocr_line' id='line_1_107' title="bbox 2287 4771 3781 4866; baseline -0.002 -16"><span class='ocrx_word' id='word_1_756' title='bbox 2287 4794 2611 4866; x_wconf 84' lang='lat' dir='ltr'><strong>impuderati</strong></span> <span class='ocrx_word' id='word_1_757' title='bbox 2642 4771 2878 4859; x_wconf 79' lang='lat' dir='ltr'><strong>favores,</strong></span> <span class='ocrx_word' id='word_1_758' title='bbox 2907 4802 2965 4849; x_wconf 87' lang='lat' dir='ltr'><strong>et</strong></span> <span class='ocrx_word' id='word_1_759' title='bbox 2997 4793 3124 4849; x_wconf 91' lang='lat' dir='ltr'><strong>licet</strong></span> <span class='ocrx_word' id='word_1_760' title='bbox 3152 4794 3304 4850; x_wconf 86' lang='lat' dir='ltr'><strong>inviti</strong></span> <span class='ocrx_word' id='word_1_761' title='bbox 3351 4787 3653 4865; x_wconf 76' lang='lat' dir='ltr'><strong>perceperint</strong></span> <span class='ocrx_word' id='word_1_762' title='bbox 3685 4771 3781 4847; x_wconf 71' lang='lat' dir='ltr'><strong>quod</strong></span> 
     </span>
    </p>
   </div>
   <div class='ocr_carea' id='block_1_108' title="bbox 2287 4871 3783 4955">
    <p class='ocr_par' dir='ltr' id='par_1_108' title="bbox 2287 4871 3783 4955">
     <span class='ocr_line' id='line_1_108' title="bbox 2287 4871 3783 4955; baseline -0.007 -10"><span class='ocrx_word' id='word_1_763' title='bbox 2287 4903 2396 4955; x_wconf 93' lang='lat' dir='ltr'><strong>non</strong></span> <span class='ocrx_word' id='word_1_764' title='bbox 2425 4888 2773 4945; x_wconf 87' lang='lat' dir='ltr'><strong>merebantur</strong></span> <span class='ocrx_word' id='word_1_765' title='bbox 2800 4887 3024 4953; x_wconf 87' lang='lat' dir='ltr'><strong>habere,</strong></span> <span class='ocrx_word' id='word_1_766' title='bbox 3065 4887 3298 4945; x_wconf 88' lang='lat' dir='ltr'><strong>libenter</strong></span> <span class='ocrx_word' id='word_1_767' title='bbox 3325 4898 3495 4943; x_wconf 85' lang='lat' dir='ltr'><strong>tamen</strong></span> <span class='ocrx_word' id='word_1_768' title='bbox 3537 4894 3593 4936; x_wconf 84' lang='lat' dir='ltr'><strong>ac</strong></span> <span class='ocrx_word' id='word_1_769' title='bbox 3626 4871 3783 4931; x_wconf 58' lang='lat' dir='ltr'><strong>cules“</strong></span> 
     </span>
    </p>
   </div>
   <div class='ocr_carea' id='block_1_109' title="bbox 2294 4966 3779 5058">
    <p class='ocr_par' dir='ltr' id='par_1_109' title="bbox 2294 4966 3779 5058">
     <span class='ocr_line' id='line_1_109' title="bbox 2294 4966 3779 5058; baseline 0.01 -24"><span class='ocrx_word' id='word_1_770' title='bbox 2294 4979 2566 5035; x_wconf 89' lang='lat' dir='ltr'><strong>retineant</strong></span> <span class='ocrx_word' id='word_1_771' title='bbox 2590 4978 2866 5044; x_wconf 89' lang='lat' dir='ltr'><strong>meritum,</strong></span> <span class='ocrx_word' id='word_1_772' title='bbox 2915 4978 3060 5047; x_wconf 89' lang='lat' dir='ltr'><strong>quod</strong></span> <span class='ocrx_word' id='word_1_773' title='bbox 3104 4977 3336 5034; x_wconf 89' lang='lat' dir='ltr'><strong>nolendo</strong></span> <span class='ocrx_word' id='word_1_774' title='bbox 3378 4980 3578 5048; x_wconf 53' lang='lat' dir='ltr'><strong>proli”</strong></span> <span class='ocrx_word' id='word_1_775' title='bbox 3617 4966 3779 5058; x_wconf 36' lang='lat' dir='ltr'><strong>terra?</strong></span> 
     </span>
    </p>
   </div>
   <div class='ocr_carea' id='block_1_110' title="bbox 2294 5054 3778 5145">
    <p class='ocr_par' dir='ltr' id='par_1_110' title="bbox 2294 5054 3778 5145">
     <span class='ocr_line' id='line_1_110' title="bbox 2294 5054 3778 5145; baseline -0.011 -16"><span class='ocrx_word' id='word_1_776' title='bbox 2294 5071 2567 5129; x_wconf 88' lang='lat' dir='ltr'><strong>consecuti</strong></span> <span class='ocrx_word' id='word_1_777' title='bbox 2617 5080 2744 5127; x_wconf 88' lang='lat' dir='ltr'><strong>sunt</strong></span> <span class='ocrx_word' id='word_1_778' title='bbox 2791 5071 3131 5128; x_wconf 86' lang='lat' dir='ltr'><strong>necessitatis</strong></span> <span class='ocrx_word' id='word_1_779' title='bbox 3177 5080 3410 5136; x_wconf 81' lang='lat' dir='ltr'><strong>eventu,</strong></span> <span class='ocrx_word' id='word_1_780' title='bbox 3455 5075 3511 5122; x_wconf 90' lang='lat' dir='ltr'><strong>ut</strong></span> <span class='ocrx_word' id='word_1_781' title='bbox 3549 5070 3639 5117; x_wconf 86' lang='lat' dir='ltr'><strong>tatu</strong></span> <span class='ocrx_word' id='word_1_782' title='bbox 3675 5054 3778 5145; x_wconf 61' lang='lat' dir='ltr'><strong>iutill</strong></span> 
     </span>
    </p>
   </div>
   <div class='ocr_carea' id='block_1_111' title="bbox 2294 5140 3774 5236">
    <p class='ocr_par' dir='ltr' id='par_1_111' title="bbox 2294 5140 3774 5236">
     <span class='ocr_line' id='line_1_111' title="bbox 2294 5140 3774 5236; baseline -0.011 -17"><span class='ocrx_word' id='word_1_783' title='bbox 2294 5172 2555 5234; x_wconf 88' lang='lat' dir='ltr'><strong>appetant</strong></span> <span class='ocrx_word' id='word_1_784' title='bbox 2575 5160 2716 5218; x_wconf 88' lang='lat' dir='ltr'><strong>bona</strong></span> <span class='ocrx_word' id='word_1_785' title='bbox 2742 5161 2985 5233; x_wconf 81' lang='lat' dir='ltr'><strong>diligere,</strong></span> <span class='ocrx_word' id='word_1_786' title='bbox 3018 5176 3181 5231; x_wconf 88' lang='lat' dir='ltr'><strong>quam</strong></span> <span class='ocrx_word' id='word_1_787' title='bbox 3211 5169 3399 5232; x_wconf 87' lang='lat' dir='ltr'><strong>sponte</strong></span> <span class='ocrx_word' id='word_1_788' title='bbox 3438 5154 3653 5212; x_wconf 87' lang='lat' dir='ltr'><strong>videntur</strong></span> 
     </span>
    </p>
   </div>
   <div class='ocr_carea' id='block_1_112' title="bbox 2292 5234 3774 5324">
    <p class='ocr_par' dir='ltr' id='par_1_112' title="bbox 2292 5234 3774 5324">
     <span class='ocr_line' id='line_1_112' title="bbox 2292 5234 3774 5324; baseline 0 -14"><span class='ocrx_word' id='word_1_789' title='bbox 2292 5255 2483 5311; x_wconf 89' lang='lat' dir='ltr'><strong>dentes</strong></span> <span class='ocrx_word' id='word_1_790' title='bbox 2506 5254 2839 5324; x_wconf 87' lang='lat' dir='ltr'><strong>impugnare.</strong></span> <span class='ocrx_word' id='word_1_791' title='bbox 2866 5250 3021 5320; x_wconf 87' lang='lat' dir='ltr'><strong>Quod</strong></span> <span class='ocrx_word' id='word_1_792' title='bbox 3061 5251 3110 5306; x_wconf 91' lang='lat' dir='ltr'><strong>si</strong></span> <span class='ocrx_word' id='word_1_793' title='bbox 3157 5251 3282 5323; x_wconf 87' lang='lat' dir='ltr'><strong>quis</strong></span> <span class='ocrx_word' id='word_1_794' title='bbox 3320 5257 3439 5323; x_wconf 87' lang='lat' dir='ltr'><strong>post</strong></span> <span class='ocrx_word' id='word_1_795' title='bbox 3469 5246 3560 5305; x_wconf 84' lang='lat' dir='ltr'><strong>hoc</strong></span> <span class='ocrx_word' id='word_1_796' title='bbox 3598 5234 3774 5324; x_wconf 45' lang='lat' dir='ltr'><strong>Paw&quot;?</strong></span> 
     </span>
    </p>
   </div>
   <div class='ocr_carea' id='block_1_113' title="bbox 2292 5321 3770 5426">
    <p class='ocr_par' dir='ltr' id='par_1_113' title="bbox 2292 5321 3770 5426">
     <span class='ocr_line' id='line_1_113' title="bbox 2292 5321 3770 5426; baseline -0.016 -20"><span class='ocrx_word' id='word_1_797' title='bbox 2292 5321 2680 5417; x_wconf 25' lang='lat' dir='ltr'><strong>dispositionis:</strong></span> <span class='ocrx_word' id='word_1_798' title='bbox 2693 5344 2930 5401; x_wconf 88' lang='lat' dir='ltr'><strong>edictum</strong></span> <span class='ocrx_word' id='word_1_799' title='bbox 2954 5358 3064 5401; x_wconf 91' lang='lat' dir='ltr'><strong>non</strong></span> <span class='ocrx_word' id='word_1_800' title='bbox 3083 5321 3370 5411; x_wconf 63' lang='lat' dir='ltr'><strong>sinceritei‘</strong></span> <span class='ocrx_word' id='word_1_801' title='bbox 3399 5336 3551 5397; x_wconf 88' lang='lat' dir='ltr'><strong>sacris</strong></span> <span class='ocrx_word' id='word_1_802' title='bbox 3575 5321 3770 5426; x_wconf 49' lang='grc' dir='ltr'><strong>ιηιιξςοςε</strong></span> 
     </span>
    </p>
   </div>
   <div class='ocr_carea' id='block_1_114' title="bbox 2294 5415 3769 5508">
    <p class='ocr_par' dir='ltr' id='par_1_114' title="bbox 2294 5415 3769 5508">
     <span class='ocr_line' id='line_1_114' title="bbox 2294 5415 3769 5508; baseline -0.005 -14"><span class='ocrx_word' id='word_1_803' title='bbox 2294 5415 2547 5501; x_wconf 82' lang='lat' dir='ltr'><strong>cultibus,</strong></span> <span class='ocrx_word' id='word_1_804' title='bbox 2573 5444 2629 5492; x_wconf 92' lang='lat' dir='ltr'><strong>et</strong></span> <span class='ocrx_word' id='word_1_805' title='bbox 2651 5435 3058 5505; x_wconf 73' lang='lat' dir='ltr'><strong>abjiciensase</strong></span> <span class='ocrx_word' id='word_1_806' title='bbox 3081 5436 3309 5508; x_wconf 89' lang='lat' dir='ltr'><strong>gratiam</strong></span> <span class='ocrx_word' id='word_1_807' title='bbox 3342 5446 3489 5505; x_wconf 88' lang='lat' dir='ltr'><strong>quam</strong></span> <span class='ocrx_word' id='word_1_808' title='bbox 3509 5415 3694 5487; x_wconf 65' lang='lat' dir='ltr'><strong>accepi&quot;</strong></span> 
     </span>
    </p>
   </div>
   <div class='ocr_carea' id='block_1_115' title="bbox 2295 5504 3766 5599">
    <p class='ocr_par' dir='ltr' id='par_1_115' title="bbox 2295 5504 3766 5599">
     <span class='ocr_line' id='line_1_115' title="bbox 2295 5504 3766 5599; baseline 0.002 -16"><span class='ocrx_word' id='word_1_809' title='bbox 2295 5528 2495 5586; x_wconf 86' lang='lat' dir='ltr'><strong>labitur</strong></span> <span class='ocrx_word' id='word_1_810' title='bbox 2536 5527 2605 5584; x_wconf 88' lang='lat' dir='ltr'><strong>ad</strong></span> <span class='ocrx_word' id='word_1_811' title='bbox 2648 5504 2956 5599; x_wconf 88' lang='lat' dir='ltr'><strong>conjugiutn</strong></span> <span class='ocrx_word' id='word_1_812' title='bbox 2980 5567 2997 5595; x_wconf 86' lang='lat'><strong>,</strong></span> <span class='ocrx_word' id='word_1_813' title='bbox 3050 5504 3335 5598; x_wconf 77' lang='lat' dir='ltr'><strong>moresque</strong></span> <span class='ocrx_word' id='word_1_814' title='bbox 3359 5504 3546 5580; x_wconf 20' lang='lat' dir='ltr'><strong>75ml!&quot;</strong></span> <span class='ocrx_word' id='word_1_815' title='bbox 3603 5504 3766 5599; x_wconf 49' lang='lat' dir='ltr'><strong>“nam:</strong></span> 
     </span>
    </p>
   </div>
   <div class='ocr_carea' id='block_1_116' title="bbox 2300 5598 3767 5687">
    <p class='ocr_par' dir='ltr' id='par_1_116' title="bbox 2300 5598 3767 5687">
     <span class='ocr_line' id='line_1_116' title="bbox 2300 5598 3767 5687; baseline -0.001 -12"><span class='ocrx_word' id='word_1_816' title='bbox 2300 5620 2458 5687; x_wconf 87' lang='lat' dir='ltr'><strong>verit,</strong></span> <span class='ocrx_word' id='word_1_817' title='bbox 2483 5621 2567 5676; x_wconf 89' lang='lat' dir='ltr'><strong>vel</strong></span> <span class='ocrx_word' id='word_1_818' title='bbox 2598 5636 2723 5677; x_wconf 89' lang='lat' dir='ltr'><strong>eum</strong></span> <span class='ocrx_word' id='word_1_819' title='bbox 2752 5598 2930 5678; x_wconf 85' lang='lat' dir='ltr'><strong>redire</strong></span> <span class='ocrx_word' id='word_1_820' title='bbox 2952 5620 3020 5677; x_wconf 90' lang='lat' dir='ltr'><strong>ad</strong></span> <span class='ocrx_word' id='word_1_821' title='bbox 3051 5622 3155 5677; x_wconf 92' lang='lat' dir='ltr'><strong>hoc</strong></span> <span class='ocrx_word' id='word_1_822' title='bbox 3182 5618 3502 5677; x_wconf 79' lang='lat' dir='ltr'><strong>constiterit.</strong></span> <span class='ocrx_word' id='word_1_823' title='bbox 3541 5615 3638 5661; x_wconf 75' lang='grc' dir='ltr'><strong>ηιοι</strong></span> <span class='ocrx_word' id='word_1_824' title='bbox 3668 5598 3767 5647; x_wconf 69' lang='grc'><strong>⁰¹¹¹¹¹¹</strong></span> 
     </span>
    </p>
   </div>
   <div class='ocr_carea' id='block_1_117' title="bbox 2300 5687 3764 5787">
    <p class='ocr_par' dir='ltr' id='par_1_117' title="bbox 2300 5687 3764 5787">
     <span class='ocr_line' id='line_1_117' title="bbox 2300 5687 3764 5787; baseline -0.003 -17"><span class='ocrx_word' id='word_1_825' title='bbox 2300 5713 2651 5771; x_wconf 75' lang='lat' dir='ltr'><strong>ecclesiastici</strong></span> <span class='ocrx_word' id='word_1_826' title='bbox 2677 5713 2882 5770; x_wconf 87' lang='lat' dir='ltr'><strong>ordinis</strong></span> <span class='ocrx_word' id='word_1_827' title='bbox 2906 5714 3169 5783; x_wconf 86' lang='lat' dir='ltr'><strong>dignitate</strong></span> <span class='ocrx_word' id='word_1_828' title='bbox 3193 5710 3442 5785; x_wconf 69' lang='lat' dir='ltr'><strong>primit,</strong></span> <span class='ocrx_word' id='word_1_829' title='bbox 3460 5710 3509 5762; x_wconf 86' lang='lat' dir='ltr'><strong>et</strong></span> <span class='ocrx_word' id='word_1_830' title='bbox 3534 5706 3579 5755; x_wconf 79' lang='grc' dir='ltr'><strong>ιιι</strong></span> <span class='ocrx_word' id='word_1_831' title='bbox 3594 5687 3764 5787; x_wconf 46' lang='lat' dir='ltr'><strong>atrii“?</strong></span> 
     </span>
    </p>
   </div>
   <div class='ocr_carea' id='block_1_118' title="bbox 2304 5778 3762 5876">
    <p class='ocr_par' dir='ltr' id='par_1_118' title="bbox 2304 5778 3762 5876">
     <span class='ocr_line' id='line_1_118' title="bbox 2304 5778 3762 5876; baseline -0.012 -15"><span class='ocrx_word' id='word_1_832' title='bbox 2304 5824 2333 5861; x_wconf 90' lang='lat' dir='ltr'><strong>a</strong></span> <span class='ocrx_word' id='word_1_833' title='bbox 2372 5816 2574 5864; x_wconf 66' lang='lat' dir='ltr'><strong>sanctae</strong></span> <span class='ocrx_word' id='word_1_834' title='bbox 2610 5807 2860 5864; x_wconf 76' lang='lat' dir='ltr'><strong>Ecclesia:</strong></span> <span class='ocrx_word' id='word_1_835' title='bbox 2906 5778 3210 5876; x_wconf 60' lang='lat' dir='ltr'><strong>liminibus,</strong></span> <span class='ocrx_word' id='word_1_836' title='bbox 3249 5820 3302 5864; x_wconf 87' lang='lat' dir='ltr'><strong>et</strong></span> <span class='ocrx_word' id='word_1_837' title='bbox 3336 5804 3560 5862; x_wconf 80' lang='lat' dir='ltr'><strong>societate</strong></span> <span class='ocrx_word' id='word_1_838' title='bbox 3602 5778 3762 5841; x_wconf 67' lang='grc' dir='ltr'><strong>ἢιιυίίυῖυ</strong></span> 
     </span>
    </p>
   </div>
  </div>
