3888 6442
109 416 214 479 τῖ’)ιῦ

1274 398 1773 467 ’ΒΕΟΗΕΤΑΙΑΙΗΜ
1802 404 2195 462 COLLECTIO.

3224 392 3331 454 ω

106 528 356 584 habeatur
406 531 622 593 prorSus
677 515 926 573 exclusus
951 555 969 583 ,
1033 518 1338 572 monasterii
1407 516 1656 572 claustris
1696 519 1731 577 ι
1759 529 1864 568 non
1891 515 2163 570 tanirbeue
2188 513 2405 584 regendi
2436 510 2673 575 licentia,
2696 524 2857 581 quam
2886 525 2944 566 se
2978 513 3333 566 mansuetudo

110 617 270 673 donec
294 611 483 666 vixerit
517 608 615 665 sub
647 606 963 678 ptenitentia
992 606 1364 662 retrudendus.

176 702 295 759 VIII.
324 700 639 772 Reperimus
656 700 918 770 quosdam
947 697 1141 752 divinis
1167 696 1363 752 officiis
1388 695 1660 766 mancipa-

116 807 209 860 tos,
238 801 374 848 tanta
402 790 711 847 nescientize
736 788 983 845 socordia
1009 788 1216 857 plenos,
1244 786 1316 839 ita
1357 786 1657 841 litterarum

103 896 165 943 et
187 883 462 955 disciplina:
500 885 733 953 ignaros,
761 890 820 934 ut
848 880 1049 935 nec‘in
1095 878 1201 933 illis
1245 879 1539 947 probentur
1584 878 1661 930 in-

110 976 282 1030 structi
312 984 675 1045 competenter
703 972 1000 1035 o’rdinibus,
1031 970 1122 1039 qui
1164 969 1504 1040 quotidianos
1539 983 1663 1022 ver-

118 1076 284 1121 santur
312 1064 796 1120 inlisus-Proinde
840 1062 1067 1118 sollicite
1111 1061 1457 1116 constituitur
1500 1070 1661 1129 atque

118 1157 396 1211 decernitur
436 1164 509 1208 aut
550 1153 729 1209 nullus
764 1151 1132 1221 cujuscunque
1174 1150 1449 1220 dignitatis
1491 1148 1662 1202 eccle-

118 1245 320 1298 siastica:
345 1242 595 1311 deinceps
636 1240 897 1310 percipiat
948 1239 1195 1310 gradum,
1221 1238 1310 1308 qui
1341 1254 1443 1291 non
1491 1244 1658 1316 totum

103 1336 421 1407 .psalterium,
454 1334 537 1390 vel
563 1334 898 1389 canticorum
927 1332 1191 1387 usualium
1220 1341 1276 1385 et
1302 1331 1655 1404 hymnorum,

119 1427 213 1481 sive
238 1424 532 1497 baptizandi
562 1420 802 1494 perfecte
832 1423 1058 1493 .noverit
1098 1422 1548 1492 supplementum.
1580 1421 1660 1475 llli

102 1531 230 1570 sane
247 1516 330 1584 qui
367 1516 479 1586 jam
520 1516 725 1570 honore
769 1514 1044 1585 dignitatis
1090 1514 1400 1584 funguntur,
1443 1512 1663 1582 hujusce

118 1613 272 1656 tamen
303 1604 613 1673 ignorantiae
639 1604 876 1659 caecitate
899 1612 1194 1668 vexantur,
1236 1612 1327 1656 aut
1354 1614 1543 1673 sponte
1569 1618 1661 1658 su-

120 1703 247 1746 mant
290 1693 636 1748 intentionem
699 1694 1000 1748 necessaria
1064 1693 1426 1762 perdiscendi,
1484 1702 1577 1747 aut
1632 1708 1663 1745 a

121 1783 381 1851 majoribus
423 1782 490 1837 ad
528 1782 745 1839 lectoris
775 1784 1028 1838 exercitia
1064 1789 1326 1854 cogantur
1352 1783 1524 1837 inviti.
1554 1783 1665 1837 Ab-

1760 605 2101 674 impugnasse
2148 606 2442 674 probatur,
2494 604 2627 659 satis
2664 604 2748 673 (ut
2802 602 3105 671 opinamur)
3155 601 3230 656 illi
3278 613 3335 657 et

1757 696 1973 767 gloriosi
2019 697 2275 766 principis
2327 706 2382 752 et
2419 696 2636 751 decreto
2680 703 2880 749 sanctae
2931 694 3120 773 synodi
3171 693 3335 765 hujus

1757 790 2148 842 contradictum
2199 803 2318 844 esse
2353 789 2747 857 conspeximus.
2794 786 2870 840 Ita
2912 786 3332 842 enim'sauctus

1759 877 2115 950 Spiritusper
2151 889 2404 948 utrasque
2433 880 2773 934 definitiones
2814 879 3120 934 mortalium
3165 879 3328 934 corda

1756 961 2021 1040 perﬂavit,
2045 980 2103 1025 ut
2128 971 2273 1024 vitali
2297 969 2421 1026 ﬂatu
2446 971 2731 1026 verborum
2757 970 3085 1040 inposterum
3113 985 3337 1025 omnem

1758 1068 2011 1115 exureret
2047 1059 2182 1113 male
2223 1059 2712 1129 concupiscentium
2764 1058 2964 1113 rabiem
3009 1059 3335 1114 animorum.

1758 1153 1950 1206 Actum
1978 1166 2213 1221 namque
2235 1159 2316 1205 est
2342 1149 2739 1204 definitionibus
2771 1150 2899 1220 ipsis
2935 1159 3017 1213 ut,
3047 1150 3171 1219 quia
3216 1150 3332 1220 pie—

1764 1245 1889 1296 tatis
1911 1236 2104 1297 divinae
2136 1243 2188 1297 in
2220 1230 2721 1312 comprehensibilis
2740 1232 2929 1296 natura
2957 1257 3016 1297 se
3043 1228 3340 1298 conditioni

1761 1333 2068 1388 mortalium
2117 1333 2169 1387 in
2218 1333 2417 1388 unione
2464 1347 2710 1403 persona:
2755 1332 3034 1402 conjunxit
3080 1318 3338 1407 mysterio

1763 1424 2146 1493 redemptionis
2177 1424 2442 1485 humanae,
2488 1439 2587 1477 nos
2621 1437 2833 1493 quoque
2879 1423 3116 1477 membra
3148 1422 3340 1492 capitis
3422 1416 3425 1419 ’

1764 1512 1925 1582 hujus
1962 1521 2017 1566 et
2055 1511 2291 1582 perfidiae
2340 1511 2537 1565 malum
2568 1521 2623 1567 et
2652 1509 3166 1581 concupiscentiam,
3216 1525 3337 1581 quae

1771 1621 1801 1653 «η
1830 1602 1978 1656 radix
2010 1601 2272 1656 malorum
2299 1609 2383 1656 est
2413 1601 2654 1655 omnium
2688 1600 2739 1670 (Ι
2778 1594 2915 1654 Tim.
2964 1616 3037 1665 vr,
3077 1600 3191 1666 10),
3230 1620 3248 1651 ι
3283 1612 3339 1655 et

1770 1713 1791 1747 ι
1870 1693 2150 1748 avaritiam
2220 1708 2337 1762 qua:
2406 1687 2685 1747 invenitur
2766 1694 3000 1748 servitus
3073 1693 3340 1748 idolorum

1767 1783 1926 1853 (Eph.
1956 1799 2006 1848 v,
2045 1783 2099 1854 5)
2130 1803 2149 1834 ›
2174 1778 2293 1854 pari
2346 1783 2504 1838 simul
2541 1784 2661 1855 igne
2699 1800 2761 1839 ac
2808 1797 3067 1838 mucrone
3126 1794 3346 1853 tctoque

119 1878 308 1932 surdum
355 1877 622 1947 siquidem
658 1886 744 1933 est
777 1893 890 1940 eos.
941 1877 1031 1945 qui
1062 1886 1286 1936 caeteros
1318 1874 1672 1945 simpliciores
1702 1874 1746 1933 B
1775 1874 2004 1930 artiﬁcio
2030 1875 2295 1945 radicitus
2327 1870 2616 1929 evellamus
2648 1890 2711 1930 ac
2738 1875 3073 1930 desceemus.
3106 1875 3189 1929 Ab
3217 1876 3344 1931 hinc

119 1978 165 2021 et
187 1966 333 2022 laicus
359 1968 563 2023 habent
589 1968 800 2031 docere,
834 1967 1028 2037 quibus
1053 1974 1107 2021 et
1132 1965 1425 2034 disciplinae
1451 1974 1506 2019 et
1547 1964 1673 2018 vita:

121 2058 287 2114 debent
324 2073 442 2113 esse
478 2058 643 2113 veluti
676 2058 945 2127 quoddam
996 2055 1301 2126 speculum,
1332 2057 1398 2109 ad
1448 2053 1672 2122 alicujus

114 2138 311 2210 ordinis,
355 2148 441 2203 vel
487 2149 764 2220 dignitatis
791 2147 1094 2218 promoveri
1122 2151 1346 2209 statum,
1374 2146 1467 2215 qui
1501 2145 1671 2215 legem

110 2231 202 2294 .Dei
242 2240 522 2311 ignorant,
574 2256 675 2295 nec
714 2239 1015 2294 litterarum
1057 2238 1247 2295 saltem
1305 2237 1674 2293 mediocritate

121 2340 223 2384 sunt
246 2330 502 2402 insigniti.
546 2329 732 2384 Nullus
770 2330 931 2401 igitur
960 2329 1027 2383 ad
1075 2344 1226 2383 sacra
1276 2327 1370 2382 Dei
1416 2327 1673 2397 mysteria

123 2426 371 2480 tractanda
405 2425 591 2482 veniat
621 2420 799 2480 illotus
829 2423 1044 2493 aliquis,
1080 2422 1392 2493 ignorantia:
1441 2420 1674 2476 tenebris

122 2517 393 2582 mentiens,
414 2517 514 2572 sed
536 2515 683 2572 solus
704 2515 749 2570 is
767 2516 988 2570 accedat
1004 2530 1163 2584 quem
1188 2528 1394 2567 morum
1419 2512 1673 2566 innocen-

123 2606 182 2660 tia
204 2616 253 2661 et
291 2607 592 2663 litterarum
629 2607 880 2678 splendor
921 2604 1150 2660 reddunt
1190 2603 1474 2666 illustrem,
1521 2601 1676 2656 aliter

122 2699 416 2754 ordinaturis
461 2708 525 2754 et
571 2697 883 2754 ordinandis
928 2695 1251 2751 imminente
1283 2695 1336 2750 in
1400 2701 1675 2765 posterum

123 2789 199 2843 Dei
219 2800 269 2844 et
286 2791 398 2861 ejus
422 2790 684 2847 Ecclesia:
709 2790 965 2845 vindicta.

175 2879 256 2935 lx.
291 2880 451 2937 Nona:
482 2881 797 2936 intentionis
828 2879 1106 2935 admonitu
1147 2878 1357 2935 detecta
1400 2886 1483 2932 est
1508 2876 1678 2947 inglu-

119 2973 217 3029 vies
236 2975 500 3030 horrenda
526 2975 801 3029 voracium
836 2990 955 3043 qua:
984 2972 1110 3028 dum
1144 2972 1297 3028 freno
1328 2972 1678 3043 parcimonia:

125 3066 563 3136 nou-astringitur,
592 3064 836 3136 religioni
895 3065 1169 3119 contraire
1215 3072 1566 3129 monstratur,
1596 3061 1680 3115 di-

118 3165 254 3213 cente
278 3159 416 3212 enim
448 3157 733 3228 Scriptura
758 3174 772 3210 :
803 3178 823 3209 ‹
857 3156 957 3224 Qui
983 3157 1189 3226 spernit
1218 3156 1440 3210 minima
1478 3154 1674 3225 paula-

118 3246 411 3319 itiinidecidit
439 3221 636 3320 (προὶξ.
670 3264 783 3315 ιιι,
812 3221 899 3317 ι),’
918 3268 936 3301 ι
958 3221 1034 3303 illi
1068 3257 1228 3303 tanta:
1248 3221 1530 3303 edacitatis
1576 3247 1674 3300 im-
1703 3221 1748 3281 (ε

125 3337 262 3406 probe
321 3347 639 3411 grassantur
665 3378 680 3404 ,
727 3348 784 3394 ut
849 3339 1090 3395 cmlestia
1154 3347 1212 3395 et
1280 3355 1416 3409 pene
1469 3356 1675 3395 summa

127 3436 435 3486 contemnere
499 3429 804 3483 videantur.
852 3429 921 3483 Et
967 3431 1130 3484 etiam
1186 3431 1508 3499 quicumque
1544 3445 1677 3498 qua-

127 3519 407 3591 dragesimze
434 3522 559 3577 dies
600 3538 718 3590 qua:
746 3522 884 3577 anni
919 3523 1084 3577 tot—ius
1130 3523 1353 3577 decima:
1390 3530 1673 3590 putantur,

126 3625 223 3679 qua:
254 3606 397 3668 etin
446 3613 725 3668 oblatione
756 3612 945 3683 jejunii
998 3612 1222 3667 Domino
1267 3623 1676 3675 consecrantur,

126 3707 292 3774 quibus
349 3694 518 3765 etiam
583 3708 934 3763 saluberrima
1009 3707 1247 3763 conditio
1311 3706 1527 3761 humani
1588 3721 1679 3774 ge-

128 3797 249 3852 neris
315 3800 604 3868 expiatur,
681 3798 807 3852 dum
868 3813 903 3852 a
967 3805 1199 3866 quatuor
1265 3787 1448 3849 mundi
1508 3795 1677 3865 parti-

130 3884 213 3942 bus
261 3889 411 3959 125
475 3889 543 3943 ad
596 3888 734 3943 hanc
782 3887 944 3941 homo
1008 3885 1325 3958 religionem
1373 3883 1679 3938 crediturus

127 3976 398 4045 adducitur,
445 3988 509 4034 et
556 3988 789 4048 quatuor
836 3976 1120 4033 elementis
1152 3972 1437 4041 formatur,
1468 3985 1521 4030 et
1552 3990 1676 4045 pro-

129 4076 229 4136 p'ter
258 4071 736 4143 transgressionem
780 4066 1038 4140 'Dccalogi
1088 4080 1283 4138 quater
1326 4067 1506 4127 decies
1552 4082 1678 4120 con-

132 4159 376 4215 venienter
427 4161 703 4231 affligitur,
753 4160 830 4214 illi
883 4159 976 4229 qui
1043 4158 1332 4213 temerarie
1383 4159 1499 4213 haec
1555 4172 1676 4211 om-

124 4248 205 4303 nia
254 4260 635 4313 contemnunt,
704 4265 806 4305 nec
859 4250 1172 4304 voracitatis
1220 4249 1508 4320 ingluviem
1565 4247 1675 4303 fre-

133 4350 261 4407 nant,
303 4355 354 4397 et
394 4342 538 4413 quod
588 4340 741 4412 pejus
766 4351 850 4396 est
878 4339 1157 4395 Paschalia
1184 4341 1325 4395 festa
1364 4339 1679 4394 illicitorum

131 4444 295 4488 esuum
333 4434 678 4505 perceptione
731 4433 1036 4503 profanant,
1069 4431 1264 4501 quibus
1286 4446 1355 4486 ex
1403 4433 1504 4486 hoc
1544 4430 1681 4485 adeo

133 4527 366 4591 acerrime
409 4524 767 4589 interdicitur,
822 4533 883 4578 nt
919 4523 1165 4595 quisquis
1212 4525 1339 4579 sine
1383 4522 1676 4578 iuevitabili

135 4620 443 4685 necessitate,
486 4627 647 4689 atque
685 4618 995 4687 fragilitate,
1033 4627 1089 4673 et
1125 4619 1374 4674 evidente
1399 4618 1675 4688 languore,

134 4723 212 4765 seu
242 4714 396 4767 etiam
443 4712 882 4782 impossibilitate
927 4712 1144 4775 etatis,
1189 4711 1378 4786 diebus
1431 4711 1679 4778 Quadrab

136 4803 324 4869 sesima;
352 4820 502 4862 esum
537 4803 781 4859 carnium
800 4803 1211 4873 prmsumpserit
1247 4809 1537 4867 attentare,
1567 4818 1677 4857 non

134 4890 282 4946 solum
336 4910 461 4950 reus
503 4895 608 4949 erit
645 4894 1060 4949 resurrectionis
1109 4893 1676 4956 Dominicae,verum

141 4983 281 5039 etiam
308 4986 514 5042 alienus
532 4987 605 5051 ab
637 4985 879 5054 ejusdem
908 4984 1012 5038 diei
1059 4994 1247 5039 sancta
1275 4983 1676 5048 communione,

124 5083 185 5126 .et
230 5075 325 5132 hoc
364 5077 439 5132 illi
475 5076 779 5133 cumuletur
819 5076 886 5131 ad
927 5090 1182 5144 poenam,
1234 5084 1293 5129 ut
1333 5074 1502 5145 ipsius
1552 5077 1676 5130 anni

139 5172 351 5235 tmpore
405 5171 472 5226 ab
517 5168 664 5225 omni
707 5183 803 5223 esu
847 5168 1093 5221 carnium
1149 5164 1420 5221 abstineat
1466 5166 1676 5236 gulam,

138 5255 244 5321 quia
293 5261 460 5329 sacris
505 5259 693 5315 diebus
741 5256 1077 5311 abstinentiae
1132 5255 1331 5310 oblitus
1382 5264 1468 5310 est
1512 5256 1678 5311 disci-

138 5344 332 5412 plinam.
390 5350 654 5425 Illi‘vero
704 5363 841 5418 quos
900 5357 996 5402 aut
1054 5358 1190 5402 aetas
1255 5348 1535 5413 incurvat,
1588 5358 1684 5404 aut

140 5432 338 5511 languor
378 5447 656 5503 extenuat,
688 5446 782 5492 aut
833 5436 1130 5492 necessitas
1179 5446 1374 5503 arctat,
1412 5454 1519 5494 non
1556 5448 1681 5495 ante

139 5528 380 5591 prohibita
426 5531 629 5585 violare
674 5537 1032 5603 praisumant,
1090 5544 1254 5597 quam
1306 5545 1336 5583 a
1397 5531 1681 5588 sacerdote

139 5617 426 5680 pennissum
455 5621 766 5691 percipiant.

198 5703 260 5758 Χ.
288 5707 506 5765 Decima:
534 5708 907 5766 collocationis
935 5722 1155 5764 assensu
1185 5707 1426 5768 molestis
1471 5708 1681 5769 actibus

142 5793 311 5859 quibus
351 5814 509 5870 sagax
559 5798 829 5864 indagatio
852 5797 1070 5866 pietatis
1106 5796 1372 5867 ohviaret,
1418 5798 1677 5863 decrevit.

525 5910 798 5970 Parnm.
833 5908 1093 5970 CXXX.

1710 4580 1757 4639 D

1773 1981 1899 2037 ergo
1921 1965 2174 2035 deinceps
2206 1967 2291 2021 vita
2321 1976 2484 2021 erunt
2504 1967 2556 2021 in
2588 1966 2736 2038 regni
2765 1966 2989 2037 gloriam
3015 1967 3346 2037 prmﬁciendi

1771 2064 2028 2121 rectores,
2061 2065 2119 2110 ut
2156 2065 2247 2109 aut
2274 2056 2326 2111 in
2359 2048 2491 2110 urbe
2528 2056 2698 2127 regia,
2725 2056 2894 2110 autin
2928 2056 3047 2117 loco
3075 2052 3160 2111 ubi
3189 2056 3341 2127 prin-

1771 2159 1898 2215 ceps
1926 2145 2222 2201 decesserit
2246 2162 2369 2202 cum
2412 2145 2727 2217 pontificum
2765 2147 3138 2218 majorumqne
3160 2148 3349 2219 palatii

1766 2236 2082 2291 omnimodo
2115 2237 2382 2306 eligantur
2421 2252 2667 2303 assensu,
2705 2252 2812 2292 non
2850 2236 3147 2294 forinsecus
3177 2247 3345 2304 cmtu,

1772 2334 1867 2381 aut
1885 2328 2283 2397 conspiratione
2308 2327 2622 2399 paucorum,
2645 2338 2739 2400 aut
2764 2324 3084 2384 rusticarum
3108 2314 3344 2400 plebium

1773 2419 2036 2475 seditione
2087 2422 2441 2487 tumultuosa,
2495 2417 2587 2476 sed
2654 2431 2813 2475 erunt
2887 2421 3164 2477 catholicae
3223 2422 3353 2478 fidei

1774 2523 2093 2577 assertores,
2122 2529 2351 2584 eamque
2372 2522 2428 2569 et
2457 2513 2599 2570 hanc
2625 2529 2745 2583 quas
2768 2510 3014 2569 imminet
3040 2511 3348 2572 Judteorum

1775 2604 2054 2675 perfidiam
2089 2615 2144 2659 et
2190 2615 2509 2660 cunctarum
2557 2605 2821 2661 hzeresum
2867 2607 3120 2678 injuriam
3166 2607 3356 2664 defen-

1776 2692 1983 2762 dentes,
2012 2705 2170 2750 erunt
2197 2695 2405 2751 actibus
2435 2693 2644 2764 jndices
2681 2702 2737 2752 et
2766 2696 2875 2751 vita
2906 2698 3159 2764 modesti,
3189 2707 3351 2753 erunt

1778 2786 1828 2841 in
1860 2788 2260 2859 provisioiiibus
2314 2802 2496 2844 rerum
2542 2789 2688 2860 parci
2735 2789 2860 2859 plus
2908 2806 3072 2860 quam
3120 2792 3354 2857 extenti,

1765 2887 1836 2932 'ut
1861 2877 2096 2934 factione
2133 2877 2536 2949 Scripturarum
2568 2894 2652 2934 vel
2682 2880 3058 2936 definitionum
3081 2883 3350 2953 qualium-

1779 2982 1987 3040 eunque
2032 2981 2343 3026 contractus
2382 2987 2412 3026 a
2457 2965 2703 3037 subditis,
2750 2971 2832 3026 vel
2875 2973 3096 3044 exigant
3131 2974 3212 3028 vel
3239 2976 3356 3030 exi-

1777 3064 1980 3133 gendos
2020 3064 2321 3129 intendant,
2367 3071 2527 3118 erunt
2565 3065 2616 3118 in
2657 3065 2975 3137 conquisitis
3011 3066 3358 3139 obligationis

1778 3154 2079 3224 gratissime
2130 3152 2290 3211 rebus
2350 3170 2456 3210 non
2517 3165 2922 3225 prospectantes
2972 3158 3176 3228 proprii
3227 3156 3355 3227 jura

1781 3245 2072 3309 commodi,
2103 3248 2196 3299 sed
2247 3233 2592 3301 consulentes
2635 3248 2823 3317 patriae
2861 3255 3024 3317 atque
3060 3249 3227 3318 genti.
3276 3248 3354 3305 De

1781 3331 1941 3389 rebus
1961 3337 2301 3405 congregatis
2326 3330 2392 3392 ab
2412 3337 2518 3403 eis,
2548 3337 2664 3392 illas
2712 3347 2916 3393 tantum
2941 3340 3041 3395 sibi
3070 3341 3356 3397 vendicem.

1776 3436 1958 3497 partes
1989 3444 2123 3497 quas
2159 3420 2444 3485 dictaverit
2467 3431 2759 3486 auctoritas
2786 3431 3098 3501 principalis
3127 3448 3351 3501 verum;

1779 3534 2113 3589 quiatcunque
2169 3519 2468 3575 inordinata
2541 3521 2898 3592 reliquerint,
2957 3525 3355 3581 hmreditabunt

1778 3623 2121 3665 successores
2160 3612 2361 3682 proprii
2390 3627 2598 3678 eorum,
2643 3623 2698 3668 et
2725 3624 2850 3674 ante
2900 3630 3124 3688 regnum
3165 3616 3358 3686 justis-

1777 3701 1913 3756 sime
1943 3703 2268 3771 conquisita,
2307 3714 2399 3757 aut
2449 3704 2561 3769 lilii,
2592 3716 2686 3760 aut
2721 3706 2961 3762 hzcredes
2997 3709 3210 3778 capiant
3234 3708 3358 3779 jure

1779 3793 2154 3861 proximitatis.
2190 3794 2265 3848 De
2308 3793 2541 3861 afﬁnium
2587 3798 2932 3855 successione
2986 3801 3070 3855 vel
3104 3818 3353 3870 munere,

1779 3886 2024 3955 quamvis
2063 3886 2365 3940 inordinata
2419 3886 2602 3942 relicta
2640 3886 2778 3953 sint,
2817 3899 2908 3943 aut
2938 3893 3111 3961 primo
3146 3878 3355 3948 tantum

1781 3966 1924 4039 filiis,
1960 3982 2053 4027 aut
2095 3974 2401 4030 haeredibus
2431 3973 2748 4047 frequenter
2784 3977 3076 4047 proficiant
3110 3982 3193 4035 vel
3235 3998 3356 4053 pro.-

1770 4068 2012 4137 pinqnis.
2035 4065 2112 4120 lta
2142 4065 2194 4121 in
2217 4082 2403 4121 eorum
2433 4068 2643 4123 cunctis
2671 4071 2900 4132 actibus,
2931 4073 3169 4129 moribus
3191 4058 3355 4145 atque

1780 4159 1940 4214 rebus
1979 4159 2203 4229 privata:
2248 4159 2380 4230 legis
2419 4162 2716 4217 auctoritas
2757 4163 2863 4218 erit
2903 4164 3157 4232 valitura,
3198 4176 3258 4221 ut
3301 4179 3359 4224 et

1776 4252 2087 4322 perenniter
2118 4263 2330 4308 maneat
2370 4254 2704 4320 incouvulsa,
2740 4266 2796 4311 et
2825 4272 2931 4311 non
2968 4258 3119 4327 prius
3146 4261 3357 4329 apicem

1784 4344 1928 4413 regni
1974 4345 2201 4413 quisque
2257 4345 2536 4414 percipiat,
2582 4361 2742 4414 quam
2786 4362 2845 4402 se
2883 4347 3026 4402 illam
3056 4364 3155 4418 per
3175 4353 3359 4407 omnia

1781 4430 2146 4500 suppleturuin
2201 4427 2553 4501 jurisjurandi
2619 4433 2892 4490 taxatione
2956 4437 3195 4492 definiat.
3256 4438 3359 4496 Cui

1782 4523 1946 4577 etiam
1974 4520 2074 4592 legi
2110 4519 2188 4576 vel
2213 4522 2430 4577 decreto
2449 4518 2762 4594 episcopali,
2798 4541 2899 4581 non
2939 4527 3112 4582 solum
3160 4529 3213 4583 in
3269 4528 3360 4584 fu-
3450 4562 3455 4566 ο

1783 4626 1903 4671 turo
1940 4612 2033 4671 sed
2058 4618 2219 4671 etiam
2261 4616 2312 4671 in
2339 4617 2586 4686 praesenti
2621 4621 2975 4674 reverentiam
3009 4630 3360 4690 opponentes,

1785 4704 2144 4772 decernimUs,
2197 4716 2257 4760 ut
2299 4708 2603 4777 quicunque
2656 4708 2928 4763 detractor
2954 4719 3005 4762 et
3046 4726 3148 4763 non
3181 4696 3360 4780 potius

1784 4812 2070 4854 venerator
2096 4798 2293 4853 decreti
2320 4799 2556 4869 ejusdem
2582 4808 2744 4869 atque
2773 4792 2904 4868 legis
2935 4815 3054 4853 esse
3084 4799 3356 4868 maluerit,

1784 4892 1897 4945 sive
1926 4890 2206 4960 religiosus
2236 4890 2323 4944 ille
2358 4890 2449 4953 sit,
2483 4891 2594 4945 sive
2618 4890 2806 4954 laicus,
2839 4906 2942 4946 non
2974 4891 3145 4946 solum
3177 4892 3359 4949 eccle.

1783 4982 2002 5037 siastica
2045 4982 2603 5037 excommunicatione
2645 4981 2926 5052 plectatur,
2976 4998 3160 5039 verum
3192 4995 3248 5039 et
3275 4986 3361 5041 sui

1783 5072 1991 5128 ordinis
2015 5072 2273 5144 dignitate
2296 5074 2553 5142 privetur.
2770 5060 2773 5063 ’
3230 5058 3234 5062 Δ

1855 5163 1946 5219 XI.
2004 5162 2308 5218 Undecima!
2363 5163 2663 5217 occasionis
2720 5163 2950 5219 articulo
3014 5154 3356 5225 decretorum

1784 5249 2167 5312 universalium
2207 5268 2442 5325 perenne
2463 5250 2707 5307 dedimus
2731 5253 3151 5319 firmamentum,
3183 5258 3361 5335 scien-

1783 5358 1866 5406 tes
1879 5349 2022 5420 quod
2047 5344 2593 5417 multimodajsemper
2615 5347 2755 5401 Deus
2770 5336 3108 5418 oppositione
3129 5352 3360 5421 judicio-

1784 5456 1903 5498 rum
1950 5455 2219 5496 aerumnas
2260 5438 2462 5493 relevat
2489 5453 2904 5508 oppressorum;
2935 5451 2991 5497 et
3036 5443 3175 5498 sicut
3205 5443 3365 5499 malis

1785 5533 2122 5603 exigentibus
2165 5530 2442 5585 hominum
2495 5529 2761 5599 permittit
2812 5533 3054 5587 exerceri
3108 5534 3363 5601 penurias

1788 5626 2075 5702 ultionum,
2109 5624 2181 5676 ita
2208 5637 2330 5676 cum
2358 5621 2585 5676 voluerit
2630 5622 2950 5693 gravedines
2980 5624 3183 5679 relevat
3207 5641 3358 5694 pres-

1786 5730 2065 5776 surarum;
2093 5715 2217 5768 hinc
2247 5721 2302 5768 et
2343 5713 2559 5769 decreta
2594 5716 3009 5784 priet-edendum
3039 5715 3255 5770 Patrum
3291 5717 3361 5774 ad

1788 5805 2148 5865 contentionis
2171 5804 2405 5873 iurgium
2431 5805 2686 5861 radicitus
2716 5806 3049 5861 evellendum
3077 5805 3179 5860 rite
3199 5823 3359 5879 syno-

2758 5925 2828 5983 ΓΞ
