3888 6434
566 419 674 480 515

1459 415 1751 472 APPEND.
1787 417 1877 471 AD
1904 413 2073 471 SAEC.
2103 412 2193 467 IX.
2221 443 2281 452 -
2324 411 2573 470 lSlDORl
2613 414 3056 475 MERCATORIS
3700 422 3778 481 5l6

566 536 741 594 dalem
773 533 889 590 fieri
918 547 1177 590 censuere
1217 542 1563 602 conventum,
1605 544 1665 590 ut
1710 533 1820 590 illic
1867 533 1936 589 de
1974 533 2147 589 diver-
2175 536 2225 595 Α
2250 531 2370 602 cipe
2420 532 2675 603 glorioso,
2708 536 3007 606 gratiarum
3056 536 3219 605 actio,
3265 544 3319 593 et
3365 537 3664 593 reverentia:
3695 544 3779 611 pie-

566 627 728 682 sitate
766 623 1091 694 iudiciorum
1127 633 1392 695 protensaa
1425 625 1548 681 lites
1572 624 1809 681 habeant
1855 624 2148 679 terminum

524 705 529 709 ’
566 718 658 774 tibi
696 725 917 773 sanctus
954 715 1186 787 Spiritus
1228 716 1588 772 universalem
1625 715 2011 772 coadunaverit
2040 730 2151 771 co:-

568 820 700 865 tum.
732 807 814 864 Ab
841 807 947 862 hoc
972 820 1100 878 ergo
1124 806 1327 877 Spiritu
1355 816 1544 863 sancto
1573 807 1945 862 successiones
1964 804 2151 875 quasli-

566 898 657 953 bet
685 899 735 953 in
772 908 1046 969 posterum
1078 908 1171 954 aut
1204 899 1421 970 impune
1467 898 1682 954 valeant
1710 896 2061 963 commoveri,
2092 900 2151 949 ut

566 990 891 1062 generalitas
919 1000 1036 1046 tuta
1069 990 1247 1045 valeat
1269 992 1589 1057 consistere,
1616 990 1775 1062 plena
1807 990 2151 1046 decernimus

565 1082 921 1139 unanimitate
951 1083 1204 1149 connexi,
1229 1092 1288 1137 ut
1313 1098 1667 1155 quiscumque
1691 1097 1787 1154 pro
1810 1081 1931 1137 fidei
1973 1082 2151 1137 causis

571 1174 1065 1247 ecclesiasticisque
1113 1176 1346 1246 negotiis
1397 1183 1491 1229 aut
1532 1175 1585 1229 in
1622 1173 1912 1246 praeteritis
1958 1172 2148 1245 gestis,

562 1274 660 1320 aut
690 1264 746 1321 in
785 1267 1142 1337 presentibus
1187 1266 1516 1332 constitutis,
1547 1274 1639 1320 aut
1668 1265 1720 1319 in
1750 1263 1944 1321 futuris
1985 1264 2150 1318 etiam

568 1358 830 1423 decretis,
874 1358 962 1414 vel
988 1368 1113 1414 sunt
1135 1359 1219 1414 vel
1242 1358 1446 1414 fuerint
1479 1358 1792 1415 definitione
1828 1357 2152 1427 conscripta:

550 1449 890 1505 universalis
932 1449 1302 1516 auctoritatis,
1358 1449 1534 1504 nullus
1578 1449 1836 1519 deinceps
1879 1446 2151 1503 contradi-

564 1555 692 1596 cere
738 1541 963 1607 audeat,
999 1541 1176 1595 nullus
1214 1548 1427 1595 vertere
1467 1548 1785 1610 praesumat,
1826 1537 2002 1593 nullus
2042 1551 2149 1591 non

568 1630 796 1701 implere
819 1632 1128 1685 contendat.
1171 1629 1304 1684 Nam
1346 1629 1391 1684 si
1421 1629 1543 1698 quis
1569 1644 1636 1684 ex
1677 1627 1936 1697 religione
1961 1635 2151 1681 contra

562 1720 680 1777 btec
717 1722 1051 1789 inobediens,
1086 1732 1180 1777 aut
1208 1736 1515 1785 susurrans,
1550 1728 1643 1775 aut
1668 1730 1818 1776 certe
1859 1719 2150 1785 lacerator,

562 1819 657 1866 aut
684 1810 919 1877 invidus,
947 1827 1011 1867 ac
1050 1828 1155 1868 non
1188 1812 1371 1882 potius
1414 1813 1730 1869 eorumdem
1772 1810 1948 1865 factor
1977 1810 2151 1865 exsti-

2251 621 2439 677 nitudo
2469 638 2500 677 a
2534 623 2689 679 nobis
2728 626 2982 683 omnibus
3022 626 3076 682 in
3117 642 3403 683 commune
3455 626 3553 698 ipsi
3589 626 3781 687 clemen-

2252 711 2463 768 tissimo
2506 715 2761 785 principi,
2817 716 3086 773 bonorum
3138 719 3388 791 gratifico
3442 719 3689 788 largitori,
3713 724 3778 778 cui

2249 813 2498 860 votorum
2554 805 2809 862 instantia
2840 808 3070 881 benigna
3108 810 3249 866 Deus
3278 811 3460 865 attulit
3487 812 3776 883 complenda,

2250 896 2405 966 cujus
2483 897 2765 969 dispositio
2838 901 3082 973 piissime
3153 918 3529 975 pressurarum
3595 906 3779 961 removit

2251 988 2445 1054 exitia,
2518 990 2671 1059 cujus
2736 992 3071 1063 temporibus
3137 993 3351 1048 confert
3413 991 3615 1063 justitia
3667 994 3762 1066 rigo

2250 1095 2401 1147 rem,
2444 1090 2501 1137 et
2544 1086 2805 1139 exuberat
2851 1084 3035 1140 omnia
3082 1085 3362 1157 opulenta,
3420 1084 3507 1140 cui
3545 1083 3776 1152 Dominus,

2251 1180 2373 1241 post
2400 1174 2686 1242 prmsentis
2723 1174 2823 1229 aevi
2872 1183 3114 1246 tempora
3140 1175 3453 1231 diuturnam
3482 1191 3596 1231 cum
3624 1177 3781 1232 sanctis

2250 1262 2501 1318 omnibus
2550 1263 2753 1320 tribuat
2810 1265 2862 1321 in
2921 1267 3359 1321 remuneratione
3409 1279 3665 1320 coronam.
3699 1264 3779 1322 Nos

2252 1361 2431 1406 autem
2490 1368 2680 1411 omnes
2731 1355 2873 1412 hanc
2921 1357 3265 1414 decretorum
3319 1357 3516 1413 seriem
3561 1354 3779 1425 jnstomtn

2251 1454 2307 1498 et
2364 1452 2528 1500 recta:
2597 1445 2748 1514 fidei,
2797 1447 2884 1503 vel
2932 1449 3175 1521 pictatis,
3232 1463 3297 1504 ac
3358 1448 3581 1520 justititc
3622 1446 3778 1504 fontem

2251 1543 2581 1603 manantem,
2629 1552 2812 1593 coram
2869 1537 2979 1593 Deo
3026 1546 3081 1594 et
3108 1539 3315 1610 angelis
3362 1539 3480 1610 ejus
3520 1537 3780 1594 orthodoxi:

2252 1627 2503 1684 omnibus
2561 1637 2616 1685 et
2677 1646 2819 1687 nunc
2871 1639 2928 1687 et
2983 1631 3036 1686 in
3097 1630 3280 1688 futuro
3337 1633 3624 1705 impensius
3672 1648 3778 1689 com-

2252 1718 2605 1785 mendamus,
2662 1721 3012 1777 obsecrantes
3067 1730 3126 1777 ut
3193 1723 3338 1779 hanc
3405 1732 3461 1778 et
3519 1734 3777 1778 reverenter

2251 1807 2621 1878 adiinpleant,
2690 1819 2746 1866 et
2804 1810 2874 1866 ab
2936 1812 3147 1869 tumulis
3209 1815 3447 1885 benigne
3526 1812 3775 1868 defendant.

564 1904 713 1970 terit,
762 1905 938 1976 gratia
977 1915 1031 1961 et
1076 1905 1301 1960 honoris
1334 1905 1418 1961 sui
1458 1913 1514 1959 et
1553 1902 2150 1995 communionissacra:
2182 1916 2225 1977 Β
2253 1896 2733 1957 Contemnentibus
2764 1910 2953 1957 'autem
2978 1914 3097 1957 eam
3126 1903 3324 1959 divinae
3356 1903 3649 1959 severitatis
3685 1903 3778 1957 ultio

562 1995 744 2068 lugeat
772 1996 1066 2052 amissione
1097 1996 1374 2051 multatus.
1404 1994 1540 2051 Cum
1568 1993 1703 2049 vero
1752 2001 1846 2048 aut
1897 1993 2153 2065 quaelibet

561 2095 748 2143 sancta
778 2087 1015 2159 synodus
1050 2088 1249 2159 agitur,
1284 2096 1379 2142 aut
1408 2087 1633 2159 pacifice
1686 2087 1831 2141 inter
1868 2085 2153 2156 pontifices

561 2178 838 2249 quidpiam
870 2178 1150 2245 definitur,
1177 2179 1223 2233 si
1253 2181 1538 2249 pauciores
1562 2193 1659 2249 per
1687 2177 2040 2233 nescientiam
2069 2176 2154 2233 vel

562 2270 964 2326 contentionem
1017 2270 1158 2327 forte
1218 2271 1575 2337 dissentiant,
1628 2278 1722 2324 aut
1765 2268 2078 2325 commoniti
2121 2284 2153 2325 a

561 2361 919 2432 plurimorum
963 2372 1108 2418 coetu
1138 2379 1261 2418 cum
1290 2361 1555 2418 dedecore
1606 2361 1940 2419 confusionis
1966 2362 2154 2418 absce-

563 2456 726 2521 dant,
786 2463 879 2511 aut
918 2454 1517 2512 excommunicatiouis
1575 2469 1769 2510 annuae
1824 2453 2152 2510 sententiam

560 2543 732 2599 luant.

632 2629 744 2692 Xll.
784 2634 1125 2691 Duodecimae
1152 2634 1466 2705 qnmstionis
1494 2633 1938 2705 propositionem,
1969 2648 2154 2688 sacra-

562 2726 757 2781 tissimi
779 2726 1039 2797 principis
1059 2726 1516 2791 obsecrationem,
1537 2725 1780 2795 piissima
1811 2739 1910 2794 pro
1937 2723 2153 2781 Judaeu-

561 2829 686 2872 rutn
737 2816 1086 2872 abominabili
1131 2832 1195 2871 ac
1227 2816 1458 2871 nefanda
1513 2817 1739 2887 perfidia
1792 2817 2149 2883 exsecranda,

566 2917 753 2964 nostro
791 2910 955 2965 οωιυί
988 2910 1261 2979 perpatuit
1289 2925 1476 2977 causa,
1510 2926 1672 2980 quam
1712 2910 1916 2966 idcirco
1962 2911 2015 2964 in
2045 2910 2152 2966 fine

565 3000 960 3054 sententiarum
995 3000 1306 3055 censuimus
1348 3015 1468 3056 esse
1523 3001 1862 3071 ponendam;
1894 3001 2150 3072 quoniam

562 3092 810 3147 eamdem
836 3101 1051 3163 gentem
1081 3092 1265 3148 delicti
1305 3094 1388 3148 sui
1417 3095 1613 3149 merito
1642 3094 2007 3150 rctroductam
2052 3107 2151 3165 per

565 3182 761 3237 divina:
804 3183 1101 3261 sanctionis
1130 3182 1346 3239 oracula
1376 3185 1552 3255 capite
1592 3186 1843 3256 positam,
1891 3182 2148 3240 deflenms

2253 1989 2495 2058 pavenda
2560 1994 2895 2061 proveniat;
2944 1994 3365 2051 observantibus
3418 2001 3592 2050 autem
3641 1994 3776 2049 omnia

2252 2077 2523 2149 proﬂuens
2563 2095 2665 2150 pax
2710 2090 2965 2153 perpetua
3015 2092 3070 2139 et
3114 2084 3283 2154 gloria
3331 2086 3645 2155 sempiterna
3683 2098 3777 2138 con-

2254 2170 2443 2240 tingat.
2515 2168 2683 2239 llujus
2747 2186 2962 2245 quoque
3018 2176 3300 2231 sententiae
3370 2175 3669 2232 fortitudine
3715 2175 3776 2230 rei

2252 2260 2438 2332 vigore
2492 2263 2691 2319 decreti
2743 2267 2915 2320 nostri
2969 2268 3164 2323 seriem
3210 2284 3377 2339 quam
3418 2268 3471 2323 in
3503 2269 3773 2324 serenissimi

2254 2350 2467 2409 Domini
2504 2355 2673 2410 nostri
2707 2339 3085 2421 Reccesiun'tlii
3118 2359 3261 2430 regis
3289 2360 3554 2415 edidimus
3588 2360 3773 2422 nomine,

2252 2458 2352 2514 pro
2391 2445 2554 2501 rebus
2626 2461 2657 2499 a
2691 2445 2828 2502 divae
2900 2449 3174 2504 memoriae
3219 2460 3376 2520 patre
3440 2465 3536 2505 suo
3592 2448 3775 2518 quolibet

2255 2533 2407 2589 titulo
2486 2536 2772 2605 exquisitis
2845 2537 3191 2592 decernimus
3257 2538 3484 2593 omnino
3546 2547 3771 2602 constare;

2254 2620 2428 2693 legem
2487 2624 2719 2694 denique
2772 2639 2933 2694 quam
2991 2641 3089 2697 pro
3143 2628 3479 2683 exsecranda
3529 2627 3771 2699 principum

2253 2715 2523 2770 horrenda
2589 2717 2885 2787 cupiditate
2950 2717 3091 2773 idem
3151 2718 3601 2776 clementissimus
3652 2717 3774 2774 edidit

2254 2806 2507 2876 princeps
2594 2808 2758 2862 simili
2849 2810 3046 2864 robore
3133 2810 3418 2867 firmamus
3455 2852 3470 2879 ,
3530 2821 3670 2881 atque
3731 2816 3772 2861 ut

2252 2896 2450 2954 futuris
2499 2907 2644 2954 retro
2704 2886 3038 2970 temporibus
3098 2902 3273 2958 modis
3338 2903 3581 2959 omnibus
3631 2901 3770 2956 obser-

2251 3000 2430 3054 vetur,
2476 2990 2594 3058 pari
2648 2991 2915 3044 sententia
2977 2990 3355 3060 decrevimus;
3401 3008 3519 3063 qute
3561 2993 3696 3047 etiam
3724 3005 3772 3044 ne

2254 3081 2520 3134 taciturna
2577 3086 2878 3149 temporum
2923 3080 3009 3135 vel
3057 3083 3323 3137 obliviosa
3371 3092 3620 3139 vetustate
3661 3082 3774 3136 dese-
3858 3138 3859 3149 χ

2252 3180 2441 3225 rantur
2472 3211 2488 3237 ,
2573 3170 2699 3227 huic
2779 3182 2978 3229 nostrae
3045 3175 3421 3231 constitutioni
3499 3173 3769 3229 decrevimus
3858 3190 3859 3223 ι

564 3286 713 3328 nunc
760 3286 881 3328 esse
951 3273 1005 3327 in
1060 3274 1229 3327 cauda
1256 3313 1271 3339 ,
1314 3274 1410 3329 sed
1465 3274 1591 3344 quia
1641 3274 1888 3329 Christus
1934 3283 1994 3328 ut
2049 3290 2148 3343 pro
2176 3273 2220 3332 C
2252 3272 2480 3335 utraque
2529 3266 2871 3334 innectenda,
2904 3269 2977 3322 ita
3025 3279 3347 3324 cunctorum
3392 3270 3643 3324 memoria:
3663 3279 3767 3322 cont-

567 3365 756 3431 nobis,
805 3367 878 3421 ita
944 3382 1160 3437 quoque
1204 3381 1315 3437 ,pro
1371 3367 1478 3422 illis
1541 3378 1786 3422 mortuus
1830 3376 1948 3433 est,
1996 3368 2149 3438 juxta

563 3456 709 3528 quod
739 3457 852 3527 ipse
881 3457 957 3512 ait
996 3475 1010 3512 :
1050 3477 1066 3508 ι
1098 3455 1215 3512 Νοη
1245 3473 1363 3512 sum
1395 3458 1591 3513 missus
1619 3458 1721 3513 nisi
1760 3456 1826 3511 ad
1876 3473 2007 3514 oves
2033 3472 2153 3527 qnte

561 3549 843 3617 perierant
872 3551 1065 3604 domus
1087 3548 1254 3605 Israel
1314 3548 1531 3619 (Matth.
1573 3566 1662 3613 xv,
1709 3550 1822 3618 24),
1858 3570 1875 3602 ι
1904 3566 2152 3606 necessa-

562 3641 701 3696 rium
748 3642 1003 3697 duximus
1051 3658 1318 3699 summam
1352 3659 1450 3713 pro
1481 3644 1560 3699 eis
1597 3643 1910 3712 impendere
1940 3661 2145 3710 curam,

561 3745 662 3802 pro
691 3731 887 3802 quibus
920 3753 937 3785 ‹
970 3749 1124 3788 suam
1168 3748 1370 3804 ponere
1399 3749 1504 3787 non
1556 3734 1876 3805 dedignatus
1926 3745 2011 3790 est
2033 3735 2150 3789 ani-

560 3839 707 3878 mam
735 3823 912 3896 (Joan.
948 3840 1004 3889 ι,
1035 3825 1121 3895 15)
1161 3844 1181 3877 i
1202 3825 1254 3879 id
1283 3839 1498 3894 quoque
1532 3826 1812 3896 principali
1864 3826 2147 3882 clementia

559 3915 907 3971 devotissime
958 3916 1335 3985 approbante,
1370 3930 1490 3984 quae
1536 3902 1620 3969 'ob
1692 3917 1793 3971 hoc
1848 3917 1930 3972 sui
1999 3917 2147 3988 regni

562 4003 772 4074 apicem
829 4018 859 4058 a
910 4003 1024 4059 Deo
1069 4004 1287 4060 solidari
1319 4012 1606 4075 praeoptat,
1639 4006 1683 4060 si
1712 4006 1993 4062 catholica:
2022 4006 2145 4062 fidei

558 4094 898 4163 pereuntium
955 4104 1162 4150 turmas
1214 4096 1492 4164 acquirat,
1544 4097 1826 4168 indignum
1888 4107 2144 4169 reputans

558 4183 872 4239 orthodoxae
910 4183 1031 4239 fidei
1070 4186 1371 4256 principem
1416 4187 1695 4259 sacrilegis
1752 4186 2039 4259 imperare,
2091 4198 2147 4244 et

557 4272 855 4329 infidelium
918 4274 1179 4330 societate
1230 4276 1415 4346 pollui.
1475 4276 1621 4333 Nihil
1685 4278 1825 4333 aliud
1885 4295 1983 4350 pro
2058 4280 2145 4336 his

560 4379 625 4419 ex
674 4376 861 4421 nostra
918 4369 1184 4423 sententia
1250 4370 1538 4437 definitur,
1592 4387 1754 4441 quam
1807 4381 1863 4426 ut
1927 4373 2143 4427 decreta

560 4456 773 4512 concilii
828 4457 1105 4526 Toletani,
1147 4459 1289 4530 quod
1341 4462 1476 4516 divae
1527 4463 1802 4517 memoriae
1858 4462 2142 4520 Sisenandi

556 4552 702 4622 regis
753 4562 1098 4624 aggregatum
1148 4561 1231 4608 est
1292 4563 1557 4622 tempore,
1611 4569 1640 4608 a
1686 4554 1843 4609 nobis
1873 4569 1938 4611 ac
1965 4563 2142 4626 poste-

556 4645 635 4701 ris
673 4645 983 4700 omnimoda
1030 4644 1384 4715 suppleantur
1442 4646 1755 4701 intentione.
1802 4644 1901 4713 Qui
1959 4655 2139 4702 autem

558 4735 624 4789 ab
663 4736 902 4806 ejusdem
943 4734 1133 4806 synodi
1160 4733 1387 4790 voluerit
1424 4736 1692 4791 sententia
1733 4736 2053 4801 dissentire,
2083 4747 2144 4792 ut

556 4839 683 4880 vere
735 4824 1081 4893 sacrilegum,
1138 4826 1351 4880 noverit
1406 4841 1465 4880 se
1516 4826 1886 4881 condemnari.
1936 4825 2142 4880 Divina“:

559 4912 843 4970 Trinitatis
906 4912 1261 4982 inseparabile
1327 4929 1521 4969 nomen
1581 4915 1723 4970 sicut
1789 4916 2143 4986 inspiratione

558 5002 795 5059 mirabili
835 5016 1079 5058 nostrum
1125 5013 1413 5059 tractatum
1452 5006 1749 5075 primordio
1794 5007 2138 5073 illuminavit,

557 5098 632 5152 ita
663 5098 1127 5152 consummatione
1155 5097 1368 5152 sublimi
1397 5102 1644 5152 eumdem
1677 5097 1790 5167 jam
1815 5099 2142 5169 perficiendo

555 5187 882 5252 concludat,
935 5196 993 5242 ut
1042 5188 1095 5242 in
1161 5187 1252 5242 illo
1308 5190 1372 5243 sit
1431 5198 1675 5243 nostrum
1730 5191 2056 5258 explicuisse
2108 5206 2139 5245 a

557 5296 666 5351 quo
725 5279 880 5335 nobis
941 5278 1041 5333 iuit
1109 5280 1415 5337 inchoasse.
1474 5281 1674 5336 Damus
1721 5297 1850 5355 ergo
1914 5282 2136 5354 gloriam

558 5376 612 5423 et
650 5371 907 5423 honorem
947 5369 1119 5422 eidem
1170 5379 1371 5424 sancta:
1414 5378 1467 5424 ct
1516 5370 1827 5426 indivisibili
1862 5370 2133 5438 Trinitati,

557 5475 676 5531 qure
706 5459 860 5514 nobis
898 5467 949 5515 ct
1003 5468 1116 5514 tneo
1171 5460 1353 5515 dicere
1402 5459 1652 5528 contulit,
1699 5470 1755 5516 et
1800 5462 1852 5516 in
1896 5476 1956 5516 se
1990 5462 2133 5517 dicta

558 5551 869 5623 complevit,
901 5565 1019 5621 qua:
1067 5550 1383 5606 reformavit
1414 5552 1467 5606 in
1515 5553 1861 5608 extremitate
1909 5555 2132 5611 sarculo-

559 5662 677 5702 rum
722 5644 956 5701 remedia
1005 5653 1242 5709 relatum,
1273 5653 1328 5698 ct
1377 5645 1597 5701 resolvit
1642 5646 1895 5717 ligamina
1945 5649 2132 5703 vincu-

556 5737 751 5790 lorum.
796 5731 878 5789 Sit
928 5734 1223 5803 gratiarum
1274 5735 1419 5790 salus
1470 5745 1526 5789 et
1578 5736 1882 5793 benedictio
1926 5740 2134 5794 exerci-

2251 3359 2590 3425 tnendamus,
2643 3368 2701 3413 ut
2746 3374 2776 3413 a
2831 3360 3041 3414 cunctis
3084 3360 3284 3431 regulis
3321 3360 3561 3431 superius
3607 3357 3767 3412 ordina-

2252 3452 2321 3506 tis
2369 3466 2715 3522 nequaquam
2752 3460 3010 3506 maueant
3050 3463 3359 3523 segregata.
3387 3453 3583 3508 Cretera
3607 3462 3768 3520 quoque

2250 3546 2590 3600 decretorum
2639 3554 2950 3600 nostrorum
3000 3546 3225 3616 judicia,
3251 3562 3375 3616 qua:
3398 3545 3465 3600 ab
3504 3546 3595 3600 hac
3623 3547 3765 3597 sancta
3856 3616 3857 3621 η

2250 3638 2457 3710 synodo
2510 3647 2808 3693 noscuntur
2843 3652 2966 3692 esse
3018 3636 3306 3705 confecta,
3358 3638 3402 3693 si
3451 3638 3563 3709 quis
3604 3629 3764 3689 convel-
3856 3624 3857 3681 l

2250 3727 2361 3783 lere
2407 3728 2635 3784 forsitan
2679 3728 3009 3787 decreverit.
3058 3737 3151 3783 aut
3201 3738 3410 3785 temere
3462 3727 3659 3798 implere
3696 3734 3763 3775 ne-

2249 3820 2511 3892 glexerit,
2565 3818 2647 3875 vel
2706 3818 3000 3890 infringere
3051 3821 3377 3891 quandoque
3420 3817 3656 3881 voluerit,
3696 3825 3764 3883 per

2242 3911 2507 3981 judicium
2571 3911 2958 3983 omnipotentis
3013 3910 3109 3967 Dei
3177 3915 3471 3968 anathema
3540 3911 3619 3965 sit.
3680 3904 3761 3960 Soli

2248 4016 2429 4063 autem
2489 4007 2599 4062 Deo
2657 4017 2845 4064 nostro
2894 4006 3067 4079 gloria
3117 4008 3170 4062 in
3234 4007 3435 4064 saecula
3484 4003 3756 4061 szectdoruni.

2245 4096 2440 4154 Amen.

2248 4231 2596 4308 Subscriptiog
2644 4250 3009 4308 episcoporum,
3077 4251 3296 4308 nitatem
3367 4251 3475 4290 ιιι.
3544 4230 3757 4308 Duff!!!

2317 4304 2623 4359 uniuersalis
2672 4302 2885 4360 concilii
2927 4306 3123 4361 editum
3158 4306 3212 4360 in
3247 4309 3450 4360 nmine
3484 4302 3708 4374 principis.

2318 4436 2656 4492 Soliditatem
2721 4437 3019 4494 reddidisse
3088 4437 3345 4494 fractura:
3409 4446 3560 4507 atque
3611 4429 3754 4487 fecisse

2245 4541 2572 4597 consurgere
2631 4529 2773 4597 quod
2833 4528 3123 4583 exstiterat
3181 4528 3461 4593 collisum,
3521 4534 3570 4581 et
3621 4522 3753 4576 incre-

2171 4629 2217 4687 ι)
2246 4628 2486 4672 mentum
2542 4626 2625 4671 est
2672 4617 2829 4688 hujus
2869 4617 3135 4674 mercedis
3163 4627 3219 4673 et
3252 4618 3521 4689 plenitudo
3558 4620 3753 4668 consum-

2244 4719 2403 4766 matae
2427 4709 2792 4780 perfectionis.
2840 4710 3072 4766 l‘onderi
3098 4711 3301 4766 etenim
3331 4706 3610 4767 collidentis
3627 4702 3751 4758 ruitis

2242 4806 2287 4858 si
2328 4803 2614 4873 aequalium
2672 4804 3040 4874 proximorum
3094 4819 3224 4859 cura
3278 4803 3524 4861 convenit
3563 4795 3746 4855 obvim.

2241 4906 2445 4966 quanto
2493 4896 2799 4963 grandioris
2848 4897 2956 4951 erit
3010 4896 3181 4966 culpae
3236 4897 3522 4966 praelibatai
3579 4883 3746 4945 incuri:

2242 4986 2533 5040 discrimen
2582 4986 2879 5051 incurrere,
2923 4987 2969 5041 si
3020 5000 3126 5041 non
3167 5002 3273 5057 quo
3312 4988 3509 5050 valent,
3553 4997 3608 5037 ex
3632 4987 3744 5033 com-

2247 5077 2395 5132 muni
2422 5092 2587 5133 onere
2616 5078 2717 5133 sibi
2742 5079 3062 5135 commissos
3090 5088 3378 5150 procurent
3399 5076 3600 5149 populos
3622 5062 3744 5124 subli-

2245 5169 2424 5225 mare!
2475 5168 2877 5239 Properandum
2923 5185 3053 5242 ergo
3103 5181 3187 5226 est
3236 5173 3377 5226 inter
3429 5170 3592 5223 ruinas
3632 5153 3741 5214 colli-

2242 5263 2453 5317 sionum
2508 5274 2758 5320 catervas
2812 5262 3023 5334 eripere
3082 5266 3423 5329 collisurum,
3476 5271 3529 5315 ut
3573 5271 3626 5312 ex
3668 5250 3741 5304 hoc

2233 5355 2440 5426 iugiter
2484 5367 2539 5411 et
2583 5357 2722 5411 ultra
2772 5372 2874 5413 nec
2902 5359 3136 5430 vigorem
3187 5357 3412 5414 nocendi
3440 5353 3737 5430 habemus?

2238 5447 2440 5500 cranda
2488 5462 2779 5517 pressura,
2836 5460 2891 5503 et
2965 5428 3143 5505 omnis
3212 5459 3537 5520 compressus
3579 5428 3737 5493 noverit

2243 5545 2443 5592 sancta:
2490 5539 2790 5594 sanctionis
2840 5554 2963 5595 esse
3002 5541 3106 5596 sibi
3161 5541 3352 5596 collata
3404 5532 3626 5593 remedia.

2310 5647 2443 5705 Cum
2505 5651 2748 5706 decursrs
2800 5666 2931 5723 ergo
2988 5654 3320 5724 temporibus
3376 5654 3510 5705 dune
3562 5642 3729 5724 damna-

2242 5739 2402 5794 tionis
2452 5754 2571 5797 sese
2621 5749 2862 5811 potestas
2919 5744 3097 5815 gravis
3142 5744 3424 5805 attolleret,
3468 5746 3516 5792 et
3555 5734 3597 5788 in
3634 5717 3727 5778 sui”

559 5840 707 5885 tuum
733 5830 961 5886 Domino
993 5832 1503 5900 supersercnissimo
1536 5830 1949 5898 Reccesiuntho,
1984 5813 2136 5903 prin-
2231 5832 2391 5901 jectis
2449 5834 2659 5905 populis
2709 5813 2994 5908 impiorum
3044 5836 3344 5892 dominatus
3383 5847 3479 5889 non
3526 5822 3726 5881 refertur
