3888 6444
82 486 177 540 517

1221 481 1539 538 DECRETA
1552 482 1715 538 LlUM
1745 479 2123 540 COLLEC'HO

3241 509 3343 567 818

79 610 158 655 ret
193 596 322 666 jura
365 598 659 668 regimmts
706 597 800 652 sed
835 596 1042 652 excidia
1091 595 1332 663 ultionis,
1363 596 1671 668 aspeximus
1699 599 1747 660 Α
1776 611 1895 651 mus
1923 606 1978 652 et
2021 596 2298 664 deﬂemus,
2330 607 2390 653 ut
2423 613 2608 654 eorum
2637 603 2833 673 agnitis
2865 605 3031 661 ruinis
3063 621 3168 660 non
3207 606 3350 663 aliud

81 689 422 745 subditorum
482 699 684 745 statum
735 703 842 743 non
894 704 961 744 ex
1023 688 1216 744 ordine
1271 689 1507 759 vegetari
1555 705 1669 745 rec-

79 783 234 845 toris,
294 781 394 836 sed
465 782 629 852 dejici
694 795 761 835 ex
817 780 1106 852 gravedine
1158 781 1466 850 potestatis.
1529 779 1671 836 Con-

81 883 354 928 traxerunt
385 873 546 927 enim
598 887 753 943 reges
796 872 937 926 elata
973 871 1187 942 fastigia
1219 872 1272 926 in
1308 863 1529 928 bifronti
1558 873 1668 928 dis-

79 966 207 1019 sidio
253 965 520 1029 motoris,
562 973 617 1019 et
659 973 754 1018 aut
797 964 850 1018 in
897 964 1070 1034 culpis
1120 963 1205 1019 lex
1254 965 1420 1021 ardua
1472 965 1665 1021 saavie-

77 1057 183 1122 bat,
227 1064 319 1110 aut
353 1056 411 1110 in
441 1056 635 1126 spoliis
680 1054 920 1112 favorem
969 1056 1051 1111 lex
1085 1056 1386 1112 voluntaria
1427 1073 1665 1113 commo-

76 1145 244 1206 dabat,
318 1144 453 1200 inde
532 1154 756 1200 maestos
814 1146 1025 1202 animos
1091 1163 1196 1202 non
1273 1163 1396 1218 spes
1449 1147 1664 1203 fovebat

77 1252 133 1292 ex
190 1250 464 1302 munere,
541 1236 639 1291 sed
704 1236 992 1292 tolerantia
1038 1236 1274 1292 vexabat
1330 1239 1381 1293 in
1443 1239 1658 1294 funere.

79 1325 221 1382 Unde
242 1325 360 1394 jam
400 1327 459 1382 in
495 1329 856 1397 reparationis
881 1343 1134 1395 occursu,
1185 1343 1292 1383 non
1351 1338 1528 1384 tamen
1563 1346 1661 1385 nos

77 1418 213 1473 abire
267 1417 387 1473 sola
440 1419 590 1474 ratio
639 1419 806 1488 cogit,
865 1435 1052 1474 verum
1109 1429 1164 1475 et
1209 1420 1323 1490 ipsa
1367 1422 1660 1477 commotio

77 1526 241 1566 rerum
293 1511 554 1579 impellit,
615 1523 676 1566 ut
719 1525 786 1566 ex
839 1513 1080 1568 omnium
1117 1511 1507 1568 deliberatione
1543 1514 1659 1568 ani-

77 1617 269 1656 morum
303 1604 579 1658 concordi
627 1603 718 1657 illa
773 1613 987 1657 maneat
1031 1603 1298 1657 sententia
1350 1602 1505 1668 dicti,
1536 1619 1656 1673 quae

75 1707 121 1748 et
169 1696 328 1749 ﬁnem
385 1696 621 1750 ausibus
669 1697 772 1750 rite
821 1705 982 1766 ponat
1032 1695 1262 1761 illicitis,
1324 1703 1378 1750 et
1439 1695 1655 1751 consul-

79 1793 173 1836 tum
225 1783 519 1838 salvandis
546 1783 669 1851 jure
721 1784 862 1838 ferat
909 1783 1140 1855 p0pulis.
1178 1783 1450 1850 Quosdam
1500 1799 1655 1838 nam-

79 1889 167 1942 que
205 1875 603 1944 conspeximus
656 1889 830 1945 reges,
873 1886 1160 1945 postquam
1235 1875 1436 1930 fuerint
1497 1877 1649 1948 regni

1771 690 2037 757 possimus
2066 704 2226 759 quam
2262 690 2455 745 divina:
2504 691 2704 761 judicia
2735 696 3080 752 considerare
3117 702 3350 767 promis-

1770 778 1978 844 sionis,
2030 794 2257 848 quorum
2302 779 2583 835 domorum
2649 783 2816 854 spolia
2873 795 2927 839 et
2983 787 3346 854 potentiaruus

1770 869 1984 924 divitias
2027 870 2185 925 simul
2235 885 2298 925 ac
2344 872 2543 940 prmdia
2593 873 2666 927 ita
2716 875 3076 944 conspicimus
3119 891 3346 946 prorsus

1767 958 2039 1013 exinanita
2063 999 2075 1022 ,
2105 967 2164 1012 ut
2191 974 2290 1014 rrec
2321 960 2434 1014 ﬁsci
2473 961 2656 1016 usibus
2684 965 2961 1018 commoda
2981 1005 2995 1027 ,
3029 979 3128 1019 nec
3157 965 3348 1034 palati-

1765 1047 1850 1102 nis
1874 1046 2064 1103 oﬂiciis
2092 1050 2431 1118 reperiantur
2458 1050 2511 1104 in
2536 1051 2828 1106 remedium
2865 1053 3099 1108 salutare
3126 1055 3341 1109 collata.

1765 1138 1928 1210 Cujus
1960 1140 2035 1195 rei
2075 1141 2213 1196 serie
2240 1157 2305 1195 ex
2344 1152 2570 1212 utroque
2597 1155 2949 1200 concurrente
2970 1187 2984 1208 ,
3013 1147 3138 1202 dum
3170 1157 3232 1202 et
3259 1146 3351 1218 ju-

1765 1231 1969 1286 dicatos
1994 1232 2258 1287 sententia
2287 1231 2610 1301 judiciorum
2632 1233 2792 1298 elisit,
2821 1235 2873 1289 in
2896 1249 3081 1290 eorum
3099 1237 3253 1291 bonis
3273 1239 3342 1292 ad

1761 1321 2001 1393 ipsorum
2025 1325 2197 1379 vicem
2227 1323 2566 1380 munificatus
2594 1341 2751 1380 nemo
2779 1327 3035 1394 surrexit,
3068 1343 3204 1398 pene
3228 1345 3335 1384 non

1758 1415 1997 1469 tenuisse
2012 1413 2347 1484 disciplinam
2381 1416 2432 1469 in
2458 1416 2666 1481 ordine,
2687 1418 2780 1472 sed
2801 1417 3065 1473 defectum
3099 1420 3343 1490 posuisse

1759 1514 2054 1575 pensantur
2083 1505 2137 1560 in
2167 1515 2346 1577 gente,
2381 1506 2472 1561 illo
2500 1508 2691 1577 majori
2735 1508 2925 1564 salutis
2953 1510 3232 1580 dispendio
3252 1527 3347 1566 cu-

1759 1595 1982 1662 mulato,
2001 1596 2126 1666 quia
2153 1606 2259 1650 tam
2282 1597 2396 1651 lucc
2415 1613 2534 1668 qua:
2556 1615 2584 1651 a
2603 1596 2822 1665 judiciis
2847 1600 3340 1672 vigorjudiciorum

1757 1684 2099 1740 abstraxerat
2138 1701 2299 1756 quam
2349 1687 2434 1741 illa
2473 1704 2593 1758 qua:
2627 1689 3014 1762 qualiscunque
3051 1705 3342 1762 proventus

1753 1775 1942 1831 ordine
1988 1775 2377 1848 proliigationis
2439 1779 2790 1844 contriverat,
2849 1789 2957 1835 tota
2989 1785 3337 1852 proprietatis

1755 1865 2056 1936 principum
2103 1867 2401 1938 amplitudo
2443 1868 2495 1922 in
2523 1869 2701 1924 sinum
2737 1885 2848 1925 sua:
2891 1875 3211 1943 receptionis
3254 1876 3340 1930 in-

79 1966 282 2036 gloriam
353 1967 628 2034 assecuti,
677 1968 988 2024 extenuatis
1056 1967 1258 2022 viribus
1330 1967 1645 2038 p0pulorum

1755 1954 2010 2011 eluserat.
2062 1955 2260 2028 Sicque
2312 1957 2426 2014 salo
2475 1959 2762 2030 principali
2815 1970 3001 2017 ventre
3051 1964 3294 2034 suppleto
3323 2008 3336 2029 ,

81 2060 219 2128 regiae
268 2059 516 2129 propria:
569 2074 864 2130 congerere
907 2060 1137 2124 lucrum,
1189 2070 1263 2122 et,
1316 2061 1466 2116 obliti
1506 2062 1650 2131 quod

79 2167 211 2222 reges
238 2154 348 2208 sint
396 2154 608 2219 vocati,
637 2154 1006 2209 defensionem
1048 2153 1100 2207 in
1134 2153 1489 2208 vastationem
1521 2169 1651 2210 con-

81 2255 292 2311 vertunt,
350 2255 410 2300 et
467 2245 826 2300 vastationem
877 2243 1192 2300 defensione
1241 2244 1440 2314 pellere
1498 2245 1650 2300 defu-

80 2337 238 2405 giunt,
301 2337 436 2391 illud
503 2336 728 2407 gravius
801 2336 1140 2391 innectentes
1204 2335 1346 2404 quod
1391 2350 1456 2390 ea
1527 2350 1650 2404 quae

86 2427 305 2482 videntur
357 2431 651 2499 acquirere
687 2443 793 2482 non
826 2428 972 2498 regni
1021 2427 1281 2498 deputant
1319 2427 1509 2482 honori
1566 2427 1649 2481 vel

79 2520 264 2586 glorim,
315 2522 410 2577 sed
459 2523 539 2576 ita
589 2520 796 2576 malunt
842 2520 894 2574 in
937 2534 1034 2574 suo
1083 2519 1205 2588 jure
1254 2518 1541 2583 confundi,
1587 2528 1647 2574 ut

83 2610 220 2664 veluti
261 2626 325 2665 ex
369 2612 566 2666 debito
595 2611 886 2666 decernant
912 2609 1026 2663 hac
1054 2608 1105 2662 in
1135 2609 1426 2664 liberorum
1467 2618 1644 2678 poste-

83 2701 267 2755 ritatem
345 2701 671 2757 transmitti.
739 2700 1101 2768 Quamobrem
1187 2699 1238 2753 in
1299 2699 1646 2770 proprietatis

86 2790 156 2844 illa
199 2803 463 2848 conantur
515 2793 761 2863 redigere
811 2791 952 2853 sinu,
998 2805 1118 2859 qua:
1153 2805 1249 2859 pro
1293 2791 1406 2845 solo
1433 2799 1647 2844 constat

87 2883 180 2936 illos
212 2883 415 2953 imperii
467 2883 782 2954 percepisse
818 2881 1110 2950 fastigium,
1145 2889 1199 2934 et
1229 2879 1357 2934 illud
1405 2880 1457 2933 in
1503 2878 1644 2949 juris

85 2973 253 3042 proprii
293 2974 572 3029 collocant
615 2981 794 3037 antro,
844 2973 988 3042 quod
1039 2971 1218 3041 populi
1277 2969 1527 3025 utilitatis
1552 2985 1644 3025 ac-

88 3064 304 3130 quisitum
355 3079 483 3120 esse
535 3072 750 3120 constat
787 3064 1030 3118 obtentu.
1081 3062 1214 3117 Nam
1262 3063 1518 3131 numquid
1573 3063 1640 3118 ad

88 3151 198 3218 illos,
227 3163 314 3207 aut
361 3153 688 3224 populorum
733 3152 1018 3216 adventus,
1072 3161 1164 3205 aut
1217 3167 1394 3206 rerum
1431 3159 1644 3220 poterat

88 3258 371 3303 concurrere
421 3262 646 3311 census,
700 3245 806 3300 nisi
859 3244 1190 3300 exstitissent
1242 3243 1425 3313 gloria:
1473 3243 1640 3298 subli-

1753 2059 1948 2102 euncta
1992 2049 2156 2104 t0tius
2187 2050 2424 2105 membra
2459 2051 2635 2121 gentis
2665 2063 2886 2107 vacuata
2928 2054 3343 2127 languescerent

1747 2150 1817 2190 ex
1860 2135 2132 2193 defuncto.
2185 2137 2334 2195 Unde
2377 2141 2522 2193 venit
2563 2149 2622 2194 ut
2657 2127 2758 2197 nec
2801 2143 3095 2200 subsidium
3134 2148 3337 2202 medio-

1753 2239 1898 2290 cres,
1932 2241 2029 2282 nec
2056 2228 2372 2299 dignitatem
2398 2229 2638 2284 valerent
2664 2231 2911 2288 obtinere
2937 2235 3189 2306 majores,
3213 2238 3339 2308 quia

1751 2315 1877 2369 dum
1904 2317 2071 2371 solius
2095 2319 2381 2388 potestatis
2407 2320 2563 2390 vigor
2583 2321 2817 2375 maxima
2844 2326 3145 2395 occupavit,
3177 2327 3340 2382 totius

1747 2404 1922 2473 plebis
1963 2415 2137 2461 status
2177 2423 2276 2462 nec
2309 2409 2527 2463 minima
2564 2407 2686 2478 jura
2718 2411 2985 2478 defendit,
3023 2424 3184 2485 atque
3214 2432 3337 2470 cum

1748 2496 1892 2550 omni
1938 2495 2176 2566 palatino
2203 2497 2377 2553 oﬂicio
2406 2500 2672 2570 simulque
2700 2517 2820 2556 cum
2857 2501 3118 2570 majorum
3165 2506 3338 2561 ruino-

1747 2602 1974 2657 rumque
2015 2599 2302 2655 conventu,
2327 2606 2424 2645 nos
2465 2607 2676 2658 Ullllles,
2706 2603 2812 2647 tam
2843 2595 3127 2663 pontiﬁces
3171 2613 3332 2667 quam

1745 2677 1910 2731 etiam
1939 2681 2246 2735 sacerdotes
2293 2691 2349 2735 et
2383 2684 2620 2738 universi
2652 2685 2824 2739 sacris
2851 2686 3132 2742 ordinibus
3158 2688 3336 2742 farinu-

1746 2767 1936 2833 lautes,
1961 2772 2218 2826 concordi
2243 2772 2551 2828 definitione
2593 2775 2933 2831 decernimus
2955 2787 3014 2832 et
3048 2789 3333 2847 optamus,

1745 2865 1804 2911 ut
1828 2859 2004 2913 omnis
2033 2861 2445 2929 eonquisitionis
2473 2861 2772 2934 proﬂigatio
2797 2865 2851 2918 in
2882 2867 3120 2922 omnium
3150 2883 3328 2924 rerum

1744 2946 2036 3000 viventiqu
2067 2949 2548 3019 immobiliumque,
2578 2961 2633 3005 et
2659 2955 2858 3008 moveri
2898 2955 3188 3010 valentium
3214 2973 3332 3012 cor.

1741 3051 1872 3105 pore
1900 3036 1983 3091 vel
2032 3039 2209 3107 specie
2231 3079 2246 3104 ,
2292 3038 2465 3094 forma
2509 3041 2590 3096 vel
2624 3057 2840 3111 genere,
2881 3060 3000 3114 quae
3029 3062 3060 3101 a
3089 3047 3334 3117 gloriosa:

1743 3129 2018 3184 memoria:
2061 3129 2452 3186 Cindasiuntbo
2503 3148 2629 3206 rege
2675 3149 2705 3188 a
2741 3135 2826 3192 die
2860 3152 2965 3206 quo
3005 3139 3057 3192 in
3101 3155 3328 3210 regnum

1741 3217 2074 3288 dignoscitur
2093 3225 2472 3282 conscendisse
2501 3238 2768 3298 repertus,
2793 3232 3031 3300 quolibet
3055 3236 3214 3290 modo
3235 3251 3333 3290 ειν

90 3334 192 3387 mati
226 3335 588 3398 culminibus,
634 3310 729 3388 aut
778 3335 846 3390 ab
891 3333 1187 3404 aequalibus
1246 3310 1319 3386 illi
1367 3333 1639 3402 potuerint
1667 3321 1710 3383 C
1743 3310 1964 3404 δαίδων
2014 3314 2194 3368 omnia
2242 3316 2295 3369 in
2340 3318 2670 3373 εθτθηίδδίωί
2718 3330 2879 3390 atque
2922 3322 3330 3381 clemenﬁssm‘i

93 3439 239 3479 rentm
273 3429 694 3484 coacervatione
721 3426 902 3490 ditari,
951 3427 1052 3481 nisi
1083 3441 1180 3496 per
1218 3425 1491 3495 subjectos
1524 3426 1637 3496 glo-

91 3513 208 3568 rioso
241 3518 388 3587 apice
437 3519 746 3589 potuissent
783 3515 992 3572 attolli?
1036 3516 1226 3572 Omnia
1269 3525 1428 3571 recte
1475 3517 1637 3572 totius

91 3604 230 3670 plebis
253 3611 512 3664 memoria
542 3610 784 3679 subjecta
806 3609 872 3664 ad
899 3607 1194 3679 principale
1215 3617 1376 3676 caput
1413 3606 1635 3672 revelat,

90 3701 314 3750 attentum
368 3699 568 3754 debitae
625 3697 887 3766 jussionis
934 3699 1122 3754 obtutu
1178 3698 1514 3767 negotiorum
1568 3698 1636 3752 ab

94 3782 164 3837 illo
225 3801 568 3860 prospectant
627 3791 956 3854 remedium,
1017 3791 1107 3846 cui
1173 3791 1332 3846 modo
1389 3801 1632 3862 gratum,

95 3875 223 3929 modo
271 3880 511 3935 debitum
560 3881 804 3950 irrogant
873 3896 1114 3936 censum.
1203 3881 1364 3953 126
1422 3881 1634 3950 [legalis

93 3968 280 4030 proinde
331 3973 636 4027 orthodoxa
683 3971 985 4027 sublimitas
1034 3973 1147 4026 haec
1179 3983 1371 4026 cuneta
1401 3971 1502 4026 sibi
1540 3973 1634 4026 de-

95 4052 196 4112 bere
241 4064 548 4129 convincit,
599 4078 663 4118 ex
710 4078 818 4133 quo
871 4077 930 4118 se
979 4079 1165 4133 regem
1198 4064 1554 4134 recognoscit,
1579 4072 1636 4118 et

97 4142 195 4201 inde
223 4153 518 4222 conquisita
567 4169 674 4208 non
710 4153 864 4207 alteri
910 4167 1072 4222 quam
1125 4151 1225 4207 sibi
1275 4153 1421 4224 juste
1461 4153 1639 4208 defen-

98 4235 175 4290 dit.
221 4239 359 4299 Unde
399 4262 507 4302 non
555 4260 816 4316 personae,
869 4246 962 4300 sed
1014 4247 1265 4316 potentiae
1314 4245 1466 4301 subdi
1525 4247 1638 4302 haec

101 4327 259 4387 debere
310 4351 410 4392 non
461 4336 705 4408 ambigit.
757 4337 956 4407 Regem
1003 4346 1201 4391 aeterna
1237 4334 1361 4404 jura
1412 4335 1634 4403 faciunt,

101 4429 184 4470 non
209 4437 438 4493 persona,
472 4427 600 4497 quia
625 4441 729 4480 non
757 4435 968 4481 constat
997 4428 1077 4482 sui
1109 4427 1500 4493 mediocritate,
1542 4429 1636 4484 sed

104 4509 405 4573 sublimitatis
437 4519 662 4574 honore.
700 4517 829 4584 Quae
869 4532 998 4586 ergo
1039 4515 1228 4570 honori
1271 4517 1500 4572 debeant
1534 4519 1633 4572 ho-

107 4600 196 4653 nori
221 4604 546 4672 deserviant,
581 4617 636 4664 et
664 4623 783 4677 quae
813 4623 967 4679 reges
995 4607 1334 4662 accumulant
1359 4623 1523 4677 regno
1551 4625 1634 4664 re-

1742 3402 1944 3458 domini
1983 3407 2156 3460 nostri
2199 3407 2576 3463 Reccesiuntbi
2620 3412 2878 3481 principis
2914 3416 3133 3483 perenni
3183 3425 3334 3470 tran-

1741 3505 1895 3548 seant
1935 3505 2198 3564 potestate
2225 3506 2276 3551 et
2307 3507 2570 3570 perpetuo
2601 3503 2924 3570 deputentur
2968 3504 3020 3557 in
3043 3505 3189 3575 jure,
3219 3521 3329 3563 non

1741 3584 1986 3640 habenda
2046 3589 2307 3657 parentali
2360 3605 2611 3646 successu
2657 3594 2748 3648 sed
2783 3595 3106 3664 possidenda
3156 3599 3321 3668 regali

1739 3679 2120 3749 congressione
2148 3698 2172 3735 ι
2203 3682 2274 3734 ita
2303 3682 2520 3751 utjuste
2548 3685 2648 3738 sibi
2679 3685 2856 3740 debita
2894 3687 3122 3758 quisque
3149 3691 3325 3760 perci-

1741 3771 1872 3840 piat,
1901 3780 1956 3824 et
1981 3772 2047 3826 de
2091 3773 2252 3827 rebus
2291 3774 2358 3828 ad
2398 3776 2632 3830 remedia
2679 3777 3042 3844 subiectorum
3070 3795 3325 3849 quaecun-

1742 3875 1846 3931 que
1870 3862 2089 3932 elegerit
2107 3864 2371 3934 principis
2399 3865 2644 3922 voluntas
2665 3879 2939 3934 exerceat,
2966 3869 3068 3924 illis
3086 3880 3329 3925 tantum-

1740 3955 1899 4008 modo
1921 3956 2159 4024 exceptis
2185 3970 2304 4025 qua:
2331 3967 2657 4014 memoratus
2684 3959 2821 4014 divze
2835 3963 3106 4016 memoriae
3129 3961 3327 4017 Cinda-

1739 4047 1986 4102 siuntbus
2017 4050 2265 4118 princeps
2295 4060 2420 4106 ante
2464 4064 2687 4120 regnum
2717 4061 2807 4106 aut
2837 4066 2900 4106 ex
2934 4054 3197 4122 propriis,
3229 4062 3327 4108 aut

1738 4153 1803 4192 ex
1816 4136 2116 4206 justissime
2135 4141 2448 4210 conquisitis
2470 4142 2620 4197 visus
2641 4151 2721 4197 est
2751 4143 3024 4198 habuisse.
3046 4143 3102 4197 ln
3127 4144 3323 4213 quibus

1737 4229 1946 4285 cunctis
1971 4231 2096 4286 filiis
2123 4248 2226 4286 una
2257 4248 2378 4288 cum
2412 4233 2643 4305 glorioso
2683 4235 2900 4290 domino
2949 4245 3134 4291 nostro
3181 4236 3322 4291 Ree~

1737 4321 2023 4376 cesiuntbo
2072 4337 2196 4392 rege
2242 4335 2460 4378 maneat
2500 4325 2693 4380 divisio
2739 4325 2926 4392 libera,
2971 4336 3028 4382 et
3054 4329 3322 4398 possess'e

1731 4427 1869 4481 pace
1889 4412 2220 4481 plenissima.
2240 4411 2344 4468 Sed
2369 4414 2474 4470 illae
2501 4431 2587 4471 res
2611 4432 2745 4485 quas
2765 4418 3052 4487 praadictus
3071 4418 3321 4488 princeps

1738 4503 1803 4555 de
1826 4501 1988 4571 justis
2007 4503 2355 4571 proventibus
2383 4505 2506 4561 filiis
2532 4508 2663 4571 suis,
2687 4506 2771 4560 vel
2795 4506 3122 4576 quibuslibet
3135 4507 3320 4576 justis-

1737 4595 1872 4649 sime
1923 4595 2069 4650 visus
2115 4603 2199 4650 est
2245 4598 2535 4652 contulisse
2581 4597 2664 4652 vel
2706 4597 2985 4668 reliquisse
3035 4613 3224 4653 omnes
3267 4601 3320 4656 in

107 4683 326 4759 linquam,
355 4706 409 4750 ιιι
437 4699 562 4768 quia
595 4675 693 4753 εοέ
718 4675 1061 4769 regni-gloria
1095 4697 1334 4763 decorat,
1373 4675 1473 4766 ᾕρέῆ
1505 4715 1637 4769 quo-
1667 4675 1716 4735 D
1740 4705 1926 4745 eorum
1967 4693 2090 4762 jure
2127 4703 2378 4747 maneant
2414 4693 2760 4760 inconvulsze,
2791 4695 2876 4747 illa
2916 4694 3073 4764 hujus
3121 4698 3319 4764 negotii

109 4789 190 4841 ‘Iue
210 4787 354 4854 regni
398 4788 624 4859 gloriam
675 4803 784 4843 non
824 4795 1158 4848 extenuent,
1211 4787 1304 4842 sed
1351 4801 1633 4844 exornent.

110 4861 311 4926 Habeant
342 4877 592 4946 deinceps
613 4876 737 4946 jure
776 4877 973 4931 conditi
1020 4893 1172 4948 reges
1205 4877 1260 4932 in
1297 4877 1636 4948 regendoju-

115 4953 220 5010 (licia
239 4959 391 5030 justa,
419 4967 474 5022 in
501 4968 769 5037 parcendo
785 4977 1007 5036 pectora
1036 4977 1302 5037 prompta,
1333 4970 1383 5021 in
1416 4968 1636 5040 conqui-

115 5051 246 5105 rendo
271 5058 434 5112 studia
463 5074 649 5128 parca,
680 5059 733 5112 in
770 5058 1139 5113 conservando
1165 5068 1284 5112 vota
1315 5058 1548 5127 sincera,
1575 5067 1637 5114 ut

114 5147 233 5196 tanto
251 5147 455 5210 gloriam
491 5152 635 5220 regni
673 5165 794 5204 cum
841 5149 1090 5204 felicitate
1121 5159 1402 5214 retentent,
1437 5157 1637 5218 quanto

114 5229 206 5297 ll"!
243 5241 502 5310 regiminis
545 5253 602 5297 et
641 5240 1066 5297 mansuetudinis
1111 5241 1547 5296 conservaverint
1583 5251 1639 5294 et

117 5328 326 5393 equitate
357 5336 647 5392 direxerint
675 5334 950 5404 promisstc
989 5332 1267 5402 praemium
1299 5332 1534 5386 ditionis.
1563 5331 1639 5386 Ne

119 5427 203 5467 non
237 5425 460 5489 prodisse
487 5435 704 5494 putetur
750 5439 818 5478 ex
866 5422 1054 5476 fomite
1090 5421 1348 5486 rationis,
1400 5421 1640 5476 revelare

119 5513 328 5568 convenit
357 5516 747 5571 evidentissima
776 5513 954 5583 specie
987 5512 1164 5582 operis
1183 5553 1198 5575 ,
1232 5523 1290 5566 ut
1319 5529 1383 5568 ex
1411 5513 1503 5568 illo
1543 5529 1640 5568 nos

129 5589 305 5655 idoneos
324 5616 610 5661 assertores
630 5606 830 5660 habeat
851 5605 1094 5673 probitas
1121 5604 1378 5667 veritatis,
1423 5620 1485 5658 ex
1533 5621 1640 5676 quo

127 5692 298 5767 βειηρετ
335 5698 662 5767 semetipsum
711 5695 1070 5750 reservaverit
1115 5695 1344 5764 qualitas
1393 5696 1638 5750 actionis.

129 5766 236 5859 Ecce
261 5783 386 5837 enim
416 5788 484 5842 ita
511 5766 577 5842 ex
607 5787 782 5859 gentis
806 5793 1004 5840 nostra:
1035 5785 1395 5840 mediocribus
1427 5783 1641 5852 majori-

131 5855 297 5932 lms‘lue
329 5877 563 5940 personis
600 5855 795 5930 multos
843 5875 1100 5929 hactenus
1131 5874 1400 5928 corruisse
1445 5873 1642 5944 reperi-

1740 4793 1949 4838 servata
1971 4785 2216 4848 veritate,
2245 4793 2303 4838 ut
2327 4785 2449 4854 quia
2472 4792 2625 4855 grata
2652 4783 2900 4837 voluntas
2922 4784 3125 4838 domini
3151 4786 3322 4839 nostri

1738 4873 2118 4929 Reccesiuntbi
2140 4875 2282 4946 regis
2309 4876 2533 4930 reddere
2560 4875 2804 4930 decernit
2829 4875 3115 4946 unicuique
3131 4874 3320 4943 justis-

1739 4967 1875 5022 sime
1917 4968 2118 5032 debita,
2162 4983 2320 5023 nemo
2368 4969 2660 5022 invasionis
2703 4966 3026 5022 calumniam
3071 4980 3321 5036 moveat,

1735 5071 1829 5114 aut
1862 5061 2054 5114 damna
2089 5062 2328 5130 requirat
2363 5071 2558 5131 praeter
2596 5076 2715 5131 qum
2751 5059 2997 5130 gloriosae
3046 5063 3328 5118 memorim

1740 5151 2038 5220 genitorem
2078 5153 2195 5222 ejus
2236 5151 2477 5221 quaedam
2520 5151 2759 5206 indebite
2814 5151 3066 5208 habuisse
3110 5159 3324 5209 constra

1739 5250 1789 5293 te
1797 5256 1850 5293 ra
1860 5249 1896 5293 ι.

1740 5331 1850 5387 Lex
1887 5334 2026 5386 edita
2057 5334 2109 5387 in
2135 5335 2315 5388 eodem
2355 5332 2574 5414 concilio
2595 5373 2610 5397 ,
2633 5343 2920 5402 tmperame
2947 5335 3181 5405 principe
3207 5337 3316 5404 glo-

2466 5420 2625 5458 ηοω.

1824 5515 1881 5568 lu
1931 5515 2149 5568 nomine
2197 5514 2428 5579 Domini,
2471 5513 2687 5569 Flavius
2730 5513 3159 5570 Reccesiunthus
3204 5529 3319 5574 rex.

1745 5603 2052 5658 eminentia:
2080 5602 2336 5657 celsitudo
2363 5611 2588 5657 terrenae
2610 5612 2732 5658 tunc
2769 5603 3034 5659 salubrius
3071 5601 3319 5658 sublimia

1745 5695 2006 5764 probatur
2034 5702 2306 5762 appetere,
2337 5707 2460 5747 cum
2489 5693 2648 5748 saluti
2679 5695 3042 5764 proximorum
3084 5693 3169 5762 pia
3200 5706 3320 5747 eer-

1746 5784 1892 5837 nitur
1928 5783 2299 5852 compassione
2337 5785 2612 5854 prodesse,
2661 5784 2801 5838 unde
2834 5783 2971 5838 solet
3014 5783 3324 5852 contingere

1747 5882 1801 5926 ut
1840 5873 1960 5943 plus
1987 5873 2254 5929 commodi
2296 5875 2360 5928 de
2389 5875 2562 5929 aliena
2610 5876 2782 5930 salute
2809 5873 3090 5943 conquirat
3116 5911 3133 5939 ,
3159 5887 3322 5941 quam
