3888 6428
578 414 683 473 519

1346 409 1634 469 APPEND.
1672 412 1763 468 AD
1793 410 1967 469 512C.
2011 411 2101 467 ιι.
2135 442 2204 453 -
2238 407 2489 469 ιδιυοω
2528 413 2969 473 MEBCATOBIS

3703 426 3782 481 520

579 528 645 587 de
687 528 908 601 propria
942 526 1243 584 humilitate
1289 529 1516 609 quisque
1562 526 1826 598 proﬁciat.
1872 527 1930 582 ln
1975 527 2155 582 multis
2185 530 2232 589 Α
2260 526 2463 582 Similis
2500 543 2715 599 quoque
2749 531 3016 585 sententia
3046 530 3112 586 de
3136 529 3316 597 terris,
3346 530 3517 589 vineis
3556 498 3697 605 atque
3727 539 3782 591 fa-

578 623 723 677 euim
753 610 877 691 quia
915 618 1204 674 multorum
1244 617 1387 672 salus
1430 619 1746 685 attenditur,
1767 617 1987 689 majoris
2024 617 2157 672 lucri

578 709 1113 780 summa‘perficitu'r.
1141 707 1244 778 lpsi
1275 716 1475 775 autem,
1509 709 1634 778 quia
1664 708 1855 780 privati
1895 704 2160 762 commodi

578 802 785 857 fructus
806 800 1095 871 appetitur,
1110 808 1214 853 neu
1238 799 1367 854 satis
1387 804 1471 854 est
1494 797 1538 854 si
1565 799 1722 853 unius
1747 796 1993 875 beneficii
2021 812 2158 868 prte-

579 893 748 948 rnium
779 882 1312 963 conquiratur.'llinc
1348 900 1401 946 et
1433 889 1519 945 illa
1545 892 1900 961 regendarum
1923 899 2161 946 tantum-

578 985 697 1039 dem
732 985 879 1039 salus
907 994 988 1039 est
1018 984 1277 1054 plebium,
1310 1000 1428 1055 quze
1463 985 1735 1055 nonl'suos
1781 983 1916 1040 fines
1953 983 2160 1053 privata

575 1073 854 1129 voluntate
895 1073 1203 1139 concludit,
1252 1074 1346 1129 sed
1386 1090 1506 1144 qua:
1550 1074 1921 1129 universitatis
1961 1068 2163 1128 limites

575 1164 848 1222 communi
917 1163 1132 1235 pietatis
1206 1164 1326 1234 lege
1398 1162 1650 1220 defendit.
1706 1163 2045 1234 Quapropter
2080 1176 2164 1215 'ne

576 1255 834 1312 salutaris
875 1256 1009 1310 ordo
1053 1254 1419 1324 imperialibus
1466 1255 1716 1308 videatur
1757 1254 1937 1309 verbis
1982 1254 2163 1324 potius

577 1344 810 1399 obtineri
842 1360 1003 1416 quam
1031 1346 1223 1415 pactis,
1257 1345 1322 1399 de
1362 1343 1711 1399 sublimitatis
1742 1343 1964 1399 obtentu
2000 1342 2163 1397 decli-

577 1452 770 1492 namus
806 1438 872 1492 ad
902 1444 1027 1491 vota
1071 1435 1372 1506 supplicum
1421 1432 1722 1503 tranquilla:
1747 1432 1972 1488 visionis
2016 1446 2165 1501 aspe-

577 1536 757 1593 ctum,
791 1536 848 1581 ut
886 1526 1010 1581 inde
1053 1525 1303 1580 salutaris
1345 1525 1647 1595 compassio
1690 1523 1887 1578 habeat
1930 1537 2164 1577 commo-

578 1618 746 1682 dum,
800 1615 944 1670 unde
994 1615 1178 1686 plebes
1230 1616 1436 1686 adepta:
1492 1613 1693 1669 fuerint
1754 1610 2166 1682 supplicationis

578 1706 852 1762 effectum.
900 1705 1034 1761 Cum
1066 1721 1195 1775 ergo
1226 1703 1821 1777 .praecederitiumserie
1865 1710 2162 1771 temporum

577 1798 984 1854 immoderatior
1042 1799 1271 1852 aviditas
1334 1791 1637 1867 principum
1699 1809 1820 1849 sese
1859 1808 2029 1864 prona
2063 1791 2165 1847 dif-

2265 619 2424 675 mulis
2466 620 2800 687 observetur,
2845 622 2892 676 si
2936 622 3051 676 sine
3097 621 3379 691 scripturae
3419 630 3559 676 textu
3598 632 3783 681 tantum-

2263 711 2423 766 modo
2449 722 2629 766 coram
2663 712 2891 767 testibus
2919 711 3157 782 quolibet
3185 722 3343 784 pacto
3383 712 3544 769 fuerit
3574 715 3782 774 definitio.

2263 794 2339 856 De
2369 802 2528 856 rebus
2554 810 2733 856 autem
2760 802 3009 858 omnibus
3037 817 3069 857 a
3096 811 3339 872 tempore
3363 802 3655 859 Simitillani
3680 812 3785 877 regis

2261 891 2367 947 huc
2400 906 2570 962 usque
2595 904 2625 945 a
2666 892 2997 963 principibus
3025 893 3340 963 acquisitis,
3381 905 3474 947 aut
3506 894 3724 966 deinceps
3751 901 3784 953 si

2262 983 2568 1054 provenerit
2595 983 2955 1053 acquirendis,
2981 997 3313 1055 qutecunque
3342 984 3565 1038 forsitan
3590 988 3786 1058 princeps

2262 1074 2565 1131 inordinata
2585 1077 2698 1132 sive
2713 1076 2947 1147 reliquit,
2964 1077 3076 1132 sive
3102 1077 3407 1149 reliquerit,
3429 1093 3546 1149 qua:
3571 1095 3657 1149 pro
3676 1083 3783 1152 regni

2262 1163 2416 1234 apice
2461 1165 2755 1234 prebantur
2801 1167 3065 1236 acquisita
3110 1164 3315 1231 fuisse,
3365 1169 3435 1221 ad
3475 1181 3784 1225 successorem

2263 1254 2636 1310 tantbmmodo
2662 1256 2813 1324 regni
2840 1256 3184 1311 decernimus
3212 1256 3515 1326 pertinere,
3559 1258 3624 1312 ita
3646 1259 3784 1315 habita

2262 1352 2549 1414 potestate,
2575 1353 2636 1399 ut
2658 1346 2915 1416 quidquid
2937 1360 3002 1400 ex
3029 1346 3113 1400 his
3140 1346 3366 1419 elegerit
3394 1347 3588 1415 facere,
3610 1348 3783 1404 liberum

2262 1435 2460 1489 habeat
2494 1435 2657 1490 velle.
2681 1434 2745 1490 lu
2792 1435 2897 1491 illis
2925 1446 3102 1492 autem
3130 1439 3302 1493 rebus
3337 1452 3458 1509 qure
3500 1439 3622 1510 ipsis
3647 1442 3785 1497 autde

2263 1528 2418 1584 bouis
2443 1537 2758 1599 parentum,
2787 1538 2881 1584 aut
2908 1531 2975 1585 de
3016 1520 3463 1601 quorumcunque
3504 1533 3785 1602 provenerint

2264 1617 2699 1673 suceessionibus
2726 1619 3120 1688 proximorum,
3154 1620 3228 1674 ita
3256 1621 3432 1675 eidem
3462 1622 3669 1692 principi
3688 1622 3785 1692 ejus-

2265 1722 2369 1777 que
2393 1707 2459 1777 (si
2484 1707 2576 1762 filii
2600 1709 2889 1779 detuerint)
2914 1710 3219 1766 haeredibus
3243 1710 3497 1782 legitimis
3521 1712 3786 1768 hatreditatis

2260 1799 2382 1868 jura
2412 1798 2709 1869 patebunt,
2750 1799 2889 1854 sicut
2919 1800 3082 1855 etiam
3125 1803 3342 1859 cieteris
3372 1802 3495 1873 lege
3522 1801 3600 1857 vel
3628 1818 3786 1858 conces-

576 1888 828 1945 funderet
856 1890 909 1945 in
941 1887 1124 1960 spoliis
1150 1888 1466 1959 populorum
1494 1896 1548 1942 et
1577 1892 1799 1957 augeret
1824 1886 1904 1940 eis
1928 1884 2160 1955 proprie-
2191 1888 2237 1947 Β
2265 1889 2415 1943 sione
2435 1897 2659 1958 paterna
2686 1889 2927 1958 patuisse
2958 1900 3272 1947 noscuntur.
3303 1892 3456 1961 Quod
3485 1892 3529 1946 si
3556 1892 3786 1962 aliquidde

579 1984 710 2037 tatis
748 1996 968 2038 censum
1012 1995 1252 2034 :erumua
1290 1977 1480 2034 flebilis
1519 1977 1906 2048 subjectorum,
1950 1975 2165 2028 tandem

579 2090 827 2146 supernae
858 2066 1208 2144 respectionis
1241 2070 1432 2126 affectu
1475 2070 1631 2126 nobis
1666 2077 1751 2124 est
1788 2067 2047 2123 divinitus
2087 2068 2165 2120 in-

579 2170 885 2241 spiratum,
944 2175 1001 2220 ut
1050 2165 1177 2235 quia
1227 2164 1481 2235 subjectis
1533 2162 1750 2234 regibus
1808 2161 2165 2217 reverentiam

580 2246 1268 2326 dedcraunts,.principum
1295 2269 1509 2325 quoque
1543 2253 1857 2309 excessibus
1906 2252 2171 2307 retinacu-

580 2349 690 2404 lum
735 2346 1099 2418 temperantia:
1116 2359 1475 2415 .ponerenius.
1496 2338 1739 2399 Proinde
1778 2344 1991 2398 sincera
2022 2356 2173 2396 man-

579 2438 884 2495 suetudinis
922 2436 1308 2493 deliberatione
1350 2442 1458 2489 lam
1511 2434 1705 2500 nobis,
1755 2449 1919 2505 quam
1960 2424 2170 2487 cunctis

580 2530 766 2604 gloriae
792 2538 989 2584 nostra:
1016 2519 1713 2599 successoribus.alfuturis,
1741 2524 1849 2580 Deo
1881 2524 2168 2586 mediante,

577 2608 753 2695 legem
792 2608 1073 2695 ponimus,
1117 2621 1392 2676 decretum
1441 2617 1632 2672 div-alis
1660 2615 2014 2673 observantize
2056 2631 2175 2686 pro-

580 2713 911 2785 mulgamus,
939 2721 999 2767 ut
1024 2711 1204 2767 nullus
1226 2725 1411 2781 regum
1451 2701 1787 2777 impulsionis
1813 2722 1922 2761 sua:
1948 2708 2165 2777 quibus-

582 2820 796 2876 cnnque
820 2802 1055 2860 motibus
1085 2811 1177 2857 aut
1204 2800 1476 2865 factionis,
1504 2800 1803 2870 scripturas
1851 2799 1917 2853 de
1959 2800 2175 2868 quibus-

586 2897 720 2953 libet
762 2896 924 2951 rebus
966 2894 1119 2949 alteri
1165 2892 1361 2948 debitis
1387 2894 1461 2946 ita
1484 2899 1826 2961 exlorqueat,
1874 2882 1957 2945 vel
2003 2900 2177 2945 extor-

586 2987 833 3059 quendas
886 2985 1181 3049 instituat,
1229 2992 1498 3053 quatenus
1554 2981 1753 3052 injuste
1800 2996 1863 3036 ac
1915 2980 2173 3035 violenter

2268 1981 2428 2035 rebus
2446 1995 2890 2051 quorumcunque
2918 1992 3200 2052 parentum
3228 1993 3324 2037 aut
3352 1984 3691 2053 proximorum
3712 1999 3787 2039 non

2267 2073 2439 2127 solum
2485 2073 2864 2137 successione,
2907 2073 3002 2128 sed
3044 2075 3206 2128 etiam
3238 2074 3481 2144 qualibet
3523 2075 3783 2140 collatione,

2268 2171 2362 2216 aut
2400 2176 2720 2233 quocunque
2754 2171 3036 2219 contractu
3079 2165 3146 2219 ad
3178 2164 3273 2232 .jus
3319 2166 3491 2236 ipsius
3541 2169 3786 2236 pervenisse

2268 2252 2532 2322 patuerit,
2566 2251 2610 2306 si
2653 2252 2926 2320 contingat
2959 2254 3074 2308 haec
3112 2253 3420 2311 inordinata
3454 2257 3686 2328 relinqui,
3711 2273 3783 2311 non

2268 2341 2336 2396 ad
2367 2356 2736 2398 successorem
2783 2344 2929 2414 regni
2957 2383 2974 2409 ,
2999 2345 3091 2400 sed
3118 2354 3173 2399 et
3199 2347 3267 2401 ad
3319 2346 3460 2402 ﬁlios
3485 2348 3564 2402 vel
3605 2347 3787 2403 inaruit-5

2268 2431 2385 2503 ejus
2430 2434 2519 2505 qui
2561 2434 2887 2505 conquisivit
2925 2436 3228 2506 specialiter
3264 2438 3448 2492 omnis
3491 2438 3659 2493 eadem
3696 2454 3785 2493 cono

2270 2524 2845 2596 quisitiO'pertiuelrit.
2890 2523 3024 2580 Nam
3073 2525 3142 2582 de
3186 2526 3296 2582 illis
3336 2529 3507 2583 rebus
3549 2543 3653 2598 quae
3685 2528 3785 2582 idem

2271 2617 2521 2686 princeps
2549 2624 2675 2670 ante
2704 2630 2947 2685 regnum,
2977 2623 3069 2669 aut
3096 2630 3163 2671 ex
3186 2618 3436 2687 proprio,
3467 2626 3556 2673 aut
3576 2633 3634 2673 ex
3652 2618 3783 2688 iustis

2272 2711 2410 2766 simo
2453 2710 2756 2781 conquisite
2794 2709 3129 2779 dignoscitur
3178 2711 3470 2775 habuisse,
3516 2709 3783 2765 irrevocabili

2271 2798 2461 2855 ordine
2494 2807 2586 2853 aut
2614 2797 2839 2853 faciendi
2870 2798 3011 2869 quod
3051 2798 3281 2854 voluerit
3320 2807 3551 2869 potestas
3586 2799 3779 2859 manebit.

2273 2896 2540 2944 aut'certe
2582 2887 2705 2943 filiis
2730 2888 2848 2959 ejus
2887 2877 3157 2944 successio
3183 2888 3344 2960 plena
3374 2890 3587 2961 patebit.
3612 2887 3782 2957 Quodsi

2275 2981 2372 3036 ﬁlii
2408 2980 2695 3046 defuerint,
2724 2980 2982 3052 legitimis
3004 2981 3307 3035 hmredibus
3343 2995 3408 3036 ex
3441 2981 3523 3036 bis
3551 2996 3656 3050 qua:
3684 2980 3784 3034 inor-

583 3079 949 3136 indebitarum
995 3075 1095 3132 sibi
1132 3075 1359 3146 quisque
1398 3073 1626 3146 probare
1665 3075 1835 3145 possit
1879 3073 2173 3129 dominium
2275 3072 2457 3130 dinata
2513 3070 2831 3144 reliquerit,
2893 3071 3234 3128 haereditario
3274 3068 3403 3141 ju're
3450 3073 3592 3127 adire
3634 3071 3779 3125 licebit.

584 3186 790 3227 rerum.
828 3167 981 3236 Quod
1020 3167 1067 3222 si
1103 3165 1330 3235 alicujus
1367 3165 1673 3236 gratissima
1711 3166 1983 3221 voluntate
2022 3162 2172 3236 quid-
2277 3165 2445 3238 Hujus
2483 3181 2614 3222 sane
2659 3165 2789 3236 legis
2834 3166 3098 3221 sententia
3136 3166 3192 3219 in
3233 3165 3367 3221 solis
3405 3166 3507 3221 erit
3549 3163 3781 3236 principum

582 3262 728 3333 piam
757 3261 822 3316 de
852 3260 1013 3315 rebus
1040 3274 1069 3313 a
1096 3272 1419 3328 quocunque
1459 3258 1780 3328 perceperit,
1816 3256 1897 3311 vel
1931 3257 2162 3312 evidenti
2193 3251 2238 3314 C
2271 3257 2498 3329 negotiis
2524 3256 2858 3312 observanda
2898 3266 3060 3327 atque
3090 3258 3160 3313 ita
3197 3259 3464 3329 perpetim
3506 3258 3782 3316 valituram

582 3354 929 3428 praestatione
972 3351 1211 3407 lucratus
1250 3351 1451 3422 aliquid
1480 3351 1665 3417 fuerit,
1710 3352 1763 3406 in
1803 3350 1991 3405 eadem
2037 3349 2170 3405 scri-
2269 3364 2377 3403 non
2414 3348 2832 3418 ante’quispiam
2859 3348 3051 3403 solium
3090 3348 3268 3420 regale
3295 3348 3780 3414 conscendat,'quam

581 3456 739 3519 plura
769 3454 969 3527 patens,
985 3443 1280 3500 voluntatis
1307 3443 1557 3513 praestita:
1583 3442 1819 3498 conditio
1858 3449 2166 3505 annotetur,

584 3554 682 3611 per
719 3552 881 3607 quam
911 3544 1005 3590 aut
1048 3535 1326 3606 oppressio
1361 3534 1666 3605 principis,
1704 3541 1797 3588 aut
1836 3528 2170 3588 conferentis

585 3629 736 3684 fraus
766 3626 1171 3683 evidentissime
1213 3625 1515 3696 detegatur,
1551 3633 1608 3679 et
1646 3623 1691 3679 si
1738 3623 1972 3693 patuerit
1998 3636 2031 3675 a
2074 3636 2171 3676 no-

586 3721 734 3778 lente
769 3720 937 3776 fuisse
962 3719 1282 3787 scripturam
1319 3725 1565 3772 exactam
1590 3758 1607 3783 ,
1637 3724 1728 3770 aut
1763 3714 2045 3785 resipiscat
2071 3713 2172 3768 im-

585 3813 830 3883 probitas
862 3810 1152 3881 priucipis,
1184 3815 1239 3863 et
1265 3815 1490 3862 evacuet
1514 3805 1657 3876 quod
1686 3804 1821 3859 male
1848 3804 2170 3868 construxit,

586 3915 681 3958 aut
708 3911 855 3958 certe
883 3908 1005 3971 post
1046 3899 1163 3968 ejus
1207 3907 1439 3954 mortem
1467 3898 1534 3952 ad
1573 3911 1694 3952 eum
1731 3895 1819 3950 cui
1854 3903 2046 3951 exacta
2089 3901 2175 3949 est

588 3996 876 4064 scriptura,
903 3991 987 4045 vel
1008 3990 1249 4046 haeredes
1269 3988 1403 4058 ejus,
1430 4003 1518 4043 res
1545 3988 1672 4057 ipsa:
1697 3986 1813 4041 sine
1832 3983 2174 4041 cunctatione

589 4087 823 4142 debeant
851 4083 1112 4139 revocari.
1142 4081 1246 4137 Illae
1274 4089 1453 4135 autem
1488 4094 1604 4144 res,
1636 4088 1755 4148 quae
1789 4067 1997 4132 remota
2027 4070 2175 4129 omni

590 4172 1109 4245 comprehensionis
1128 4171 1622 4243 argumentatione,
1650 4169 1743 4223 ‘scd
1774 4183 1922 4223 mera
1950 4164 2176 4220 libidine

591 4269 798 4324 directo
829 4265 986 4321 modo
1018 4263 1349 4318 transierunt
1382 4262 1433 4316 in
1461 4259 1720 4332 principis
1752 4265 2093 4328 potestatem,
2120 4254 2175 4310 in

591 4359 672 4416 cis
719 4355 1028 4427 perenniter
1053 4354 1175 4425 jure
1205 4353 1529 4423 perdurent,
1560 4358 1615 4405 et
1636 4349 1896 4420 quidquid
1923 4356 1987 4402 ex
2016 4347 2177 4400 rebus

592 4450 726 4521 ipsis
754 4448 894 4502 idem
922 4446 1174 4516 princeps
1199 4442 1450 4501 ordinare
1473 4440 1725 4504 voluerit,
1759 4453 1869 4494 suae
1898 4434 2178 4507 potestatis

594 4539 822 4597 arbitrio
854 4534 1170 4604 subjacebit.
1208 4533 1400 4587 Verum
1437 4540 1496 4585 ut
1522 4545 1683 4586 omne
1713 4528 1869 4600 hujus
1909 4524 2175 4597 negotium

2264 3436 2559 3509 juramenti
2589 3436 2795 3492 findere
2821 3437 2966 3492 banc
2990 3437 3160 3508 legem
3189 3438 3331 3493 se-in
3361 3437 3598 3492 omnibus
3619 3432 3781 3502 implere

2234 3540 2240 3545 ‘
2271 3527 2573 3597 promittat,
2603 3541 2925 3597 quacunque
2954 3543 3083 3582 vero
3110 3534 3204 3581 aut
3220 3542 3336 3596 per
3362 3527 3686 3582 tumultuosas
3704 3522 3781 3592 ple-

2271 3619 2399 3684 bes,
2435 3626 2527 3672 aut
2563 3633 2660 3689 per
2693 3618 3014 3673 absconsam
3051 3619 3368 3690 dignitatem
3404 3618 3599 3688 publice
3633 3613 3782 3669 machi-

2272 3717 2489 3774 natum,
2512 3709 2774 3779 adeptum
2806 3722 2928 3763 esse
2955 3709 3258 3763 constiterit
3278 3708 3437 3780 regni
3470 3706 3678 3777 fastigia,
3695 3715 3779 3756 mox

2272 3800 2415 3855 idem
2439 3815 2560 3853 cum
2585 3799 2835 3855 omnibus
2861 3807 2970 3852 tam
2998 3799 3219 3854 nefaria:
3244 3799 3349 3855 sibi
3375 3795 3779 3854 consentientibus.

2272 3903 2327 3949 et
2367 3894 2654 3948 anathema
2690 3891 2786 3946 fiat
2809 3932 2824 3957 ,
2864 3900 2918 3947 et
2947 3890 3381 3947 Christianorum
3424 3888 3779 3945 communionem

2273 3985 2520 4052 amittat,
2563 3994 2673 4040 tam
2701 3986 2829 4040 dira:
2871 3984 3237 4055 percussionis
3270 3984 3472 4038 ultione
3500 3981 3713 4041 collisus,
3741 3982 3779 4025 nl

2272 4079 2450 4136 omnis
2476 4078 2639 4133 divini
2664 4076 2868 4139 ordinis
2892 4075 3066 4131 cultor
3084 4076 3175 4146 qui
3203 4076 3275 4130 illi
3299 4074 3668 4130 communicare
3684 4079 3779 4137 pne-

2275 4170 2584 4241 sumpserit,
2616 4169 2778 4225 simili
2807 4184 2929 4223 cum
2960 4167 3076 4239 ipso
3101 4168 3445 4222 damnatione
3470 4166 3718 4235 dispereat,
3743 4163 3778 4208 et

2275 4272 2432 4331 ptena
2477 4260 2739 4314 tabescat.
2784 4255 2917 4312 Nam
2951 4256 2995 4311 si
3032 4255 3151 4325 quis
3190 4254 3331 4326 legis
3362 4255 3515 4326 hujus
3556 4250 3711 4306 seriem
3734 4255 3778 4295 ex

2276 4351 2451 4407 ollicio
2491 4351 2738 4422 palatino
2774 4347 3141 4404 malevolendo
3164 4387 3179 4412 ,
3214 4357 3309 4402 aut
3348 4343 3651 4402 detrahendo
3682 4336 3778 4389 lace-

2278 4461 2400 4500 rare
2434 4443 2687 4505 voluerit,
2731 4450 2823 4496 aut
2851 4441 3159 4496 evacuando
3187 4441 3503 4509 quandoque
3538 4444 3589 4489 ut
3616 4431 3779 4487 silenter

2282 4538 2543 4592 insultans
2591 4535 2676 4589 vel
2728 4542 2911 4603 aperte
2960 4532 3272 4595 resultans,
3324 4528 3558 4602 proloqui
3597 4525 3776 4578 detectus

591 4627 822 4687 actionis
842 4626 1059 4682 roboret
1084 4623 1368 4679 sinceritas
1390 4621 1788 4685 vcritatis,cum
1819 4630 2180 4688 quarumcun-
2209 4606 2259 4667 υ
2282 4629 2580 4692 exstiterit,
2619 4625 2826 4681 cum-us
2868 4624 3115 4694 ραιηιῑηω
3159 4622 3434 4692 dignitatis
3472 4611 3712 4673 consortiis
3740 4615 3775 4657 et

592 4736 699 4790 quc
732 4733 912 4775 rerum
941 4716 1222 4785 scriptura:
1245 4712 1298 4767 in
1325 4711 1582 4782 principis
1611 4709 1824 4764 nomine
1848 4705 2175 4768 exstiterint,
2210 4754 2211 4757 η

593 4810 662 4865 ab
684 4809 768 4864 his
789 4821 925 4878 quos
944 4804 1164 4875 elegerit
1183 4802 1428 4873 princeps
1452 4799 1856 4870 diligentissime
1870 4795 2181 4866 perquirun-

595 4911 702 4966 tur,
729 4898 773 4954 si
801 4913 908 4952 non
935 4893 1149 4964 aliquod
1174 4891 1427 4946 indicium
1455 4899 1548 4944 aut
1573 4890 1638 4943 de
1667 4886 2018 4957 impressione
2042 4884 2186 4953 prin-

597 4991 755 5061 cipis,
786 4997 879 5042 aut
912 4988 978 5042 de
1011 4983 1197 5039 fraude
1224 4983 1544 5052 scripturam
1574 4979 1822 5033 facientis
1864 4976 2022 5030 modo
2052 4990 2183 5043 quo-

596 5092 809 5148 cunque
855 5075 1223 5147 cognoverint.
1272 5072 1350 5127 Ac
1403 5072 1480 5125 sic
1529 5078 1621 5123 aut
1667 5069 1770 5123 rite
1821 5067 1964 5139 facta
2011 5066 2179 5121 series

598 5166 879 5236 scripturae
923 5170 1259 5234 permaneat,
1296 5168 1389 5214 aut
1434 5158 1584 5213 irrite
1619 5155 1861 5213 confecta
1900 5162 2175 5210 vanescat.

2285 4722 2472 4780 olliciis
2516 4734 2639 4774 mox
2676 4718 2934 4780 nudatus,
2971 4715 3210 4770 omnium
3254 4727 3430 4769 rerum
3454 4719 3644 4764 suarum
3667 4696 3775 4755 dimi-

2288 4814 2428 4869 diam
2449 4817 2651 4882 partem
2682 4808 2913 4870 amittat,
2936 4805 3062 4860 etin
3087 4804 3337 4874 deputato
3358 4802 3455 4858 sibi
3479 4800 3581 4853 loco
3593 4793 3775 4882 redactus

2290 4881 2461 4959 totius,
2477 4898 2659 4972 palatii
2713 4904 2927 4951 maneat
2956 4895 3215 4950 societate
3260 4892 3511 4948 seclusus.
3549 4881 3775 4951 Religiosm

2290 4994 2453 5051 etiam
2491 4989 2580 5059 qui
2615 5003 2675 5044 se
2705 4987 2759 5040 in
2793 4987 2894 5040 hac
2929 4985 3083 5055 culpa
3118 4981 3438 5046 devolverit,
3472 4976 3615 5033 simili
3645 4976 3772 5023 rerum

2284 5078 2630 5155 proprietatis
2657 5091 2767 5132 suae
2795 5076 3072 5146 dispendio
3100 5071 3415 5141 subiacebit.

1812 5242 3759 5295 Μ

1394 5394 1735 5455 lNCIPlUNT
1774 5391 2118 5450 CAPITULA
2146 5385 2440 5447 CONClLll
2479 5380 2825 5441 TOLETANI
2866 5378 3052 5436 NONI.

678 5564 726 5616 l.
771 5558 842 5617 Ut
868 5559 935 5616 de
961 5558 1120 5612 rebus
1142 5554 1384 5610 ecclesia:
1409 5567 1540 5608 mnu
1567 5550 1801 5620 episcopi
1830 5546 2100 5610 auferant,
2128 5554 2183 5600 et

604 5656 834 5728 qualiter
866 5649 1099 5724 proximi
1144 5645 1441 5702 fundatoris
1485 5642 1728 5700 ecclesiae
1768 5638 2183 5697 sollicitudinem

641 5752 815 5797 erant.

641 5762 815 5797 erant.

605 5762 636 5814 ὅ
676 5834 730 5886 2.
773 5831 845 5886 Ut
894 5831 1206 5886 (laudatores
1247 5820 1600 5883 ecclesiarum
1648 5820 1997 5905 quoadusque
2035 5818 2185 5874 vixe-

2287 5542 2396 5598 rint
2423 5554 2608 5595 earum
2641 5538 2877 5592 habeant
2922 5549 3105 5590 curam
3126 5574 3141 5600 ,
3192 5531 3398 5604 ipsique
3434 5526 3529 5583 illic
3564 5516 3768 5576 ministros

2287 5632 2486 5704 eligant
2512 5630 2827 5685 servituros.
3649 5699 3658 5704 Δ
3730 5687 3740 5698 ⁸

2359 5685 2412 5779 Ξ.
2450 5720 2506 5777 Si
2549 5720 2615 5775 de
2664 5719 2822 5773 rebus
2871 5715 3110 5771 ecclesize
3149 5731 3245 5786 pro
3277 5706 3592 5783 praestatione
3620 5685 3764 5761 1'40"“

2291 5817 2404 5873 dari
2436 5814 2665 5879 dicatur,
2695 5826 2850 5867 causa
2883 5808 3105 5880 prmstili
3136 5812 3489 5876 cognoscatur.
