3888 6436
109 391 199 450 521

1336 399 1830 462 necnemuuu
1870 355 2272 469 consono.
2364 382 2383 391 “

3234 414 3373 474 Μι

169 502 221 556 ι.
254 497 519 594 Quod-de
544 502 863 594 conquisitis
909 505 1068 563 rebus
1103 507 1243 563 inter
1281 509 1570 566 ecclesiam
1601 521 1659 567 et
1685 519 1733 576 Α
1835 517 1923 573 11.
1963 518 2116 587 Quod
2141 518 2429 577 servilibus
2453 518 2669 578 clericis
2701 517 3089 577 daredebeaut
3112 520 3351 594 episcopi

110 590 380 649 Sacerdotis
412 590 653 649 haeredes
671 595 893 664 aequalis
914 596 1106 655 divisio
1130 598 1240 655 fiat.

169 680 216 736 5.
254 679 309 736 Si
344 680 629 753 episcopus
668 686 1053 742 monasterium
1084 687 1214 743 facit
1254 689 1339 745 vel
1383 692 1666 762 parochia-

109 787 217 831 uam
255 770 534 827 ecclesiam
563 773 722 843 ditat,
751 786 1001 847 quartam
1031 790 1239 839 partem
1268 782 1349 837 de
1377 785 1557 840 rebus.
1577 800 1669 841 ee-

107 861 264 918 clesize
287 862 546 919 conferat.
1122 898 1125 899 ν
1645 924 1650 928 .

170 950 215 1004 6.
259 949 320 1005 Ut
355 950 641 1023 episcopus
679 955 893 1012 tertiam
925 970 1142 1027 partem
1176 960 1666 1018 ecclesiasticarum

110 1056 265 1096 terum
294 1040 390 1095 sibi
420 1041 677 1106 debitam,
712 1045 798 1100 cui
828 1046 1068 1117 elegerit,
1101 1049 1366 1105 conferat.

167 1132 213 1189 7.
249 1129 322 1187 Ne
344 1140 497 1188 extra
525 1136 875 1191 constitutum
902 1140 1144 1195 ordinem
1177 1142 1458 1198 morientis
1486 1157 1666 1197 sacer-

109 1219 228 1277 dotis
248 1221 485 1278 lueredes
514 1238 626 1278 rem
652 1223 769 1295 ejus
796 1227 946 1285 adire
973 1240 1322 1300 praesumant.

166 1311 213 1365 8.
253 1309 317 1366 Ut
363 1311 416 1365 in
455 1313 739 1384 scripturis
774 1330 910 1386 quas
954 1320 1270 1377 sacerdotes
1306 1321 1391 1378 vel
1432 1322 1664 1378 ministri

111 1396 284 1468 injuste
312 1398 562 1466 fecerint,
596 1413 718 1474 post
744 1413 974 1462 mortem
1005 1409 1239 1465 habeant
1270 1397 1535 1466 annorum
1568 1428 1666 1467 nu.

112 1505 289 1542 merum
315 1502 705 1560 computatum.

175 1579 523 1647 9.‘Quantmn
576 1586 920 1643 commodum
965 1590 1011 1645 si
1066 1590 1355 1663 episcopus
1405 1592 1555 1648 tollat
1599 1593 1667 1649 de

109 1671 306 1727 ecclesia
333 1672 486 1747 cujus
518 1676 865 1733 tumulaverit
887 1679 1246 1737 sacerdotem.

170 1761 244 1816 10.
277 1762 363 1822 De.
392 1765 740 1824 damnatione
780 1769 1012 1825 ﬁliorum
1049 1773 1142 1843 qui
1185 1786 1253 1829 ex
1293 1773 1666 1832 sacerdotibus

113 1860 157 1911 st
181 1853 425 1917 ministris
452 1857 622 1929 geniti
652 1860 972 1931 probantur.

1776 606 2095 667 Ebertatem.

1840 720 1926 774 12.
1967 719 2121 788 Quod
2144 729 2267 792 post
2280 729 2532 779 mortem
2552 724 2850 781 sacerdotis
2881 724 2933 779 in
2960 722 3210 779 libertate
3233 737 3355 779 scr-
3432 693 3440 701 ⁸

1770 810 1850 865 vis
1872 811 2067 867 collata
2093 827 2356 869 annorum
2383 823 2590 883 tempus
2617 813 2808 871 debeat
2834 815 3153 885 computari.
3196 808 3197 811 “

1840 924 1927 978 15.
1968 923 2043 980 Ut
2081 938 2145 979 ex
2188 926 2399 981 libertis
2432 927 2682 983 ecclesia:
2722 936 2776 983 et
2815 927 3060 997 personis
3101 924 3353 997 ingenuis

1768 1015 1934 1085 geniti
1962 1015 2030 1071 ab
2054 1014 2333 1087 obsequiis
2355 1017 2600 1074 ecclesia:
2622 1033 2727 1073 non
2759 1017 3031 1072 recedant.

1844 1129 1927 1184 14.
1968 1130 2121 1198 Quod
2154 1131 2200 1187 si
2243 1131 2423 1188 liberti
2461 1132 2703 1189 ecclesia:
2745 1132 2811 1186 ad
2850 1147 2972 1188 eam
3008 1129 3207 1215 reverti
3248 1145 3350 1191 no-

1770 1218 1987 1287 lueriut,
2014 1221 2190 1277 cinnis
2212 1236 2398 1277 eorum
2432 1222 2612 1294 regula
2631 1219 2743 1291 juri
2767 1221 3062 1295 applicetur
3086 1218 3348 1303 ecclesiae.

1846 1331 1929 1385 15.
1970 1329 2046 1386 De
2069 1330 2330 1401 obsequio
2361 1339 2419 1387 et
2443 1331 2723 1402 disciplina
2750 1330 3063 1386 libertorum
3088 1327 3352 1386 ecclesiae.

1847 1442 1929 1497 l6.
1969 1441 2124 1509 Quod
2163 1442 2357 1498 liberto
2394 1444 2638 1501 ecclesia
2676 1442 2813 1499 nihil
2845 1443 2912 1499 de
2951 1442 3114 1499 rebus
3154 1439 3267 1496 suis
3295 1439 3355 1495 in

1768 1534 2001 1590 alienum
2039 1535 2199 1590 liceat
2230 1536 2541 1593 transferre.

1842 1644 1925 1699 t7.
1972 1643 2059 1709 Ut,
2087 1646 2342 1717 baptizati
2388 1646 2557 1703 Judaei
2601 1662 2722 1705 cum
2769 1636 3037 1720 episcopis
3082 1644 3355 1702 celebrent

1769 1737 1884 1793 dies
1913 1736 2101 1795 festos.

326 2083 1023 2219 127'INCIPIT
1091 2120 1760 2222 CONCILIUM
1834 2126 2266 2221 NONUM
2341 2128 3023 2225 ’I‘OLETANU‘

338 2322 598 2379 Habitum
622 2341 729 2381 arra
757 2342 980 2393 neunt,
1006 2343 1145 2383 anno
1170 2326 1322 2382 tertio
1353 2325 1715 2383 Reccesiuuthi
1739 2330 1894 2402 regis.
1918 2328 2048 2385 Kal.
2082 2328 2342 2387 Novemb.
2364 2329 2429 2385 ab
2449 2330 2701 2401 episcopis
2730 2330 3113 2401 septemdecim.

169 2477 286 2533 Cum
307 2480 581 2539 canonica:
592 2479 925 2538 dillinitionis
951 2484 1150 2549 edicto,
1175 2485 1229 2538 in
1251 2483 1509 2539 Toletaua
1531 2484 1665 2540 urbe

116 2582 196 2641 pro
241 2572 540 2642 peragendo
571 2574 821 2640 concilio,
853 2584 976 2646 post
1021 2576 1138 2631 dies
1165 2575 1391 2630 Kalend.
1419 2574 1654 2631 Novem-

1771 2484 1816 2541 si
1863 2484 1990 2540 talia
2042 2485 2308 2558 episcopis
2326 2485 2507 2558 [agere
2540 2494 2734 2551 tentet,
2768 2487 3184 2558 metr0politano
3236 2488 3375 2558 ejus.

1772 2578 1888 2632 haec
1925 2576 2202 2632 insinuare
2239 2585 2551 2647 procurent.
2590 2575 2645 2630 Si
2683 2586 2863 2632 autem
2905 2577 3353 2648 metropolitanum

119 2658 282 2727 brium,
305 2677 441 2719 anno
463 2665 698 2733 septimo
727 2666 1106 2757 Reccesitiiitlii
1137 2667 1395 2738 principis
1421 2667 1660 2739 gloriosi,
1696 2654 1738 2713 Β
1770 2670 1894 2726 talia
1917 2678 2090 2740 gerat,
2112 2670 2254 2742 regis
2280 2670 2393 2726 haec
2420 2669 2642 2725 auribus
2663 2668 2912 2724 intimare
2940 2686 3046 2725 non
3075 2669 3350 2726 dilferant.

122 2748 164 2805 iu
208 2751 410 2809 basilica
464 2764 672 2812 sanctae
700 2757 881 2814 Mariae
910 2748 1124 2830 semper
1150 2759 1388 2831 Virginis
1419 2760 1471 2814 in
1498 2775 1665 2816 unum

120 2839 369 2903 fuissemus
394 2847 627 2904 Domino
649 2848 863 2905 favente
889 2851 1138 2919 collecti,
1170 2853 1223 2909 id
1268 2852 1542 2916 communi
1572 2853 1667 2908 de-

122 2935 323 2995 ﬁnitione
346 2940 690 3003 decrevimus
718 2945 1058 3015 ut,‘capi.tula
1097 2962 1223 3018 qua).
1248 2948 1325 3007 in-
1341 2947 1535 3018 priscis
1574 2961 1665 3001 ca-

121 3029 311 3086 nonibus
345 3032 930 3097 minimehalmbantur
952 3048 1175 3104 Inserta,
1204 3040 1321 3109 pari
1344 3040 1630 3110 promulga

122 3126 593 3191 rentursententia,
612 3135 679 3187 et
709 3128 949 3199 antiquis
966 3130 1327 3201 jungereutur
1353 3129 1550 3200 regulis
1573 3145 1666 3203 pc-

121 3212 243 3266 reuni
276 3212 508 3284 jugitate
537 3232 815 3283 mansura,
840 3228 894 3274 et
937 3221 1085 3275 omni
1114 3220 1417 3278 reverentia
1442 3234 1666 3276 conser—

121 3302 283 3363 vanda.
313 3303 414 3363 Sed
456 3308 590 3376 quia
644 3323 983 3378 nequaquam
1016 3317 1163 3365 recte
1192 3309 1437 3365 Subditos
1456 3308 1666 3380 judicat

120 3391 192 3458 qui
234 3409 329 3450 non
378 3398 622 3473 seipsum
667 3400 819 3469 prius
862 3398 1094 3468 justitite
1136 3414 1365 3456 censura
1410 3400 1660 3471 castigat,

119 3492 266 3551 aptum
310 3488 462 3545 nobis
499 3502 554 3544 et
609 3490 912 3561 expedibile
954 3491 1126 3547 visum
1166 3501 1252 3548 est
1298 3501 1423 3548 ante
1464 3490 1665 3551 nostris

121 3579 390 3637 excessibus
413 3583 694 3652 imponere
719 3584 960 3650 modum,
994 3592 1049 3640 et
1083 3584 1163 3641 sic
1183 3595 1363 3641 errata
1392 3585 1665 3656 corrigere

119 3667 609 3735 subditorum.'l‘unc
638 3691 871 3747 namque
903 3676 1101 3733 melius
1138 3677 1470 3747 judiciorum
1494 3692 1660 3732 ωροτε

126 3758 190 3813 dia
215 3762 474 3829 dicuntur,
498 3782 619 3821 cum
639 3768 903 3839 judicium
926 3780 1051 3826 ante
1081 3769 1405 3839 disponitur,
1428 3784 1493 3823 eo
1520 3768 1662 3838 quod

121 3850 455 3921 potiusjudieii
488 3856 662 3915 forma
686 3860 987 3929 completur
1001 3875 1122 3915 eum
1151 3861 1493 3926 negotiorum
1516 3858 1664 3930 prin-

120 3942 247 4009 cipiis
290 3950 515 4018 arquitas
556 3949 914 4018 judicantium
965 3952 1288 4011 antefertur.
1334 3952 1459 4012 Ideo
1498 3967 1660 4007 exor-
1694 4009 1731 4031 η

1765 2761 1898 2831 lpsis
1949 2769 2128 2816 tamen
2173 2759 2477 2815 haaredibus
2519 2758 2572 2814 in
2620 2758 2826 2815 eisdem
2866 2760 3028 2815 rebus
3054 2775 3163 2815 non
3191 2760 3354 2816 liceat

1764 2850 1919 2922 quasi
1943 2849 2080 2918 juris
2102 2849 2302 2922 proprii
2328 2858 2648 2921 potestatem
2672 2847 2935 2920 proferre,
2961 2866 3066 2904 non
3084 2850 3351 2921 rapinam,

1766 2958 1878 2998 non
1907 2941 2151 3003 fraudem
2184 2943 2451 3014 ingerere,
2495 2958 2597 2998 nec
2625 2940 2940 2996 violentiam
2964 2957 3349 3013 quamcunque

1765 3047 2128 3107 praesumere;
2157 3034 2251 3089 sed
2281 3032 2382 3089 hoc
2410 3032 2585 3088 solum
2611 3031 2667 3087 in
2705 3031 2996 3087 salutarem
3027 3030 3349 3087 sollicitudi-

1765 3139 1888 3180 nem
1935 3124 2218 3188 adbibcre,
2261 3124 2406 3193 quod
2445 3132 2539 3179 attt
2570 3132 2628 3179 ut
2665 3124 2719 3178 in
2752 3123 2952 3178 nullam
2993 3139 3188 3178 noxam
3221 3138 3373 3200 ope--

1769 3215 1907 3271 ratio
1942 3231 2142 3271 nocens
2168 3217 2412 3287 attingat,
2448 3224 2541 3270 aut
2571 3224 2631 3271 ut
2666 3214 2719 3270 in
2756 3214 2979 3269 multam
3011 3222 3105 3268 aut
3137 3221 3378 3284 partem;

1774 3304 2010 3374 aliquam
2040 3305 2291 3361 salutaris
2312 3320 2522 3361 merces
2544 3313 2807 3361 assumat.
2824 3305 2879 3359 Si
2903 3304 3026 3375 quis
3048 3320 3176 3361 vero
3200 3306 3357 3361 deiu~

1766 3411 1892 3467 ccps
1944 3397 2059 3453 haec
2106 3397 2309 3452 monita
2344 3406 2610 3452 temerare
2640 3396 2895 3463 voluerit,
2922 3406 2977 3452 et
3009 3396 3151 3452 male
3189 3407 3344 3468 rapta

1765 3502 1888 3543 cum
1916 3487 2233 3544 confusione
2272 3488 2522 3543 restituet
2548 3494 2602 3542 et
2624 3486 3204 3543 excommunicatiouis
3252 3503 3350 3541 au-

1767 3596 1885 3635 nuae
1910 3579 2234 3637 sententiam
2275 3578 2583 3638 sustinebit.

1833 3672 1898 3729 ll.
1928 3672 2063 3729 Cum
2115 3689 2256 3746 sarpe
2304 3675 2375 3731 sit
2402 3675 2643 3740 solitum,
2664 3673 2831 3736 etiam
2859 3672 2948 3728 illa
2975 3689 3095 3752 qua:
3126 3688 3233 3729 non
3259 3673 3352 3730 de-

1765 3767 1962 3822 bentur
1982 3781 2142 3836 prece
2169 3766 2576 3839 supplicationis
2598 3775 2654 3822 et
2674 3766 2725 3821 vi
2746 3765 3144 3836 quodammodo
3164 3772 3349 3819 extor—

1766 3857 1920 3927 queri
1972 3856 2174 3913 doloris
2196 3896 2214 3924 ,
2255 3857 2661 3928 quantumagis
2688 3864 2743 3913 et
2767 3857 2886 3912 sine
2910 3855 3194 3912 obstaculo
3220 3870 3349 3915 cou-

1767 3948 1885 4004 cedi
1916 3946 2114 4004 debent
2151 3948 2417 4021 exquisita
2441 3946 2601 4003 simul
2624 3956 2679 4002 et
2705 3946 2896 4002 ordine
2916 3945 3056 4017 juris
3076 3953 3132 4001 et
3158 3945 3344 4003 dolore

123 4032 238 4087 dium
262 4016 528 4108 aequitatis
558 4016 799 4099 inchoari
825 4058 854 4098 a
878 4042 1156 4114 jndicibus
1175 4045 1356 4109 debet,
1387 4052 1445 4099 ut
1484 4042 1662 4114 perfe-
1689 4016 1731 4070 δ
1765 4038 2194 4108 compassionis?
2232 4016 2369 4107 Quia
2407 4053 2539 4110 ergo
2566 4038 2684 4094 tieri
2720 4016 3035 4108 plerumque
3067 4037 3340 4108 cognosci-

123 4128 329 4195 ctajuris
351 4135 592 4191 causatio
622 4136 845 4193 limitem
877 4138 1117 4208 apertius
1143 4137 1358 4194 formet.

178 4217 241 4272 Ct
257 4237 305 4276 Ρ.
342 4222 381 4278 1.
427 4225 824 4299 Omnisjitaque
854 4228 931 4284 rei
974 4228 1356 4284 eccmsiasticae
1385 4229 1658 4300 quantitas

125 4306 235 4365 sicut
253 4317 544 4395 remedium.
562 4318 730 4374 veniae
754 4320 940 4376 tribuit
961 4305 1279 4386 conferenti,
1309 4321 1383 4375 ita
1402 4322 1657 4375 damnum

129 4400 210 4462 rite
230 4418 483 4483 praeparat
522 4408 843 4466 fraudatori.
865 4412 932 4467 Et
958 4412 1079 4466 ideo
1112 4413 1291 4468 nullus
1317 4413 1655 4468 sacerdowm

128 4493 192 4548 vel
236 4498 592 4567 ministrorum
621 4517 687 4560 ex
719 4504 884 4560 rebus
924 4505 1169 4561 ecclesia:
1194 4520 1315 4575 quae
1346 4506 1400 4560 in
1429 4505 1655 4574 quibus-

129 4599 303 4660 cunque
332 4588 520 4662 locis'a
558 4595 805 4665 fidelibus
834 4597 1137 4669 largiuntur
1174 4598 1375 4669 aliquid
1421 4597 1657 4664 auferat,

126 4687 170 4732 et
192 4678 285 4748 juri
319 4702 412 4744 suo
432 4697 527 4743 aut
561 4690 830 4748 cathedra:
862 4689 1402 4757 civitaticonnectat.
1434 4689 1658 4745 Devotio

128 4769 240 4824 enim
265 4776 677 4852 uniuscujusque
705 4779 844 4841 sicut
868 4788 1153 4851 gratanter.
1196 4788 1378 4834 votum
1427 4778 1658 4836 contulit
1696 4768 1701 4773 ”

130 4853 231 4921 Deo,
248 4862 312 4916 ita
336 4865 574 4921 definivit
593 4869 733 4937 quod
748 4868 1281 4938 plenitudoyotorum
1303 4884 1647 4930 conservare-

130 4955 199 5022 tur
237 4952 284 5007 in
324 4955 438 5013 loco
478 4959 532 5013 in
564 4975 673 5028 quo
702 4959 847 5015 velut
892 4961 945 5023 si
971 4960 1144 5016 locata
1176 4970 1453 5028 tenentur,
1472 4973 1658 5023 manet

130 5042 271 5101 gratia
302 5045 591 5115 ollerentis,
612 5050 695 5115 ,ita
720 5050 765 5105 si
795 5049 1446 5117 frustranturhimmiuet-
1470 5052 1673 5121 perni-.

129 5128 231 5187 cies.
247 5134 615 5196 defraudantis.
658 5139 856 5206 Verum
886 5150 945 5195 ut
979 5140 1134 5207 hujus
1164 5142 1239 5195 rei
1268 5142 1445 5210 potior
1473 5142 1651 5197 solidi-

132 5226 197 5274 ῑίδε
219 5222 480 5296 habeatur,
517 5231 796 5302 condignis
826 5230 972 5296 ﬁliis,
1002 5230 1085 5286 vel
1114 5231 1416 5301 nepotibus,
1452 5232 1654 5287 hones-

132 5309 417 5389 tioribusque
443 5324 754 5392 propinquis
780 5321 894 5390 ejus
917 5323 1008 5393 qui
1039 5323 1345 5378 construxit
1402 5323 1485 5378 vel
1513 5323 1655 5378 dita-

134 5403 195 5456 tit
228 5410 491 5485 ecclesiam
536 5414 740 5469 licitum
780 5416 852 5470 sit
875 5415 1016 5470 hanc
1042 5415 1195 5470 bona:
1224 5416 1534 5471 intentionis
1560 5417 1673 5475 har

133 5491 236 5550 bere
261 5501 538 5573 solertiam,
567 5516 626 5561 ut
652 5508 697 5563 si
729 5508 1067 5564 sacerdotem
1096 5525 1193 5565 seu
1223 5510 1530 5564 ministrum
1556 5510 1654 5568 ali—

134 5584 235 5649 quid
259 5604 330 5645 ex.
357 5595 569 5653 collatis.
602 5598 764 5653 rebus
811 5600 1157 5669 prteviderint
1183 5600 1525 5669 defraudare,
1559 5611 1654 5657 aut

135 5684 513 5751 commonitionis
570 5689 808 5744 honestae
855 5691 1209 5747 conventione
1278 5701 1661 5762 compescant,

135 5774 207 5818 ³¹¹ί
229 5772 451 5847 episcopo
478 5779 558 5835 vel
580 5778 745 5849 judici
776 5782 1092 5851 corrigenda
1119 5783 1454 5839 denuntient.
1496 5792 1647 5851 Quod

1764 4138 1872 4195 tur,
1902 4138 1981 4191 ut
2002 4129 2249 4185 ecclesiae
2300 4129 2658 4200 parochiales,
2691 4127 2773 4182 vel
2802 4142 2958 4183 sacra
2990 4126 3341 4190 monasteria,

1760 4225 1832 4281 ita
1879 4225 2237 4301 quorumdam
2285 4223 2658 4294 episcoporum
2702 4221 2784 4278 vel
2814 4219 3097 4276 insolentia
3134 4219 3216 4274 vel
3259 4220 3342 4274 in-

1760 4316 1909 4370 curia
1937 4315 2262 4371 horrendam
2291 4311 2543 4368 decidant
2566 4314 2618 4367 in
2650 4311 2864 4367 ruinam
2890 4320 2951 4367 ut
2974 4313 3193 4383 gravior
3217 4328 3347 4385 exo-

1762 4414 1934 4468 riatur
1960 4412 2351 4468 aediﬁcantibus
2373 4426 2798 4482 mwror,.quam
2822 4411 3137 4466 instruendo
3162 4411 3347 4482 gaudii
3378 4452 3396 4469 κ

1759 4506 2045 4561 exstiterat
2070 4505 2241 4570 labor,
2288 4505 2429 4560 unde
2453 4504 2542 4575 pia
2573 4501 2961 4573 compassione.
2998 4501 3343 4565 decernimus

1761 4607 1819 4652 ut
1866 4598 2105 4669 quandiu
2148 4599 2459 4654 earumdem
2507 4596 2826 4653 fundatores
2878 4596 3233 4653 ecclesiarum
3278 4595 3333 4648 in

1760 4691 1865 4746 hac
1887 4691 1995 4746 vita
2024 4690 2348 4760 superstites
2373 4691 2705 4757 exstiterint,
2730 4706 2827 4762 pro
2852 4689 3059 4744 eisdem
3082 4685 3216 4742 locis
3245 4701 3339 4741 cu-

1760 4798 1874 4837 ram
1902 4782 2282 4853 permittuntur
2303 4784 2501 4840 habere
2531 4783 2817 4840 sollicitam
2841 4789 2894 4836 et
2922 4779 3358 4835 sollicitudinem.

1759 4873 1904 4937 ferre
1946 4875 2275 4946 praecipuam
2303 4915 2319 4943 ,
2347 4884 2510 4946 atque
2540 4883 2781 4931 rectores
2803 4872 3027 4927 idoneos
3050 4872 3102 4925 in
3131 4870 3336 4926 eisdem

1758 4966 1995 5027 basilicis
2043 4967 2206 5023 iidem
2258 4968 2361 5039 ipsi
2408 4968 2639 5024 oﬂ‘erant
2695 4964 2936 5036 episcopi
2983 4964 3333 5020 ordinandus.

1758 5058 1911 5125 Quod
1945 5059 1991 5117 si
2023 5059 2154 5119 tales
2183 5058 2409 5116 forsitan
2442 5075 2546 5115 non
2573 5060 2916 5113 inveniantur
2965 5056 3033 5111 ab
3072 5055 3175 5122 eis,
3208 5064 3336 5112 tunc

1757 5162 1894 5215 quos
1938 5148 2223 5217 episcopus
2251 5148 2356 5204 loci
2404 5147 2714 5220 probaverit
2756 5147 2866 5202 Deo
2891 5146 3119 5216 placitos
3160 5146 3335 5203 sacris

1756 5237 1990 5292 cultibus
2013 5238 2261 5293 instituat
2284 5254 2406 5294 cum
2429 5254 2616 5293 eorum
2639 5238 2988 5293 eonniventia
3012 5238 3328 5295 servituros.

1759 5326 1913 5392 Quod
1950 5327 1997 5383 si
2033 5329 2417 5405 superstitibus
2445 5327 2647 5383 eisdem
2692 5327 3066 5384 ftiiidatoribus
3096 5337 3337 5385 rectores

1762 5418 1961 5474 ibidem
1986 5419 2393 5489 praesumpserit
2418 5419 2701 5489 episcopus
2730 5420 3005 5485 ordinare,
3028 5430 3084 5477 et
3108 5420 3330 5475 ordina-

1764 5509 1962 5565 tionem
1984 5525 2135 5565 suam
2156 5509 2365 5564 irritam
2392 5508 2603 5565 noverit
2625 5525 2764 5576 esse,
2794 5521 2847 5567 ct
2869 5512 2935 5566 ad
2955 5508 3332 5565 verecundiam
3368 5561 3379 5571 η

1759 5613 1911 5653 suam
1939 5596 2074 5653 alios
2096 5598 2148 5651 in
2179 5612 2365 5653 eorum
2392 5597 2510 5653 loco
2538 5614 2676 5668 quos
2699 5600 2856 5659 iidem
2872 5599 2986 5669 jpsi
3015 5597 3329 5656 fundatores
3370 5652 3375 5659 ,

1759 5691 2051 5761 condignas
2077 5689 2337 5760 elegerint
2362 5690 2627 5753 ordinari.-

1830 5778 1912 5835 ιιι.
1947 5779 2003 5836 Si
2045 5782 2353 5838 sacerdotes
2394 5782 2472 5837 \‘cl
2516 5783 2745 5839 ministri
2796 5783 3053 5839 devrebus
3084 5779 3362 5836 ccclesiew
