3888 6436
574 306 674 368 533

1327 302 1612 367 APPEND.
1651 311 1740 364 AD
1780 301 1955 365 SEC.
1997 310 2088 364 rx.
2129 337 2159 348 -

2263 307 2481 366 SlDORl
2518 308 2959 368 MERCATORIS
3685 315 3761 376 εει

575 427 797 497 «ptittpia'
817 440 846 476 n
876 423 1035 478 alicui
1076 423 1174 476 sub
1202 423 1562 491 prtestationis
1578 423 1797 476 obtentu
1826 421 2147 485 concedant,
2180 434 2223 484 Α
2252 420 2427 474 ccntia
2449 418 2514 472 de
2530 421 2691 474 rebus
2708 419 2971 482 ecclesias,
2989 425 3082 472 aut
3105 434 3207 474 non
3230 422 3452 476 retineat
3477 425 3606 478 ratio
3623 427 3760 496 plena,

577 514 919 571 instrumenti
948 527 1166 568 causam
1211 511 1491 567 evidenter
1511 521 1800 582 exponant,
1827 523 1886 566 ut
1915 511 2020 566 hoc
2053 519 2147 566 aut

574 610 721 679 juste
749 604 992 661 confecta
1017 603 1309 658 transactio
1325 603 1647 667 innotescat,
1665 601 1922 658 autfraus
1943 603 2150 656 incom-

505 679 526 692 ’
579 709 770 773 petens
794 711 923 768 qum.
942 696 1072 751 latet
1101 703 1381 767 appareat,
1411 695 1571 751 aliter
1597 709 1727 750 vero
1747 709 1846 764 pro
1868 693 2027 763 hujus
2049 709 2146 748 ne-

583 791 712 862 golii
751 803 914 844 causa
935 787 1186 855 deinceps
1222 787 1491 856 scriptura
1532 786 1778 842 confecta
1815 801 1920 841 non
1948 784 2144 840 valeat.

648 879 736 934 IV.
767 878 1089 934 Sacerdotes
1114 876 1197 931 vel
1246 877 1556 947 quicunque
1584 876 1658 931 illi
1685 884 1812 932 sunt
1839 875 2034 944 quibus
2060 888 2150 929 ec-

579 970 1002 1026 rlesiasticarttm
1028 981 1206 1021 rerum
1222 983 1353 1022 cura
1382 967 1666 1022 commissa
1692 974 1793 1030 est,
1817 978 2151 1035 quaecunque

582 1059 1066 1115 administrationis
1106 1074 1215 1113 suae
1248 1067 1488 1128 tempore
1515 1059 1778 1123 etnerint,
1812 1057 1857 1111 si
1897 1055 1962 1111 de
1992 1055 2153 1110 rebus

581 1153 846 1223 propriis,
880 1151 964 1207 vel
991 1151 1114 1214 vile,
1141 1150 1225 1207 vel
1255 1167 1444 1221 parum
1487 1150 1790 1213 habuerint,
1819 1151 1886 1204 ad
1914 1148 2153 1204 ecclesia:

584 1258 777 1298 nomen
799 1284 812 1308 ,
850 1242 936 1298 cui
967 1242 1274 1296 chartarum
1320 1250 1557 1310 praesunt
1605 1241 1962 1295 instrumenta
1988 1237 2149 1293 conflo

586 1348 730 1398 cere,
770 1341 1084 1403 procurent.
1137 1331 1253 1385 Non
1307 1331 1450 1386 enim
1502 1330 1754 1386 convenit
1801 1337 1858 1383 ut
1899 1328 2150 1393 ecclesia,

594 1439 715 1494 quae
762 1424 988 1494 suspicit
1035 1431 1321 1478 externum
1371 1419 1565 1477 efﬁciat
1619 1421 1672 1475 in
1706 1420 1882 1475 alieno
1909 1417 2150 1482 divitem,

589 1524 644 1570 et
671 1516 724 1570 in
753 1531 854 1572 suo
877 1516 1111 1570 retineat
1140 1513 1524 1570 fraudatorem.
1562 1511 1626 1567 Hi
1659 1526 1786 1568 vero
1813 1510 1904 1581 qui
1932 1524 2152 1566 suarum

591 1621 770 1662 rerum
821 1616 1116 1662 noscuntur
1170 1606 1371 1661 habere
1413 1604 1900 1674 compendium,ex
1926 1602 2072 1656 omni
2099 1616 2156 1656 re

591 1712 750 1766 quam
765 1696 1252 1767 postordinationis
1275 1711 1385 1750 sua)
1403 1695 1543 1750 diem
1565 1695 1662 1750 visi
1685 1703 1810 1750 sunt
1838 1694 2152 1766 acquisisse,

2253 520 2344 565 aut
2370 510 2514 565 fraus
2535 525 2640 564 non
2658 511 2964 565 inveniatur
2986 511 3150 565 illata.
3173 511 3321 580 Quod
3345 515 3392 569 si
3415 516 3686 588 presbyteri
3697 533 3766 578 aut

2253 603 2465 659 diaconi
2521 602 2740 668 fuerint,
2791 619 2925 673 quos
2965 602 3166 659 obiisse
3204 606 3538 671 constiterit,
3566 625 3658 664 non
3680 612 3767 670 sine

2252 695 2526 766 agnitione
2559 695 2639 749 sui
2673 695 2910 764 episcopi
2956 709 3067 750 rem
3099 693 3214 762 ejus
3244 695 3545 753 haeredibus
3564 701 3692 756 adire
3717 704 3763 757 li-

2253 785 2416 843 cebit.
2447 785 2704 856 Quisquis
2732 801 2863 842 sane
2895 793 3018 856 post
3043 785 3156 840 haec
3185 794 3547 856 transgressor
3571 790 3768 848 inventus

2253 877 2552 945 exstiterit,
2602 892 2702 948 pro
2768 879 2853 934 his
2911 894 3031 948 qua:
3085 892 3190 932 non
3256 889 3566 949 exspectato
3622 885 3769 940 ordine

2255 971 2448 1026 adierit
2508 969 2801 1026 invasionis
2855 970 3050 1024 damno
3116 969 3252 1042 legis
3311 971 3588 1026 sententia:
3635 975 3770 1045 subj:-

2255 1063 2415 1118 cebit.

2325 1148 2457 1205 VIII.
2499 1151 2558 1208 Si
2588 1152 2839 1208 sacerdos
2881 1151 2964 1206 vel
3001 1152 3265 1216 minister,
3297 1154 3425 1208 dum
3471 1153 3769 1222 gubernacula

2257 1239 2605 1294 ecclesiarum
2659 1241 3039 1296 administrare
3089 1241 3323 1307 videtur,
3363 1250 3549 1298 contra
3601 1243 3769 1300 Palmm

2257 1332 2562 1388 sanctiones
2582 1333 2647 1388 de
2659 1332 2820 1388 rebus
2839 1333 3079 1390 ecclesiae
3097 1333 3334 1391 defuisse
3355 1335 3550 1403 aliquid
3565 1336 3772 1407 dignosci-

2258 1433 2367 1490 tur,
2398 1438 2504 1479 non
2530 1437 2596 1480 ex
2635 1423 2720 1479 die
2749 1439 2856 1493 quo
2885 1423 3007 1480 talia
3033 1425 3322 1481 scribendo
3348 1425 3615 1490 decrevit,
3635 1427 3708 1481 sed
3727 1444 3771 1483 ex

2257 1530 2366 1584 quo
2417 1515 2542 1569 talia
2598 1515 2878 1570 moriendo
2925 1515 3146 1570 definita
3183 1515 3407 1584 reliquit
3436 1517 3771 1584 supputationis

2259 1606 2392 1661 ordo
2418 1605 2705 1669 substabit,
2732 1621 2998 1676 nusquam
3027 1604 3170 1660 enim
3205 1605 3272 1660 ad
3301 1606 3592 1660 triennium
3621 1615 3771 1676 tempo-

2260 1694 2337 1749 ris
2385 1695 2677 1764 pertinebit
2722 1695 2832 1748 vita
2897 1696 3049 1751 irrite
3098 1693 3436 1765 iudicantis,
3484 1697 3604 1765 quia
3647 1707 3773 1751 status

591 1790 706 1844 sive
753 1788 932 1858 aliqua
975 1789 1083 1844 sint
1125 1789 1483 1842 instrumenta
1513 1785 1784 1854 confecta,
1812 1794 2154 1856 compensata
2191 1814 2236 1872 Β
2265 1793 2638 1840 contractnum
2682 1785 2836 1840 initia
2885 1801 2992 1841 non
3043 1787 3271 1857 sumpsit
3320 1786 3390 1840 ab
3412 1785 3611 1853 origine
3650 1791 3772 1858 :equi-

597 1890 706 1935 t‘am
743 1878 882 1948 juris
921 1880 1003 1934 sui
1032 1895 1193 1950 quam
1227 1879 1713 1935 ecclesiasticarum
1739 1892 1919 1933 rerum
1951 1877 2162 1932 habitu-

592 1971 739 2034 dine,
767 1971 812 2026 si
835 1953 897 2026 se
917 1972 1199 2041 utriusque
1222 1971 1299 2024 rei
1326 1969 1602 2040 quantitas
1615 1967 2000 2038 exaequaverit,
2023 1967 2166 2022 inter

591 2062 876 2119 ecclesiam
904 2071 958 2118 et
1000 2063 1311 2118 decedentis
1330 2062 1573 2118 hzeredes
1599 2077 1752 2131 :equo
1777 2061 1895 2130 iure
1939 2061 2164 2130 conqui-

592 2155 717 2209 sitio
740 2155 1052 2224 pertinebit.
1089 2153 1146 2209 Si
1187 2161 1366 2208 autem
1405 2153 1656 2222 quaelibet
1688 2167 1816 2222 pars
1849 2149 2040 2218 majori
2069 2165 2164 2205 cu-

598 2243 747 2297 mulo
772 2244 853 2298 sui
876 2242 1019 2310 juris
1040 2243 1364 2308 excreverit,
1394 2241 1648 2310 majorem
1685 2241 1983 2311 portionem
2000 2241 2162 2295 etiam

593 2331 648 2385 i’n
677 2331 941 2388 divisione
988 2331 1269 2402 percipiet.
1302 2331 1618 2402 Quicunque
1642 2345 1774 2386 vero
1799 2331 1865 2386 de
1890 2329 2164 2401 praedictis

594 2423 964 2479 sacerdotibus
1017 2423 1099 2478 vel
1137 2422 1402 2479 ministris
1447 2438 1545 2493 pro
1595 2424 1676 2478 sui
1732 2423 1966 2478 utilitate
2002 2431 2164 2492 atque

596 2513 834 2568 amicitia
858 2512 938 2568 vel
976 2513 1338 2584 praestatione,
1379 2522 1470 2566 aut
1515 2526 1835 2583 quocunque
1857 2511 2038 2576 modo,
2072 2519 2164 2566 aut

595 2620 694 2673 per
729 2604 1012 2672 scriptura:
1059 2604 1253 2658 seriem
1294 2603 1493 2672 aliquid
1541 2602 1838 2658 meruerint
1863 2616 1893 2655 a
1923 2599 2163 2672 quolibet

596 2695 912 2764 praecipere,
941 2695 992 2748 in
1025 2693 1184 2749 rebus
1212 2693 1590 2749 ecclesiasticis
1616 2710 1722 2749 non
1761 2703 1917 2764 poter
1938 2703 2035 2748 unt
2059 2709 2161 2748 nu-

597 2785 812 2848 merari,
847 2785 939 2840 sed
961 2785 1107 2854 quod
1129 2785 1322 2840 exinde
1351 2784 1618 2838 voluerint
1638 2783 1815 2838 facere
1845 2784 1896 2838 in
1927 2784 2160 2854 ipsorum

594 2876 887 2931 voluntatis
910 2877 1134 2932 arbitrio
1155 2875 1473 2945 subiacebit,
1501 2877 1625 2946 quia
1649 2877 1693 2931 si
1720 2877 1821 2932 hoc
1837 2885 1957 2947 post
1975 2891 2160 2931 eorum

595 2976 824 3020 mortem
880 2965 1241 3020 inordinatum
1288 2965 1518 3020 fortasse
1563 2967 1903 3030 remanserit,
1934 2965 2162 3021 ecclesia

592 3058 707 3111 lucc
727 3057 826 3110 sibi
849 3056 933 3110 cui
965 3055 1194 3124 praefuit.
1225 3056 1305 3112 vel
1329 3059 1574 3112 minister
1594 3059 1877 3122 exstiterit,
1897 3058 1948 3112 in
1974 3073 2165 3130 perpe-

594 3157 742 3200 tuum
763 3146 1075 3202 vindicabit.

2267 1875 2413 1931 tatis.

2334 1965 2426 2021 IX.
2456 1965 2726 2038 Plerique,
2763 1968 2890 2024 dum
2928 1970 3131 2040 rapinis
3169 1969 3384 2024 inhiant
3407 1977 3585 2025 utnon
3609 1969 3774 2031 debent.

2263 2068 2359 2115 aut
2403 2060 2770 2116 miserationis
2807 2077 2942 2131 opus
2985 2062 3248 2133 condigne
3297 2079 3406 2118 non
3459 2063 3679 2134 implent,
3714 2075 3776 2118 aut

2265 2149 2504 2204 indebita
2556 2150 2655 2220 ipsi
2691 2151 3024 2207 miserationi
3069 2153 3264 2208 damna
3307 2155 3638 2224 permiscent.
3670 2155 3776 2209 Ideo-

2267 2254 2372 2310 que
2423 2256 2495 2297 ne
2550 2241 2780 2312 amplius
2837 2243 3206 2300 misericordia
3257 2260 3397 2315 opus
3439 2247 3775 2301 exsecrabiliter

2269 2332 2506 2400 labatur,
2539 2334 2590 2390 id
2616 2336 2890 2391 communi
2921 2336 3140 2392 decreto
3166 2338 3442 2393 sancimus
3467 2347 3544 2397 ut.
3565 2354 3668 2392 cum
3685 2352 3776 2406 pon-

2268 2423 2467 2481 tificem
2498 2426 2636 2480 mori
2663 2427 2968 2498 contigerit,
2993 2429 3278 2498 episcopus
3300 2428 3395 2499 qui
3423 2430 3488 2485 ad
3513 2429 3774 2483 humandum

2265 2527 2459 2583 corpus
2503 2514 2801 2579 advenerit,
2852 2515 3133 2587 descriptis
3179 2518 3450 2573 thesauris
3483 2527 3632 2586 atque
3657 2533 3772 2571 orna-

2267 2603 2462 2658 mentis
2476 2604 2742 2669 omnibus,
2767 2605 2811 2660 si
2832 2604 3069 2676 locuples
3084 2607 3392 2662 decedentis
3409 2607 3622 2662 ecclesia
3641 2607 3772 2667 fuerit,

2268 2707 2373 2746 non
2404 2691 2634 2762 amplius
2673 2707 2833 2764 quam
2879 2693 3070 2749 libram
3102 2697 3215 2750 auri
3244 2697 3485 2766 exceptis
3511 2698 3775 2752 ornamentis

2267 2781 2508 2838 ecclesia:
2557 2798 2677 2837 cum
2706 2784 2876 2856 gratia
2906 2781 3248 2840 offerentium
3299 2785 3515 2841 auferre
3551 2794 3771 2858 pertentet.

2268 2872 2324 2929 Si
2355 2889 2480 2930 vero
2505 2873 2682 2930 minor
2711 2876 2871 2930 rebus
2901 2876 3190 2942 exstiterit,
3217 2876 3494 2931 dimidiam
3519 2877 3681 2932 libram
3705 2876 3773 2931 sibi

2269 2963 2491 3018 licenter
2507 2973 2747 3033 usurpet,
2773 2980 2895 3019 nam
2914 2973 2968 3019 et
2992 2966 3106 3020 haec
3120 2981 3384 3035 usurpare
3411 2968 3518 3037 ipsa
3545 2965 3662 3019 ratio
3676 2965 3773 3018 nulla

2268 3054 2624 3123 permitteret,
2651 3054 2754 3109 nisi
2783 3052 2899 3122 ejus
2918 3056 3008 3124 qui
3041 3056 3294 3110 convenit
3319 3054 3603 3112 sacerdotis
3625 3054 3773 3123 injuria

2273 3141 2720 3212 contemplatione
2767 3144 3063 3212 antiquitas
3103 3143 3204 3198 hoc
3244 3155 3505 3214 usurpata
3547 3153 3771 3199 servasset.

667 3233 729 3287 V.
769 3233 926 3289 Bona!
955 3236 1030 3290 rei
1059 3236 1186 3291 dare
1222 3235 1543 3300 consultum,
1590 3245 1644 3291 et
1671 3237 1950 3305 prtesentis
2000 3237 2164 3292 hahe-
2191 3211 2235 3272 (ἶ
2267 3229 2435 3288 Porro
2480 3211 2641 3287 breve
2670 3211 3060 3303 descriptarmn
3111 3249 3287 3289 rerum
3331 3211 3431 3290 sub
3463 3235 3591 3289 fideli
3622 3235 3772 3287 ratione

598 3331 686 3380 tur
715 3325 836 3380 vita:
870 3326 1165 3381 subsidium
1194 3335 1247 3381 ct
1273 3339 1470 3381 aeterne
1497 3328 1947 3383 remunerationis
1973 3344 2164 3399 exspe-

597 3418 741 3471 ctari'
792 3419 1030 3471 cernitur
1081 3419 1380 3487 prtemium.
1437 3419 1692 3489 Quisquis
1738 3421 1917 3491 itaque
1965 3422 2166 3491 episco-

593 3524 783 3579 porum
842 3510 894 3564 in
953 3511 1205 3579 parochia
1265 3523 1360 3567 sua
1409 3516 1793 3569 monasterium
1854 3525 2166 3572 construere

596 3606 735 3659 forte
784 3605 1031 3671 voluerit,
1086 3608 1268 3663 ethoc
1303 3609 1461 3664 rebus
1490 3608 1732 3664 ecclesize
1774 3608 1860 3663 cui
1914 3608 2167 3679 praesidet

594 3695 869 3762 ditaverit,
893 3713 996 3752 non
1017 3699 1244 3768 amplius
1265 3687 1460 3754 ibidem
1484 3716 1643 3770 quam
1664 3700 2165 3770 quinquagesimam

593 3797 802 3854 partem
832 3788 959 3843 dare
989 3789 1229 3854 debebit,
1257 3799 1316 3844 ut
1346 3791 1446 3845 hac
1477 3789 1884 3860 temperamenti
1913 3790 2166 3858 :equitate

593 3887 804 3932 servata
827 3887 882 3932 et
907 3880 992 3933 cui
1023 3880 1208 3935 tribuit
1230 3889 1540 3949 competens
1569 3881 1864 3936 subsidium
1893 3881 2160 3946 conferat,

596 3977 650 4019 et
697 3969 782 4022 cui
830 3967 965 4022 tollit
1005 3968 1200 4023 damna
1255 3970 1438 4041 gravia
1478 3985 1583 4025 non
1613 3968 1831 4041 infligat.
1864 3970 2159 4026 Ecclesium

591 4073 720 4114 vero
757 4073 876 4129 qua:
924 4062 1234 4116 monasticis
1261 4076 1364 4116 non
1410 4061 1787 4119 informabitur
1830 4064 2046 4134 regulis,
2072 4073 2166 4118 aut

592 4163 751 4216 quam
787 4165 887 4219 pro
916 4151 1030 4205 suis
1064 4151 1409 4219 magnificare
1448 4152 1678 4208 noluerit
1712 4154 2024 4223 scripturis,
2055 4171 2160 4210 non

594 4241 825 4312 amplius
862 4259 1020 4312 quam
1066 4245 1410 4299 centesimam
1439 4253 1645 4315 partem
1691 4261 1888 4302 census
1921 4247 2165 4303 ecclesiae

590 4333 677 4388 cui
707 4334 956 4403 praesidet
985 4335 1179 4391 ibidem
1224 4337 1470 4393 conferre
1499 4337 1700 4402 licebit,
1730 4353 1794 4394 ea
1833 4348 2010 4393 tamen
2038 4354 2165 4393 cau-

591 4425 694 4480 tela
715 4435 949 4491 servata,
992 4434 1050 4480 ut
1073 4443 1236 4482 unam
1262 4431 1628 4484 tantummodo
1659 4446 1778 4499 qua:
1803 4430 2067 4499 placuerit
2094 4445 2166 4486 ex

589 4516 795 4571 duabus
829 4521 1310 4574 remunerationem
1343 4530 1597 4576 assumat.

2265 3323 2352 3379 hic
2394 3323 2484 3392 qui
2536 3323 2822 3394 descripsit
2865 3324 3098 3394 dirigere
3148 3325 3559 3394 metropolitano
3597 3321 3771 3378 curabit.

2267 3415 2709 3485 Metropolitanus
2754 3425 2934 3471 autem
2977 3431 3040 3470 ex
3069 3416 3258 3471 eadem
3310 3417 3582 3472 morientis
3605 3412 3772 3470 ecclesia

2263 3505 2397 3560 nihil
2419 3520 2638 3578 prorsus
2655 3505 2869 3561 auferre
2885 3515 3191 3575 praesumat,
3207 3507 3302 3561 sed
3324 3507 3490 3562 solam
3505 3521 3612 3576 qua:
3623 3504 3676 3558 ad
3688 3517 3773 3558 eum

2265 3599 2497 3668 pertinet
2524 3615 2706 3654 curam
2733 3600 3024 3654 salutarem
3056 3599 3357 3669 impendat.

2333 3691 2402 3746 Χ.
2428 3691 2559 3746 Cum
2607 3692 2787 3747 multae
2827 3707 2990 3762 super
3014 3693 3408 3749 incontinentia
3440 3692 3629 3748 ordinis
3653 3687 3770 3743 cleri-

2265 3797 2448 3838 corum
2489 3783 2745 3839 hactenus
2793 3786 3162 3840 emanaverint
3191 3787 3476 3840 sententia:
3501 3785 3705 3844 Patrum,
3728 3786 3765 3831 et

2266 3874 2567 3930 nullatenus
2599 3876 2834 3946 ipsorum
2877 3874 3097 3930 formari
3141 3877 3380 3946 quiverit
3422 3874 3661 3931 correctio
3691 3883 3771 3924 mo-

2265 3982 2404 4032 rum,
2435 3981 2602 4035 usque
2633 3967 2770 4022 adeo
2807 3967 3126 4022 sententiam
3150 3967 3504 4037 judicantium
3534 3970 3768 4037 protracta-

2263 4070 2391 4110 vere
2421 4057 2703 4112 commissa
2735 4057 3032 4127 culparum,
3084 4066 3142 4110 ut
3193 4073 3299 4113 non
3351 4066 3548 4112 tantum
3589 4055 3765 4108 ferretur

2266 4146 2397 4200 ultio
2426 4145 2480 4200 in
2519 4146 2829 4201 auctoribus
2857 4145 3146 4210 scelerum,
3175 4161 3368 4202 verum
3397 4156 3451 4202 et
3491 4148 3541 4201 in
3573 4138 3767 4213 progenie

2263 4237 2661 4292 damnatorum.
2693 4237 2921 4308 Ideoque
2949 4237 3174 4308 quilibet
3203 4238 3270 4292 ab
3300 4238 3544 4308 episcopo
3566 4226 3763 4300 usquead

2265 4327 2651 4382 subdiaconum
2677 4328 2927 4398 deinceps
2949 4327 3030 4383 vel
3051 4343 3119 4383 ex
3145 4327 3372 4391 ancillaz,
3395 4327 3476 4382 vel
3500 4340 3560 4379 ex
3581 4323 3763 4391 ingenua!

2265 4417 2579 4473 detestanda
2603 4418 2870 4474 connubio
2897 4419 2948 4473 in
2975 4419 3179 4473 honore
3215 4417 3492 4472 constituti
3528 4414 3646 4469 filios
3665 4421 3756 4480 pm-

2265 4518 2534 4576 crearent,
2567 4509 2642 4564 illi
2665 4510 2880 4579 quidem
2905 4523 2973 4563 ex
2999 4509 3194 4579 quibus
3222 4508 3390 4579 geniti
3420 4507 3680 4577 probantur
3701 4511 3763 4550 ca-

664 4606 754 4665 Vl.
793 4606 925 4664 Cum
969 4609 1257 4678 praeteritis
1286 4611 1653 4665 sanctionibus
1684 4611 2023 4666 nolissnnum
2063 4613 2159 4666 ha-
2193 4579 2240 4637 ί)
2269 4602 2458 4656 nonica
2485 4615 2713 4655 censura
2739 4600 3077 4654 damnentur.
3109 4598 3295 4655 Proles
3321 4607 3495 4654 autem
3518 4596 3663 4650 aliena
3684 4586 3763 4658 ροιο

590 4697 801 4762 beatur,
833 4698 1032 4766 qtuede
1060 4699 1219 4752 rebus
1246 4700 1630 4768 parot‘hialium
1661 4701 2012 4756 ecclesiarum
2035 4717 2162 4773 pars

587 4788 838 4856 episcopo
872 4787 1200 4851 conferatur,
1229 4799 1526 4859 opportune
1567 4800 1743 4844 tamen
1779 4791 2030 4846 duximus
2071 4791 2162 4846 de-

593 4877 943 4940 cernendum,
979 4878 1103 4930 utsi
1131 4879 1412 4948 episcopus
1441 4879 1651 4933 tertiam
1674 4895 1835 4949 quam
1888 4880 1956 4934 de
1999 4881 2161 4935 rebus

589 4965 790 5018 eisdem
813 4966 1094 5021 sanctione
1123 4967 1328 5036 pariter
1349 4968 1454 5022 sibi
1476 4968 1710 5023 debitam
1733 4969 1904 5034 novit,
1939 4977 2032 5024 aut
2059 4971 2159 5040 ipsi

585 5054 829 5110 ecclesiae
858 5055 1012 5126 cujus
1041 5072 1126 5112 res
1162 5071 1283 5112 esse
1324 5059 1557 5127 patebit,
1590 5061 1880 5116 aut-alteri
1914 5061 2157 5116 ecclosiae

589 5146 676 5199 eui
711 5143 870 5216 elegit
909 5146 1155 5203 conferre
1175 5148 1498 5212 decreverit,
1521 5157 1576 5203 et
1600 5149 1806 5204 licitum
1847 5159 2063 5204 maneat
2105 5158 2162 5205 et

595 5235 946 5290 irrevocabile
971 5236 1134 5290 robur
1163 5236 1282 5306 ejus
1304 5238 1570 5292 sententia
1594 5238 1754 5292 ferat.

660 5325 768 5380 νη.
818 5325 1108 5397 Propinqui
1150 5329 1428 5383 morientis
1463 5329 1701 5398 episcopi
1741 5329 1876 5383 nihil
1900 5329 1967 5382 de
2001 5331 2160 5385 rebus

582 5417 697 5484 ejus
744 5415 948 5485 absque
980 5417 1373 5487 metropolitani
1409 5417 1712 5488 cognitione
1737 5431 2000 5486 usurpare
2023 5432 2158 5485 prte-

581 5517 831 5574 sumant;
885 5508 1027 5577 quod
1067 5509 1110 5562 si
1155 5509 1201 5564 is
1251 5509 1340 5578 qui
1388 5508 1674 5564 recesserit
1715 5507 2158 5577 metropolitanus

584 5602 760 5666 iverit,
784 5614 1124 5656 successores
1147 5601 1466 5654 sententiam
1485 5600 1601 5669 ejus
1623 5609 1716 5654 aut
1737 5599 2023 5654 concilium
2045 5614 2156 5653 sus-

587 5691 844 5758 tinebunt,
879 5709 944 5750 ne
975 5693 1176 5760 passim
1207 5693 1536 5748 ha‘reditatis
1581 5692 1838 5746 adeundae
1880 5691 2056 5748 danda
2084 5690 2150 5744 li-

2267 4690 2468 4746 lutione
2513 4707 2618 4746 non
2657 4690 2828 4746 solum
2855 4691 3228 4746 haereditatem
3255 4699 3532 4760 parentum
3561 4692 3760 4750 nusquam

2265 4782 2512 4853 accipiet,
2545 4783 2638 4838 sed
2668 4783 2832 4837 etiam
2872 4783 2927 4837 in
2971 4782 3287 4838 servitutem
3331 4781 3446 4852 ejus
3471 4774 3690 4834 ecclesiae,
3714 4767 3761 4820 de

2264 4873 2417 4944 cujus
2465 4872 2762 4929 sacerdotis
2817 4871 2900 4926 vel
2948 4871 3181 4926 ministri
3232 4869 3519 4941 ignominia
3555 4861 3647 4920 nati
3673 4868 3760 4912 sunt

2257 4965 2380 5035 jure
2415 4964 2635 5035 perenni
2665 4964 2978 5018 manebunt.

2334 5056 2425 5110 XI.
2457 5055 2558 5122 Qui
2583 5071 2649 5112 ex
2686 5053 2900 5109 familiis
2936 5051 3180 5108 ecclesiae
3221 5048 3468 5107 servituri
3497 5046 3756 5102 devocanwf

2265 5149 2316 5202 in
2343 5146 2545 5201 clerum
2573 5145 2640 5200 ab
2667 5143 2932 5214 episcopis
2960 5143 3093 5206 suis,
3125 5141 3385 5196 libertatis
3413 5146 3612 5193 necesse
3632 5134 3694 5182 est
3715 5129 3753 5174 ul

2263 5235 2561 5306 percipiant
2587 5234 2805 5298 donum,
2827 5241 2881 5288 et
2906 5233 2950 5287 si
2979 5233 3218 5287 honesta:
3247 5231 3370 5286 vita:
3396 5221 3654 5284 claruerint
3674 5227 3754 5268 me-

2267 5327 2404 5390 ritis,
2438 5333 2550 5380 tum
2582 5325 2795 5380 demum
2823 5323 3116 5391 majoribus
3140 5321 3430 5392 fungantur
3446 5313 3625 5373 ofliciis.
3648 5308 3751 5374 θυοδ

2265 5431 2393 5470 vero
2415 5414 2600 5484 flagitii
2627 5413 2982 5469 sordidaverit
2999 5411 3376 5482 incorrigibilis
3388 5422 3534 5471 noxa,
3556 5403 3750 5474 peff’em

2265 5506 2497 5561 servitus
2521 5505 2844 5561 conditionis
2872 5503 3060 5574 religet
3082 5503 3135 5557 in
3162 5511 3370 5558 catena.

2334 5595 2446 5650 XII.
2492 5597 2548 5651 Si
2589 5596 2845 5651 sacerdos
2891 5593 3194 5649 libertatem
3233 5593 3403 5648 servis
3429 5583 3748 5644 ecclesiam"-

2264 5687 2406 5744 ferre
2446 5688 2693 5754 voluerit,
2725 5703 2826 5742 non
2856 5701 2883 5739 a
2908 5687 2994 5742 die
3022 5685 3370 5742 confectionis
3394 5683 3623 5739 scrin!!!"
3653 5678 3750 5722 ¹ε¹¹¹⁶
