3888 6434
116 338 206 396 525

1299 323 1782 388 DECRETALIUM
1821 320 2225 379 COLLECTIO.

3240 312 3370 370 5'26-

115 466 203 523 pus
245 460 502 504 annorum
557 453 923 516 computatum
995 445 1228 510 tenebit,
1288 444 1381 498 sed
1434 457 1502 498 ex
1565 456 1672 510 quo
1699 439 1747 498 Α
1777 431 1910 486 nihil
1970 431 2152 486 licebit
2194 430 2249 483 in
2287 436 2603 523 extraneum
2633 423 2934 523 dominium
2967 424 3354 523 ntrattsactipue

115 560 223 600 eum
258 541 346 614 qui
383 540 706 612 scripturam
755 537 988 594 confecit
1035 539 1216 593 verius
1279 537 1476 592 obiisse
1535 550 1664 590 con—

113 636 313 696 stiterit.

172 727 296 784 XIII.
341 725 669 781 Execssibus
712 725 1032 779 libertorum
1077 722 1321 778 ecclesim
1349 721 1665 792 plerumque

112 827 369 891 paternam
394 815 640 870 videmus
677 813 961 869 ecclesiam
992 814 1338 877 conversari,
1371 821 1426 866 et
1459 812 1663 882 bicipiti

113 911 267 967 coacti
311 923 498 964 sumus
537 907 692 962 tmdio
729 906 1056 969 condolere,
1094 920 1234 971 uno,
1259 905 1386 960 dum
1415 904 1664 974 superbia

115 1000 407 1057 reluctantis
428 1008 621 1054 auctor
635 997 1003 1053 contemnitur
1024 998 1310 1060 libertatis,
1327 996 1519 1061 altero,
1537 996 1665 1051 dum

114 1094 310 1147 libertas
337 1090 704 1160 superbientis
735 1089 787 1143 in
827 1088 1194 1143 conditionem
1240 1086 1408 1142 relabi
1456 1087 1668 1158 cogitur

113 1182 382 1239 servitutis.
425 1181 550 1236 Ideo
597 1196 719 1235 cum
748 1178 860 1249 jam
901 1179 1191 1250 praeteritis
1218 1177 1440 1233 Patrum
1471 1177 1668 1247 regulis

116 1274 272 1330 multae
297 1287 458 1343 super
487 1273 588 1328 hoc
612 1273 840 1327 diversae
864 1271 1270 1327 constitutionis
1295 1270 1670 1326 emanaverint

115 1364 430 1427 sanctiones,
481 1373 660 1418 tamen
713 1363 984 1433 quoddam
1040 1362 1093 1416 in
1150 1361 1539 1432 plenitudinem
1589 1361 1668 1415 rei

116 1462 276 1525 aptum
296 1454 679 1523 conspeximus
704 1454 878 1508 adhuc
898 1454 1170 1508 innectere
1195 1452 1665 1522 complementum.

115 1546 259 1617 Igitur
306 1545 447 1600 sicut
493 1544 672 1617 legum
724 1545 1020 1599 reverenda
1068 1545 1276 1600 sanctio
1312 1543 1556 1608 censuit,
1597 1544 1671 1599 ita

116 1637 295 1691 servari
320 1636 487 1690 totius
509 1635 878 1705 generationis
901 1636 1153 1690 nobilitas
1175 1635 1343 1700 dedit,
1367 1636 1501 1690 utin
1526 1634 1671 1690 nullo

117 1727 264 1782 aliena
299 1727 612 1782 commistio
640 1727 893 1792 maculet,
915 1727 1058 1797 quod
1088 1726 1422 1798 generositas
1451 1726 1669 1797 prottria

115 1821 380 1876 decoravit.
444 1819 602 1875 Unde
646 1821 856 1876 cunctis
899 1820 1256 1875 ecclesiarum
1280 1819 1507 1885 libertis,
1560 1829 1668 1874 tam

1786 1798 2002 1836 summts

115 1912 225 1966 viris
247 1927 405 1980 quam
453 1909 675 1966 feminis
710 1926 1006 1982 eorumque
1033 1913 1336 1984 propagini,
1394 1913 1668 1967 interdici-

117 2015 190 2061 tur
210 2007 402 2078 judicio
430 2006 697 2078 generali,
730 2022 795 2060 ne
825 2005 1081 2077 deinceps
1100 2021 1260 2061 causa
1291 2007 1544 2062 connubii
1573 2015 1670 2060 aut

116 2098 344 2154 Romanis
388 2099 640 2169 ingenuis
686 2097 1003 2168 copulentur
1043 2106 1136 2152 aut
1176 2097 1388 2154 Gothis.
1430 2096 1582 2164 Quod
1626 2097 1671 2154 si

118 2188 202 2242 hoc
248 2186 444 2243 factum
496 2187 822 2258 quandoque
871 2188 1127 2257 patuerit,
1176 2188 1528 2258 permistione
1578 2187 1672 2241 tall

122 2280 260 2350 128
295 2281 472 2348 genita
506 2281 690 2348 proles
733 2297 1007 2349 nunquam
1049 2283 1453 2353 merebiturjus
1480 2282 1675 2337 debitae

117 2369 395 2440 dignitatis,
438 2387 545 2426 nec
568 2371 810 2426 ecclesiae
849 2388 1084 2441 unquam
1120 2373 1328 2428 carebit
1376 2372 1672 2442 obsequiis,

120 2462 246 2531 cujus
278 2464 546 2520 beneficio
576 2465 778 2520 donum
829 2467 1090 2520 meruisse
1118 2467 1362 2521 noscitur
1385 2465 1672 2521 libertatis.

175 2553 294 2608 XIV.
337 2555 392 2610 Si
433 2557 716 2628 contingat
741 2572 1115 2627 quemcunque
1141 2559 1220 2628 .de
1263 2557 1469 2614 libertis
1505 2558 1679 2613 eccle-

121 2645 197 2700 sia:
233 2662 531 2718 eorumque
561 2648 848 2718 prosapia},
898 2659 1087 2704 contra
1141 2651 1427 2721 primmvas
1463 2650 1676 2706 moder-

120 2751 296 2805 nasque
349 2737 580 2792 Patrum
614 2739 853 2809 regulas,
893 2749 986 2794 aut
1029 2740 1244 2807 Gothis,
1274 2751 1366 2796 aut
1422 2742 1680 2798 Romanis

121 2826 334 2898 ingenius
371 2831 640 2900 c0pulari,
685 2839 791 2885 tam
825 2831 930 2886 illis
967 2847 1129 2902 quam
1167 2849 1351 2888 eorum
1395 2834 1549 2904 stirpi
1576 2850 1680 2889 non

121 2916 278 2976 licebit
300 2922 365 2976 ab
387 2923 635 2978 ecclesia:
679 2925 982 2994 patrocinio
1015 2927 1250 2998 evagari,
1284 2927 1377 2982 sed
1405 2929 1472 2982 ad
1504 2929 1682 2982 debila

123 3005 351 3079 obsequia
381 3013 586 3069 reverti
611 3015 835 3084 cogendi
879 3024 1034 3081 sunt;
1064 3025 1158 3071 aut
1206 3018 1248 3072 si
1282 3017 1458 3072 redire
1495 3017 1681 3074 nolue-

127 3101 232 3165 rint,
261 3118 593 3176 quaecunque
632 3107 715 3162 vel
748 3117 1004 3176 parentes
1041 3111 1335 3165 corumch
1362 3113 1463 3184 ipsi
1495 3113 1562 3167 ab
1592 3129 1683 3170 ec-

126 3192 262 3249 clesia
283 3206 404 3251 sunt
426 3199 640 3267 adepti,
663 3199 746 3254 vel
774 3200 956 3264 ineius
972 3203 1272 3272 patrocinio
1290 3205 1385 3258 visi
1412 3212 1536 3259 sunt
1552 3221 1684 3260 con-

126 3287 344 3355 quisisse,
387 3291 680 3347 insistente
730 3293 1008 3365 pontiﬁce,
1059 3295 1113 3349 iu
1156 3295 1415 3350 ditionem
1459 3298 1691 3367 proprias

127 3377 422 3437 reducantur
457 3382 724 3439 ecclesiae.

185 3489 286 3546 XV.
336 3493 594 3552 Ecclesiae
631 3498 809 3553 libertt
844 3517 1139 3572 eorumque
1193 3505 1479 3576 progenies
1513 3507 1686 3562 eidem

125 3580 348 3652 basilicae,
373 3589 440 3643 de
469 3604 582 3659 qua
609 3588 878 3648 libertatis
901 3596 1132 3664 gratiam
1160 3607 1494 3663 meruerunt,
1524 3600 1688 3655 obse-

127 3681 231 3748 quia
275 3695 548 3756 prompta,
598 3688 916 3760 sinceraque
963 3692 1252 3762 parabunt,
1305 3684 1429 3762 quia
1464 3695 1605 3750 sicut
1631 3696 1684 3749 in

127 3769 213 3829 hoc
235 3775 485 3850 obsequio
519 3796 616 3850 pro
654 3783 1014 3851 possibilitate
1057 3785 1140 3840 sui
1165 3788 1309 3854 quod
1347 3785 1503 3842 utiles
1538 3787 1688 3856 inge-

128 3865 205 3918 nui
231 3869 445 3937 dabunt,
497 3873 574 3926 ita
624 3889 838 3944 quoque
882 3877 934 3930 in
979 3877 1360 3933 emendatione
1406 3877 1686 3948 culparum

129 3957 250 4021 quod
281 3958 492 4016 inutiles
515 3963 731 4032 ingenui
761 3965 1124 4020 sustinebunt.

188 4041 311 4099 XVI.
359 4049 593 4105 Libertis
641 4051 886 4108 ecclesia:
939 4068 1234 4124 eorumque
1283 4057 1563 4127 propagini
1619 4072 1683 4112 ex

131 4136 351 4194 omnibus
390 4158 512 4212 qua:
535 4143 602 4198 de
647 4142 769 4212 jure
817 4145 1058 4200 ecclesim
1104 4157 1402 4203 noscuntur
1457 4151 1677 4215 habere,

1765 535 2087 592 quacunque
2111 519 2400 581 deducere,
2433 515 2527 572 sed
2555 516 2600 570 si
2626 530 2693 569 ex
2721 513 2806 569 his
2843 513 3094 584 qumlibct
3119 513 3354 569 vendere

1663 680 1670 689 .
1766 610 2001 665 fortasse
2026 608 2311 670 voluerint,
2342 606 2609 661 sacerdoti
2646 603 2886 673 ejusdem
2933 603 3175 659 ecclesite
3219 603 3351 658 olfe—

1768 709 1889 754 rant
1906 699 2292 753 convenienter
2311 696 2558 761 emenda,
2578 710 2875 764 earumque
2901 709 3079 750 rerum
3103 696 3275 766 pretia
3291 705 3349 750 ut
3374 689 3404 708 ’

1768 791 1848 845 eis
1875 789 2139 861 placuerit
2159 795 2254 841 aut
2275 787 2606 856 dispensent,
2633 793 2725 840 aut
2746 786 3000 842 habeant.
3029 784 3162 840 Nam
3201 797 3256 842 et
3285 787 3340 841 in

1767 880 2064 936 dominium
2097 877 2269 948 partis
2307 876 2533 930 alterius
2557 875 2632 930 rei
2666 889 2776 930 sua:
2798 890 3020 930 censum
3041 875 3352 931 nullomodo

1770 974 2004 1030 transire
2033 973 2421 1044 permittimus.
2461 971 2586 1026 Suis
2611 986 2738 1041 ergo
2771 969 2892 1027 filiis
2919 971 3000 1026 vel
3037 972 3363 1042 propinquis-

1769 1065 2009 1135 ejnsdem
2057 1065 2301 1120 ecclesia:
2335 1063 2416 1118 vel
2463 1065 2686 1119 servitio
2720 1065 2801 1118 vel
2840 1065 3144 1134 patrocinio
3175 1063 3358 1133 subju-

1771 1157 1910 1228 gatis
1932 1170 2266 1226 qtuecunque
2304 1156 2539 1210 vendere
2584 1155 2668 1209 vel
2702 1157 2904 1210 donare
2949 1155 3218 1210 voluerint
3244 1154 3360 1210 adi-

1773 1255 1856 1301 tus
1879 1247 2102 1301 omnino
2135 1245 2358 1314 patebit.

1841 1335 2003 1391 XVII.
2040 1335 2303 1406 Baptizati
2332 1334 2500 1406 Judaei
2540 1350 2861 1406 quocunque
2904 1349 3022 1390 loco
3055 1345 3205 1390 certo
3231 1343 3365 1390 tem-

1771 1442 1902 1497 pore
1929 1434 2344 1491 convcrsentur,
2376 1399 2530 1481 fes‘tis
2568 1435 2748 1480 tamen
2789 1425 3074 1495 praecipuis
3105 1424 3239 1480 Novi
3261 1425 3364 1481 Tc-

1771 1515 2025 1571 stamenti
2051 1516 2192 1570 serie
2215 1516 2567 1580 consecratis,
2602 1530 2666 1570 ac
2695 1515 2884 1570 diebus
2929 1515 3034 1570 illis
3077 1530 3212 1584 quos
3237 1515 3365 1570 olim

1771 1607 2052 1659 sanctione
2073 1604 2271 1658 veteris
2300 1603 2434 1673 legis
2455 1605 2673 1659 sibimet
2695 1604 2988 1660 censebant
3015 1621 3135 1660 csse
3170 1605 3369 1661 solem-

1774 1707 1903 1758 nes,
1965 1693 2018 1747 in
2077 1692 2390 1748 civitatibus
2443 1693 2784 1763 publicisque
2841 1694 3198 1750 conventibus
3243 1709 3365 1748 cum

2051 1780 2144 1837 Dei
2175 1782 2544 1837 sacerdotibus
2591 1783 2868 1838 celebrare
2909 1784 3276 1853 praecipimus,
3311 1791 3372 1836 ut

1774 1888 1963 1928 eorum
1995 1873 2466 1929 conversationem
2488 1883 2544 1929 et
2574 1873 2731 1929 Iidem
2763 1885 2816 1928 et
2839 1874 3075 1944 pontifex
3101 1875 3363 1945 approbet

1775 1975 1832 2020 et
1871 1965 2072 2020 veritas
2100 1973 2298 2020 servet.
2331 1965 2497 2036 llujus
2526 1980 2654 2020 vero
2678 1973 2969 2021 temerator
2992 1967 3176 2027 edicti,
3199 1973 3367 2036 prout

1776 2054 2062 2124 episcopus
2105 2055 2412 2125 permiserit
2444 2093 2461 2122 ,
2506 2065 2600 2110 aut
2656 2055 2840 2124 ﬂagris
2879 2063 2974 2110 aut
3023 2055 3368 2110 abstinentiae

1779 2145 2098 2215 subjacebit.
2142 2146 2384 2215 Expletis
2426 2147 2680 2202 omnibus
2703 2163 2823 2218 qua:
2853 2148 2918 2202 ad
2951 2147 3253 2206 honestatis
3283 2139 3371 2202 re-

1779 2235 1958 2305 gulam
2014 2236 2066 2291 in
2127 2237 2474 2293 collationem
2536 2252 2734 2294 venere
2800 2236 3140 2304 fraternam,
3195 2245 3375 2307 grates

1779 2329 2108 2385 cxsolvimus
2130 2329 2418 2384 immortali
2453 2329 2680 2384 Domino
2709 2330 2806 2386 soli
2832 2329 2986 2398 cujus
3023 2329 3377 2400 dispositione

1781 2421 2012 2476 mirabili
2039 2420 2104 2476 ad
2142 2423 2284 2477 hunc
2314 2432 2516 2477 sanctae
2555 2422 2990 2493 congregationis
3029 2430 3229 2477 emtum
3263 2437 3376 2476 me-

1785 2515 1996 2569 ruimus
2024 2513 2276 2578 aduuari,
2335 2525 2392 2568 ut
2430 2515 2738 2569 communis
2781 2515 2917 2568 visio
2956 2513 3377 2584 prosperitatetn

1781 2606 2115 2671 ostenderet,
2145 2614 2199 2659 et
2228 2603 2641 2674 parijunctione
2669 2605 3017 2661 concordiam
3047 2604 3377 2674 assignaret.

1783 2698 2145 2755 Obsecrautes
2159 2697 2277 2768 ejus
2310 2696 2742 2758 misericordiam
2778 2696 3009 2766 largam,
3052 2706 3110 2750 ut
3139 2695 3379 2751 serenis-

1783 2790 1922 2844 diuo
1944 2789 2171 2844 Domino
2198 2798 2253 2844 et
2282 2789 2498 2843 amabili
2527 2789 2765 2853 Christo,
2797 2789 3197 2844 Reccesiutttbo
3227 2788 3378 2858 priu-

1785 2879 1891 2948 cipi
1914 2878 2169 2949 glorioso,
2196 2879 2270 2932 ita
2292 2879 2574 2949 praesentis
2596 2880 2717 2934 vitae
2739 2878 3054 2935 felicitatem
3081 2877 3378 2948 impendat,

1787 2970 2121 3041 Itangclicze
2151 2970 2498 3026 beatitudinis
2537 2969 2762 3041 gloriam
2812 2979 2934 3040 post
2973 2971 3216 3041 longteva
3248 2978 3382 3025 teru-

1788 3078 1918 3131 para
1942 3064 2223 3126 concedat,
2251 3072 2415 3132 atque
2462 3063 2534 3117 ita
2566 3077 2665 3117 nos
2709 3062 2950 3134 ejusdem
2991 3061 3269 3118 fclicitatis
3291 3060 3385 3115 lae-

1715 3180 1758 3241 C
1793 3165 1874 3210 tos
1896 3155 2111 3220 efliciat,
2140 3165 2200 3209 ut
2239 3155 2291 3209 in
2322 3165 2464 3211 terra
2495 3155 2791 3211 viventium
2836 3162 3279 3212 remuneraturos
3305 3159 3385 3208 at-

1795 3245 1968 3300 tollat.
1997 3245 2353 3315 Antiquitatis
2373 3245 2570 3302 dehinc
2605 3246 2853 3302 ordinem
2904 3245 3266 3302 saluberrime
3295 3259 3383 3300 re-

1794 3336 2028 3391 tinentes
2081 3347 2368 3406 postquam
2421 3337 2687 3392 rationem
2722 3337 2843 3392 festi
2884 3336 3166 3392 Paschalis
3193 3335 3386 3390 fratcr-

1793 3427 1934 3482 nitas
1966 3436 2142 3482 vestra
2191 3429 2464 3497 cognovit,
2505 3429 2721 3486 noverit
2761 3444 2820 3484 se
2863 3445 3007 3484 anno
3036 3436 3269 3484 venturo
3293 3427 3383 3481 die
3481 3484 3492 3500 ,

1793 3517 2164 3574 Kalendarum
2203 3517 2585 3576 Novembrium
2617 3535 2779 3576 causa
2827 3519 3121 3591 peragendi
3165 3517 3383 3574 concilii

1793 3611 1846 3665 in
1880 3611 1982 3665 hac
2013 3611 2146 3665 urbe
2173 3609 2390 3666 favente
2447 3611 2675 3666 Domino
2724 3611 3067 3682 congregari,
3117 3618 3177 3664 ut
3219 3609 3384 3665 simili

1789 3702 2118 3771 disceptatu,
2157 3711 2250 3756 aut
2279 3716 2402 3772 qua:
2430 3701 2870 3772 prospexerimus
2912 3716 3153 3772 congrua
3193 3700 3384 3754 decer-

1789 3809 2002 3858 namus,
2036 3802 2128 3848 aut
2151 3793 2321 3847 solius
2346 3792 2494 3863 pacis
2530 3801 2802 3848 conventu
2834 3791 3098 3848 laetemur.
3123 3789 3386 3846 Consum-

1791 3894 1998 3940 matum
2029 3895 2116 3940 est
2161 3886 2264 3940 hoc
2294 3895 2543 3941 sanctum
2581 3885 2876 3941 concilium
2921 3885 3008 3940 die
3049 3892 3240 3940 octava
3279 3881 3386 3936 Ka-

1791 3976 2066 4032 lendarum
2097 3975 2506 4041 Novembrium,
2532 3991 2679 4032 anno
2720 3975 2954 4031 feliciter
2976 3975 3208 4046 septimo
3233 3972 3383 4042 regni

1793 4066 2127 4121 serenissimi
2157 4075 2322 4137 atque
2367 4067 2780 4124 clementissimi
2815 4066 3018 4122 domini
3049 4065 3218 4121 nostri
3242 4063 3382 4120 Rec-

1787 4155 2056 4210 cesiuntbi
2093 4157 2251 4225 regis,
2280 4171 2386 4212 tera
2416 4171 2650 4212 ncnxvu.

867 4385 1209 4444 INCIPIUNT
1241 4389 1586 4446 CAPI'I'ULA
1627 4390 1919 4447 CONCILII
1962 4364 2314 4448 TfiLETANI
2354 4391 2610 4447 DECIMI.

189 4520 237 4573 1.
273 4521 344 4578 De
374 4524 690 4579 celebritate
732 4515 1162 4580 annuntiationis
1187 4523 1504 4579 Dominicae.

190 4609 240 4666 9.
271 4614 340 4668 De
377 4616 460 4671 bis
498 4616 589 4684 qui
615 4617 874 4672 adversus
916 4617 1214 4686 principem
1241 4615 1679 4685 conjuravcrunt.

189 4701 238 4758 ὅ.
299 4706 371 4761 De
417 4708 690 4778 episcOpis
759 4709 851 4778 qui
906 4708 1250 4764 monasteriis
1313 4707 1398 4763 vel
1443 4707 1691 4762 ccclesiis

136 4799 536 4867 consanguineos
583 4815 708 4854 suos
738 4839 754 4864 ,
804 4799 886 4854 vel
937 4800 1040 4855 sibi
1087 4800 1330 4855 faventes
1369 4799 1686 4869 prteliciunt.

193 4884 240 4938 4.
277 4887 349 4943 De
397 4890 734 4959 professione
758 4901 813 4946 et
855 4891 1042 4948 habitu
1084 4893 1368 4949 viduarum
1393 4891 1688 4946 sanctimo-

138 4975 349 5034 nialium.

1718 4514 1766 4572 Ι)
1863 4525 1916 4580 5.
1959 4525 2032 4579 De
2085 4524 2587 4580 sauctimonialibus
2624 4523 2840 4580 feminis
2883 4539 3004 4595 quae
3050 4520 3381 4593 propositum

1794 4616 2126 4686 abjecerunt.

1867 4708 1921 4764 6.
1964 4694 2145 4764 Deliis
2174 4709 2266 4779 qui
2315 4709 2368 4764 in
2417 4725 2585 4781 parva
2624 4718 2785 4766 aetate
2832 4723 3019 4765 coram
3067 4712 3386 4776 parentibus

1797 4799 2079 4871 religionis
2117 4799 2358 4854 habitum
2419 4800 2713 4864 tenuerint,
2768 4798 2854 4853 vel
2903 4813 3074 4867 usque
3121 4797 3190 4852 ad
3221 4811 3360 4866 quar

1799 4898 1910 4943 tum
1963 4905 2165 4945 annum
2221 4889 2384 4946 liceat
2431 4891 2748 4960 parentibus
2801 4889 2941 4944 filios
2991 4889 3206 4944 tradere
3235 4886 3376 4957 .rcli-

1796 4997 1961 5053 gtont.

427 5200 888 5290 INCIPIT
958 5198 1626 5291 CONCILIUM
1701 5197 2438 5291 TOLETANUM
2518 5200 3070 5290 DECIMUM

1064 5349 1132 5403 IE
1141 5366 1200 5402 ra
1230 5364 1488 5411 ocnavrtt,
1518 5363 1657 5401 anno
1680 5356 1862 5402 octavo
1891 5347 2253 5403 Reccesiuntlti
2285 5348 2437 5419 regis.

200 5459 610 5519 Gratulationem
667 5463 820 5518 nobis
861 5463 1198 5534 spiritualem
1247 5461 1475 5516 contulit
1509 5459 1690 5514 divina

146 5551 315 5618 gratia,
342 5554 553 5622 quando
593 5554 782 5609 tribuit
823 5553 963 5608 inter
1014 5569 1112 5608 nos
1145 5561 1200 5609 et
1239 5551 1496 5606 salutaris
1528 5550 1690 5604 disci-

149 5635 283 5702 plina:
310 5638 660 5712 frequentiam
703 5645 990 5698 convenire
1031 5648 1099 5698 ad
1134 5642 1482 5714 paciﬁcorum
1509 5641 1684 5696 studia

147 5742 427 5803 vrtcoptata.
458 5737 809 5810 Congregatis
838 5751 968 5809 ergo
991 5737 1145 5793 nobis
1172 5746 1224 5793 ct
1251 5736 1303 5792 in
1336 5733 1680 5792 concordiam

1802 5460 1988 5524 animi,
2019 5469 2071 5513 et
2100 5459 2152 5513 in
2179 5471 2501 5515 conventum
2529 5462 2651 5530 loci,
2683 5461 2979 5519 referentes
3009 5463 3213 5534 gratias
3237 5461 3376 5518 in’ri-

1799 5550 1945 5605 sibili
1987 5549 2112 5613 Deo,
2143 5559 2197 5604 ct
2237 5550 2470 5621 glorioso
2496 5568 2679 5608 rerum
2719 5555 2936 5610 domino
2978 5554 3376 5610 Reccesiuntbo

1797 5639 1950 5710 regi,
2011 5637 2163 5706 cujus
2217 5641 2559 5697 sanctissimo
2604 5652 2731 5699 voto
2788 5653 2996 5699 retenta
3038 5644 3380 5713 paternitatis

1795 5739 1995 5787 sanctae
2026 5731 2313 5786 traditione
2348 5733 2416 5787 ad
2445 5749 2658 5790 sacrum
2685 5735 2955 5802 quivimus
2986 5733 3210 5790 adunati
3231 5748 3366 5792 con-
