3888 6432
584 292 689 353 5‘27

583 425 823 481 ventum,
852 416 949 470 has
995 419 1181 474 subter
1205 422 1982 493 annexus-.regulas‘cencordi
2024 423 2149 477 deti-

584 501 789 563 riitione
838 510 1072 579 prolatas
1118 519 1336 567 aeterna
1396 515 1686 571 statuimus
1755 529 1974 570 manere
2036 514 2152 585 lege

583 596 850 665 praefixas.
880 592 883 595 ’
1038 610 1039 613 ‘
1128 594 1131 597 ’

516 668 543 685 ⁸
652 687 780 742 Cur.
807 687 845 742 1.
865 690 938 744 De
952 690 1262 747 celebritate
1278 692 1794 749 festivitatisdivime
1805 694 2012 761 Matris,
2026 709 2148 749 cum

585 779 713 830 nihil
741 779 859 832 fidei
889 781 1171 837 sinceritas
1200 798 1297 851 per
1340 784 1708 839 diversitatem
1753 786 2036 839 adversum
2070 786 2150 838 in-

581 878 786 931 currat,
815 876 870 923 et
897 871 1156 926 unitatem
1202 874 1496 928 catholicze
1516 874 1712 943 regulae
1747 875 1981 929 varietas
2004 874 2146 927 nulla

580 960 857 1028 decerpat,
887 970 983 1015 est-
1024 972 1202 1018 tamen
1250 967 1392 1034 quod
1428 959 1545 1020 nisi
1596 976 1896 1035 temporum
1941 967 2147 1021 unitate

585 1061 856 1114 servetur,
889 1052 1251 1111 et'dissidium
1291 1055 1587 1111 indiscisste
1613 1057 1836 1110 unitatis
1880 1057 2148 1125 parturiat

574 1152 636 1193 et
678 1126 1139 1197 sacramentorum
1185 1145 1393 1200 unitate
1453 1156 1705 1201 constare
1775 1162 1881 1201 non
1943 1147 2143 1200 valeat.

570 1225 712 1284 liinc
747 1240 829 1285 est
857 1231 997 1286 enim
1027 1234 1167 1301 quod
1217 1233 1476 1288 Paschale
1525 1235 1719 1289 festum
1762 1252 1868 1291 uno
1896 1237 1983 1291 die
2007 1236 2146 1291 cele-

555 1320 795 1375 luemus
833 1331 901 1376 et‘
919 1332 1179 1393 tempore,
1228 1340 1293 1379 ne
1325 1325 1376 1379 in
1413 1322 2034 1429 Jgdaicumdecidamus
2053 1342 2143 1382 er-
2185 1366 2197 1375 .

574 1428 773 1466 rorem.
821 1413 956 1468 Hine
985 1417 1272 1470 adventum
1302 1413 1474 1471 sancti
1508 1417 1744 1487 Spiritus
1795 1427 1918 1488 post
1964 1435 2145 1474 resur-

574 1503 866 1557 rectionem
900 1502 1106 1558 Domini
1142 1506 1243 1560 nisi
1267 1516 1640 1575 exspectemus
1665 1519 1904 1576 tempore
1925 1508 2146 1564 deﬁnito

581 1590 793 1646 dierum
817 1609 1060 1660 numero,
1090 1610 1193 1648 non
1220 1611 1502 1665 possumus
1528 1596 1733 1666 impleri
1757 1596 1994 1665 ejusdem
2018 1598 2143 1670 Spi-

566 1686 725 1743 uitus
746 1684 908 1751 dono,
955 1686 1210 1754 quoniam
1257 1686 1313 1740 si
1346 1695 1495 1741 caret
1535 1688 1867 1757 plenitudine
1910 1689 2139 1752 numeri,

559 1790 774 1835 careres
802 1783 1048 1845 potestret
1074 1769 1312 1847 mysterii
1356 1787 1734 1844 sacramento;
1775 1780 1903 1835 hinc
1939 1781 2135 1835 nativi-

562 1870 695 1931 gatis
724 1869 1015 1924 Dominicae
1033 1884 1248 1924 sacrum
1290 1884 1399 1941 quo
1427 1871 1708 1927 evidenter
1739 1873 1806 1928 de
1834 1881 1990 1928 utero
2022 1872 2143 1928 Vir-

557 1960 987 2033 qiriali'Verbum
1014 1961 1300 2030 prodiit-ca
1311 1977 1371 2016 ro
1395 1960 1595 2017 factum
1617 1964 1820 2034 absque
1843 1965 2007 2021 dnbio
2028 1981 2141 2020 ser-

572 2058 660 2104 oxat
705 2058 761 2105 et
818 2050 1083 2120 temporis
1118 2065 1362 2116 cursum,
1408 2060 1466 2107 et
1513 2062 1861 2123 repraesentat
1910 2055 2141 2125 speciale

578 2143 670 2204 πεθί
720 2155 1068 2197 momentum.
1114 2142 1171 2199 Si
1208 2146 1685 2216 ergorn-ativitatis
1723 2157 1780 2203 et
1829 2150 2019 2206 mortis
2042 2151 2142 2205 lm-

557 2241 648 2291 “Is
671 2235 934 2290 incarnati
959 2234 1121 2291 Verbi
1149 2236 1263 2291 dies
1285 2237 1486 2307 absque
1512 2228 1881 2295 immutatione
1910 2241 1983 2295 ita
2019 2256 2142 2297 cer—

560 2344 650 2384 sus
681 2329 925 2394 habetur,
966 2338 1025 2384 ut
1050 2330 1251 2399 absque
1280 2314 1590 2388 diversitate
1621 2333 1674 2388 in
1706 2342 1820 2389 toto
1862 2334 1997 2390 orbe
2030 2344 2140 2390 ter»

565 2434 746 2473 rarum
776 2419 844 2475 ab
890 2422 1034 2475 omni
1082 2422 1335 2477 concordi
1383 2423 1623 2478 Ecclesia
1671 2424 1994 2489 celebretur,
2043 2441 2139 2482 cur

556 2525 667 2567 ’.τοη
695 2507 956 2566 festivitas
976 2512 1222 2582 gloriosa
1243 2514 1562 2584 matrisejus
1580 2515 1770 2570 eadem
1796 2515 2136 2572 observantia

557 2616 668 2654 uno
703 2601 863 2656 simul
902 2604 1100 2672 ubique
1139 2604 1245 2668 die,
1285 2605 1550 2675 simulque
1595 2590 1860 2661 habeatur
1894 2608 2136 2663 honore?

561 2693 835 2747 hivenitur
854 2695 1051 2749 etenim
1080 2697 1133 2750 in
1185 2696 1366 2752 multis
1410 2697 1677 2766 Hispaniae
1707 2698 1948 2767 partibus
1980 2698 2137 2767 hujus

560 2796 762 2837 sancta:
786 2784 1017 2856 Virginis
1036 2785 1227 2841 festum
1243 2802 1348 2841 non
1365 2802 1471 2840 uno
1493 2787 1600 2851 die,
1624 2802 1720 2855 per
1742 2802 1931 2842 omnes
1960 2803 2130 2843 anno-

562 2889 679 2926 rum
707 2873 936 2928 circulos
973 2875 1077 2945 agi.
1116 2874 1233 2941 Quo
1260 2875 1404 2930 enim
1451 2876 1749 2931 transducit
1783 2875 2031 2931 homines
2047 2877 2131 2931 di-

558 2966 787 3019 versitas
831 2972 1127 3034 temporum
1169 2964 1293 3019 dum
1322 2965 1638 3019 varietatem
1667 2964 1998 3021 celebritatis
2027 2982 2129 3020 non

564 3054 763 3109 habere
783 3055 1094 3123 probantur.
1132 3056 1256 3123 Quae
1287 3057 1354 3113 de
1396 3071 1455 3111 re
1474 3057 1726 3126 quoniam
1754 3058 1961 3127 diequa
1986 3058 2132 3112 inve-

559 3143 719 3198 nitur
733 3144 951 3215 angelus
982 3146 1186 3216 Virgini
1216 3145 1373 3201 Verbi
1408 3157 1749 3218 conceptum,
1775 3158 1828 3204 et
1851 3126 2128 3206 nuntiasse
2158 3126 2203 3188 (ἶ

557 3236 777 3302 verbis,
804 3246 877 3292 et,
906 3238 1160 3300 indidisse
1205 3239 1500 3304 miraculis,
1524 3242 1713 3295 eadem
1749 3241 1837 3296 die
1870 3239 2132 3297 festivitas

559 3344 663 3383 non
685 3337 872 3400 potest
888 3330 1457 3402 celebrari'condigne,
1497 3333 1642 3403 quod
1683 3332 1949 3388 interdum
1981 3333 2128 3401 Qua-

557 3422 859 3492 dragesima
883 3422 966 3477 vel
1005 3422 1262 3480 Paschale
1293 3427 1484 3480 festum
1524 3426 2126 3489 videaturincumhere,

558 3510 611 3563 in
630 3511 826 3580 quibus
854 3511 985 3567 nihil
1007 3515 1074 3567 de
1101 3522 1411 3569 sanctorum
1445 3515 1880 3571 solemnitatibus
1906 3515 2127 3570 sicutex

556 3602 885 3673 antiquitate
915 3604 1141 3674 regulari
1183 3615 1396 3661 cautum
1430 3616 1534 3673 est,
1571 3608 1819 3662 convenit
1842 3606 2127 3672 celebrari,

554 3711 675 3749 cum
701 3697 992 3751 secundum
1019 3700 1187 3767 ipsam
1226 3700 1650 3757 incarnationem
1681 3701 1843 3756 Verbi
1871 3718 1977 3756 non
2002 3718 2131 3757 con-

552 3787 749 3850 veniat,
785 3797 910 3843 tunc
944 3788 1347 3844 celebritatibus
1406 3791 1708 3860 praedicari,
1738 3792 1954 3860 quando
2001 3807 2126 3847 con-

553 3886 659 3929 stat
709 3878 947 3946 idipsum-
974 3888 1093 3948 post
1140 3890 1367 3934 mortem
1428 3882 1606 3935 carnis
1662 3882 1831 3951 gloria
1884 3898 2126 3939 resurre-

550 3967 745 4021 ctionis
771 3967 986 4033 attolli;
1020 3968 1140 4024 ideo
1175 3970 1809 4039 specialiconstitutione
1857 3974 2118 4037 sancitur,

547 4065 611 4111 ut
640 4069 761 4113 ante
793 4068 1040 4114 octavum
1070 4061 1221 4116 diem
1249 4078 1355 4132 quo
1379 4073 1539 4117 natus
1558 4071 1641 4118 est
1669 4064 1948 4131 Dominus,
1975 4066 2124 4135 geni-

553 4149 703 4203 tricis
723 4165 935 4221 quoque
955 4152 1077 4222 ejus
1091 4153 1204 4208 dies
1220 4153 1485 4208 habeatur
1503 4155 1884 4209 celeberrimus
1909 4165 1964 4210 et
1991 4172 2124 4225 pm

550 4239 762 4307 clarus;
802 4257 867 4296 ex
909 4243 1026 4311 pari
1071 4243 1213 4297 enim
1246 4244 1447 4299 honore
1476 4254 1705 4309 constat;
1743 4253 1801 4299 ut
1828 4247 2124 4319 sicutnati-

547 4330 771 4385 vitatem
824 4332 941 4387 Filii
986 4336 1319 4403 sequentium
1367 4336 1572 4390 dierum
1611 4338 1914 4406 insequitur
1951 4337 2124 4407 digni-

549 4430 653 4485 tas,
682 4423 754 4477 ita
789 4423 1132 4480 festivitatem
1160 4427 1350 4482 matris
1379 4436 1454 4480 tot
1494 4428 1702 4482 dierum
1747 4438 2006 4499 sequatur
2037 4444 2123 4484 sa-

547 4527 640 4566 cra
682 4513 1011 4571 solemnitas.
1067 4513 1201 4570 Nam
1251 4518 1377 4586 quid
1428 4517 1625 4572 festum
1667 4520 1859 4573 matris
1905 4526 1999 4574 est
2023 4518 2124 4574 nisi

549 4604 852 4660 incarnatio
883 4602 1088 4661 Verbi?
1113 4603 1277 4674 Cujus
1324 4605 1521 4662 festum
1570 4608 1642 4661 ita
1682 4608 1840 4662 debet
1882 4622 2003 4663 esse
2030 4623 2123 4663 so-

548 4693 742 4759 lemne,
772 4695 914 4751 sicut
942 4705 1047 4759 est,
1091 4704 1147 4751 ut
1166 4696 1406 4766 ejusdem
1438 4698 1737 4753 nativitatis
1760 4677 1942 4754 Verbi.
1969 4698 2123 4766 Quod

546 4794 749 4844 tamen.
800 4801 900 4840 nec
939 4787 1055 4840 sine
1101 4787 1346 4855 exemplo
1397 4787 1638 4841 decentis
1673 4789 1862 4851 moris,
1904 4789 1994 4859 qui
2030 4804 2125 4858 per

547 4876 789 4930 diversas
819 4877 1002 4931 ruundi
1051 4886 1233 4947 partes
1280 4878 1614 4949 dignoscitur
1638 4877 1934 4942 observari,
1968 4880 2120 4934 vide-

548 4977 636 5021 tur
674 4968 901 5022 institui.
953 4969 1009 5023 lu
1065 4969 1249 5024 multis
1299 4969 1480 5038 itaque
1529 4968 1785 5024 Ecclesiis
1822 4986 1850 5024 a
1886 4970 2121 5025 nobiset

548 5059 722 5126 spatio
744 5061 982 5123 remotis,
1006 5069 1060 5114 et
1085 5060 1265 5123 terris,
1297 5061 1382 5115 hic
1407 5075 1522 5114 mos
1548 5061 1859 5130 agnoscitur
1879 5063 2118 5127 retineri,

545 5148 772 5215 proinde
800 5157 856 5201 ut
895 5148 963 5203 de
995 5159 1192 5204 caetero
1217 5150 1475 5218 quidquid
1495 5157 1576 5204 est
1598 5150 1816 5204 dubium
1848 5151 1919 5204 sit
1951 5166 2120 5205 remo-

551 5248 681 5300 tum,
711 5238 1022 5295 solemnitas
1042 5241 1329 5295 Dominicte
1357 5242 1543 5295 matris
1581 5242 1667 5296 die
1696 5242 1904 5295 decimo
1931 5244 2119 5313 quinto

548 5330 905 5386 Kalendarum
933 5332 1307 5389 Ianuariarum
1359 5335 1670 5388 omnimodo
1716 5334 2035 5397 celebretur,
2064 5345 2122 5390 et

547 5423 801 5481 nativitas
837 5424 953 5478 Filii
979 5425 1096 5492 eius
1118 5425 1412 5497 Salvatoris
1450 5426 1620 5481 nostri
1659 5426 1746 5480 die
1782 5436 1973 5480 octavo
2014 5426 2120 5482 Ka-

548 5514 828 5572 lendarum
871 5519 1200 5583 earumdem,
1259 5521 1400 5574 sicut
1444 5535 1561 5575 mos
1610 5528 1710 5582 est,
1764 5519 2019 5574 solemnis
2066 5521 2119 5574 in

546 5608 796 5662 omnibus
822 5608 1109 5663 habeatur.

615 5697 677 5756 ll.
742 5698 1129 5771 Frequentium
1182 5698 1547 5756 moleStiarum
1606 5712 1809 5756 nocens
1858 5698 2117 5768 impulsus

1420 307 1708 364 APPEND.
1750 308 1840 365 A‘D
1876 309 2046 366 SrEC.
2085 309 2280 365 IX..—
2312 312 2554 373 ISIDORI
2594 319 3043 382 MERCATOBIS'

2177 429 2227 482 Α
2255 428 2525 481 contemni
2560 431 2774 499 quidem
2804 437 3170 505 magnitudine
3199 439 3438 496 decentis
3477 443 3653 511 poterit
3669 460 3770 515 grav

2255 517 2457 582 vitatis,
2487 519 2580 574 sed
2612 523 2736 590 quia
2765 525 2991 581 honesta
3021 528 3326 583 sollicitudo
3345 530 3591 587 cohibere
3610 549 3771 605 prope

2246 618 2354 681 .rat.
2399 614 2541 680 quod
2592 614 2932 685 frequentata
2982 621 3200 675 usitatio
3236 621 3409 677 vitare
3460 639 3562 678 non
3610 637 3777 695 curat,

2254 699 2374 756 ideo
2398 712 2603 760 etcum
2637 711 2994 775 quorumdam
3049 721 3399 783 paternorum
3450 717 3766 775 sanctionibus

2250 790 2586 848 decretorum
2614 805 2668 850 et
2712 798 3137 856 institutionibus
3179 804 3251 858 sit
3301 802 3557 873 legalibus
3593 816 3769 863 cautum

2250 894 2317 935 ne
2347 893 2533 936 contra
2584 886 2811 942 salutem
2867 890 3192 959 principum,
3226 894 3530 962 gentisque,
3571 907 3653 951 aut
3673 914 3765 967 pro~

2247 970 2379 1042 prid:
2411 977 2595 1043 patriae
2633 980 2917 1049 quisquam
2970 982 3217 1037 meditari
3252 995 3482 1040 conetur
3507 987 3765 1053 adversum,

2248 1064 2351 1118 hoc
2378 1082 2543 1120 mmm
2565 1070 2872 1137 specialiter
2887 1088 3033 1128 nune
3048 1073 3384 1142 depromitur
3402 1075 3762 1144 observandum,

2247 1164 2305 1209 ut
2333 1157 2523 1227 siquis
2555 1160 2918 1232 religiosorum
2969 1165 3037 1219 ab
3089 1165 3342 1234 episcopo
3386 1178 3551 1235 usque
3600 1168 3657 1220 ad
3693 1184 3766 1224 et-

2248 1254 2476 1303 tremum
2532 1252 2738 1307 ordinis
2776 1253 3099 1310 clericorum
3134 1256 3249 1311 sive
3289 1257 3661 1319 monachorum
3695 1275 3764 1329 ge

2245 1339 2448 1395 neralia
2489 1341 2799 1410 juramenta
2830 1344 2882 1398 in
2912 1344 3140 1400 salutem
3184 1346 3388 1415 regiam
3422 1347 3677 1417 gentisque
3695 1357 3769 1402 aut

2243 1434 2433 1503 patriae
2454 1435 2574 1489 data
2628 1437 2929 1505 reperiatur
2980 1438 3213 1494 violasse
3245 1438 3523 1494 voluntate
3564 1439 3761 1509 profana.

2244 1540 2367 1581 mox
2417 1526 2629 1594 propria
2660 1526 2920 1597 dignitate
2960 1527 3219 1597 privatus.
3264 1538 3322 1583 et
3373 1528 3492 1583 loco
3513 1538 3565 1582 et
3604 1529 3765 1583 honore

2248 1614 2521 1669 habeatur
2551 1614 2823 1682 exclusus,
2850 1631 2915 1673 eo
2940 1618 3303 1673 miserationis
3330 1617 3549 1673 obtentu
3580 1627 3765 1672 tantum-

2246 1706 2404 1761 modo
2426 1715 2724 1770 reservato.
2754 1715 2815 1762 ut
2843 1723 2910 1762 an
2935 1708 3133 1774 locum,
3161 1724 3229 1762 an
3253 1709 3535 1772 honorem.
3564 1724 3624 1763 an
3658 1718 3763 1763 utra.

2171 1768 2215 1828 Β
2246 1807 2353 1862 que
2387 1795 2658 1864 possideat
2694 1768 3032 1854 concedendi
3064 1768 3154 1867 jus
3186 1768 3563 1870 licentiamque
3606 1799 3763 1869 pritth

2243 1884 2381 1956 palis
2402 1892 2643 1953 potestas
2670 1886 2933 1943 obtineat.

2312 1974 2397 2028 Ill.
2436 1973 2775 2031 Reverentia:
2800 1977 2963 2034 totius
2990 1978 3177 2033 auditu
3201 1977 3763 2049 percipiatur,-.quiares
3856 2036 3857 2041 η

2242 2064 2374 2121 dura
2405 2080 2511 2120 non
2538 2064 2736 2122 frustra
2767 2068 2979 2138 cogitur
3008 2069 3113 2124 hac
3132 2069 3635 2138 durioriexstirpari
3666 2084 3759 2123 cen-

2241 2173 2385 2213 sura.
2408 2157 2740 2229 Agnovimus
2771 2160 3207 2230 enim-quosdam
3246 2160 3531 2231 pontifices
3554 2160 3757 2231 precepti

2240 2245 2507 2316 Principis
2558 2247 2942 2315 apostolorum,
2986 2249 3077 2318 qui
3133 2250 3210 2303 ait
3242 2267 3256 2303 :
3291 2268 3313 2303 ι
3347 2250 3554 2304 Pascite
3604 2249 3678 2317 qui
3716 2247 3754 2301 in

2239 2335 2392 2390 vobis
2414 2344 2499 2390 est
2521 2350 2761 2406 gregem,
2804 2352 2911 2392 non
2942 2348 3146 2402 coacte,
3180 2338 3271 2392 sed
3296 2348 3601 2408 spontanee,
3626 2350 3757 2405 neque

2240 2424 2579 2481 dominantes
2610 2425 2661 2480 in
2693 2424 2857 2491 clero,
2903 2426 2996 2481 sed
3052 2424 3225 2480 forma
3259 2428 3404 2483 facta
3441 2424 3663 2496 gregin
3681 2420 3756 2478 Ρι-

2238 2524 2309 2582 tr.
2338 2532 2392 2581 v,
2418 2514 2473 2586 2)
2499 2531 2513 2581 ;
2546 2535 2564 2569 ι
2600 2516 2671 2570 ita
2699 2529 2817 2571 esse
2854 2515 3218 2582 immemores,
3252 2526 3315 2572 ut
3341 2515 3638 2586 quibusdam
3669 2528 3754 2568 mo—

2236 2604 2510 2670 nasteriis,
2551 2605 3055 2677 parochialibusque
3102 2607 3395 2672 ecclesiis,
3416 2614 3504 2660 aut
3533 2622 3631 2661 sua:
3661 2618 3754 2658 con-

2238 2694 2612 2764 sanguinitatis
2661 2711 2953 2765 personas.
2986 2705 3081 2751 aut
3125 2695 3330 2752 favoris
3370 2696 3640 2767 participes
3677 2694 3751 2748 ini-

2237 2800 2399 2854 quum
2424 2801 2563 2857 sazpe
2577 2795 2815 2841 statuant
2836 2787 2889 2842 in
2921 2787 3218 2857 praelatum,
3243 2789 3317 2842 ita
3342 2788 3446 2843 illis
3468 2786 3752 2858 providentes

2236 2878 2516 2931 commoda
2566 2878 2880 2943 inhonesta,
2934 2877 3012 2934 ιη’
3047 2887 3141 2933 aut
3203 2880 3284 2936 eis
3335 2880 3626 2935 deferantur
3662 2891 3749 2946 qua

2236 2968 2454 3038 proprio
2474 2969 2727 3039 episcopo
2756 2970 2886 3024 dare
2922 2969 3101 3041 justus
3120 2970 3255 3025 ordo
3284 2969 3656 3040 depoposcerit,
3680 2974 3747 3020 aut

2237 3072 2356 3126 quae
2393 3074 2581 3128 rapere
2637 3061 2877 3130 deputati
2936 3057 3231 3116 exactoris’
3264 3062 3516 3117 violentia
3578 3056 3746 3129 poterit.

2235 3147 2465 3203 Proinde
2510 3149 2765 3205 decenter
2813 3151 3062 3205 onmibus
3103 3151 3278 3221 placet
3331 3153 3384 3206 in
3428 3148 3653 3220 praesenti
3670 3145 3747 3200 tale

2236 3241 2541 3295 rescindere
2562 3240 2781 3306 factum,
2810 3251 2867 3297 et
2891 3259 2999 3297 non
3025 3258 3144 3298 esse
3170 3243 3235 3298 de
3256 3253 3453 3299 caetero
3478 3239 3743 3301 faciendum,

2232 3347 2355 3385 nam
2386 3331 2631 3401 quisquis
2653 3333 2963 3401 pontificum
2999 3334 3270 3403 deinceps,
3295 3343 3385 3388 aut
3405 3329 3640 3400 sanguine
3658 3341 3749 3396 pro-

2230 3421 2465 3491 pinquis,
2496 3431 2589 3475 aut
2612 3422 2793 3477 favore
2830 3423 3075 3492 personis
3095 3423 3499 3494 quibuscunque
3512 3416 3743 3481 devinctis,

2235 3509 2357 3564 talia
2391 3512 2768 3567 commendare
2796 3512 2942 3567 lucra
2991 3501 3278 3569 tentaverit
3303 3524 3360 3569 et
3387 3529 3533 3569 suum
3556 3508 3745 3566 nefande

2230 3602 2663 3671 praesumptionis
2691 3603 2981 3668 excidium,
3017 3613 3071 3659 et
3105 3605 3244 3676 quod
3266 3605 3474 3672 jussum
3522 3602 3657 3657 fuerit
3677 3599 3744 3653 de-

2230 3701 2450 3747 vocetur
2480 3693 2533 3746 in
2563 3680 2795 3758 irritum,
2834 3704 2891 3749 et
2917 3696 3008 3765 qui
3036 3696 3308 3751 ordinavit
3348 3711 3529 3751 annua:
3569 3705 3741 3748 excour

2230 3782 2580 3837 municationi
2610 3782 2906 3851 subjaceat,
2939 3801 3058 3854 quae
3083 3800 3208 3840 vero
3237 3787 3414 3842 ablata
3438 3785 3638 3841 fortasse
3657 3780 3741 3835 fue-

2231 3874 2355 3933 rint.
2389 3874 2457 3927 ab
2484 3890 2550 3928 eo
2573 3876 2662 3945 qni
2689 3876 2808 3929 tulit
2840 3877 3219 3931 reddanturin
3255 3867 3491 3949 duplam.

2298 3964 2386 4019 IV.
2434 3966 2578 4020 Bene
2633 3983 2728 4035 per
2779 3966 3039 4038 Spiritum
3089 3969 3300 4023 Dommi
3348 3979 3610 4039 possumus
3649 3973 3738 4015 cum

2228 4064 2416 4110 sancto
2447 4056 2701 4126 Apostolo
2745 4058 2940 4117 dicere.
3010 4075 3028 4109 ι
3063 4073 3167 4112 non
3222 4059 3465 4129 ignorare
3499 4069 3584 4109 vos
3624 4057 3737 4105 astu-

2230 4146 2358 4201 tiam
2390 4145 2606 4202 Satana:
2635 4146 2720 4218 (Il
2742 4148 2864 4202 Cor.
2891 4165 2947 4212 η,
2981 4149 3067 4219 Η)
3100 4168 3120 4201 ι
3153 4149 3277 4219 quia
3301 4148 3605 4219 impellimur
3630 4158 3647 4194 ι
3672 4153 3737 4193 ze-

2228 4236 2279 4291 lo
2300 4238 2492 4293 domus
2535 4238 2626 4293 Dei
2679 4239 2859 4310 (Joan.
2901 4256 2961 4306 ιι,
3020 4241 3129 4311 t7),
3162 4259 3182 4293 ι
3228 4251 3284 4297 et
3314 4242 3499 4295 ardore
3534 4230 3733 4293 cremari.

2230 4327 2485 4384 Videmus
2510 4330 2653 4384 enim
2679 4332 2746 4385 ad
2779 4339 2923 4385 tanta
2943 4331 3189 4387 fraudum
3217 4333 3392 4387 studia
3419 4326 3731 4386 convalescen-

2232 4428 2335 4473 tem
2380 4422 2686 4477 excrevisse
2731 4424 3055 4492 perniciem,
3087 4431 3147 4477 ut
3196 4433 3247 4479 et
3287 4424 3529 4494 primaeva
3565 4416 3730 4471 Patrum

2159 4488 2203 4545 θ
2230 4511 2541 4565 constitutio
2575 4525 2608 4564 a
2652 4488 2982 4580 quibusdam
3022 4488 3323 4568 aestimetur
3357 4511 3518 4574 illudi,
3552 4515 3605 4562 et
3630 4514 3729 4557 non

2223 4598 2468 4668 judicum
2514 4612 2730 4671 putetur
2786 4603 3013 4658 intentio
3058 4605 3202 4673 pelli.
3257 4603 3390 4658 Nam
3456 4597 3731 4655 inveniuntur

2229 4692 2499 4748 nonnullae
2530 4693 2701 4748 vidua:
2727 4693 2955 4749 diversis
2978 4696 3410 4763 excusationibus
3429 4708 3486 4747 se
3507 4690 3622 4744 adeo
3636 4697 3729 4737 00n-

2230 4789 2497 4852 tegentes,
2538 4792 2603 4839 ut
2639 4784 2985 4841 blandiantur
3018 4787 3118 4842 sibi
3148 4803 3207 4843 se
3236 4804 3340 4842 non
3378 4787 3578 4841 Patrum
3612 4777 3727 4847 [ιΙαεει³

2228 4876 2499 4946 religionis
2527 4875 2781 4947 alligatas
2802 4878 3136 4934 institutione
3159 4880 3347 4934 teneri.
3381 4876 3521 4933 Unde
3544 4864 3727 4936 antiquis

2229 4965 2544 5019 inconcusse
2582 4969 3018 5035 permanentibus
3059 4968 3259 5039 regulis
3288 4970 3386 5024 hoc
3408 4964 3628 5034 adjicitur
3653 4967 3725 5008 ηο-

2228 5071 2307 5109 vze
2329 5056 2548 5109 oraculo
2575 5059 2889 5123 sanctionis,
2918 5068 2975 5112 ut
3002 5059 3179 5123 vidua,
3212 5075 3331 5130 qua:
3350 5067 3533 5113 sancta
3563 5045 3723 5115 rem“?

2229 5153 2311 5206 nis
2337 5153 2577 5209 obtinere
2631 5155 2965 5223 propositum
3018 5155 3263 5218 voluerit,
3312 5148 3553 5210 sacerdoti
3578 5153 3622 5199 et
3644 5138 3721 5195 mi-

2230 5244 2400 5296 nistro
2430 5236 2496 5295 ad
2522 5257 2679 5311 quem
2716 5254 2807 5297 aut
2852 5244 2981 5321 ipsa.
3023 5246 3249 5309 venerit,
3297 5253 3385 5297 aut
3432 5251 3571 5309 quem
3610 5229 3720 5286 salse

2226 5334 2412 5407 venire
2453 5334 2761 5403 contigerit,
2810 5336 3028 5404 scriptis
3060 5335 3436 5405 professionem
3482 5326 3717 5382 faciataso

2227 5433 2316 5477 aut
2340 5424 2516 5494 signo,
2549 5433 2642 5476 aut
2681 5423 3074 5492 subscriptione
3113 5433 3375 5488 notatam,
3424 5416 3714 5507 continentem

2227 5530 2286 5569 se
2325 5524 2379 5568 et
2410 5514 2678 5585 religionis
2700 5516 3031 5583 propositum
3058 5515 3194 5570 velle
3230 5515 3329 5569 hoc
3353 5507 3633 5593 perenniter.
3657 5509 3713 5593 Ht-

2230 5604 2423 5658 violate
2456 5618 2691 5659 servare.
2726 5602 2875 5658 Tunc
2919 5614 3136 5675 accepta
3168 5608 3218 5658 ‘a
3271 5602 3527 5661 sacerdote
3553 5590 3618 5646 vel
3642 5590 3714 5688 φῖ·

2226 5698 2396 5751 nistro
2424 5706 2544 5766 apta
2572 5696 2848 5767 religionis
2896 5696 3052 5766 hujus
3098 5709 3243 5755 veste
3292 5712 3380 5754 seu
3414 5688 3581 5749 lectulo
3600 5689 3712 5750 (μηθ’
