3888 6436
117 383 214 440 529

1247 377 1675 436 DECRETALI'U
1685 378 1731 434 Μ
1760 376 2136 434 COLLECTIO

3241 359 3352 418 550

121 507 284 554 scens,
327 489 444 546 sive
487 503 808 560 quocunque
835 489 888 546 in
916 490 1034 546 loco
1053 489 1351 547 consistens
1377 493 1688 545 incunctan-
1715 491 1766 551 Λ
1791 489 2008 557 quando
2036 488 2343 554 habuerint,
2373 500 2492 544 mox
2534 476 2621 542 ad'
2635 473 2915 559 religionis
2945 473 3156 542 cultum
3201 482 3362 540 babi-

119 591 194 633 ter
213 595 274 634 ea
299 588 510 646 utatur,
539 597 638 637 nec
681 581 881 637 diversi
916 581 1112 637 coloris
1134 589 1226 636 aut
1269 581 1492 636 diversae
1518 578 1687 650 partis

117 672 290 726 eidem
310 673 382 727 sit
402 673 673 728 notabilis.
685 674 872 737 vestis,
895 674 989 727 sed
1017 672 1266 743 religiosa
1291 681 1471 726 etnon
1501 683 1688 740 suspe-

118 769 212 823 cta,
239 775 360 828 quae
387 771 580 816 careat
614 761 966 816 varietatibus
991 760 1250 824 colorum,
1273 769 1327 814 et
1359 757 1688 812 diversitati-

120 850 210 904 bus
256 852 608 920 specierum,
666 855 799 909 adeo
841 864 897 908 nt
956 853 1160 922 absque
1213 852 1318 905 ulla
1379 851 1686 918 suspicione

119 942 558 1009 transgressionis
604 951 821 998 maneat
869 943 988 997 usui
1051 952 1258 997 tantum
1308 953 1430 1010 apta
1479 950 1683 994 sanetae

115 1029 394 1100 religionis,
425 1041 483 1086 et
527 1033 607 1087 sui
658 1034 806 1087 sexui
849 1042 1161 1102 competens
1197 1033 1262 1085 ad
1320 1031 1682 1085 testimonium

116 1112 403 1178 probitatis.
441 1111 517 1168 Ut
563 1122 754 1168 autem.
774 1115 1028 1184 deinceps
1073 1113 1147 1167 nil
1183 1115 1472 1168 devocetur
1506 1113 1558 1166 in
1585 1114 1684 1165 du-

115 1199 265 1264 bium,
298 1202 462 1272 pallio
485 1219 779 1273 purpureo,
804 1204 885 1258 vel
915 1204 1050 1274 nigri
1083 1204 1275 1258 coloris
1315 1213 1474 1272 caput
1495 1211 1682 1257 conte-

116 1298 194 1358 gat
217 1292 281 1344 ab
327 1292 485 1346 initio
516 1301 777 1374 suscepta:
809 1291 1104 1361 religionis,
1133 1302 1190 1345 ut
1218 1293 1341 1345 dum
1366 1293 1475 1345 illic
1501 1291 1684 1346 tulerit

115 1379 305 1448 signum
327 1381 630 1448 probabilis
655 1384 980 1448 sanctitatis,
1005 1384 1091 1438 ubi
1123 1383 1321 1438 nullius
1350 1384 1460 1436 falli
1487 1382 1686 1452 poterit

116 1471 234 1524 visio
253 1471 538 1538 intuentis,
567 1489 844 1545 nunquam
890 1483 1122 1531 attentet
1165 1485 1321 1530 astus
1351 1476 1683 1531 detestandae

113 1563 550 1630 prasuniptionis.

175 1668 232 1723 ν.
261 1669 461 1727 Omnes
494 1671 708 1729 femina:
743 1690 862 1745 qua:
885 1676 996 1746 jam
1028 1676 1081 1730 in
1114 1677 1442 1747 prazteritum
1470 1675 1685 1744 religio-

115 1762 186 1814 nis
206 1773 347 1818 veste
375 1765 682 1833 probantur
718 1767 916 1822 indutae
936 1768 1122 1833 fuisse,
1152 1769 1283 1822 nihil
1310 1767 1677 1823 excusationis

1791 593 2012 653 tumque
2039 593 2379 649 revocentur,
2413 593 2468 640 et
2507 587 2606 641 sub
2635 594 2853 640 strenua
2891 583 3224 638 districtione
3263 581 3362 634 hu-

1780 672 2078 740 juscemodi
2121 675 2474 732 observantiae
2516 676 2774 730 inservire
2799 681 3081 741 cogantur.
3117 669 3362 725 Parenti-

1787 765 1886 818 bus
1908 779 2038 818 sane
2071 763 2204 819 tilios
2237 781 2362 820 suos
2394 767 2633 836 religioni
2663 767 2977 821 contradere
3002 779 3108 818 non
3134 761 3362 832 amplius

1785 867 1947 922 quam
1979 869 2147 924 usque
2177 855 2241 907 ad
2269 855 2534 910 decimum
2557 857 2729 910 aetatis
2753 872 2936 910 eorum
2960 870 3158 909 annum
3195 853 3361 907 licen-

1788 944 1856 996 tia
1911 947 2113 1013 poterit
2173 961 2324 1009 esse;
2353 957 2536 1014 postea
2563 963 2692 1002 vero
2719 964 2785 1001 an
2813 963 2933 1002 cum
2962 947 3232 1001 voluntate
3260 959 3360 1015 pa—

1787 1043 2018 1096 rentum,
2045 1049 2111 1088 an
2143 1051 2254 1089 suae
2279 1037 2574 1090 devotionis
2604 1039 2669 1091 sit
2691 1038 2986 1092 solitarium
3016 1046 3222 1099 votum,
3251 1033 3360 1087 erit

1785 1123 1907 1177 filiis
1942 1124 2144 1178 licitum
2187 1125 2460 1194 religionis
2511 1141 2784 1180 assumere
2830 1127 3055 1181 cultum.
3101 1125 3360 1194 Quisquis

1785 1226 1964 1270 autem
2007 1217 2089 1270 vel
2141 1217 2428 1271 abolitione
2467 1227 2697 1270 tonsurae
2743 1218 2824 1270 vel
2873 1217 3147 1271 saecularis
3195 1217 3362 1271 vestis

1751 1377 1766 1390 .
1783 1308 2146 1376 assumptione
2161 1311 2402 1363 detectus
2417 1309 2577 1364 fuerit
2598 1311 2838 1381 attigisse
2855 1311 3355 1381 transgressionem.

1781 1403 1837 1450 et
1883 1398 2451 1452 excommui‘iicatiouis
2499 1414 2782 1454 censuram
2830 1401 3080 1471 accipiat,
3131 1411 3187 1454 et
3236 1399 3362 1452 reli-

1781 1483 1923 1554 gioni
1961 1500 2176 1553 semper
2204 1487 2480 1540 inhaereat.
2529 1488 2836 1556 Opitulante
2887 1489 3234 1544 miseratione
3281 1488 3359 1542 di-

1779 1577 1927 1641 vina,
1958 1588 2009 1630 et
2044 1577 2410 1644 gloriosissimi
2455 1579 2832 1635 Reccesiuntbi
2886 1581 3141 1652 principis
3193 1581 3359 1634 iuba:-

1778 1679 1932 1724 reute
1967 1670 2239 1724 voluntate
2291 1671 2557 1741 religiosa,
2603 1673 2684 1727 bis
2717 1675 2938 1728 testibus
2979 1673 3359 1728 decentissime

1779 1762 2029 1834 alligatis,
2069 1764 2122 1818 in
2163 1780 2293 1833 pace
2341 1767 2618 1831 connexis,
2658 1782 2723 1820 ex
2773 1767 2898 1821 totis
2940 1766 3376 1836 praecordiorum-

121 1849 258 1920 129
305 1850 483 1906 valeat
535 1853 589 1907 in
653 1854 1041 1923 oppositionem
1095 1855 1347 1924 quaelibet
1406 1854 1676 1926 objectio,
1708 1847 1753 1907 B
1781 1855 2076 1912 visceribus
2107 1856 2296 1912 damus
2338 1858 2559 1929 gloriam
2607 1866 2663 1914 et
2713 1859 2972 1915 bonorem
3018 1861 3118 1915 soli
3156 1869 3374 1914 aeterno

116 1941 334 2007 quamvis
389 1942 626 1998 diversis
671 1959 734 1999 ac
784 1945 993 1999 callidis
1040 1946 1362 2000 adumbrare
1406 1960 1464 2000 se
1513 1945 1679 2000 velint

119 2031 315 2087 fallaciae
339 2037 699 2104 argumentis,
749 2037 840 2092 sed
887 2037 951 2091 ad
996 2039 1415 2093 sacratissimam
1449 2039 1681 2094 sanctio—

119 2137 219 2175 nem
243 2124 520 2192 disciplina
548 2128 846 2183 sanetiores
878 2138 1056 2184 teneat
1083 2130 1332 2199 religatas
1361 2139 1522 2200 atque
1547 2132 1677 2186 sub-

122 2230 278 2270 netas.
317 2216 782 2274 Commoneantur
829 2236 959 2276 sane
1011 2223 1303 2278 sacerdotis
1355 2223 1676 2278 auctoritate

120 2315 166 2359 ut
202 2309 410 2364 redeant
458 2321 677 2380 sponte.
708 2312 807 2379 Qui
847 2314 891 2368 si
931 2315 1106 2369 redire
1147 2316 1415 2369 noluerint
1447 2315 1674 2384 impulsu

121 2403 404 2462 sacerdotis,
435 2405 504 2456 ad
555 2405 829 2476 religionis
879 2407 1078 2462 cultum
1132 2409 1472 2474 reducantur,
1520 2419 1574 2464 et
1621 2410 1672 2463 in

124 2493 434 2548 monasteriis
496 2496 736 2550 redactae
794 2501 1362 2557 excommunicationis
1412 2503 1675 2572 condigne

121 2582 349 2634 sententia
397 2581 688 2639 feriantur.
722 2586 821 2642 Hic
868 2589 1006 2643 idem
1037 2606 1248 2661 quoque
1295 2594 1428 2647 ordo
1474 2594 1526 2647 in
1563 2593 1677 2647 illa-

125 2683 218 2721 rum
247 2675 694 2731 eondemnatioue
741 2681 998 2744 manebit,
1029 2696 1147 2750 quae
1175 2683 1468 2752 quamlibet
1513 2699 1542 2736 a
1591 2699 1672 2737 sa-

121 2761 304 2816 cerdote
346 2767 720 2822 sanctimoniae
767 2779 969 2824 vestem
999 2787 1102 2826 non
1152 2774 1503 2843 accepissent,
1541 2774 1670 2844 ipsa:

125 2856 272 2904 tamen
294 2863 382 2906 aut
412 2856 618 2911 indutae
637 2867 780 2922 sunt,
803 2868 894 2913 aut
925 2861 976 2914 in
1008 2861 1097 2916 illo
1119 2862 1206 2916 (litt
1239 2863 1420 2916 habitu
1447 2879 1672 2918 consen-

123 2951 294 3005 serunt,
319 2946 406 3012 qui
435 2947 715 3019 religionis
751 2965 870 3004 esse
901 2951 1077 3005 cultus
1109 2953 1174 3007 ab
1199 2953 1529 3008 intuentibus
1557 2970 1670 3009 cre-

127 3031 324 3098 deretur,
348 3038 390 3091 si
417 3055 608 3094 coram
648 3041 906 3105 Ecclesia,
933 3043 1016 3097 vel
1045 3045 1327 3098 sacerdote
1373 3055 1462 3097 aut
1506 3045 1669 3098 etiam

129 3130 520 3194 competentibus
553 3133 781 3188 testibus
820 3135 1055 3204 quinque
1106 3135 1303 3191 indutae
1335 3137 1496 3189 certis
1539 3137 1672 3190 iudi-

131 3213 210 3268 ciis
249 3226 330 3272 aut
375 3223 700 3278 testimoniis
745 3227 1130 3294 approbantur,
1160 3241 1346 3282 omnes
1379 3235 1554 3281 tamen
1587 3227 1669 3281 ba:
1702 3205 1746 3268 ο

131 3319 203 3358 seu
227 3311 487 3369 venientes
515 3317 584 3369 ad
609 3317 836 3384 primam
863 3317 1197 3389 religionem,
1224 3335 1316 3373 seu
1347 3329 1467 3388 post
1495 3329 1670 3373 trans—

133 3412 334 3465 gressum
386 3418 727 3462 resumentes
772 3409 1019 3464 iteratam
1060 3412 1487 3476 conversionem,
1531 3411 1671 3465 sicut

131 3495 420 3554 praemissum
452 3505 562 3563 est,
605 3507 658 3554 et
701 3501 860 3569 pallio
903 3503 1076 3570 capita
1123 3511 1410 3571 contegunt
1451 3511 1502 3557 et
1547 3519 1668 3558 con-

133 3577 348 3645 scriptam
407 3585 823 3654 roboratamquc
880 3587 1228 3655 professionis
1278 3587 1476 3641 faciant
1530 3589 1666 3642 scri-

132 3673 326 3734 pturam,
355 3688 446 3741 per
487 3690 649 3744 quant
687 3675 910 3729 ulterius
957 3692 1059 3729 non
1103 3677 1348 3731 sinuntur
1393 3677 1560 3732 relabi
1599 3679 1667 3732 ad

133 3761 548 3821 praevaricationis
571 3767 871 3819 audaciam.
903 3765 1031 3832 Quae
1059 3782 1186 3820 vero
1209 3783 1274 3821 ex
1302 3769 1551 3822 omnibus
1583 3769 1666 3824 bis

135 3842 299 3901 fuerint
327 3864 547 3921 repertu:
570 3854 804 3908 animum
829 3865 1132 3909 antveslem
1152 3857 1203 3909 in
1230 3858 1658 3925 transgressione

134 3932 334 4004 dedisse,
378 3945 951 3999 exeommunieationis
996 3947 1316 4000 sententiam
1358 3947 1566 4010 ferant,
1609 3957 1666 4002 et

137 4037 309 4082 rursum
348 4045 552 4090 mutato
595 4038 776 4091 babitu
815 4038 866 4091 in
919 4038 1277 4102 monasteriis,
1318 4040 1486 4093 donec
1523 4041 1665 4095 diem

135 4113 341 4175 ultimum
382 4126 652 4194 claudant,
679 4129 784 4184 sub
823 4131 1076 4184 aerumnis
1121 4130 1301 4184 arduae
1335 4132 1665 4200 ptenitentite

138 4216 350 4264 maneant
380 4217 636 4288 religatae.

192 4292 261 4348 \il.
302 4301 370 4358 De
395 4305 476 4360 bis
501 4310 594 4376 qui
633 4310 683 4362 iu
724 4325 887 4378 parva
927 4319 1090 4365 aetate
1133 4327 1314 4367 coram
1355 4316 1668 4384 parentibus

139 4383 367 4456 religionis
409 4398 647 4454 habitum
699 4408 1012 4466 tenuerunt,
1061 4404 1152 4473 qui
1201 4383 1370 4473 usque
1411 4407 1516 4460 huc
1558 4407 1665 4460 dis-

139 4474 289 4532 thlm
325 4489 648 4554 operationis
702 4489 927 4544 effectus
969 4491 1236 4546 interdum
1278 4502 1484 4547 mutare
1537 4493 1661 4548 fecit

1775 1959 1826 2005 et
1871 1949 2155 2004 immortali
2192 1949 2302 2005 Deo
2343 1950 2488 2004 Patri
2531 1960 2585 2006 et
2629 1951 2772 2005 Filio
2796 1960 2848 2007 et
2894 1951 3116 2021 Spiritui
3145 1961 3356 2014 sancto.

1775 2038 1928 2106 cujus
1949 2040 2088 2094 dono
2105 2038 2356 2093 collatum
2382 2039 2535 2094 nobis
2559 2041 2899 2110 agnoscimus
2918 2056 3017 2109 pro
3038 2041 3152 2111 ejus
3175 2038 3359 2094 Eccle~

1775 2133 1867 2187 sire
1894 2141 2058 2195 statu,
2101 2141 2154 2186 et
2179 2145 2363 2202 regere
2391 2147 2582 2185 curam
2615 2140 2669 2187 et
2703 2147 2858 2202 posse
2885 2132 3023 2187 sacri
3077 2130 3362 2202 regiminis

1775 2223 2132 2292 competentia
2177 2221 2464 2291 disponere
2490 2221 2635 2292 jura,
2680 2238 2708 2276 a
2757 2237 2862 2292 quo
2902 2224 3139 2292 petimus
3177 2231 3231 2276 et
3263 2235 3359 2289 op-

1776 2323 1956 2368 tamus
1982 2321 2040 2365 ut
2069 2321 2373 2382 porrectam
2418 2312 2470 2365 iu
2523 2311 2853 2383 longitudine
2880 2312 3112 2366 felicium
3149 2311 3358 2364 dierum

1773 2404 2120 2460 sacratissimi
2137 2404 2394 2474 principis
2411 2403 2599 2468 vitam,
2623 2412 2676 2458 et
2690 2404 2833 2458 omni
2853 2403 3142 2473 gloriarum
3162 2403 3356 2456 decore

1774 2496 2035 2566 perpetim
2064 2493 2226 2549 faciat
2263 2494 2463 2565 pollere
2505 2495 2694 2549 salute.
2747 2494 2910 2550 Nobis
2941 2509 3153 2563 quoque
3199 2494 3356 2547 attri-

1775 2586 1905 2640 buat
1933 2596 2238 2656 susceptum
2272 2586 2522 2640 Ecclesiae
2549 2602 2658 2641 suae
2683 2600 2928 2655 regnum,
2955 2600 3076 2638 eum
3105 2585 3358 2653 aequitate

1774 2677 2080 2747 disponere,
2113 2677 2164 2730 in
2193 2675 2553 2732 sollicitudine
2591 2676 2902 2746 gubernare
2921 2685 2976 2729 et
3019 2675 3070 2728 in
3102 2690 3229 2745 pace
3280 2683 3366 2728 te-

1773 2782 1924 2832 nere,
1955 2776 2014 2820 ut
2040 2776 2161 2836 post
2199 2767 2356 2836 bujus
2382 2767 2563 2820 mundi
2608 2775 2862 2835 suscepta
2888 2764 3123 2835 pericula
3163 2778 3358 2832 perve-

1775 2857 1892 2912 nire
1922 2857 2190 2927 possimus
2223 2857 2288 2910 ad
2327 2855 2566 2912 etelestia
2608 2871 2791 2924 regna.
2837 2856 3026 2909 Amen.
3067 2853 3360 2924 Eugenius,

1776 2947 2022 3016 indignus
2076 2946 2346 3000 Toletanae
2387 2945 2530 3000 sedis
2572 2945 3016 3015 metropolitanus
3053 2945 3356 3013 cpiscopus,

1774 3041 1888 3094 haec
1913 3050 2216 3094 nostrarum
2239 3039 2606 3094 definitionum
2633 3047 2840 3092 statuta
2863 3036 3174 3105 subscripsi.
3195 3035 3359 3090 Simi-

1775 3132 2065 3188 litcretalii
2097 3133 2332 3203 episcopi
2362 3131 2798 3200 subscripserunt
2817 3145 3040 3183 munero
3063 3127 3362 3183 sexdecim.

2096 3223 2364 3276 Decretum
2394 3239 2488 3291 pro
2518 3219 2760 3274 Potentia
2791 3223 3049 3290 episcopo.

1838 3313 2128 3367 Assumere
2191 3322 2499 3380 poteramus
2566 3329 2818 3366 canoram
2890 3313 2942 3366 in
3016 3319 3178 3366 cantu
3253 3310 3360 3363 fra-

1777 3409 1942 3456 ternae
1999 3401 2200 3455 laetitiae
2239 3401 2444 3464 tibiam,
2469 3403 2592 3471 quia
2623 3402 2798 3455 divina
2833 3402 3007 3472 pietas
3033 3407 3355 3455 conventum

1770 3503 2015 3548 nostrum
2087 3494 2152 3547 ad
2235 3493 2537 3548 concordiae
2599 3501 2989 3548 convocaverat
3033 3492 3240 3568 studia,
3303 3500 3358 3546 ct

1771 3593 2099 3638 convenerat
2141 3584 2452 3638 mmstitiam
2496 3583 2708 3650 vitare,
2757 3584 3012 3652 quoniam
3065 3581 3356 3641 usitatione

1769 3675 2063 3746 disciplinae
2118 3679 2432 3734 videbamur
2482 3691 2734 3749 paternas
2780 3679 2993 3750 regulas
3045 3679 3351 3736 innovasse,

1770 3768 1864 3820 sed
1894 3768 2110 3836 gravius
2137 3768 2356 3822 sistrum
2387 3785 2483 3839 pro
2511 3769 2756 3840 cytnbalo
2784 3767 3068 3830 sumimus,
3105 3775 3159 3819 et
3191 3763 3365 3819 funus.

1769 3872 1865 3926 pro
1893 3859 2130 3912 carmine
2155 3862 2520 3923 decantamus,
2546 3869 2926 3930 gementesque
2951 3874 3072 3912 eum
3100 3855 3346 3911 Jercmiae

1767 3949 1979 4004 fletibus
2007 3952 2233 4005 dicimus
2257 3971 2270 4004 :
2303 3951 2626 4006 Dissolutum
2657 3961 2739 4006 est
2773 3951 3022 4022 gaudium
3046 3949 3225 4005 cordis
3252 3962 3350 4001 no-

1768 4043 1888 4104 stri,
1913 4057 2100 4096 versus
2121 4052 2205 4097 est
2235 4043 2286 4096 iu
2314 4043 2513 4097 luctum
2537 4045 2734 4097 chorus
2757 4052 2958 4096 noster.
2991 4040 3140 4096 Unde
3166 4047 3221 4094 et
3249 4053 3348 4102 vae,

1768 4145 1946 4184 coram
1986 4132 2140 4185 nobis
2181 4133 2564 4202 conspicimus,
2603 4132 2855 4199 quoniam
2891 4129 3154 4184 cecidisse
3194 4141 3350 4182 coro-

1767 4236 1890 4276 nam
1919 4222 2110 4290 capitis
2137 4223 2302 4275 nostri
2333 4222 2596 4285 videmus,
2636 4222 2760 4274 dum
2801 4229 2911 4274 tam
2951 4217 3128 4274 nobile
3166 4219 3218 4272 in
3269 4217 3350 4270 in-

1771 4310 1981 4363 firmum
2012 4312 2235 4375 corruit,
2264 4312 2406 4381 quod
2441 4320 2547 4365 lam
2574 4313 2625 4364 in
2653 4312 2899 4368 sublima:
2923 4309 3225 4365 sanctitatis
3253 4322 3350 4376 op-

1775 4399 1963 4453 timum
2015 4400 2182 4453 stetit.
2233 4400 2371 4454 Ecce
2426 4401 2628 4454 etenim
2679 4389 3033 4454 tractantibus
3093 4398 3245 4452 nobis
3296 4397 3351 4450 iti

1770 4503 1902 4556 pace
1938 4489 2004 4544 de
2033 4489 2412 4544 ecclesiasticis
2447 4490 2645 4560 regulis
2675 4490 2906 4544 delatum
2948 4499 3030 4544 est
3068 4487 3349 4542 cmiventui

140 4559 375 4627 honestum
441 4581 841 4634 constitutionis
880 4582 1111 4635 edictum
1141 4622 1155 4646 ,
1216 4583 1342 4650 dum
1393 4585 1666 4639 incondite
1697 4551 1742 4608 ί)
1773 4588 1957 4633 nostro
1992 4578 2300 4648 epistolium
2324 4579 2562 4634 confusae
2598 4579 2952 4634 confessionis
2988 4587 3042 4633 et
3078 4576 3352 4630 abolendae

143 4659 295 4714 resolvi
338 4679 568 4734 putatur,
619 4674 757 4740 quod
810 4673 1174 4728 indissolubile
1223 4675 1516 4729 sanctiouis
1565 4692 1706 4747 au-..

141 4749 344 4808 etoritate
379 4767 602 4816 tenetur.
629 4763 749 4817 ldeo
791 4764 1049 4832 quidquid
1096 4765 1312 4818 obvium
1352 4780 1416 4818 ex
1458 4765 1665 4820 incerto

142 4843 336 4897 occurrit
371 4850 642 4905 evidenter
687 4852 841 4919 abjici
884 4854 1060 4917 debet,
1106 4863 1166 4906 ut
1201 4854 1266 4907 de
1305 4862 1500 4909 caetero
1530 4854 1660 4908 nihil

141 4934 330 5016 fttpersit
356 4943 490 5008 quod
523 4944 582 4997 in
603 4944 822 4999 dubium
855 4956 1038 5010 nutet;
1072 4947 1296 5015 ideoque
1325 4946 1372 5000 si
1402 4947 1452 5000 in
1483 4947 1662 5016 quali-

252 5025 423 5084 minori
471 5042 626 5088 aetate
674 5034 766 5088 vel.
802 5036 1076 5105 religionis
1130 5047 1406 5092 tonsuram
1454 5039 1537 5092 vel
1581 5055 1666 5092 re-

142 5095 286 5168 liSioui
317 5115 537 5175 debitam
592 5133 792 5177 vestem
845 5095 1164 5194 invutroquc
1210 5142 1342 5182 sexu
1395 5127 1535 5188 tiliis,
1572 5135 1665 5181 aut

144 5201 251 5284 unus
285 5217 366 5260 aut
408 5215 560 5268 ambo
605 5226 852 5284 parentes
894 5217 1192 5284 dederunt,
1231 5229 1378 5275 certe
1428 5229 1520 5274 aut
1568 5237 1658 5273 no-

144 5275 332 5378 lculibus
368 5300 445 5354 vel
489 5304 849 5360 nescientibus
895 5321 952 5361 se
991 5318 1324 5377 susceptam,
1378 5326 1480 5363 non
1535 5327 1659 5364 mox

146 5379 278 5431 “sam
311 5385 356 5439 in
395 5391 509 5449 filiis
541 5397 940 5463 abdicaverint,
981 5401 1075 5454 sed
1122 5401 1203 5456 vel
1253 5417 1432 5456 coram
1478 5418 1537 5457 se
1579 5403 1659 5456 vel

144 5473 287 5564 fni“?
314 5474 556 5551 Ecc'ﬂia.
587 5489 870 5559 palamque
904 5492 955 5545 in
983 5503 1247 5548 conventu
1276 5494 1490 5548 eosdem
1524 5494 1658 5550 filios

149 5552 245 5648 ‘L'tlta
270 5561 444 5628 habere
474 5581 834 5645 permiserint,
874 5585 940 5636 ad
983 5584 1292 5638 saecularem
1337 5585 1531 5639 reverti
1566 5586 1659 5639 ba-

314 5655 431 5750 i-Psis
468 5635 588 5726 filiis
607 5635 926 5742 quandoque
948 5635 1291 5742 penitusnon
1320 5635 1530 5740 licebit,
1565 5635 1657 5731 sed

149 5740 334 5800 eoIlt'tcti
361 5759 490 5822 quod
529 5770 797 5820 tonsuram
841 5776 932 5822 aut
975 5767 1278 5837 religiosam
1318 5777 1515 5823 vestem
1563 5769 1658 5822 aliv

1767 4668 2196 4736 subscriptionis,
2227 4669 2365 4736 quod
2391 4669 2666 4723 Petamius
2713 4668 3060 4722 Bracareusis
3097 4664 3350 4720 Ecclesiae

1767 4758 2048 4825 episcopus
2085 4757 2151 4811 de
2183 4756 2340 4813 factis
2365 4760 2598 4829 propriis
2625 4761 2738 4814 suis
2773 4765 3059 4812 annotarat
3085 4755 3346 4809 articulis.

1767 4846 1882 4913 Quo
1912 4855 2170 4912 reserato,
2201 4847 2328 4916 quid
2358 4848 2718 4904 oblitteranda
2758 4847 2968 4916 pagina,
2999 4855 3054 4900 et
3090 4844 3348 4898 abolenda

1764 4936 2067 4990 litterarum
2099 4938 2398 5006 panderent
2424 4938 2708 5001 elementa,
2747 4937 2958 4994 ﬂetibus
2986 4935 3160 5005 potius
3189 4950 3347 5003 quam

1771 5027 2108 5081 sermonibus
2168 5027 2465 5098 lacrymosa
2531 5027 2788 5082 contritio
2857 5025 3144 5080 recensuit.
3199 5023 3350 5078 Tunc

1771 5119 2016 5175 solitario
2064 5129 2268 5176 tantum
2311 5121 2670 5191 secretimque
2717 5119 2963 5174 adunatis
3010 5118 3350 5189 pontificibus

1769 5216 1882 5277 Dei,
1924 5215 2235 5284 praedictum
2265 5215 2573 5284 episcopum
2616 5213 2803 5268 adesse
2825 5227 3006 5268 coram
3037 5210 3188 5266 nobis
3220 5210 3353 5266 feci-

1769 5324 1910 5371 mus,
1941 5323 2097 5377 quem
2147 5306 2464 5375 singultibus
2511 5305 2886 5375 aggredientes
2916 5303 3144 5373 amplius
3186 5317 3348 5370 quam

1768 5397 2017 5466 loquelis,
2063 5407 2352 5458 reseratam
2398 5395 2470 5449 illi
2514 5410 2623 5449 suae
2653 5395 3030 5458 deformitatis,
3067 5403 3120 5449 et
3153 5401 3350 5446 nostra:

1769 5491 2102 5546 confusionis
2142 5489 2462 5557 scripturam
2497 5487 2832 5556 protulimus.
2864 5487 3035 5554 Quam
3079 5483 3361 5550 accipiens

1767 5600 1828 5639 ac
1857 5596 2140 5637 recurrens
2169 5578 2568 5634 sciscitantibus
2604 5579 2777 5643 nobis,
2809 5587 2984 5632 utrum
3031 5575 3116 5628 sui.
3147 5571 3344 5642 operis,

1765 5685 1819 5730 et
1843 5690 1954 5728 suae
1979 5670 2340 5726 annotationis
2367 5669 2630 5724 intiuiatto
2645 5678 2808 5732 esset;
2833 5667 2972 5723 illico
2988 5680 3140 5721 suum
3168 5671 3346 5716 actum

1767 5767 1954 5834 suique
1991 5765 2100 5817 oris
2127 5761 2420 5833 eloquium,
2465 5775 2681 5816 suorum
2717 5761 3002 5832 digitorum
3035 5771 3152 5816 esse
3184 5756 3358 5812 robur:
