3888 6440
555 348 663 413 1551

555 550 722 606 divini
743 551 981 606 nominis
1012 551 1404 611 contestatione
1455 551 1600 610 hunc
1625 553 1939 623 adjurantes
1993 555 2146 609 obte-

556 638 687 696 stati
710 655 916 706 sumus,
945 648 1005 695 ut
1032 656 1101 695 an
1135 640 1202 696 de
1230 655 1291 696 se
1315 648 1507 712 sponte
1546 642 1887 713 mendacium
1916 643 2142 708 diceret,

470 780 477 785 ,
556 737 651 785 aut
680 729 910 801 alicujus
939 731 1194 788 violentia
1222 742 1558 805 premeretur
1587 743 1642 791 ct
1670 734 1986 805 perterritus
2019 735 2145 791 talia

554 833 859 890 enarraret,
906 825 1175 893 veraciter
1218 826 1500 882 indicaret.
1531 826 1631 895 Qui
1663 844 1783 883 mox
1816 827 1977 883 llebili
2016 843 2148 885 voce

554 912 957 988 luminibusque
983 917 1196 989 ploratu
1223 919 1588 986 madentibus,
1612 928 1667 975 et
1694 919 1911 989 fragore
1940 920 2146 991 singul-

553 1012 731 1075 tuum,
756 1023 881 1063 cum
925 1009 1085 1067 unius
1120 1010 1215 1064 Dei
1257 1008 1493 1073 nominis
1533 1010 1859 1078 juramento,
1888 1010 2145 1065 clamavit

552 1110 615 1153 se
657 1106 713 1153 et
757 1116 882 1157 vera
921 1101 1110 1158 eadem
1151 1099 1291 1156 mala
1321 1103 1387 1156 de
1423 1117 1482 1157 se
1508 1101 1775 1167 confiteri,
1807 1110 1863 1158 et
1917 1103 1984 1158 ad
2029 1103 2145 1158 haec

553 1187 858 1246 conﬁtenda
893 1191 1037 1247 nulla
1066 1208 1124 1248 se
1152 1191 1406 1248 violentia
1441 1193 1784 1262 pmgravari,
1815 1192 1955 1247 unde
1980 1193 2142 1248 etiam

551 1276 723 1335 ferme
747 1296 843 1351 per
865 1296 1057 1338 novem
1086 1296 1302 1337 menses
1344 1291 1537 1352 sponte
1567 1282 1871 1337 deseruisse
1900 1283 2141 1353 regimen

551 1369 808 1429 Ecclesia:
840 1389 970 1440 sum,
998 1382 1054 1429 et
1088 1374 1360 1444 ergastulo
1394 1375 1624 1443 quodam
1667 1389 1765 1445 pro
1792 1372 2031 1429 admisso
2051 1372 2147 1429 ila-

550 1463 683 1532 gitio
727 1474 948 1521 acturus
991 1466 1369 1535 paenitentiam
1396 1481 1459 1521 se
1510 1464 1842 1522 conclusisse
1872 1465 2139 1534 praedixit.

551 1552 703 1608 Tunc
738 1569 836 1621 per
881 1554 1089 1610 ﬁdelem
1140 1554 1534 1611 confessionem
1586 1564 1669 1611 est
1722 1555 1951 1626 agnitio,
1996 1553 2143 1626 quod

549 1652 697 1699 tactu
729 1642 959 1700 femineo
997 1645 1294 1700 sorduisset
1341 1643 1621 1701 deﬂorata.
1662 1644 1818 1700 Licet
1855 1644 2000 1700 hunc
2042 1658 2140 1714 pa-

549 1743 705 1792 terna
739 1736 1035 1806 antiquitas
1063 1737 1236 1792 sacris
1280 1736 1481 1807 regulis
1532 1734 1766 1804 dejicere
1813 1736 1882 1791 ab
1934 1735 2144 1792 honore

548 1828 826 1895 decernat,
851 1845 949 1885 nos
976 1838 1158 1885 tamen
1187 1829 1551 1887 miserationis
1571 1827 1696 1898 jura
1719 1836 2002 1895 servantes
2034 1844 2143 1884 non
2177 1822 2217 1882 Β

547 1920 867 1985 abstulimus
913 1936 1109 1977 nomen
1153 1922 1397 1985 honoris,
1433 1922 1579 1991 quod
1609 1921 1721 1991 ipse
1751 1920 1853 1975 sibi
1901 1920 1983 1977 sui
2034 1920 2142 1975 cri-

548 2012 713 2068 minis
732 2012 1073 2070 confessione
1092 2011 1203 2081 jam
1230 2011 1546 2072 abstulerat.
1579 2013 1674 2067 sed
1702 2011 1879 2069 valida
1909 2011 2147 2066 auctori-

551 2110 665 2158 tate
694 2102 1034 2159 decrevimus
1055 2113 1328 2175 perpetua
1350 2103 1684 2172 poenitentiae
1709 2101 1854 2159 hunc
1884 2100 2148 2158 inservire

549 2189 744 2248 ciliciis
772 2203 825 2248 et
866 2193 1147 2259 aerumnis,
1174 2193 1519 2262 providentes
1547 2192 1738 2248 melius
1760 2192 1908 2247 illum
1935 2207 2033 2263 per
2062 2206 2148 2246 as-

551 2302 740 2360 peram
805 2290 885 2345 ire
932 2290 1265 2359 poenitentia:
1314 2289 1684 2355 solitudinem,
1724 2298 1787 2343 ut
1826 2290 2151 2360 quandoque

552 2381 859 2450 perveniret
884 2382 952 2436 ad
978 2380 1239 2451 refrigerii
1265 2381 1600 2436 mansionem
1627 2396 1791 2450 quam
1816 2380 2061 2441 relictum
2094 2382 2149 2437 in

552 2472 849 2528 voluntatis
870 2488 981 2529 suae
1000 2473 1284 2529 latitudine
1307 2473 1373 2527 ad
1396 2474 1926 2544 prtecipitiutntiejici
1946 2485 2151 2531 mtcrna

550 2562 910 2620 damnatione.
938 2564 1091 2619 Tunc
1115 2564 1482 2620 venerabilem
1509 2564 1869 2621 Fructuosum
1892 2565 2150 2622 Ecclesiae

551 2653 863 2712 Dunilensis
908 2656 1221 2727 episcopum
1259 2657 1535 2713 communi
1564 2656 1809 2713 omnium
1843 2665 2152 2714 nostrorum

550 2745 823 2803 electione
850 2747 1232 2804 constituimus
1266 2747 1521 2803 Ecclesiae
1567 2746 1917 2804 Bracarensis
1943 2749 2154 2820 ’guber-

552 2836 744 2893 uacula
767 2838 1066 2903 continere,
1099 2838 1173 2893 ita
1210 2847 1268 2894 ut
1305 2853 1520 2895 omnem
1557 2839 1897 2910 metropolim
1929 2840 2150 2910 provin-

552 2927 654 2983 ciae
677 2926 917 2984 Galliciae
950 2937 1286 3002 cunctosque
1313 2930 1597 3000 episcopos
1645 2931 1981 3001 populosque
2023 2946 2153 2988 con-

551 3025 749 3072 ventus
785 3017 956 3087 ipsius
999 3018 1351 3089 omniumque
1387 3035 1576 3075 curam
1623 3021 1926 3076 animarum
1956 3022 2155 3078 Braca-

553 3107 730 3163 rensis
781 3108 1035 3164 Ecclesiae
1095 3109 1175 3166 sic
1234 3109 1636 3178 gubernandum
1710 3112 2011 3183 suscipiens
2076 3112 2154 3169 ita

1367 346 1656 403 APPEND.
1696 348 1787 402 AD
1825 348 1996 404 διες.
2038 346 2130 404 IX.
2168 377 2239 390 —-—
2275 346 2519 405 lSlDOlil
2559 346 3000 405 MERCATOllIS

544 457 827 522 asseruit;
858 457 1002 528 quod
1036 457 1143 514 illic
1167 457 1457 530 relegendo
1483 459 1745 529 praevidit.
1783 460 2016 516 Rursum
2046 461 2145 516 sub
2174 464 2223 525 Α

3706 349 3786 406 531

2652 461 2928 521 Decretum
2956 461 3430 518 testamentarium.

2320 550 2565 609 Vidimus
2593 552 2914 609 tractatibus
2948 551 3193 609 invenire
3219 551 3360 622 quod
3390 549 3593 622 justum
3627 564 3715 621 est,
3745 569 3787 615 et

2249 645 2579 718 experientia
2607 659 2727 703 esse
2749 644 3111 714 iudicantium
3137 645 3572 714 coznprohatum,
3598 658 3649 704 et
3666 647 3784 719 juxta

2247 739 2442 795 summi
2461 737 2650 809 judicii
2681 746 2880 795 statuta
2910 736 3118 808 plenior
3141 736 3344 793 invenit
3370 739 3677 801 auctoritas.
3696 743 3788 801 ideo

2250 829 2449 886 mentis
2501 828 2853 883 intentionem
2893 827 3117 898 orisque
3149 825 3309 886 simul
3336 828 3521 883 studia
3572 828 3787 889 deducen-

2248 927 2350 987 tes,
2390 919 2444 975 in
2473 919 2835 990 cognitionem
2860 917 3111 975 audiendi
3159 918 3358 990 negotii
3392 917 3627 974 delatum
3651 924 3787 978 estad

2247 1025 2347 1065 nos
2369 1017 2690 1065 conventum
2721 1008 2893 1065 sancti
2924 1007 3143 1065 concilii
3167 1023 3234 1064 ex
3264 1009 3478 1064 directo
3500 990 3701 1079 gloriosi
3721 1012 3787 1067 do

2245 1099 2379 1154 mini
2422 1100 2592 1154 nostri
2631 1099 3013 1157 Reccesiunthi
3056 1099 3203 1171 regis
3243 1114 3344 1170 per
3374 1100 3633 1157 illustrem
3654 1103 3787 1158 virun

2248 1190 2619 1246 Vuambanem
2658 1199 3035 1246 testamentum
3071 1190 3321 1262 gloriosae
3354 1192 3625 1247 memoria:
3658 1194 3787 1248 sancti

2245 1280 2459 1336 Martini
2500 1280 2752 1336 Ecclesiae
2799 1281 3148 1345 Bracarensis
3183 1282 3447 1353 episcopi,
3476 1283 3566 1352 qui
3594 1292 3645 1337 ct
3667 1284 3789 1339 Duni-

2242 1372 2392 1429 lense
2433 1372 2820 1428 monasterium
2868 1370 3017 1427 visus
3054 1381 3141 1428 est
3183 1373 3576 1438 construxisse,
3608 1382 3662 1427 ut
3686 1388 3789 1430 reo-

2245 1474 2365 1520 rato
2391 1480 2458 1521 eo
2487 1465 2632 1536 quod
2676 1465 2767 1520 hic
2799 1473 3128 1521 memoratus
3170 1465 3523 1523 beatissimus
3549 1466 3627 1520 vir
3647 1466 3789 1522 decre-

2245 1559 2625 1615 vissetnostrai
2635 1559 2926 1629 cognitioni
2952 1567 3269 1628 putesceret.
3296 1558 3419 1626 Quo
3440 1566 3733 1619 testamento
3747 1561 3784 1615 in

2244 1650 2485 1706 omnium
2530 1660 2790 1724 convecto
2836 1649 3055 1713 relecto,
3102 1649 3469 1719 comperimus
3500 1663 3566 1704 ex
3593 1648 3785 1703 ordines

2248 1755 2548 1803 memorato
2578 1744 2820 1815 principe
2860 1743 2929 1799 ad
2975 1757 3079 1798 nos
3105 1757 3227 1797 esse
3270 1741 3561 1806 directum,
3587 1741 3785 1811 quoniam

2246 1835 2387 1891 idem
2419 1836 2668 1908 gloriosae
2706 1834 2982 1891 memoriae
3011 1842 3229 1891 sanctus
3271 1834 3358 1888 vir
3410 1834 3485 1892 ita
3512 1834 3784 1896 decreverat,

2248 1937 2310 1982 ut
2342 1927 2759 1982 succedentibus
2804 1939 2901 1994 per
2947 1926 3193 1981 ordinem
3242 1924 3473 1996 regibus
3499 1926 3565 1980 ad
3608 1925 3787 1995 compte

2248 2027 2492 2072 mentum
2524 2018 2643 2088 ejus
2681 2016 2851 2088 ipsius
2884 2016 3199 2072 constitutio
3239 2015 3613 2077 commendata
3650 2032 3786 2072 tuane-

2249 2118 2352 2163 ret.
2376 2107 2530 2163 Tnnc
2566 2106 2760 2163 deinde
2785 2105 3003 2161 allatum
3029 2113 3115 2161 est
3149 2105 3308 2161 nobis
3334 2114 3697 2161 testamentum
3720 2105 3785 2159 lli-

2248 2198 2446 2262 cuniri,
2472 2208 2785 2274 memoratae
2811 2197 3067 2255 Ecclesia:
3090 2197 3403 2253 Dunilensis
3423 2198 3667 2269 episcopi,
3686 2197 3787 2266 quod

2249 2290 2317 2345 de
2338 2290 2500 2345 rebus
2523 2290 2636 2346 suis
2661 2289 2713 2344 in
2741 2290 2931 2345 eadem
2960 2288 3201 2345 Ecclesia
3230 2289 3549 2347 decreverat
3572 2290 3787 2345 examina-

2252 2379 2397 2435 tione
2425 2379 2669 2435 veridica
2697 2378 3080 2435 dirimendum.
3111 2380 3229 2447 Quo
3266 2379 3475 2435 relecto
3504 2381 3787 2449 cognovimus

2250 2469 2503 2528 eumdem
2534 2483 2811 2525 auctorem
2849 2484 3013 2525 suum
3056 2468 3135 2526 illi
3180 2470 3417 2525 diversa:
3454 2470 3785 2525 constitutionis

2251 2560 2489 2616 edidisse
2516 2561 2875 2626 conditiones,
2899 2560 3045 2616 inter
3068 2577 3205 2632 quas
3232 2577 3405 2617 unam
3429 2562 3649 2617 validam
3667 2576 3785 2616 cona-

2254 2658 2339 2706 tus
2375 2661 2461 2707 est
2494 2651 2826 2722 relegatione
2866 2653 3262 2725 constringere,
3318 2655 3583 2724 deputans
3625 2663 3671 2709 et
3703 2653 3785 2707 illa-

2254 2743 2425 2800 tioues
2455 2744 2803 2810 tributorum,
2851 2751 2909 2800 et
2953 2744 3132 2815 pretia
3181 2743 3402 2814 frugum
3442 2746 3633 2816 absque
3656 2744 3782 2814 aliqua

2253 2832 2612 2889 diminutione
2632 2850 2811 2889 annua
2834 2849 2967 2891 voce
2990 2834 3319 2905 pauperibus
3336 2851 3581 2909 erogare,
3602 2835 3781 2905 nihilque

2251 2938 2371 2981 esse
2400 2925 2604 2995 absque
2628 2925 3018 2982 deliberatione
3065 2926 3339 2994 relictum,
3369 2929 3513 2998 quod
3537 2928 3695 2983 usibus
3714 2926 3783 2979 Ec-

2255 3014 2433 3073 clesiae
2481 3024 2666 3086 posset
2710 3014 2944 3086 quadam
2978 3014 3300 3072 liberalitate
3338 3018 3561 3074 servire.
3593 3016 3713 3071 Tusc
3735 3030 3777 3070 et

2253 3119 2387 3160 voce
2415 3106 2587 3175 patris
2611 3105 2921 3161 Dunilensis
2948 3105 3225 3173 Ecclesiae,
3257 3115 3559 3164 astructum
3589 3115 3661 3162 est
3680 3103 3780 3174 Quod

558 3207 852 3268 componat
887 3206 1052 3268 atque
1084 3210 1389 3265 conservet,
1416 3209 1475 3254 ut
1496 3212 1551 3255 et
1589 3201 1875 3258 Dominum
1907 3212 2151 3258 nostrum
2179 3183 2224 3247 (εἶ
2255 3193 2535 3250 universas
2562 3194 2771 3265 specles
2797 3195 3012 3266 generis
3039 3204 3096 3251 et
3128 3199 3403 3267 corporis.
3448 3213 3612 3254 rerum
3632 3211 3725 3265 qua:
3743 3196 3777 3247 in

560 3285 631 3343 de
655 3288 980 3344 rectitudine
1001 3291 1182 3361 aperis
1208 3291 1291 3346 sui
1315 3291 1576 3361 gloriﬁcet
1593 3302 1649 3348 et
1676 3294 1833 3349 nobis
1860 3294 1928 3349 de
1956 3294 2157 3350 incolu-

554 3378 744 3435 mitate
773 3379 1028 3437 Ecclesia-
1053 3379 1170 3451 ejus
1203 3384 1456 3453 gaudium
1485 3393 1722 3454 praestet.
1764 3385 1905 3451 Quia
1929 3399 2059 3439 vero
2085 3384 2153 3439 ad

553 3467 735 3526 futura
758 3472 1068 3541 prospicere
1094 3476 1371 3539 convenit,
1401 3490 1468 3531 ne
1491 3477 1770 3531 exoriatur
1797 3477 1850 3531 in
1880 3485 2027 3533 statu
2050 3492 2149 3546 pa—

553 3560 635 3615 cis
654 3562 899 3630 quaedam
925 3565 1215 3621 commotio
1253 3566 1386 3631 litis,
1413 3551 1638 3623 Patroni
1657 3570 2000 3634 sententiam,
2037 3584 2157 3641 qua

545 3649 673 3723 jam,
686 3651 889 3707 dictum
913 3652 1218 3711 Potamium
1239 3657 1552 3729 episcopum
1576 3661 1898 3717 rectitudine
1910 3661 2152 3739 damnat.

556 3742 685 3801 huic
711 3743 940 3801 decreto
982 3754 1306 3805 connectere
1337 3760 1520 3805 nostra
1561 3752 1841 3822 vigilantia
1874 3762 2152 3823 procurat.

893 3834 981 3891 Ea;
1003 3838 1225 3893 concilio
1268 3836 1561 3906 Valentino,
1584 3840 1737 3895 titulo
1764 3841 1820 3896 4.

626 3927 740 3984 Nec
769 3928 920 3994 illud,
968 3928 1187 4006 fratres,
1241 3931 1479 3987 scribere
1522 3932 1870 4013 alienumoob
1894 3933 2155 3990 Ecclesia:

554 4020 847 4079 utilitatem
872 4021 1205 4087 censuimus,
1258 4029 1319 4077 ut
1360 4023 1574 4079 sciretis
1597 4024 1904 4095 quicunque
1935 4026 2034 4081 sub
2057 4040 2152 4081 or-

554 4110 853 4176 dinatione,
886 4110 969 4166 vel
1016 4112 1352 4179 diaconatus,
1408 4113 1492 4167 vel
1536 4115 1881 4186 presbyterii,
1915 4114 2001 4171 vel
2037 4115 2154 4187 epi-

557 4213 815 4274 scopatus
842 4204 1057 4259 mortali
1085 4204 1314 4260 crimine
1360 4204 1595 4261 dixerint
1640 4221 1702 4262 se
1745 4221 1865 4263 esse
1900 4207 2173 4282 pollutos;

555 4311 587 4351 a
626 4295 954 4366 supradictis
995 4296 1277 4352 ordinibus
1315 4296 1730 4363 submovendos,
1778 4314 1900 4355 reos
1946 4300 2157 4357 scilicet

554 4385 645 4442 vel
673 4386 787 4441 veri
836 4386 1194 4453 confessione,
1223 4387 1311 4442 vel
1336 4388 1620 4445 mendacio
1654 4388 1924 4446 falsitatis.
1963 4389 2150 4463 Neque

554 4476 702 4533 enim
746 4475 950 4533 absolvi
1000 4486 1181 4549 potest
1226 4478 1279 4533 in
1333 4479 1438 4545 his,
1485 4480 1533 4535 si
1568 4472 1623 4536 in
1652 4482 1859 4551 seipsos
1890 4482 2151 4550 dixerint,

556 4569 703 4640 quod
741 4568 942 4639 dictum
974 4570 1029 4625 in
1059 4570 1194 4627 alios
1228 4573 1532 4643 puniretur,
1564 4577 1820 4645 quoniam
1851 4577 2030 4633 omnis
2058 4564 2151 4649 qui

554 4660 660 4717 sibi
703 4657 869 4716 fuerit
897 4662 1088 4718 mortis
1115 4677 1279 4718 causa
1312 4665 1488 4734 major
1533 4666 1805 4722 homicida
1836 4667 1929 4721 sit.
1973 4666 2153 4724 Multae

553 4749 773 4820 quidem
810 4757 868 4804 et
912 4750 1033 4806 alia
1074 4753 1356 4808 sontentiai
1379 4753 1507 4810 huic
1531 4764 1782 4824 poterant
1811 4756 2011 4812 innecti
2052 4757 2150 4812 de-

552 4850 727 4910 creto,
753 4857 877 4912 quae
898 4844 1217 4913 praedictum
1248 4845 1551 4902 Potamium
1582 4847 1891 4919 episcopum
1920 4849 2152 4905 severis-

553 4933 693 4989 sima
739 4937 1064 4993 auctoritate
1111 4935 1346 5007 abjiccre
1383 4939 1594 5010 jubent,
1645 4940 1740 4995 sed
1780 4955 1846 4996 ex
1896 4940 2149 4999 omnibus

555 5023 701 5080 hanc
730 5028 1092 5099 conscriptam
1130 5045 1331 5101 ponere
1364 5032 1689 5087 sententiam
1716 5032 2022 5099 maluimus,
2054 5049 2144 5100 ne,

557 5113 604 5167 si
634 5114 801 5169 totius
842 5117 1205 5175 danmationis
1249 5120 1427 5177 edicta
1470 5121 1903 5191 replicassemus,
1935 5122 2147 5194 gravis-

556 5202 709 5258 sima:
736 5203 957 5262 ultionis
986 5218 1235 5267 auctores
1281 5212 1516 5267 existere
1561 5212 1891 5268 videremur.
1925 5213 2149 5269 Factum

557 5292 836 5349 decretum
866 5291 1083 5354 sub‘die
1115 5298 1477 5357 Kalendarum
1512 5302 1842 5367 Decembris,
1884 5317 2026 5358 anno
2069 5303 2152 5358 le-

557 5384 741 5443 liciter
765 5395 961 5445 octavo
986 5394 1137 5463 regni
1163 5393 1535 5463 gloriosissimi
1573 5395 1783 5451 Domini
1830 5395 2157 5454 Reccesiun-

557 5479 636 5535 tbi
672 5480 834 5554 regis.
864 5481 1157 5555 Engenius,
1188 5487 1440 5559 indignus
1483 5488 1761 5545 Toletanae
1786 5488 1933 5545 sedis
1956 5498 2157 5545 metro-

553 5572 827 5643 politanus
851 5578 1157 5647 episcopus,
1183 5580 1286 5636 hoc
1303 5580 1494 5651 judicii
1522 5583 1689 5638 nostri
1716 5583 1990 5639 decretum
2023 5599 2153 5638 sua.

556 5664 769 5734 scripsi.
811 5666 1073 5725 Similiter
1102 5677 1153 5726 et
1183 5670 1274 5725 alii
1310 5672 1547 5743 episcopi
1584 5673 2020 5745 subscripserunt
2049 5689 2151 5727 nu-

555 5769 709 5814 rnero
740 5759 826 5814 l7.

2255 3285 2496 3356 ejusdem
2522 3285 2777 3342 Ecclesiae
2796 3287 2957 3342 domo
2983 3286 3316 3344 intrinsecus
3343 3291 3414 3345 ad
3442 3304 3565 3345 usus
3588 3284 3779 3343 domesti-

2253 3390 2347 3431 cos
2377 3384 2431 3433 et
2457 3385 2699 3448 tempore
2732 3391 2842 3433 sua:
2876 3378 3234 3436 ordinationis
3278 3380 3425 3436 idem
3447 3380 3694 3448 cpiscopus
3712 3373 3776 3428 lii-

2254 3465 2477 3529 cimirus
2509 3466 2736 3532 invenit,
2761 3477 2816 3523 et
2841 3482 2961 3538 qua:
2989 3469 3102 3541 ipse
3144 3477 3232 3524 aut
3276 3469 3345 3525 de
3384 3484 3541 3541 opere
3564 3468 3777 3534 utriusque

2254 3573 2419 3616 sexus
2449 3559 2722 3615 artilicum
2772 3559 3098 3616 familiarum
3133 3561 3394 3618 Ecclesia:
3438 3563 3601 3633 potuit
3632 3558 3776 3615 habere

2254 3648 2501 3707 confecta
2540 3660 2702 3721 atque
2729 3651 2898 3718 illata,
2941 3661 3034 3707 aut
3066 3667 3188 3722 quae
3232 3669 3330 3709 sua
3379 3651 3685 3724 professione
3706 3648 3774 3701 ba-

2255 3741 2436 3797 buisse
2470 3742 2620 3798 visus
2653 3750 2738 3797 est
2774 3743 3104 3813 conquisita,
3128 3744 3311 3800 omnia
3339 3744 3571 3800 moriens
3605 3737 3776 3810 jussis“
3854 3798 3855 3803 η

2254 3837 2582 3907 pauperibus
2632 3851 2880 3907 erogaro.
2926 3837 3182 3904 Quaedam
3233 3852 3364 3894 vero
3419 3839 3490 3894 ita
3531 3835 3611 3891 viii
3649 3831 3772 3903 pretio
3854 3906 3855 3915 χ

2255 3930 2489 3985 vendere
2514 3929 2794 3987 ordinasse
2841 3937 2902 3985 ut
2942 3930 3237 4001 negotiatio
3282 3931 3472 3986 harum
3511 3942 3664 3983 rerum
3684 3936 3772 3994 per-

2256 4018 2390 4075 ditio
2413 4021 2592 4090 potius
2616 4035 2780 4092 quam
2806 4021 3069 4076 mercatio
3088 4030 3424 4077 censeretur.
3444 4018 3659 4077 Edidisse
3679 4026 3770 4082 σινο-

2255 4124 2365 4180 Ψιθ
2402 4109 2665 4178 quosdam
2703 4109 2904 4169 liberos
2939 4124 3008 4165 ex
3045 4107 3283 4179 ejusdem
3315 4110 3562 4168 Ecclesia:
3592 4103 3766 4162 fatuiliis,

2255 4198 2453 4268 quibus
2485 4199 2651 4254 etiam
2688 4214 2809 4254 cum
2843 4200 2964 4255 aliis
2991 4201 3057 4255 ad
3093 4216 3154 4257 se
3183 4201 3566 4272 pertinentibus
3582 4192 3767 4253 omnibus

2256 4290 2488 4361 amplius
2506 4306 2667 4362 quam
2689 4290 3081 4361 quinquaginta
3104 4291 3375 4361 reperitur
3389 4291 3638 4357 utriusque
3653 4292 3766 4337 sexus

2257 4386 2472 4444 dedisse
2498 4386 2763 4457 mancipia
2781 4402 2801 4453 ;
2819 4386 3016 4457 quibus
3035 4386 3247 4442 damnis
3273 4388 3348 4442 ita
3368 4384 3597 4456 cognitis,
3616 4376 3711 4447 quia
3728 4378 3764 4423 ei

2256 4488 2452 4535 cuncta
2505 4478 2743 4534 remedia
2780 4477 3108 4533 intrinsecus
3148 4476 3343 4533 domus
3395 4486 3496 4531 tam
3547 4469 3765 4526 indiscrete

2182 4540 2231 4600 θ
2256 4573 2449 4645 largita
2489 4570 2740 4638 fuerant,
2780 4587 2852 4627 ne
2889 4571 3035 4642 quod
3079 4571 3148 4626 ad
3181 4570 3536 4642 integritatem
3574 4553 3763 4618 Ecclesiae

2252 4664 2522 4734 reliquum
2570 4671 2909 4733 superesset,
2959 4678 3083 4720 cum
3144 4661 3290 4717 nulla
3342 4659 3606 4717 imminens
3647 4655 3761 4703 causa

2248 4770 2549 4827 pauperum
2575 4755 2914 4810 necessitatis
2956 4755 3236 4819 existeret,
3263 4769 3385 4824 quas
3419 4753 3515 4807 hoc
3550 4755 3639 4801 tam
3659 4740 3759 4794 inte.

2246 4861 2342 4921 gre
2365 4856 2423 4902 et
2447 4846 2688 4918 perfecte
2714 4846 3046 4903 examssim
3075 4860 3303 4915 erogare
3321 4845 3626 4915 deposceret,
3644 4837 3760 4925 aut”

2249 4952 2351 5009 pro
2372 4936 2582 4992 libertis
2610 4935 2718 4992 illis
2757 4935 2893 4991 nihil
2927 4936 3224 4993 secundum
3263 4932 3562 4991 canonicam
3586 4926 3759 4979 WW

2248 5043 2373 5083 nem
2418 5027 2603 5083 datum
2647 5027 2705 5081 in
2749 5026 3183 5082 communionem
3232 5027 3538 5095 patescere!»
3580 5009 3656 5069 sed
3689 5013 3757 5059 ³⁸⁸

2248 5135 2349 5193 pro
2384 5119 2674 5190 mancipiis
2695 5127 2752 5176 et
2774 5118 2998 5190 reliquis
3026 5119 3189 5174 rebus
3212 5117 3417 5174 eisdem
3442 5107 3621 5169 libertis
3639 5096 3755 5155 collis

2251 5215 2324 5269 tis
2347 5213 2553 5284 aliquid
2580 5212 2633 5266 in
2665 5211 3094 5282 repensationcm
3116 5208 3360 5265 ecclesiis
3401 5203 3615 5260 relictum
3648 5195 3754 5243 note-

2254 5314 2448 5371 sceret,
2478 5320 2667 5361 vcrum
2696 5314 2753 5360 et
2777 5318 2931 5359 suam
2960 5319 3074 5359 rem
3094 5304 3176 5358 ita
3213 5303 3269 5357 in
3297 5300 3507 5356 nomine
3529 5288 3751 5382 Ρίιῖφθξυηξ

2264 5398 2575 5467 relegasset,
2597 5411 2668 5452 ne
2696 5396 2898 5466 aliquid
2924 5395 3149 5452 remedii
3189 5409 3259 5450 οι
3302 5393 3403 5449 hoc
3440 5377 3750 5471 θωιοείξοειίφδ

2263 5505 2394 5547 usus
2436 5491 2744 5560 attingeret,
2796 5489 2941 5543 ducti
2989 5501 3177 5545 sumus
3216 5496 3329 5541 tam
3379 5475 3577 5540 rationis
3611 5468 3748 5560 inulti“

2261 5596 2422 5652 quam
2474 5558 2824 5652 paternarum
2866 5579 3204 5635 sanctionem
3253 5576 3414 5641 dicto,
3459 5567 3598 5642 ipsius

2260 5638 2427 5727 menti
2451 5638 2668 5737 seriem,
2713 5670 2815 5726 etsi
2860 5684 2969 5726 non
3006 5638 3746 5745 υεᾳυθιιιιδειιιοῖπ-ῖΐάωωηδῖ

2258 5777 2485 5829 vocare,
2549 5762 2602 5816 in
2632 5735 2884 5849 quodam
2938 5735 3115 5818 tamen
3160 5735 3451 5816 rationabili
3501 5735 3742 5805 auctorila“
