3888 6442
42 294 54 318 '
108 290 201 347 533

105 414 511 473 temperamento
531 407 812 478 deducere,
841 413 1061 479 scilicet,
1094 417 1219 486 quia
1265 430 1534 476 tantorum
1558 423 1665 478 dis-
1691 430 1740 488 Α
1769 427 2095 494 disponenda
2131 433 2504 505 relinquimus,

102 497 399 566 pendiorum
439 499 651 556 damnis
688 517 720 557 a
765 516 1064 564 memorato
1113 509 1371 566 Rieimiro
1415 514 1667 586 episcopo

103 587 260 649 factis.
284 603 369 644 res
396 589 793 650 ecclesiasticas
815 595 1150 667 dignoscitur
1167 601 1466 670 subiacere,
1493 606 1668 660 omnis

105 694 181 734 res
198 680 309 750 ejus
332 696 498 750 quam
525 683 876 757 indelegatam
902 689 1119 760 reliquit
1146 706 1439 763 pauperum
1463 698 1665 752 nomini

105 772 269 824 tandiu
296 771 575 829 Dunilensi
619 776 872 834 Ecclesia
912 781 1067 851 plena
1107 784 1372 839 deserviat
1419 786 1668 844 facultate

103 861 253 915 donec
279 875 441 917 omne
466 863 566 918 hoc
591 866 844 922 damnum
878 873 1019 941 quod
1049 873 1103 928 in
1130 876 1446 933 utensilibus
1475 879 1665 936 domus

102 951 356 1016 sustinuit,
406 953 586 1009 valeat
613 957 914 1015 evidentius
967 964 1226 1031 reparari.
1263 964 1336 1020 At
1363 975 1488 1022 tune
1511 985 1666 1024 eom-

105 1037 246 1109 ιω
286 1040 427 1109 pleta
473 1046 812 1112 restitutione
844 1051 1021 1105 damni
1048 1053 1368 1110 observetur
1403 1057 1541 1112 sient
1577 1059 1664 1114 de-

99 1139 229 1182 creta
255 1137 336 1185 est
363 1133 538 1188 series
570 1138 898 1204 testamenti,
932 1138 1107 1195 liberti
1136 1157 1266 1197 vero
1291 1143 1381 1212 qui
1413 1159 1477 1200 ex
1507 1145 1665 1200 fami-

100 1217 172 1274 liis
193 1220 431 1277 ecclesia:
461 1223 588 1279 facti
617 1236 764 1293 sunt,
787 1237 842 1284 et
867 1245 960 1285 seu
987 1247 1072 1287 res
1108 1243 1163 1288 et
1185 1236 1431 1292 universa
1459 1252 1578 1306 quae
1609 1239 1661 1292 in

98 1311 359 1380 mancipiis
383 1313 616 1384 aliisque
649 1321 989 1390 corporibus,
1016 1323 1101 1378 vel
1135 1325 1262 1393 illis,
1293 1327 1376 1382 vel
1421 1329 1534 1384 suis
1573 1330 1668 1384 ho-

98 1399 309 1456 minibus
365 1403 562 1460 collata
605 1420 726 1463 esse
771 1410 1180 1480 diguoseuntur,
1219 1426 1415 1472 cuncta
1461 1418 1515 1472 in
1564 1418 1670 1474 dis-

98 1492 315 1548 cretione
342 1498 673 1554 venerabilis
701 1499 888 1558 fratris
918 1505 1088 1559 nostri
1120 1506 1401 1563 Fructuosi
1427 1511 1665 1580 episcopi

1220 305 1709 368 DECRETALIUM
1742 312 2145 375 COLLECTIO.

3240 343 3343 398 5-34

2549 448 2606 495 ut
2653 443 2778 511 quia
2827 445 2939 502 haec
2969 441 3189 508 evidens
3213 457 3342 512 ordo

1771 517 1985 574 Patrum
2033 523 2085 577 in
2126 523 2336 580 irritum
2385 527 2630 597 devocat,
2679 533 2823 590 illius
2866 544 3340 610 temperamentum

1769 612 1884 668 brec
1909 613 1976 668 ad
2009 615 2409 674 miserationem
2439 622 2691 691 adducat,
2719 628 2953 696 qualiter
2980 647 3077 687 nec
3107 635 3341 706 regulam

1769 711 2045 773 paternam
2075 709 2263 765 modus
2290 713 2514 768 excedat
2548 725 2603 770 et
2646 720 3044 778 miserationem
3085 729 3344 784 severitas

1768 799 2096 868 exstinguat,
2136 810 2194 855 ut
2236 807 2530 861 secundum
2579 812 2769 866 merita
2800 815 3146 872 servientium
3185 827 3240 874 et
3280 820 3344 875 li-

1770 890 1995 944 bertatis
2019 893 2233 959 praemia
2263 905 2318 950 et
2339 913 2542 966 rerum,
2572 903 2652 957 vel
2683 905 2966 962 subtrahat
2993 908 3232 975 donaria,
3261 910 3342 965 vel

1771 983 2052 1036 concedat.
2102 984 2314 1042 Editum
2364 991 2464 1045 sub
2503 992 2587 1046 die
2633 993 2990 1052 Kalendarum
3013 998 3340 1067 Decembris,

1771 1091 1911 1132 anno
1932 1077 2160 1135 feliciter
2187 1084 2417 1152 septimo
2444 1089 2592 1157 regni
2621 1089 2986 1160 gloriosissimi
3008 1093 3209 1148 domini
3247 1111 3345 1151 no-

1767 1170 1865 1224 stri
1909 1173 2288 1230 Receesiunthi
2347 1178 2508 1248 regis.
2550 1179 2845 1252 Eugenius,
2894 1184 3143 1256 indignus
3187 1185 3338 1243 Tole-

1771 1271 1908 1318 tanaa
1937 1265 2080 1319 sedis
2111 1267 2552 1337 metmpolitanus
2577 1271 2875 1340 episcopus,
2901 1273 3004 1327 hoc
3035 1271 3222 1340 judicii
3247 1289 3344 1329 no-

1763 1356 1861 1410 stri
1902 1355 2176 1412 decretum
2223 1359 2535 1430 subscripsi.
2584 1361 2846 1418 Similiter
2887 1372 2942 1418 et
2980 1363 3067 1418 alii
3107 1365 3342 1436 episcopi

1763 1445 2199 1518 subscripserunt
2237 1463 2463 1504 numero
2500 1451 2707 1506 decem.

106 1609 3322 1658 ————_________________________________

881 1760 1230 1820 INCIPIUNT
1263 1766 1609 1824 CAPIT-DLA
1631 1767 1922 1825 CONCILII
1960 1769 2302 1827 TOLETANI
2343 1772 2668 1828 UNDECIMI

159 1936 204 1988 1.
240 1931 313 1988 Ne
346 1933 581 1988 tumultu
620 1935 906 1991 concilium
947 1939 1201 2010 agitetur.

153 2025 202 2080 2.
227 2023 336 2080 Non
369 2025 574 2080 debere
621 2028 1091 2098 metropolitanum
1120 2047 1154 2087 a
1198 2032 1657 2090 conlinitimorum

99 2116 425 2170 instructione
463 2131 706 2172 cessare.

153 2205 200 2261 ὅ.
227 2204 294 2261 Ut
322 2206 374 2261 in
405 2221 516 2261 una
569 2209 845 2276 provincia
880 2209 1167 2269 diversitas
1205 2211 1501 2270 otliciorum
1550 2229 1658 2270 non

102 2307 226 2352 tenea
233 2307 282 2352 tu
289 2314 333 2352 l'.

153 2386 202 2440 4.
229 2388 300 2442 De
328 2387 600 2443 discordia
633 2390 998 2446 sacerdotum.

155 2476 199 2530 5.
227 2477 294 2533 De
312 2480 721 2548 compescendis
757 2482 1070 2537 excessibus
1098 2485 1458 2539 sacerdotum.

154 2567 201 2622 6.
223 2568 336 2626 Non
359 2571 561 2626 debere
590 2573 900 2629 sacerdotes
929 2574 1170 2644 qualibet
1209 2575 1263 2629 in
1304 2574 1535 2631 ecclesia
1574 2575 1655 2629 fa-

102 2657 235 2715 miliis
274 2663 646 2718 truncationes
673 2664 1037 2720 membrorum
1068 2665 1268 2733 facere,
1309 2681 1412 2723 nec
1457 2666 1659 2737 aliquid

101 2748 216 2815 quod
243 2760 408 2804 morte
436 2747 783 2820 plectendum
819 2762 900 2807 est
925 2753 1190 2822 judicare.

157 2838 202 2890 7.
224 2837 345 2906 Quae
377 2841 579 2895 debeat
617 2842 872 2897 discretio
912 2842 1260 2898 ecclesiarum
1291 2857 1412 2898 esse
1441 2851 1660 2898 rectori-

103 2928 197 2993 hus,
226 2946 288 2984 ne
316 2947 412 3001 per
433 2931 770 2988 inconditam
803 2925 1142 3004 disciplinam
1167 2934 1397 2991 subeant
1430 2934 1663 2990 homici-

103 3019 161 3074 dii
191 3030 378 3079 notam.
1176 3065 1203 3083 ο

157 3112 202 3166 8.
225 3112 296 3168 Ne
327 3117 628 3186 quidquam
656 3119 862 3189 praemii
909 3135 1007 3190 pro
1053 3121 1251 3178 divinis
1297 3121 1656 3179 sacramentis

104 3203 377 3272 accipiatur.

156 3289 204 3345 9.
224 3292 352 3360 Quid
375 3296 642 3351 custodiri
675 3298 868 3354 debeat
895 3300 940 3356 si
973 3315 1069 3369 per
1090 3301 1367 3370 praemium
1394 3301 1515 3370 quis
1541 3301 1654 3371 epi-
1681 3286 1726 3348 C

104 3396 264 3453 scopas
288 3387 510 3459 liat,|vel
531 3404 634 3457 qua
656 3391 919 3446 sententia
949 3391 1177 3447 feriatur
1197 3394 1288 3462 qui
1307 3395 1374 3448 ad
1398 3395 1657 3448 honorem

104 3484 344 3546 acceptum
390 3494 494 3549 per
534 3482 818 3550 pecuniam
846 3483 1130 3540 ordinatus
1156 3483 1327 3540 fuisse
1369 3483 1658 3552 detegitur.

1834 1929 1920 1983 10.
1958 1928 2030 1985 Ut
2057 1946 2245 1987 omnes
2273 1933 2555 2001 pontiﬁces
2601 1943 2948 2004 rectoresque
2988 1934 3342 1992 ecclesiarum

1764 2028 2005 2091 tempore
2027 2037 2134 2092 quo
2157 2023 2441 2078 ordinandi
2471 2031 2596 2078 sunt
2617 2025 2716 2080 sub
2744 2027 2994 2082 cautione
3019 2029 3342 2096 promittant

1761 2113 1903 2180 quod
1926 2111 2228 2180 justissime
2256 2115 2439 2170 vivere
2463 2117 2713 2171 debeant.

1835 2203 1920 2257 11.
1952 2202 2026 2258 De
2055 2203 2413 2259 elucidatione
2436 2207 2642 2274 antiqui
2691 2221 2916 2262 canonis
2943 2223 3049 2277 quo
3089 2207 3339 2277 praecipi-

1764 2303 1872 2358 tur,
1912 2303 1971 2348 ut
1997 2295 2042 2348 si
2092 2295 2214 2364 quis
2243 2306 2520 2366 acceptam
2567 2313 2596 2351 a
2633 2299 2911 2354 sacerdote
2945 2299 3342 2354 Eucltaristiam

1762 2400 1867 2439 non
1899 2387 2210 2456 sumpserit,
2244 2387 2390 2442 velut
2417 2389 2712 2458 sacrilegus
2740 2388 3086 2458 propellatur.

1832 2475 1918 2530 12.
1966 2476 2044 2531 Ne
2089 2476 2142 2530 in
2188 2477 2422 2531 confinio
2465 2479 2656 2533 mortis
2704 2479 2971 2548 paenitens
3020 2495 3049 2532 a
3095 2478 3338 2536 reconcio

1761 2565 1980 2622 liatione
2007 2567 2187 2621 divina
2218 2569 2608 2638 suspendatur,
2636 2578 2692 2624 et
2714 2579 2772 2624 ut
2798 2569 2998 2624 oblatio
3023 2568 3138 2637 ejus
3165 2568 3340 2638 posui-

1764 2659 1928 2714 tentis
1949 2660 2040 2730 qui
2069 2675 2170 2715 nec
2207 2669 2382 2715 tamen
2408 2662 2786 2718 reconciliatus
2819 2662 2885 2726 de
2925 2663 3026 2717 hac
3054 2662 3161 2716 vita
3188 2659 3338 2715 exie-

1763 2752 1834 2806 rit
1869 2751 1936 2806 ab
1964 2750 2191 2806 ecclesia
2222 2760 2548 2822 receptetur.

1833 2843 1919 2898 15.
1950 2844 2025 2899 De
2045 2844 2414 2900 sacerdotibus
2442 2846 2531 2915 qui
2559 2845 2734 2899 vexati
2761 2844 2955 2900 cadere
2978 2845 3254 2900 videntur.

1829 2933 1918 2988 M.
1949 2933 2019 2989 Ut
2053 2935 2143 3004 qui
2177 2934 2403 2990 Domino
2447 2943 2650 2990 canunt
2676 2943 2840 3004 atque
2867 2933 3182 2989 sacrificant
3217 2943 3340 3003 post

1758 3039 1817 3080 se
1849 3039 2062 3094 semper
2090 3025 2334 3080 habeant
2359 3026 2587 3080 aditoria
2617 3026 2929 3080 constituta.

1830 3117 1918 3171 15.
1945 3117 2022 3171 De
2072 3116 2413 3172 institutione
2440 3118 2574 3174 certi
2611 3117 2869 3188 temporis
2909 3131 3018 3186 quo
3045 3114 3334 3171 concilium

1759 3218 1970 3280 agatur.

1829 3300 1916 3355 16.
1959 3301 2035 3358 De
2077 3301 2340 3358 relatione
2385 3302 2682 3374 gratiarum
2727 3317 2826 3373 pro
2867 3298 3336 3357 consummatione

1761 3392 1995 3450 concilii.

273 3720 733 3811 INCIPIT
803 3719 1468 3813 CONCILIUM
1543 3718 2278 3814 TOLETANUM
2353 3714 3116 3837 UNDECIMUM,

701 3912 954 3968 Habitum
979 3931 1069 3968 era
1097 3929 1318 3980 nccxm,
1350 3929 1489 3968 anno
1513 3913 1579 3968 15
1601 3911 1910 3966 Wamebani
1945 3911 2102 3983 regis,
2130 3925 2184 3964 vt
2223 3909 2354 3964 ldus
2386 3905 2715 3961 Novembris.

160 4060 208 4114 In
249 4065 462 4120 nomine
510 4073 709 4120 sancta:
752 4065 1052 4130 Trinitatis,
1097 4065 1340 4120 contectis
1379 4065 1434 4120 in
1482 4081 1648 4119 unum

106 4147 573 4227 Carthaginensium
600 4157 889 4227 provincia:
912 4158 1281 4214 sacerdotibus
1311 4157 1362 4210 in
1391 4156 1648 4212 Toletana

109 4245 233 4310 urbe,
273 4249 320 4302 in
355 4251 530 4305 beatae
562 4251 754 4305 matris
783 4251 994 4305 Domini
1029 4250 1208 4304 Maria:
1240 4248 1474 4321 Virginis
1497 4251 1644 4314 sede,

111 4348 224 4390 anno
251 4351 434 4408 quarto
479 4342 914 4397 excellentissimi
967 4356 1032 4397 ac
1076 4341 1309 4413 religiosi
1359 4341 1646 4396 Wambani

1756 4064 1894 4120 citer
1921 4062 2100 4117 sensui
2117 4062 2300 4117 volens
2327 4061 2608 4125 inhaerere,
2627 4075 2794 4115 sacrae
2816 4059 3106 4128 Scriptura:
3123 4057 3323 4126 purita-

1758 4163 1866 4209 tem
1895 4169 2006 4208 suae
2056 4153 2340 4222 pravitatis
2364 4151 2716 4221 intelligentia
2752 4149 3018 4220 profanat.
3059 4149 3328 4203 Praeterea

1755 4253 2157 4302 sacrosanctam
2189 4243 2484 4299 Ecclesiam
2509 4243 2604 4298 Dei
2650 4229 2940 4296 vulnerant
2963 4241 3125 4297 etiam
3155 4250 3333 4296 custo-

1755 4337 1849 4391 des
1876 4334 2010 4406 ejus,
2039 4334 2272 4404 quicum
2292 4334 2551 4389 deberent
2577 4333 2644 4388 ob
2665 4333 2938 4416 dignitatis
2959 4332 3332 4388 excellentiam

110 4424 352 4500 principis,
377 4431 478 4486 sub
519 4431 605 4487 die
632 4432 862 4502 septimo
893 4432 1013 4487 ldus
1053 4431 1388 4487 Novembris.
1425 4431 1529 4486 Res
1560 4446 1654 4486 vo-
1678 4420 1727 4479 D
1753 4435 1980 4482 caeteros
2017 4442 2112 4496 per
2139 4441 2249 4480 snze
2274 4425 2492 4480 virtutis
2523 4425 2878 4479 imitationem
2921 4438 3216 4494 provocare
3252 4423 3320 4476 ad

113 4512 195 4567 lira
222 4520 419 4587 gaudii,
461 4532 519 4576 et
545 4522 660 4578 dies
689 4523 912 4577 nimium
944 4531 1140 4592 optatzc
1160 4521 1535 4592 gratulationis
1557 4538 1650 4577 oc-

115 4609 271 4674 currit,
307 4613 354 4666 in
387 4629 497 4683 quo
519 4615 675 4670 nobis
705 4615 886 4669 datum
922 4627 1006 4669 est
1029 4615 1343 4684 conspicere
1373 4613 1578 4683 pariter
1599 4623 1652 4668 et

113 4696 279 4758 deflere
299 4706 422 4774 quid
447 4707 810 4778 lacrymarum
862 4707 930 4760 de
974 4706 1262 4776 prmteritis
1299 4705 1525 4760 Domino
1556 4706 1651 4760 de-

114 4785 335 4859 beamus;
362 4811 578 4850 eramus
603 4797 745 4850 enim
777 4798 1052 4867 hucusque
1090 4796 1418 4865 prolabentis
1469 4793 1649 4850 saeculi

114 4879 374 4942 colluvione
397 4888 701 4953 instabiles,
734 4888 857 4957 quia
897 4903 1096 4943 annosa
1141 4888 1310 4943 series
1351 4897 1650 4956 temporum

115 4967 350 5030 subtracta
379 4976 498 5032 luce
531 4975 879 5031 conciliorum
917 4993 1022 5029 non
1064 4986 1171 5030 tam
1203 4977 1330 5030 vitia
1373 4977 1652 5031 auferebat

115 5070 244 5124 quam
273 5077 491 5122 matrem
521 5067 761 5122 omnium
798 5083 1042 5150 errorum
1079 5067 1435 5137 ignorantiam
1464 5065 1652 5122 otiosis

117 5153 348 5210 mentibus
386 5157 690 5228 ingerebat.
725 5157 1002 5212 llactenus
1047 5159 1188 5211 enim
1221 5159 1500 5212 ﬂorentem
1549 5157 1652 5212 Do-

117 5240 220 5294 mini
259 5247 458 5304 vineam
495 5251 911 5305 devastavernnt
948 5251 1062 5320 apri
1112 5250 1453 5314 frendentes,
1492 5264 1651 5317 spon-

116 5336 211 5383 sam
232 5331 434 5398 Christi,
485 5354 647 5409 quam
677 5340 758 5394 sui
801 5339 1174 5410 pretiosissimi
1206 5338 1482 5410 sanguinis
1517 5337 1650 5393 ell'u-

119 5415 240 5476 Sione
258 5429 571 5494 conciliavit,
603 5446 963 5500 conspurcare
1000 5439 1054 5484 et
1079 5430 1317 5500 polluere
1347 5437 1536 5484 conata
1566 5435 1650 5482 est

121 5503 448 5571 hereticorum
501 5519 724 5574 subdola
765 5519 1114 5584 machinatio,
1167 5527 1221 5572 et
1271 5517 1645 5573 inconsutilem

122 5594 295 5660 Domini
336 5621 529 5667 vestem
582 5613 842 5677 dividere,
900 5614 1158 5667 unitatem
1207 5612 1326 5666 fidei
1378 5611 1643 5674 scindere,

120 5687 359 5755 cbaritatis
381 5703 560 5760 tollere
602 5704 856 5769 fomenta,
896 5720 1018 5759 cum
1044 5719 1140 5759 suo
1169 5703 1384 5775 proprio
1412 5704 1643 5773 pertina-

1755 4517 2034 4572 charitatis
2081 4525 2136 4571 et
2185 4515 2407 4569 unitatis
2454 4514 2874 4576 observantiam,
2936 4524 3188 4583 tanquam
3247 4511 3327 4566 sal

1754 4607 2098 4670 infatuatum,
2125 4607 2302 4676 potius
2335 4605 2574 4661 scandali
2618 4621 2777 4674 quam
2807 4603 3179 4659 ardilicatiouis
3201 4601 3329 4655 dant

1754 4701 2056 4754 materiam.
2107 4699 2243 4754 I—Iinc
2293 4699 2637 4754 cernentibus
2690 4697 2957 4768 quomodo
2991 4694 3332 4765 Babylonica:

1753 4791 2084 4847 confusionis
2128 4790 2233 4846 olla
2280 4805 2558 4854 succensa,
2602 4805 2744 4842 nunc
2775 4798 3014 4855 tempora
3059 4793 3328 4838 averteret

1752 4881 2126 4944 conciliorum,
2177 4894 2318 4934 nunc
2371 4878 2676 4933 sacerdotes
2726 4874 2935 4931 Domini
2979 4874 3046 4928 de
3077 4871 3334 4928 resolutis.

1754 4973 1993 5027 moribus
2043 4971 2303 5035 irretiret,
2357 4977 2666 5040 purpuratze
2701 4966 2842 5020 enim
2892 4962 3196 5018 meretricis
3247 4978 3327 5016 se-

1753 5063 2058 5134 quebantur
2087 5062 2431 5116 incitamenta
2455 5100 2468 5124 ,
2498 5058 2620 5129 quia
2651 5054 3002 5112 ecclesiastici
3030 5063 3331 5109 conventus

1751 5170 1858 5209 non
1892 5155 2080 5209 aderat
2109 5152 2410 5221 disciplina,
2442 5165 2540 5204 nec
2567 5158 2682 5202 erat
2711 5148 2800 5217 qui
2830 5145 3126 5201 errantium
3156 5146 3327 5200 corri-

1749 5252 1898 5316 geret
1937 5251 2116 5314 partes
2136 5283 2150 5307 ,
2197 5257 2319 5296 cum
2347 5254 2525 5295 sermo
2554 5238 2765 5292 divinus
2795 5235 3086 5290 haberetur
3104 5249 3317 5288 exosus.

1749 5335 1815 5390 Et
1841 5334 1966 5403 quia
2009 5348 2113 5387 non
2139 5339 2256 5386 erat
2285 5329 2688 5384 adunandorum
2717 5325 3027 5395 pontiﬁcum
3055 5323 3159 5378 ulla
3184 5337 3317 5392 pra:-

1749 5426 1954 5496 ceptio,
2005 5425 2283 5479 crescebat
2336 5421 2588 5476 immanis
2633 5419 2745 5475 vita
2795 5417 3156 5478 deteriorum,
3199 5426 3328 5466 cum

1753 5515 1966 5571 tandem
2013 5531 2109 5568 nos
2155 5513 2333 5566 divina
2373 5511 2654 5567 clementia
2691 5510 2869 5581 Operis
2899 5521 3154 5564 manuum
3196 5519 3324 5557 sna-

1748 5623 1865 5664 rum
1899 5604 2185 5677 perditioni
2217 5603 2526 5669 condolens,
2553 5618 2716 5673 prava
2747 5603 3004 5657 indirecta
3035 5595 3322 5655 reducens,

1749 5714 1905 5754 suum
1954 5704 2198 5752 sanctum
2228 5694 2464 5750 Sabaoth
2496 5694 2646 5749 novis
2677 5689 3060 5763 propaginibus
3082 5699 3145 5738 ae
3171 5682 3325 5752 plan-

2913 5867 2942 5883 δ
