3820 5318
521 226 629 284 535

1343 228 1649 287 nemo.
1668 226 1759 283 an
1798 224 1972 283 saec.
2012 225 2102 282 Ix.
2134 258 2201 269 —
2224 210 2477 287 lSlDORI
2503 230 2944 291 MERCATORIS
3624 239 3695 296 at

522 335 595 398 tis
628 339 851 397 novellis
886 338 1113 397 fundare
1159 338 1368 408 volens,
1415 344 1752 416 negligentiae
1801 346 2099 416 subrogatis
2128 346 2172 400 Λ
2201 341 2528 398 excitatione
2556 344 2747 413 magis.
2768 343 2835 399 ad
2881 342 3279 415 intelligendum
3326 344 3589 401 verborum
3614 352 3700 405 red-

522 433 872 505 diligentiam,
922 450 1019 505 pro
1071 433 1373 505 ignorantia
1419 436 1755 505 disciplinam
1778 438 2097 502 immittens,

527 539 624 594 pro
650 525 893 580 socordia
934 524 1209 581 solertiam
1230 565 1246 590 ,
1283 541 1381 595 pro
1405 528 1698 582 schismate
1726 528 1984 583 unitatem
2013 528 2099 582 in-

523 616 744 679 ducens,
789 631 884 686 pro
931 616 1138 671 zizania
1177 604 1318 672 vera:
1364 618 1512 686 pacis
1541 617 1810 671 vinculum
1842 617 2098 688 largiens,

524 721 622 778 pro
649 707 863 762 caducis
892 706 1192 762 caelestium
1221 707 1485 763 desideria
1512 706 1820 770 infundens,
1852 722 1950 776 pro
1989 715 2101 761 tur-

521 795 679 862 pibus
711 797 930 852 honesta
984 798 1180 853 sectari
1222 797 1524 860 stimulans,
1570 815 1600 852 a
1643 797 1956 871 terreniset
1983 797 2101 852 inﬁ-

524 885 628 940 mis
664 887 743 942 ad
785 888 1037 941 sublimia
1072 887 1319 959 erigens,
1366 904 1464 941 nos
1506 887 1556 940 in
1597 886 1699 941 hac
1741 887 2098 958 lacrymarnm

521 976 661 1031 valle
689 977 865 1046 potius
893 980 1185 1034 morientes
1211 995 1372 1049 quam
1417 981 1679 1043 viventes,
1731 979 1784 1033 in
1817 981 1919 1034 hoc
1950 988 2100 1035 vasto

520 1068 882 1135 periculorum
912 1070 1046 1126 mari
1089 1080 1345 1140 vagantes
1376 1070 1493 1125 sine
1520 1071 1743 1141 remige,
1791 1071 1908 1127 sine
1947 1070 2098 1127 clavo

506 1157 626 1213 huc
656 1157 889 1228 illucque
927 1168 1302 1229 tempestatum
1335 1158 1583 1214 ﬂuctibus
1609 1174 1705 1229 per
1727 1160 1952 1231 abrupta
1984 1160 2098 1215 col-

520 1247 669 1313 lisos,
721 1250 773 1303 in
817 1249 1070 1304 continua
1108 1245 1371 1304 malorum
1414 1251 1530 1305 acie
1584 1248 1956 1321 conﬁigentes,
2009 1250 2096 1306 ubi

520 1354 619 1394 nos
649 1341 1002 1396 circumstant
1055 1342 1200 1396 mille
1246 1342 1584 1404 discrimina,
1644 1342 1732 1396 ubi
1791 1343 2098 1398 versutissi-

522 1445 642 1489 mus
674 1432 957 1489 insidiatur
986 1434 1159 1491 hostis
1194 1434 1600 1493 millenocendi
1641 1434 1849 1489 artibus
1897 1436 2098 1489 instru-

523 1529 670 1587 ctus,
699 1537 763 1577 ex
802 1523 911 1579 alto
938 1524 1056 1579 ρωΙὶ
1086 1525 1360 1580 domicilio
1390 1525 1679 1594 respiciens
1703 1526 1977 1594 asperitati
2006 1542 2098 1581 no-

520 1621 648 1666 stra:
690 1629 748 1668 se
793 1631 1139 1670 occursuram
1179 1615 1405 1687 pratbuit
1450 1624 1515 1671 et
1554 1616 1735 1683 saluti,
1788 1632 2097 1686 praeparans

2199 429 2351 484 deret
2377 429 2601 500 simplex
2629 432 2846 488 collatio
2870 448 3031 502 quam
3072 431 3243 488 relata
3267 436 3541 490 condensa
3571 437 3699 497 lectio.

2200 520 2285 575 nis
2313 520 2615 587 instructio,
2644 525 2769 591 quia
2799 533 2855 578 et
2879 538 3069 579 revera
3119 532 3281 579 tantae
3333 526 3411 579 rei
3455 520 3698 597 mysterium

2200 610 2273 665 ita
2298 614 2609 677 sacerdotes
2641 616 2733 669 Dei
2765 616 3019 670 convenit
3047 630 3223 680 nosse,
3253 627 3313 670 ut
3339 632 3445 671 non
3485 620 3702 687 superﬁcie

2200 703 2484 758 verborum
2505 703 2798 761 efferantur
2825 706 3103 776 incogniti,
3144 707 3238 762 sed
3265 723 3404 763 sane
3428 723 3573 763 sensu
3594 710 3702 765 intel-

2201 790 2434 865 ligentia:
2455 796 2796 866 reperiantur
2824 796 3097 862 instructi,
3122 805 3183 850 ut
3216 797 3268 851 in
3305 796 3600 852 disserendo
3614 813 3703 867 pte

2200 885 2357 956 cipue
2384 887 2539 949 huius
2569 896 2769 943 sanctae
2799 889 3079 944 Trinitatis
3122 904 3321 943 arcana
3352 888 3469 958 plus
3504 890 3704 945 eridani:
3792 876 3793 883 ‘

2200 991 2361 1045 quam
2388 978 2694 1048 eloquentia
2720 994 2817 1035 eos
2844 979 3043 1035 eﬁiciat
3067 989 3371 1049 saporatos.
3422 978 3511 1034 Sic
3532 980 3644 1033 enim
3670 991 3707 1034 et

2201 1066 2366 1123 divini
2411 1069 2654 1125 muneris
2692 1070 2833 1125 dono
2871 1070 3085 1126 altracti
3129 1079 3273 1135 sunt,
3329 1078 3403 1124 ut
3415 1064 3550 1137 juSta
3574 1069 3709 1123 deﬁni-

2202 1156 2362 1211 tionis
2414 1156 2637 1213 alterna:
2683 1159 2972 1228 promissio
3028 1167 3435 1213 monstraretur
3479 1157 3531 1210 in
3573 1172 3703 1227 opere.

2206 1244 2353 1300 Unde
2387 1245 2529 1315 quod
2556 1246 2730 1315 primo
2763 1249 2851 1303 die
2877 1249 3217 1319 praesidentis
3247 1246 3626 1317 metropolitani
3647 1247 3709 1301 lin-
3792 1248 3793 1307 Ϊ

2198 1351 2300 1408 gua
2323 1337 2581 1405 profudit,
2606 1339 2694 1395 die
2721 1341 2880 1395 tertia
2910 1341 3148 1397 omnium
3170 1349 3423 1395 nostrum
3450 1353 3547 1393 vox
3570 1339 3711 1408 sigilla-
3790 1337 3793 1393 θ

2200 1429 2295 1482 tim
2326 1428 2574 1485 collative
2615 1431 2847 1500 repetiit.
2901 1431 3005 1486 iste
3042 1445 3171 1500 ergo
3202 1439 3366 1485 tenor
3413 1429 3533 1482 ﬁdei
3570 1438 3710 1483 nostra
3792 1430 3793 1435 “

2197 1522 2289 1590 qui
2329 1530 2383 1576 et
2406 1537 2434 1575 a
2464 1522 2640 1592 capite
2663 1522 2877 1591 copiose
2903 1520 3179 1591 proﬂuxit,
3232 1529 3289 1575 et
3314 1534 3348 1573 a
3376 1518 3711 1586 membrispto-

2199 1611 2355 1668 batus
2379 1612 2612 1681 gloriose
2633 1613 2872 1669 emicuit.

520 1706 719 1761 nostris
761 1708 973 1763 saeculis
1021 1708 1255 1779 religiosi
1290 1709 1549 1780 principis
1580 1720 1814 1764 mentem
1847 1711 2094 1765 devotam
2131 1689 2170 1746 Β
2266 1701 2598 1757 Conlllemur
2635 1710 2691 1758 et
2731 1702 3008 1757 credimus
3058 1707 3308 1756 sanctam
3342 1707 3507 1769 atque
3535 1697 3712 1752 ίηεπειὶιὶ-

519 1796 728 1864 pari’ter
764 1807 818 1853 et
842 1798 1181 1853 instructam.
1239 1799 1406 1869 Cujus
1436 1800 1692 1873 provida:
1720 1799 2098 1856 sollicitudinis

520 1899 668 1952 voto,
716 1894 769 1943 et
799 1888 887 1943 lux
950 1888 1300 1945 conciliorum
1352 1900 1604 1945 renovata
1636 1890 1995 1960 resplenduit,
2045 1900 2101 1948 et

519 1977 725 2032 alterna
745 1978 982 2033 charitas
1003 1994 1062 2034 se
1087 1987 1271 2033 mutuo
1292 1980 1344 2033 in
1375 1980 1707 2049 corrigendis
1726 1980 1807 2035 vel
1838 1981 2100 2036 instruen-

520 2068 603 2122 dis
624 2068 862 2122 moribus
894 2069 1170 2135 excitavit,
1199 2069 1323 2122 dum
1345 2078 1400 2124 et
1430 2072 1752 2142 aggregandi
1789 2072 1941 2127 nobis
1969 2071 2098 2127 hor-

522 2165 634 2210 tatu
662 2156 918 2227 principis
941 2157 1158 2228 gloriosi
1194 2157 1424 2239 facultas
1452 2160 1575 2215 data
1600 2169 1703 2226 est,
1726 2169 1779 2216 et
1800 2172 2099 2232 opportuna

521 2248 856 2317 corrigendis
886 2256 1184 2319 praeparata
1212 2258 1294 2304 est
1325 2249 1605 2319 disciplina
1631 2259 1709 2315 ut,
1739 2252 1826 2321 qui
1858 2253 2101 2308 decursis

522 2338 677 2409 longe
721 2347 845 2395 ante
895 2340 1220 2411 temporibus
1258 2348 1379 2411 post
1418 2343 1603 2397 decem
1647 2350 1701 2397 et
1727 2352 1866 2407 octo,
1897 2343 2102 2399 scilicet

520 2427 812 2483 labentium
863 2444 1126 2484 annorum
1157 2446 1463 2495 excursum,
1508 2432 1559 2486 in
1591 2447 1756 2485 unum
1803 2432 2101 2489 meruimus

522 2521 802 2591 aggregari
834 2531 1176 2587 conventuin,
1206 2522 1400 2576 mereri
1431 2521 1701 2592 possimus
1721 2522 1951 2591 spiritali
1980 2539 2095 2593 gra-

525 2611 598 2665 tia
626 2613 933 2676 sanitatem,
973 2627 1072 2667 nec
1096 2614 1240 2667 enim
1282 2629 1541 2667 numerus
1571 2613 1671 2667 iste
1714 2614 1921 2668 alienus
1963 2623 2099 2670 esta

521 2701 717 2764 salute,
747 2702 827 2757 sic
848 2702 1044 2772 quippe
1076 2721 1095 2755 ε
1128 2702 1320 2758 mulier
1348 2703 1436 2757 illa
1461 2704 1513 2758 in
1537 2703 1825 2771 Evangelio
1855 2713 1937 2759 ter
1956 2707 2100 2761 senis

523 2806 791 2846 annorum
826 2792 1144 2847 excursibus
1171 2807 1335 2847 curva
1369 2791 1519 2864 (Luc.
1551 2808 1671 2856 xm,
1702 2793 1788 2857 Η,
1824 2802 1869 2846 et
1910 2792 2040 2864 seq.)
2076 2814 2094 2847 ι

522 2895 643 2949 qua:
685 2880 909 2951 ﬁguram
948 2882 1121 2943 totius
1169 2882 1389 2935 humani
1443 2883 1655 2953 generis
1706 2871 1952 2952 ge'stabat
1999 2885 2102 2941 sub

526 2983 868 3029 sacramento
909 2974 1068 3043 hujus
1110 2975 1318 3029 numeri
1362 2975 1551 3029 salutis
1596 2976 1835 3045 prietime
1873 2978 2101 3032 sanitate

524 3064 773 3119 donatur.
792 3064 898 3120 Nos
919 3080 1046 3136 ergo
1062 3080 1157 3135 per
1181 3080 1352 3121 annos
1369 3081 1533 3121 curvo
1555 3067 1723 3121 nostri
1753 3067 1958 3121 ordinis
1981 3082 2100 3136 per-

526 3155 751 3210 sistente
792 3164 956 3221 statu,
997 3157 1048 3210 in
1078 3170 1144 3212 eo
1172 3157 1312 3226 quod
1342 3155 1481 3210 nulla
1510 3172 1606 3211 nos
1635 3156 1983 3211 conciliorum
2010 3159 2103 3213 de-

335 3262 343 3273 “
438 3250 442 3255 ’
523 3247 696 3303 ﬁnitio
719 3247 989 3320 iungeret,
1017 3249 1192 3305 nullus
1224 3250 1387 3304 etiam
1420 3243 1713 3306 conventus
1743 3250 2096 3306 ecclesiastici

522 3338 728 3393 ordinis
754 3340 1030 3403 adunaret,
1080 3339 1292 3394 tandem
1318 3339 1511 3394 divina:
1537 3339 1823 3395 voluntatis
1853 3340 2098 3411 imperio,

523 3435 579 3480 et
602 3427 829 3498 religiosi
857 3428 1116 3498 principis
1158 3428 1309 3495 jussu
1340 3430 1547 3484 evocati
1581 3429 1633 3482 in
1666 3428 1975 3484 Toletanam
2004 3441 2099 3484 ur-

523 3518 643 3573 bem
667 3520 1015 3575 convenimus
1043 3536 1057 3585 ;
1086 3520 1177 3591 qni
1221 3536 1340 3575 cum
1371 3521 1422 3573 in
1450 3520 1680 3575 ecclesia
1705 3520 1893 3587 ,beatze
1922 3519 2102 3575 Mariae

524 3607 757 3678 Virginis
790 3608 985 3664 debitis
1014 3608 1065 3663 in
1115 3610 1330 3664 sedibus
1362 3609 1681 3674 locaremur,
1727 3610 1871 3664 inter
1911 3620 2101 3664 cetera

524 3710 645 3764 quae
682 3696 953 3751 subterius
979 3698 1212 3753 discreto
1241 3698 1599 3766 capitulorum
1649 3699 1837 3753 ordine
1869 3707 1993 3755 Sunt
2017 3699 2102 3753 di-

524 3792 693 3854 gesta,
741 3799 861 3846 non
876 3785 1088 3840 aliunde
1115 3787 1347 3855 primum
1375 3788 1637 3855 carpimus
1671 3786 1870 3841 habere
1896 3802 2106 3841 sermo-

527 3888 672 3937 nem,
719 3872 822 3929 nisi
868 3873 933 3927 de
981 3874 1111 3930 ﬁdei,
1144 3875 1417 3943 puritate;
1453 3884 1509 3928 ut
1547 3875 1672 3944 quia
1716 3874 1999 3930 initiandis.
2037 3877 2107 3933 ad

526 3962 743 4017 beatum
776 3962 936 4015 vitam
966 3964 1293 4026 hominibus,
1333 3964 1447 4020 haec
1473 3964 1646 4033 prima
1672 3979 1886 4031 semper
1905 3974 1988 4020 est
2018 3966 2103 4021 via

525 4050 733 4114 salutis,
766 4052 964 4120 praevia
989 4068 1199 4122 quoque
1230 4053 1428 4111 nostris
1460 4053 1612 4109 ﬁeret
1637 4054 1940 4124 praeceptis,
1964 4054 2107 4111 unde

525 4160 695 4199 sacra:
724 4144 1092 4203 instructiouis
1125 4159 1320 4199 arcana
1360 4154 1668 4203 sanctorum
1701 4146 1922 4210 Nicaeni,
1961 4147 2103 4203 scili-

526 4242 615 4288 cet
664 4234 1265 4305 Constantinopolitani,
1311 4235 1584 4305 Ephesini,
1640 4245 1800 4306 atque
1851 4226 2106 4300 Calcedol

528 4326 711 4382 nensis
760 4327 1106 4383 conciliorum
1159 4327 1490 4385 monimenta
1546 4329 1956 4398 amplectentes,
2005 4341 2103 4397 per

526 4431 647 4486 quae
698 4417 957 4472 radicitus
1003 4417 1380 4472 haereticorum
1424 4418 1556 4475 falsa
1614 4416 1968 4472 conciliabula
2011 4417 2101 4472 de-

526 4515 823 4572 struantur,
864 4516 923 4563 et
949 4507 1070 4562 ﬁdei
1113 4507 1390 4562 catholicae
1418 4521 1605 4561 norma
1632 4505 1959 4563 declaratur.
1992 4503 2104 4561 lloc

526 4579 796 4654 communi
844 4598 1157 4673 alternoque
1198 4595 1402 4665 judicio
1459 4596 1818 4659 deﬁnivimus,
1874 4602 1932 4649 ut
1967 4595 2105 4649 hanc

527 4691 701 4762 ipsam
730 4690 852 4748 ﬁdei
899 4699 1095 4746 nostra
1120 4689 1359 4761 regulam
1387 4688 1563 4743 verbis
1610 4686 1941 4756 simplicibus
1966 4686 2105 4740 nite-

530 4798 715 4837 remur
746 4781 1053 4837 alternatim
1087 4781 1239 4835 nobis
1280 4777 1728 4847 singulariterque
1772 4775 1994 4839 referre,
2029 4774 2101 4828 ita

526 4880 588 4925 nt
650 4870 946 4941 quidquam
1013 4870 1244 4925 triduum
1301 4869 1368 4923 de
1433 4866 1735 4935 huiusmodi
1789 4865 2101 4936 quaestioni-

529 4962 631 5017 bus
658 4960 946 5030 unicuique
983 4968 1228 5014 nostrum
1277 4958 1526 5012 lectionis
1573 4956 1700 5011 visae
1731 4955 1987 5009 memoria
2013 4968 2103 5009 oc-

527 5058 795 5112 curreret,
809 5049 954 5102 omni
976 5048 1282 5103 sobrietatis
1295 5045 1616 5115 compendio
1637 5043 1864 5114 simplici
1889 5053 2102 5098 notare-

510 5152 621 5196 οιιιι·
644 5138 806 5208 stylo.
842 5138 1051 5192 Relatio
1088 5148 1263 5194 tamen
1289 5138 1458 5208 ipsius
1488 5135 1813 5191 sacramenti
1862 5150 1996 5204 pura
2046 5141 2101 5188 et

529 5229 771 5294 evidens,
823 5237 880 5282 et
922 5243 951 5280 a
984 5228 1156 5296 capite
1194 5229 1425 5298 primum
1475 5227 1755 5295 inciperet,
1806 5234 1862 5280 et
1910 5225 1990 5278 sic
2035 5223 2117 5291 ad~

2198 1793 2303 1849 lem
2326 1793 2671 1855 Trinitatem,
2695 1793 2934 1856 Patrem,
2964 1798 3017 1845 et
3042 1789 3257 1853 Filium,
3284 1795 3347 1843 et
3373 1787 3614 1856 Spiritum
3631 1800 3712 1840 sau-

2198 1894 2365 1947 ctum,
2415 1899 2578 1938 unum
2611 1883 2777 1939 Deum
2810 1880 3123 1937 naturaliter
3155 1894 3304 1940 esse.
3343 1878 3502 1931 unius
3537 1877 3714 1932 subst-an-

2200 1975 2309 2041 tire,
2346 1973 2506 2029 unius
2543 1982 2783 2040 naturte,
2836 1973 2995 2026 unius
3026 1984 3239 2041 quoque
3286 1967 3580 2038 majestatis
3609 1976 3721 2033 atque
3790 1974 3793 2041 l%

2198 2064 2433 2119 virtutis.
2467 2063 2535 2117 Et
2561 2062 2775 2117 Patrem
2811 2061 3027 2133 quidem
3058 2075 3164 2114 non
3193 2058 3469 2131 genitum,
3497 2073 3589 2113 non
3616 2072 3715 2110 cm-

2201 2166 2336 2220 tum,
2388 2155 2479 2210 sed
2514 2154 2810 2224 ingenitum
2839 2152 3178 2224 proﬁtemur.
3228 2151 3358 2220 Ipse
3392 2150 3534 2204 enim
3571 2164 3596 2202 a
3618 2149 3719 2202 nullo
3792 2149 3793 2201 ξ

2199 2244 2465 2314 originem
2489 2228 2652 2305 ducit,
2687 2258 2753 2297 ex
2780 2256 2886 2311 quo
2911 2251 2966 2296 et
2986 2240 3153 2296 Filius
3177 2240 3542 2315 nativitatem,
3561 2245 3607 2293 et
3638 2236 3716 2305 δρία

2202 2336 2336 2389 ritus
2376 2342 2597 2389 sanctus
2643 2333 3042 2404 processionem
3089 2331 3321 2401 accepit.
3378 2331 3520 2385 Fons
3561 2337 3714 2398 ergoet

2197 2426 2350 2498 origo
2379 2425 2872 2481 totius-divinitatis
2900 2425 3016 2493 ipse
3053 2431 3152 2479 est.
3199 2423 3327 2494 Ipse
3377 2438 3582 2493 quoque
3605 2421 3716 2476 Pater

2198 2519 2430 2575 essentia
2452 2518 2666 2588 qttidom
2697 2515 3334 2593 ineﬁ‘abilissnbstantim
3353 2531 3471 2591 suae
3494 2515 3655 2570 Filium
3670 2514 3716 2565 ia-
3790 2582 3793 2591 Α

2199 2606 2483 2662 eﬁ‘abiliter
2515 2607 2716 2677 genuit,
2777 2621 2878 2661 nec
2908 2614 3086 2663 tamen
3133 2605 3278 2661 aliud
3310 2621 3483 2677 quam
3506 2605 3627 2674 quod
3643 2603 3718 2673 ipa
3792 2664 3793 2681 η

2200 2704 2305 2761 eet,
2339 2701 2541 2770 genuit,
2568 2699 2708 2753 Deus
2738 2698 2922 2762 Deum,
2952 2697 3038 2751 lux
3067 2696 3264 2752 lucem.
3294 2696 3389 2751 Ab
3415 2697 3529 2766 ipso
3554 2701 3719 2764 ergout
3790 2690 3793 2725 1‘

2198 2791 2374 2845 omnis
2420 2808 2441 2841 r
2474 2790 2771 2861 paternitas
2810 2788 2862 2843 in
2912 2788 3059 2843 caelo
3110 2798 3167 2842 et
3202 2788 3257 2842 in
3315 2797 3466 2843 terra
3495 2785 3633 2856 (Eph.
3665 2797 3717 2845 ut,

2202 2879 2323 2950 15);
2357 2899 2376 2933 ι
2412 2879 2603 2936 Filium
2634 2892 2847 2950 quoque
2874 2880 2941 2933 de
2965 2875 3261 2933 substantia
3284 2876 3474 2930 Patris
3496 2876 3600 2929 sine
3616 2872 3719 2926 initio

2203 2981 2327 3026 ante
2352 2971 2547 3026 saecula
2577 2980 2786 3033 natum,
2815 2984 2916 3024 nec
2944 2976 3119 3024 tamen
3149 2967 3356 3024 factum
3380 2982 3505 3022 esse
3533 2965 3717 3023 fatemur.

2204 3061 2326 3129 quia
2355 3075 2454 3115 nec
2484 3060 2646 3115 Pater
2673 3060 2789 3115 sine
2814 3057 2973 3122 Filio,
3002 3071 3103 3113 nec
3141 3056 3311 3112 Filius
3352 3057 3474 3113 sine
3500 3055 3647 3109 Patre
3663 3051 3721 3103 ali-

2203 3144 2418 3217 quando
2437 3147 2664 3204 exstitit.
2694 3147 2759 3202 Et
2796 3155 2973 3201 tamen
3001 3141 3106 3201 non
3129 3155 3190 3199 ut
3210 3145 3485 3201 Filiusde
3508 3144 3653 3201 Patre,
3675 3142 3720 3194 ita

2201 3240 2364 3295 Pater
2385 3241 2451 3295 de
2488 3240 2644 3303 Filio,
2674 3239 2798 3309 quia
2824 3252 2931 3293 non
2958 3237 3123 3291 Pater
3146 3253 3177 3291 a
3218 3236 3389 3297 Filio.
3437 3236 3530 3291 sed
3563 3233 3721 3288 Filius:

2200 3333 2360 3388 Patre
2403 3330 2804 3397 generationem
2859 3328 3100 3399 accepit,
3140 3326 3311 3381 Filius
3353 3340 3488 3395 ergo
3532 3324 3649 3377 Deus
3678 3318 3730 3373 de

2199 3422 2377 3486 Patre,
2403 3421 2559 3475 Pater
2581 3429 2759 3473 autem
2779 3419 2936 3480 Deus,
2967 3417 3059 3471 sed
3083 3431 3186 3470 non
3207 3415 3275 3470 de
3302 3414 3472 3479 Filio,
3496 3412 3577 3469 ille
3596 3416 3721 3465 autem

2199 3512 2370 3567 Filius
2402 3510 2598 3574 Patris,
2634 3516 2689 3563 et
2714 3508 2854 3561 Deus
2877 3507 2944 3562 de
2973 3504 3152 3571 Patre,
3195 3505 3448 3573 aequalis,
3494 3514 3643 3557 tamen
3661 3509 3723 3565 μα’

2198 3600 2381 3654 omnia
2424 3599 2592 3654 Filius
2634 3599 2745 3653 Deo
2785 3596 2955 3661 Patri,
2995 3596 3119 3666 quia
3160 3610 3262 3650 nec
3302 3595 3456 3649 nasci
3489 3591 3631 3660 erepit
3660 3584 3724 3639 alr

2201 3692 2434 3761 quando,
2477 3704 2577 3743 nec
2606 3688 2784 3743 desiit.
2818 3686 2915 3741 llic
2940 3687 3101 3741 etiam
3139 3685 3300 3738 unius
3326 3700 3455 3740 cum
3481 3675 3725 3736 Patresub-

2202 3783 2413 3838 stantia:
2456 3780 2715 3845 creditur,
2758 3789 2974 3849 propter
2999 3777 3234 3848 quod‘et
3284 3776 3590 3830 homousian
3613 3766 3723 3822 Patri

2202 3876 2416 3939 dicitur,
2440 3874 2541 3930 hoc
2564 3882 2669 3937 est,
2693 3871 2929 3941 ejusdem
2953 3886 3077 3927 cum
3108 3870 3266 3924 Patre
3305 3869 3609 3924 substantiae
3624 3905 3638 3929 ,
3658 3866 3721 3919 lto-

2204 3984 2319 4024 mos
2338 3966 2688 4036 enimIGratce
2710 3981 2869 4019 unum
2892 3964 3079 4019 housia
3103 3979 3232 4018 vero
3256 3962 3549 4017 substantia
3566 3961 3721 4015 dicitur.

2202 4061 2345 4132 quod
2376 4068 2663 4127 utrumque
2710 4055 3056 4125 conjunctum
3102 4061 3262 4110 sonat
3316 4070 3426 4108 una
3467 4047 3719 4109 substantia.

2208 4166 2310 4206 nec
2336 4150 2481 4205 enim
2511 4151 2576 4223 de
2606 4148 2796 4213 nihilo,
2830 4160 3002 4216 neque
3029 4145 3097 4200 de
3121 4144 3226 4199 alia
3252 4144 3438 4215 aliqua
3466 4139 3720 4199 substantia.

2204 4242 2299 4298 sed
2325 4242 2392 4298 de
2419 4241 2594 4297 Patris
2618 4249 2795 4305 utero,
2824 4240 2874 4294 id
2907 4248 3014 4305 est,
3050 4238 3118 4291 de
3145 4238 3456 4291 substantia
3498 4235 3601 4305 ejus
3628 4232 3722 4285 idem

2207 4333 2376 4390 Filius
2415 4334 2630 4405 genitus
2666 4332 2749 4386 vel
2776 4340 2932 4387 natus
2978 4346 3098 4385 esse
3134 4330 3460 4395 credendus,
3487 4338 3563 4384 est
3583 4322 3723 4393 sempi-

2207 4435 2412 4489 ternus,
2464 4424 2564 4479 etsi
2590 4423 2775 4477 Filius.
2804 4422 2955 4490 Quod
2983 4422 3026 4476 si
3060 4421 3217 4476 Pater
3245 4436 3467 4493 semper
3491 4420 3599 4483 fuit,
3625 4430 3723 4473 sem-

2202 4530 2299 4585 per
2338 4513 2527 4568 habuit
2571 4512 2765 4567 Filium
2802 4512 2955 4580 cujus
2985 4512 3146 4566 Pater
3173 4522 3340 4575 esset,
3386 4521 3443 4566 et
3471 4511 3539 4565 ob
3562 4513 3645 4564 hoc
3663 4504 3721 4559 Fi-

2201 4605 2330 4659 lium
2353 4605 2418 4659 de
2438 4604 2597 4665 Patre
2618 4614 2802 4657 natum
2828 4603 2944 4658 sine
2966 4601 3116 4655 initio
3137 4600 3482 4656 conﬁtemur.
3508 4599 3604 4654 Nec
3620 4596 3719 4652 enim

2199 4695 2448 4750 eumdem
2484 4692 2677 4749 Filium
2709 4692 2798 4747 Dei
2829 4706 2926 4761 pro
2955 4705 3020 4746 eo
3063 4690 3206 4760 quod
3247 4689 3316 4745 de
3339 4690 3502 4745 Patre
3534 4689 3596 4744 sit
3613 4682 3718 4757 geni'

2203 4794 2323 4848 tus,
2361 4783 2577 4841 disectm
2623 4791 2830 4839 naturae
2857 4780 3250 4851 portiunculam
3278 4779 3632 4839 nominamus,
3656 4769 3719 4826 sed

2203 4870 2496 4943 perfectura
2528 4871 2768 4935 Patrem,
2814 4868 3110 4940 perfectum
3158 4868 3351 4930 Filium
3382 4869 3501 4929 sine
3526 4863 3718 4920 imminit.

2204 4963 2379 5029 tione,
2404 4962 2520 5017 sine
2537 4960 2836 5016 defectione
2856 4960 3104 5031 genuisse
3126 4959 3437 5021 asserimus,
3460 4957 3575 5027 quia
3600 4950 3719 5011 soliti:

2203 5055 2501 5110 divinitatis
2529 5061 2614 5109 est
2666 5051 2980 5120 inaequalem
3013 5051 3205 5105 Filium
3244 5066 3346 5105 non
3393 5050 3598 5105 habere.
3624 5042 3715 5097 ﬂint

2201 5144 2362 5199 etiam
2413 5143 2579 5197 Filius
2634 5142 2748 5205 Dei,
2797 5150 2986 5195 natura
3038 5152 3122 5196 est
3162 5141 3346 5204 Filius,
3397 5156 3502 5194 non
3536 5134 3713 5206 optione.

2204 5246 2362 5300 quem
2392 5230 2532 5285 Deus
2561 5229 2721 5284 Pater
2750 5245 2849 5289 nec
2880 5228 3174 5290 voluntate,
3211 5245 3308 5283 nec
3343 5229 3636 5283 necessitate
3655 5232 3712 5290 ες·
