3820 5318
69 221 154 274 557
1187 213 1361 269 DECR
1373 211 1569 268 ETALI

1765 210 2106 267 )l.LECTiO.
3168 214 3273 270 558

67 347 168 386 mus
189 343 298 392 esse
321 329 500 393 Deum,
530 327 688 384 unius
704 327 1039 394 substantiae,
1070 327 1229 382 unius
1248 337 1460 397 queque
1488 341 1605 382 esse
1635 330 1682 387 Α
1709 339 1871 380 sonas
1899 342 2016 380 esse
2039 325 2295 391 diximus,
2321 340 2484 380 unum
2514 324 2704 390 Deum,
2736 325 2979 382 eumdem
3004 341 3123 385 esse
3171 328 3273 385 Pn-

67 430 261 485 naturte,
291 433 389 472 non
421 427 593 472 tamen
616 408 856 489 genitum
889 420 970 472 vel
1005 426 1265 480 creatum,
1294 417 1387 471 sed
1415 418 1483 470 ab
1510 426 1598 470 nt-
1703 421 1838 467 trem
1865 428 2022 483 quem
2048 411 2361 479 Filium,vel
2379 430 2500 469 eum
2523 428 2647 469 esse
2663 413 2857 468 Filium
2878 416 2970 484 qui
2991 427 3073 471 est
3087 417 3270 482 Pater,

65 513 220 580 risque
243 510 631 579 procedentem,
677 510 958 565 amborum
1001 523 1123 563 esse
1160 507 1460 578 Spiritum;
1514 508 1602 562 hic
1705 513 1799 558 aut
1819 521 1942 558 eum
1970 507 2060 574 qui
2085 514 2166 559 est
2207 503 2437 575 Spiritus
2473 515 2710 570 sanctus,
2736 505 2817 560 vel
2850 505 3059 561 Patrem
3095 518 3149 562 et
3178 509 3267 564 Fi-

65 602 205 656 etiam
253 600 478 669 Spiritus
516 609 755 664 sanctus,
796 616 897 656 nec
927 599 1218 670 ingenitus,
1265 614 1365 652 nec
1390 599 1603 668 genitus
1699 594 1827 650 lium
1859 597 2038 650 dicere
2065 598 2378 666 poterimus.
2409 595 2522 652 Non
2551 598 2694 651 enim
2719 597 2831 666 ipse
2855 607 2937 652 est
2958 596 3138 663 Pater,
3170 616 3270 655 nec

63 693 284 756 creditur,
335 708 399 747 ne
445 701 537 746 aut
566 693 610 746 si
659 693 952 763 ingenitum
983 692 1230 757 dicimus,
1261 692 1395 746 duos
1422 699 1602 760 patres
1701 687 1887 750 Filius,
1920 702 2018 742 nec
2047 687 2282 757 Spiritus
2307 697 2544 753 sanctus,
2570 687 2682 758 ipse
2701 689 2790 757 qui
2839 698 2944 754 est,
2974 694 3058 744 vel
3087 689 3268 755 Pater,

57 783 287 844 dicamus,
317 789 406 834 aut
434 782 476 835 si
506 783 742 851 genitum
782 783 916 836 duos
943 781 1082 836 ﬁlius
1111 781 1403 850 praedicare
1443 795 1597 834 mon-
1701 778 1783 832 vel
1819 777 2008 842 Filius,
2035 793 2157 831 cum
2191 787 2367 831 tamen
2403 779 2575 847 ipsum
2604 779 2674 832 sit
2698 780 2856 834 Pater
2894 783 3036 850 quod
3083 781 3270 847 Filius,

63 881 279 934 stretnur,
341 871 430 938 qui
471 881 650 924 tamen
691 885 791 925 nec
823 870 1001 924 Patris
1048 877 1276 934 tantum,
1330 885 1429 924 nec
1480 870 1600 924 Filii
1703 868 1875 938 ipsum
1929 868 2097 922 Filius
2142 869 2284 936 quod
2338 869 2520 932 Pater,
2573 869 2746 936 ipsum
2801 869 2963 926 Pater
3015 879 3071 923 et
3096 871 3270 925 Filius

63 970 259 1024 tantum,
301 961 391 1015 sed
441 961 600 1015 simul
629 960 839 1024 Patris,
871 969 924 1015 et
966 960 1086 1016 Filii
1117 960 1352 1030 Spiritus
1381 960 1596 1013 dicitur.
1700 961 1845 1030 quod
1895 968 1977 1014 est
2023 970 2078 1013 et
2127 959 2361 1028 Spiritus
2417 968 2659 1023 sanctus,
2695 959 2745 1013 id
2794 969 2877 1015 est
2903 970 3092 1014 natura
3134 977 3272 1016 unus

61 1052 148 1106 Nec
175 1052 305 1107 enim
347 1055 411 1106 de
439 1050 598 1106 Patre
625 1053 866 1122 procedit
913 1051 966 1105 in
998 1051 1192 1106 Filium
1212 1092 1227 1116 ,
1257 1051 1341 1106 vel
1367 1052 1433 1106 de
1465 1051 1600 1105 Filio
1705 1051 1866 1106 Deus.
1898 1051 2031 1105 Cum
2062 1053 2205 1105 enim
2233 1051 2462 1105 dicimus
2507 1067 2609 1104 non
2644 1051 2815 1120 ipsum
2863 1050 3079 1105 Patrem
3108 1067 3268 1121 quem

59 1143 266 1214 procedit
313 1144 376 1196 ad
441 1143 880 1198 sanctiﬁcandam
937 1153 1262 1206 creaturam,
1292 1145 1386 1199 sed
1436 1143 1597 1198 simul
1700 1140 1915 1207 Filium,
1939 1141 2004 1194 ad
2038 1155 2391 1209 personarum
2415 1141 2816 1195 distinctionem
2844 1141 3112 1206 refertur,
3147 1158 3270 1196 cum

61 1234 113 1286 ab
137 1233 355 1301 utrisque
392 1235 720 1302 processisse
770 1243 1118 1299 monstratur,
1169 1235 1296 1304 quia
1352 1235 1595 1290 charitas
1699 1241 1879 1287 autem
1919 1232 2147 1286 dicimus
2179 1232 2353 1301 ipsum
2383 1245 2501 1285 esse
2545 1230 2759 1284 Patrem
2787 1231 2928 1300 quod
2955 1230 3169 1295 Filium,
3214 1239 3274 1286 et

59 1327 149 1380 sive
175 1327 420 1380 sanctitas
470 1327 754 1380 amborum
783 1341 904 1382 esse
942 1327 1272 1398 agnoscitur.
1328 1325 1426 1381 Hic
1465 1341 1596 1395 ergo
1698 1323 1875 1390 ipsum
1900 1322 2092 1376 Filium
2118 1322 2258 1392 quod
2284 1321 2518 1386 Patrem,
2543 1321 2716 1390 ipsqu
2742 1320 3000 1390 Spiritum
3019 1331 3263 1376 sanctum

59 1408 256 1483 Spiritus
270 1423 487 1469 sanctus
509 1415 706 1470 missus
725 1416 794 1470 ab
808 1417 1070 1485 utrisque,
1093 1415 1414 1470 sicntFilius
1429 1417 1597 1470 credi-
1697 1415 1839 1483 quod
1860 1413 2081 1468 Patrem
2105 1422 2157 1467 et
2180 1413 2397 1477 Filium,
2417 1412 2484 1466 ad
2512 1424 2760 1466 naturam
2781 1428 2883 1480 qua
2913 1413 3050 1466 Deus
3072 1419 3157 1464 est
3184 1409 3266 1464 vel

59 1513 144 1567 tur,
166 1505 248 1557 sed
270 1505 443 1558 minor
456 1503 617 1558 Patre
641 1504 844 1558 etFilio
864 1520 968 1558 non
998 1505 1242 1568 habetur,
1272 1505 1466 1558 sicutF
1475 1505 1595 1559 ilius
1698 1506 2051 1560 substantiam
2097 1505 2366 1574 pertinere
2414 1511 2768 1566 monstratur,
2826 1503 2950 1570 quia
2970 1501 3268 1556 substantia

62 1591 184 1661 131
199 1601 402 1660 propter
422 1601 750 1661 assumptam
773 1607 990 1646 carnem
1008 1593 1271 1647 minorem
1288 1607 1346 1647 se
1362 1592 1522 1646 Patre
1538 1602 1594 1647 et
1697 1611 1859 1651 unum
1891 1604 2035 1660 sunt,
2069 1610 2329 1665 personas
2348 1595 2490 1648 enim
2517 1594 2916 1664 distinguimus,
2943 1608 3046 1646 non
3088 1593 3260 1646 deita-

60 1682 226 1748 Spiritu
251 1691 436 1736 sancto
463 1697 586 1736 esse
617 1692 866 1737 testatur.
904 1682 1028 1737 Haec
1052 1692 1136 1738 est
1188 1695 1388 1738 sancta:
1411 1684 1592 1739 Trini-
1626 1675 1668 1734 Β
1697 1696 1802 1744 tem
1826 1703 2156 1758 separamus.
2183 1686 2505 1740 Trinitatem
2533 1685 2698 1754 igitur
2729 1685 2781 1738 in
2813 1699 3164 1753 personarum
3189 1683 3264 1736 di-

59 1770 159 1824 tatis
201 1769 358 1824 relata
405 1773 667 1837 narratio,
698 1789 818 1842 qua:
847 1789 951 1827 non
992 1773 1207 1843 triplex,
1239 1775 1330 1828 sed
1358 1776 1590 1840 trinitas,
1692 1781 1980 1835 stinctione
2025 1781 2388 1850 agnoscimus,
2425 1779 2681 1833 unitatem
2739 1787 2955 1847 propter
3013 1785 3258 1830 naturam

66 1867 107 1909 et
128 1857 218 1911 dici
242 1868 292 1911 et
324 1859 473 1912 credi
515 1859 690 1924 debet,
729 1876 829 1914 nec
876 1869 1022 1915 recte
1069 1862 1174 1916 dici
1222 1872 1424 1931 potest,
1453 1874 1508 1917 ut
1537 1864 1591 1918 in
1693 1869 1780 1924 vel
1803 1871 2160 1924 substantiam
2228 1870 2558 1940 profitemur.
2607 1867 2731 1922 Tria
2785 1882 2914 1936 ergo
2968 1867 3068 1920 ista
3098 1881 3260 1918 unum

63 1947 625 2014 υηοῧεοεὶιττίηὶωεν
648 1951 740 2004 58d
765 1967 902 2005 unus
925 1951 1065 2006 Deus
1086 1951 1340 2007 Tl'illilas-
1367 1954 1423 2007 In
1451 1954 1593 2008 reia-
1692 1968 1837 2024 sunt,
1871 1969 2059 2014 natura
2113 1959 2318 2014 scilicet
2355 1975 2462 2013 non
2510 1973 2761 2027 persona,
2794 1971 2892 2018 nec
2917 1967 3092 2009 tamen
3147 1956 3260 2012 ἰδίω

62 2037 160 2090 tivis
187 2052 302 2092 vero
349 2053 702 2108 personarum
727 2041 1054 2107 nominibus,
1078 2042 1240 2096 Pater
1273 2045 1338 2097 ad
1374 2043 1590 2111 Filium,
1691 2066 1935 2122 per-some
1960 2060 2070 2107 tres
2101 2067 2344 2122 persona;
2385 2051 2716 2105 aestimanda:
2746 2058 2869 2104 sunt
2913 2049 3262 2118 separabiles,

59 2127 191 2182 Filius
210 2130 270 2182 ad
296 2127 538 2196 Patrem,
597 2131 834 2199 Spiritus
876 2143 1097 2188 sanctus
1123 2133 1190 2186 ad
1226 2144 1484 2205 utrosque
1510 2151 1593 2192 re-
1687 2155 1812 2196 cum
1844 2141 1984 2195 nulla
2016 2149 2142 2195 ante
2169 2141 2352 2206 aliam,
2405 2140 2548 2194 nulla
2586 2149 2706 2208 post
2755 2139 2938 2202 aliam,
2975 2137 3118 2191 nulla
3149 2139 3266 2192 sine

60 2220 213 2285 fertur,
253 2236 366 2290 qua:
401 2237 525 2276 cum
562 2222 794 2279 relative
844 2235 954 2278 tres
1010 2240 1256 2294 personae
1309 2227 1582 2294 dicantur,
1692 2231 1798 2285 alia
1831 2231 1912 2286 vel
1960 2232 2266 2296 exstitisse,
2299 2213 2699 2299 vel-quidpiam
2754 2237 2973 2299 operata
3022 2243 3139 2282 esse
3165 2228 3266 2282 ali-

59 2322 143 2360 una
165 2320 327 2364 tamen
376 2311 643 2366 naturalis
685 2314 988 2368 substantia
1021 2316 1283 2380 creditur,
1319 2332 1421 2372 nec
1451 2317 1591 2372 sicut
1691 2322 1903 2392 quando
1931 2323 2188 2377 creditur.
2215 2321 2604 2392 lnseparabiles
2646 2321 2792 2375 enim
2833 2319 3184 2375 inveniuntur
3207 2329 3263 2374 et

60 2406 146 2453 tres
165 2416 426 2470 personas,
462 2405 534 2458 ita
569 2413 680 2460 tres
709 2408 1044 2462 substantias
1088 2410 1465 2480 przedicamus,
1495 2413 1590 2467 sed
1690 2411 1745 2467 in
1778 2428 1845 2468 eo
1873 2414 2016 2482 quod
2043 2421 2188 2480 sunt,
2222 2422 2276 2468 et
2303 2413 2358 2466 in
2405 2426 2472 2466 eo
2513 2413 2656 2480 quod
2708 2411 2936 2474 faciunt,
2971 2410 3096 2479 quia
3123 2410 3264 2464 inter

59 2506 188 2546 unam
212 2495 585 2563 substantiam,
610 2507 720 2554 tres
743 2509 924 2554 autem
972 2517 1250 2571 personas,
1279 2505 1420 2573 quod
1443 2507 1587 2560 enim
1697 2513 2046 2574 generantem
2092 2503 2308 2558 Patrem
2335 2513 2388 2557 et
2421 2513 2735 2574 generatum
2773 2501 2986 2565 Filium,
3018 2501 3100 2554 vel
3139 2516 3264 2570 pro-

60 2584 194 2642 Pater
220 2599 318 2655 est,
362 2607 472 2647 non
503 2593 570 2646 ad
604 2608 682 2657 se,
715 2595 809 2650 sed
833 2596 900 2648 ad
927 2595 1145 2660 Filium,
1175 2607 1230 2652 et
1255 2599 1398 2668 quod
1424 2598 1592 2655 Filius
1684 2596 1971 2650 cedentem
2006 2593 2266 2664 Spiritum
2297 2594 2578 2660 Sanctum,
2617 2593 2821 2648 nullum
2876 2592 3038 2646 fuisse
3089 2591 3263 2646 credi-

57 2688 133 2740 esl.
163 2696 256 2735 non
282 2683 345 2737 ad
373 2699 454 2749 se,
482 2685 580 2740 sed
606 2687 673 2740 ad
703 2686 940 2742 Patrem.
983 2689 1245 2746 Similiter
1273 2701 1328 2746 et
1357 2692 1590 2764 Spiritus
1688 2701 1809 2740 mus
1832 2687 2086 2755 temporis
2107 2685 2445 2740 intervallum
2464 2725 2479 2751 ,
2505 2700 2611 2754 quo
2666 2692 2758 2738 aut
2794 2683 3002 2754 genitor
3025 2682 3262 2752 genitum

57 2780 256 2836 ε-Ίηειυε,
283 2789 386 2829 non
438 2777 506 2830 ad
553 2791 635 2842 se,
677 2778 771 2833 sed
799 2779 865 2833 ad
895 2779 1109 2834 Patrem
1137 2791 1192 2836 et
1228 2782 1420 2838 Filium
1453 2786 1590 2840 rela-
1691 2777 1980 2848 aliquando
2019 2778 2374 2847 praecederet,
2412 2789 2504 2831 aut
2534 2777 2745 2846 genitus
2772 2775 2998 2846 genitori
3027 2773 3262 2839 deesset,

59 2861 148 2913 live
188 2861 431 2928 refertur,
468 2864 520 2918 in
558 2880 623 2920 eo
667 2867 811 2936 quod
859 2867 1093 2938 Spiritus
1146 2872 1322 2926 Pnlt'is
1365 2883 1420 2928 et
1464 2874 1586 2929 Filii
1660 2876 1785 2930 ,aut
1847 2868 2144 2936 procedens
2194 2865 2426 2936 Spiritus
2484 2866 2631 2920 Patri
2683 2865 2765 2918 vel
2817 2865 2952 2919 Filio
2997 2865 3264 2935 posterior

55 2952 358 3016 praedicatur.
397 2955 556 3021 Item,
581 2972 703 3011 cum
735 2959 986 3024 dicimus,
1025 2961 1188 3024 Deus,
1238 2977 1344 3015 non
1389 2964 1454 3016 ad
1490 2964 1587 3017 ali—
1621 3021 1656 3032 Α
1689 2969 1992 3032 appareret.
2025 2959 2105 3015 Ob
2141 2961 2242 3014 boc
2283 2974 2411 3028 ergo
2460 2957 2835 3029 inseparabilis
2882 2966 2936 3012 et
2982 2955 3264 3012 inconfusa

53 3041 155 3107 quid
195 3043 404 3109 dicitur,
465 3047 608 3100 sicut
635 3047 796 3103 Pater
833 3048 902 3102 ad
945 3021 1281 3114 ilium,vel
1309 3051 1480 3106 Filius
1521 3055 1586 3108 ad
1614 3021 1658 3082 Ο
1693 3021 1808 3105 uléc
1865 3050 2101 3104 Trinitas
2142 3065 2172 3103 a
2223 3021 2379 3104 nobis
2430 3056 2486 3104 et
2531 3021 2771 3103 creditur
2817 3057 2871 3101 et
2922 3047 3263 3115 praedicatur.

51 3128 250 3199 Patrem,
275 3135 356 3190 vel
384 3135 624 3206 Spiritus
667 3150 886 3194 sanctus
934 3140 1002 3194 ad
1048 3141 1263 3195 Patrem
1287 3153 1339 3196 et
1369 3142 1582 3206 Filium,
1692 3141 1826 3196 Tres
1849 3142 2012 3209 igitur
2042 3155 2288 3210 personae
2319 3140 2433 3192 ista:
2489 3137 2764 3200 dicuntur,
2791 3137 2944 3206 juxta
2976 3135 3121 3205 quod
3147 3152 3264 3190 ma-

52 3222 124 3274 sed
140 3223 196 3276 ad
215 3238 275 3278 se
299 3227 624 3294 specialiter,
645 3227 782 3282 Deus
804 3229 1020 3283 dicitur.
1050 3228 1182 3284 Nam
1208 3231 1255 3286 si
1277 3232 1344 3286 de
1364 3233 1587 3302 singulis
1681 3232 1834 3301 jores
1857 3230 2143 3295 definiunt,
2174 3239 2233 3283 ut
2257 3236 2636 3298 agnoscantur.
2685 3225 2816 3279 Nam
2845 3226 2888 3278 si
2924 3226 3266 3279 attendamus

51 3317 690 3390 personis-interrogemur,
726 3322 891 3376 Deum
943 3337 1166 3378 necesse
1189 3332 1272 3378 est
1296 3322 1583 3379 fateamur.
1692 3321 1818 3374 illud
1868 3321 2012 3390 quod
2072 3319 2353 3388 Scriptura
2425 3326 2612 3372 sancta
2666 3315 2796 3380 dicit
2853 3318 2918 3371 de
2976 3317 3261 3386 sapientia,

53 3401 165 3458 Deus
192 3421 312 3478 ergo
328 3409 521 3474 Pater,
549 3411 688 3466 Deus
711 3412 898 3477 Filius,
929 3413 1072 3468 Deus
1093 3413 1327 3484 Spiritus
1371 3426 1588 3471 sanctus
1676 3409 1942 3482 eplendor
1961 3420 2043 3464 est
2062 3409 2199 3464 lucis
2221 3419 2453 3473 aeterna,
2479 3407 2965 3476 sicutsplendorem
2989 3407 3093 3462 luci
3121 3407 3264 3460 vide-

51 3493 352 3564 siugulariter
377 3502 579 3556 dicitur
598 3543 613 3566 ,
641 3518 740 3558 nec
767 3513 944 3558 tamen
971 3514 1081 3560 tres
1100 3506 1194 3569 dii,
1226 3506 1318 3560 sed
1349 3522 1486 3562 unus
1505 3517 1588 3563 est
1690 3518 1811 3557 mus
1842 3501 2272 3571 inseparabiliter
2300 3501 2582 3565 inluerere,
2613 3500 2690 3554 sic
2717 3498 3038 3554 conﬁtemur
3071 3497 3264 3553 Filium

51 3583 184 3644 Deus.
222 3590 380 3658 item,
410 3603 466 3648 et
514 3595 681 3650 Pater
731 3597 1095 3668 omnipotens,
1126 3608 1180 3654 et
1211 3599 1381 3656 Filius
1416 3602 1588 3656 omni-
1688 3611 1719 3649 a
1745 3594 1902 3649 Pau‘e
1927 3595 2166 3670 δερππί
2195 3611 2298 3648 ηοη
2326 3609 2502 3663 P0553-

47 3687 226 3746 potens,
267 3694 320 3738 et
355 3684 609 3756 Spiritus
650 3698 867 3744 sanctus
919 3691 1260 3759 omnipotens
1301 3692 1590 3764 singulari-
1759 3691 1892 3745 Tres
1915 3705 2044 3762 ergo
2069 3690 2186 3744 illas
2210 3689 2366 3744 unius
2413 3699 2573 3756 atque
2623 3686 3001 3758 inseparabilis
3055 3695 3262 3742 naturae

53 3778 120 3822 ter
143 3774 343 3843 dicitur,
369 3795 477 3834 nec
505 3788 686 3836 tamen
719 3791 829 3838 tres
875 3785 1290 3854 omnipotentes,
1327 3789 1420 3842 sed
1449 3805 1587 3844 unus
1689 3797 1988 3854 personas,
2037 3783 2314 3837 sicutvnon
2355 3779 2754 3843 confundimus,
2811 3780 2884 3832 ita
2939 3778 3277 3848 separabilcs.

50 3857 383 3934 Omnipotens,
412 3870 555 3926 sicut
592 3880 648 3926 et
678 3887 841 3926 unum
873 3874 1053 3928 lumen
1088 3893 1356 3946 unumque
1381 3879 1585 3948 princi-
1689 3873 1997 3928 nullatenus
2040 3872 2425 3943 przedicamus,
2475 3871 2906 3941 quandoquidem
2961 3870 3064 3924 hoc
3111 3870 3267 3924 nobis

51 3952 174 4016 pium
230 3960 569 4026 przedicatur.
647 3961 1005 4034 Singulariter
1063 3980 1193 4038 ergo
1251 3983 1587 4039 unaquaeque
1688 3964 1910 4034 dignata
1959 3973 2042 4018 est
2068 3963 2182 4032 ipsa
2232 3961 2471 4017 Trinitas
2521 3962 2797 4016 evidenter
2848 3961 3153 4025 ostendere,
3210 3971 3268 4014 ut

49 4056 268 4109 persona,
302 4066 441 4106 unus
471 4051 612 4108 Deus
636 4056 926 4110 confitetur
957 4066 1012 4112 et
1034 4060 1298 4124 creditur,
1340 4077 1444 4115 una
1478 4063 1585 4118 illis
1686 4057 1850 4109 etiam
1880 4055 1934 4108 in
1959 4055 2211 4108 oumibus
2250 4053 2448 4123 quibus
2478 4054 2644 4108 voluit
2694 4052 2968 4122 sigillatim
3008 4067 3267 4122 personas

51 4135 325 4194 etindivisa
383 4151 546 4212 atque
594 4145 818 4214 aequalis
869 4147 1081 4212 deitas,
1139 4150 1424 4217 maiestas,
1470 4153 1585 4207 sive
1686 4148 1924 4218 agnosci,
1947 4162 2106 4200 unam
2133 4147 2252 4200 sine
2281 4146 2570 4201 alteration
2596 4147 2867 4216 permittat
2892 4146 3267 4216 intelligi,nec

47 4231 274 4318 potestas,
327 4247 427 4288 nec
476 4233 776 4288 minoratur
829 4237 882 4291 in
920 4238 1168 4309 singulis,
1213 4257 1313 4296 nec
1361 4252 1586 4312 augetur
1685 4237 1827 4290 enim
1857 4235 2019 4290 Pater
2041 4237 2244 4305 absque
2274 4233 2410 4288 Filio
2435 4235 2798 4305 cognoscitur,
2829 4251 2928 4289 nec
2959 4235 3074 4289 sine
3104 4235 3264 4288 Patre

50 4317 92 4363 tn
130 4317 308 4382 tribus,
345 4322 470 4392 quia
526 4339 624 4377 nec
682 4325 858 4380 minus
905 4326 1105 4397 aliquid
1155 4331 1412 4397 habetur,
1460 4349 1583 4387 cum
1617 4382 1657 4397 ἡ
1687 4326 1858 4381 Filius
1887 4327 2177 4380 invenitur.
2219 4326 2429 4380 Relatio
2455 4328 2650 4396 quippe
2699 4328 2812 4396 ipsa
2862 4326 3105 4380 vocabuli
3144 4342 3264 4394 per-

49 4418 345 4482 unaquaaqne
364 4431 597 4484 persona
652 4419 792 4474 Deus
829 4421 1175 4492 singulariter
1217 4426 1447 4493 dicitur,
1483 4446 1557 4484 uer

1754 4417 1888 4471 nalis
1908 4431 2172 4486 personas
2201 4418 2438 4486 separari
2490 4425 2652 4470 vetat.
2683 4417 2799 4484 Qua
2841 4419 3003 4471 etiam
3042 4430 3145 4468 non
3185 4415 3257 4468 si-

49 4499 245 4566 ³¹¹¹Ρ¹ίιιδ
267 4522 384 4559 cum
437 4516 560 4563 lotae
591 4518 700 4564 tres
746 4525 987 4580 persona:
1031 4517 1407 4571 enuntiamur.
1458 4518 1581 4574 "me
1689 4510 1799 4564 mul
1831 4511 2104 4574 nominat,
2137 4511 2295 4564 simul
2336 4512 2594 4566 insinuat.
2645 4511 2813 4566 Nemo
2865 4511 3050 4564 audire
3087 4518 3265 4577 potest

48 4600 154 4656 ergo
171 4607 368 4672 .sancta
414 4599 673 4666 Trinitas,
710 4617 832 4671 quae
861 4619 998 4658 unus
1035 4615 1088 4659 et
1114 4621 1272 4661 verus
1307 4618 1392 4664 est
1417 4610 1580 4676 Deus,
1691 4602 2111 4671 unumquodque
2148 4602 2374 4656 istorum
2402 4604 2698 4662 nominum,
2743 4603 2795 4656 in
2827 4617 2932 4670 quo
2963 4617 3066 4654 non
3103 4601 3262 4654 intel-

50 4691 131 4731 nec
154 4687 336 4740 recedit
367 4706 394 4741 a
427 4706 676 4754 numero,
709 4708 806 4746 nec
834 4694 1044 4762 capitur
1085 4712 1328 4752 numero.
1360 4700 1413 4753 ιη
1449 4701 1584 4756 rcta-
1689 4691 1858 4763 ligere
1885 4701 2113 4764 cogatur
2138 4703 2193 4747 et
2213 4694 2467 4750 alterum.
2501 4694 2633 4749 Cum
2689 4709 2822 4764 ergo
2873 4693 2984 4744 haec
3015 4694 3117 4746 tria
3157 4693 3267 4745 sint

54 4766 170 4823 tione
193 4775 326 4829 enim
369 4792 724 4846 personarum
776 4798 1034 4837 numerus
1071 4786 1328 4850 cernitur,
1367 4789 1418 4842 in
1449 4790 1584 4844 divi-
1689 4799 1878 4846 unum.
1901 4795 1954 4839 et
1983 4787 2034 4838 in
2059 4801 2221 4838 unum
2251 4787 2378 4849 tria,
2403 4794 2487 4839 est
2515 4795 2694 4838 tamen
2718 4785 3004 4851 unicuique
3027 4799 3268 4851 persona:

53 4857 208 4916 uitatis
240 4881 361 4922 vero
385 4870 685 4923 substantia
735 4872 860 4938 quid
907 4884 1283 4928 enumeratum
1336 4879 1426 4943 sit,
1477 4895 1582 4934 non
1692 4889 1918 4929 manens
1973 4891 2069 4930 sua
2123 4879 2450 4946 proprietas.
2502 4876 2663 4930 Pater
2722 4878 2861 4932 enim
2911 4875 3271 4944 aeternitatem

52 4958 506 5023 comprehenditur.
558 4961 700 5030 Ergo
738 4963 840 5017 hoc
891 4965 1066 5018 solum
1125 4983 1405 5022 numerum
1457 4969 1579 5024 insi‘
1691 4961 1858 5018 habet
1917 4967 2034 5020 sine
2098 4967 2410 5028 nativitate,
2487 4963 2654 5017 Filius
2728 4965 3084 5021 mlcrnilaletn
3152 4979 3273 5017 cum

53 5052 178 5107 nuat,
199 5049 332 5116 quod
359 5053 420 5106 ad
456 5053 686 5108 invicem
736 5062 882 5120 sunt,
922 5064 977 5110 et
1006 5056 1058 5108 in
1111 5057 1213 5112 hoc
1242 5074 1470 5114 numero
1495 5076 1561 5115 ca

1767 5055 2006 5121 tivitate,
2083 5055 2319 5123 Spiritus
2385 5069 2516 5108 vero
2575 5070 2807 5113 sanctus
2879 5055 3275 5124 processionem

55 5142 172 5197 rent,
200 5140 333 5205 quod
366 5143 414 5194 iu
446 5157 504 5197 se
537 5152 680 5197 sunt.
727 5142 860 5199 Nam
913 5147 987 5200 ita
1019 5158 1218 5202 sanctae
1245 5149 1373 5205 huic
1405 5149 1583 5204 Trinio
1693 5144 1810 5201 sine
1836 5149 2137 5203 nativitate.
2169 5145 2248 5204 De
2292 5150 2377 5204 his
2409 5148 2581 5199 tribus
2633 5148 2889 5213 personis
2931 5145 3103 5198 solam
3154 5141 3297 5195 Filii-

59 5221 307 5318 talionum
334 5231 578 5284 naturale
605 5235 856 5288 convenit
883 5247 1076 5289 nomen
1105 5245 1164 5288 ut
1195 5239 1244 5290 in
1272 5239 1445 5294 tribus
1464 5253 1585 5307 per-
1689 5247 1982 5301 personam
2021 5250 2116 5304 pro
2147 5233 2474 5293 liberatione
2509 5237 2736 5293 lmmani
2767 5234 2980 5312 generis
3010 5231 3282 5286 hominem
