3888 6428
566 429 671 489 559

1412 424 1702 481 ΔΡΡΕΝΙ).
1736 422 1826 478 AD
1871 421 2041 477 SrEC.
2075 419 2154 474 IX,

2258 450 2269 459 -
2310 419 2557 478 ιειῡοιιι
2597 420 3042 479 MERCATORIS
3703 431 3779 485 540

566 551 848 610 nativitate
859 553 942 601 est
957 543 1186 614 genitus,
1205 541 1333 611 quia
1350 540 1547 596 intacta
1569 539 1851 610 virginitas
1865 547 1918 594 et
1937 536 2144 592 virilem
2177 543 2220 600 Α
2255 547 2372 593 ιειε
2387 539 2668 608 accipitur.
2692 537 2827 592 Nam
2851 539 2993 594 sicut
3012 553 3109 607 per
3135 543 3461 610 assumptam
3483 555 3683 600 carnem
3704 563 3780 604 non

565 644 768 700 coitum
791 636 1018 694 nescivit
1042 643 1096 691 et
1123 633 1407 688 l'ecundata
1466 647 1562 702 per
1595 630 1856 701 Spiritum
1899 638 2146 684 sanctum

564 734 750 792 carnis
804 728 1088 784 materiam
1135 726 1487 780 ministravit.
1528 721 1631 790 Qui
1685 730 1872 792 partus
1908 718 2148 790 Virginis

566 842 666 882 nec
703 823 915 879 ratione
941 817 1231 888 colligitur,
1280 831 1381 871 nec
1418 814 1666 885 exemplo
1697 813 1803 869 erit
1849 813 1995 868 enim
2029 811 2145 868 sin-

566 915 773 987 gulare.
805 911 915 966 Nec
941 918 1123 964 tamen
1149 905 1384 976 Spiritus
1429 912 1651 959 sanctus
1675 902 1837 957 Pater
1863 915 1983 957 esse
2031 915 2150 955 cre-

566 1007 777 1062 dendus
809 1013 894 1058 est
935 1001 1057 1056 Filii
1085 1013 1272 1070 pmeo
1299 997 1442 1068 quod
1499 997 1667 1052 Maria
1711 996 1900 1052 eodem
1943 993 2146 1065 Spiritu

565 1107 759 1152 sancto
813 1092 1193 1156 obumbrante,
1245 1089 1516 1159 concepit,
1551 1104 1620 1144 ne
1648 1088 1783 1144 duos
1816 1097 2001 1156 patres
2023 1085 2148 1140 Filii

565 1185 848 1239 videamur
901 1195 1168 1245 asserere,
1225 1179 1369 1248 quod
1420 1179 1606 1248 utique
1635 1176 1787 1233 nefas
1815 1185 1894 1231 est
1927 1175 2054 1230 dici.
2088 1175 2145 1229 In

563 1291 672 1347 quo
699 1273 933 1329 mirabili
959 1279 1224 1340 conceptu
1259 1289 1278 1322 ι
1321 1269 1596 1324 πάἰιὶείπιε
1629 1269 1730 1323 sibi
1755 1267 2023 1337 sapientia
2047 1265 2147 1320 do—

565 1383 714 1422 mum
745 1365 930 1437 (Prov.
969 1379 1045 1427 tx,
1076 1363 1150 1433 ι).
1191 1381 1209 1414 ι
1253 1380 1270 1412 ι
1306 1360 1542 1415 Verbum
1573 1375 1702 1414 caro
1725 1357 1928 1412 factum
1959 1366 2064 1422 est,
2095 1366 2151 1412 et

566 1456 834 1513 habitavit
859 1456 914 1510 in
939 1454 1095 1510 nobis
1118 1451 1300 1524 (Joan.
1319 1468 1356 1518 ι,
1376 1451 1487 1521 14).
1516 1469 1534 1502 ›
1563 1449 1672 1505 Νεε
1703 1460 1882 1504 tamen
1911 1448 2149 1504 Verbum

568 1549 741 1618 ipsum
779 1548 851 1601 ita
884 1547 936 1600 in
962 1559 1181 1608 carnem
1207 1556 1526 1597 conversum
1556 1548 1718 1609 atque
1747 1546 2014 1593 mutatum
2043 1547 2148 1603 est,

566 1650 628 1696 ut
649 1640 934 1695 desisteret
963 1638 1102 1691 Deus
1139 1651 1258 1690 esse
1281 1634 1371 1704 qui
1423 1634 1587 1687 homo
1626 1646 1747 1686 esse
1776 1630 2061 1695 voluisset,
2092 1638 2152 1684 ut

568 1747 676 1786 non
725 1739 932 1784 tantum
969 1728 1042 1782 ibi
1103 1727 1174 1782 sit
1208 1725 1444 1780 Verbum
1490 1724 1603 1786 Dei,
1654 1723 1749 1777 sed
1799 1731 1853 1777 et
1915 1721 2152 1776 hominis

565 1823 770 1885 omnia,
835 1831 999 1890 atque
1047 1821 1150 1874 hoc
1194 1827 1389 1882 totum,
1420 1825 1475 1870 et
1521 1818 1660 1870 Deus
1686 1815 1900 1870 dicatur
1930 1822 2152 1884 propter

2252 637 2458 682 tantum
2485 627 2668 692 Patre,
2691 628 2783 683 sed
2812 629 2990 699 seipso
3030 628 3206 683 minor
3229 632 3512 701 accipitur,
3542 633 3608 688 ita
3631 651 3780 694 secun-

2249 720 2373 774 dum
2388 720 2724 775 divinitatem
2748 736 2852 791 qua
2872 729 2956 776 est
2975 720 3200 790 mqualis
3222 721 3390 788 Patri,
3407 726 3585 794 etipse
3597 737 3646 782 et
3663 729 3781 786 Pater

2250 810 2422 878 major
2443 820 2527 865 est
2548 811 2784 876 homine,
2805 827 2966 882 quem
2993 812 3104 866 sola
3129 813 3250 867 Filii
3270 829 3502 883 persona
3525 823 3780 890 assumpsit.

2318 900 2474 966 ltcm,
2507 901 2560 956 in
2591 916 2657 956 eo
2685 903 2828 972 quod
2859 903 3128 972 qumritur
3158 912 3336 958 utrum
3368 907 3541 976 possit
3562 907 3706 964 Filius
3726 913 3780 967 sic

2248 991 2492 1061 :equalis,
2541 1001 2596 1047 et
2643 994 2820 1048 minor
2859 1007 2982 1048 esse
3037 992 3241 1062 Spiritu
3283 1005 3497 1063 sancto,
3521 997 3648 1052 sicut
3680 1016 3782 1056 nunc

2248 1082 2472 1152 aequalis
2490 1091 2592 1147 est,
2613 1099 2754 1138 nunc
2777 1084 2955 1138 minor
2977 1084 3139 1141 Patre
3164 1088 3406 1143 creditur
3426 1103 3566 1154 esse,
3611 1107 3781 1162 respon-

2250 1173 2459 1254 demus,
2487 1174 2778 1228 secundum
2815 1173 3049 1230 formam
3078 1176 3175 1233 Dei
3221 1179 3449 1248 aequalis
3473 1192 3553 1236 est
3589 1191 3639 1236 et
3674 1182 3781 1239 Patri

2251 1276 2306 1322 et
2343 1266 2565 1336 Spiritui
2590 1277 2817 1334 sancto;
2847 1269 3144 1325 secundum
3195 1270 3427 1326 formam
3475 1275 3610 1328 servi
3649 1277 3782 1332 minor

2251 1367 2412 1414 estet
2437 1373 2468 1411 a
2490 1357 2670 1424 Patre,
2697 1367 2753 1412 et
2789 1375 2820 1412 a
2853 1357 3061 1429 Spiritu
3101 1370 3313 1427 sancto,
3349 1363 3480 1432 quia
3513 1378 3608 1419 nec
3650 1363 3782 1434 Spiri-

2257 1457 2344 1504 tus
2372 1461 2616 1514 sanctus,
2644 1465 2745 1505 nec
2774 1450 2919 1506 Deus
2949 1451 3134 1517 Pater,
3180 1454 3276 1510 sed
3323 1453 3440 1510 sola
3468 1454 3585 1509 Filii
3607 1472 3782 1526 persona

2253 1540 2491 1610 suscepit
2520 1555 2764 1604 carnem,
2786 1557 2884 1611 per
2911 1556 3072 1612 quam
3097 1543 3274 1598 minor
3301 1559 3426 1600 esse
3456 1545 3681 1600 creditur
3702 1548 3781 1602 illis

2253 1633 2498 1703 personis
2555 1632 2783 1687 duabus.
2836 1633 2998 1694 Item,
3037 1635 3126 1689 hic
3176 1634 3344 1690 Filius
3373 1653 3404 1689 a
3432 1636 3541 1690 Ι)εο
3575 1636 3713 1691 Patre
3746 1646 3781 1690 et

2255 1722 2457 1793 Spiritu
2486 1731 2677 1778 sancto
2711 1725 3092 1793 separabiliter
3119 1726 3390 1782 discretus
3443 1729 3669 1783 creditur
3700 1744 3783 1783 esse

2255 1830 2503 1883 persona,
2534 1815 2604 1868 ab
2630 1816 2848 1870 homine
2876 1825 3054 1870 autem
3108 1827 3388 1887 assumpta
3446 1828 3644 1871 natura.
3672 1817 3782 1878 Item,

567 1916 758 1978 Deum,
792 1922 845 1968 et
875 1913 1040 1970 homo
1067 1919 1288 1982 propter
1322 1909 1622 1964 hominem.
1649 1908 1704 1962 In
1733 1923 1840 1976 quo
1870 1907 1964 1963 Dei
2014 1906 2151 1962 Filio
2185 1911 2227 1968 Β
2256 1921 2378 1962 cum
2402 1905 2622 1961 homine
2657 1922 2796 1961 unus
2837 1915 3016 1961 exstat
3066 1922 3322 1978 persona,
3355 1923 3482 1963 cum
3530 1907 3674 1963 Patre
3695 1923 3784 1961 vero

565 2008 701 2062 duas
731 2005 1004 2060 credimus
1039 2017 1161 2058 esse
1187 2010 1433 2065 naturas,
1463 2016 1628 2054 unam
1663 2000 1990 2063 divinitatis,
2023 1999 2158 2055 alte-

571 2109 688 2148 ram
722 2093 1098 2157 humanitatis,
1125 2107 1262 2160 quas
1299 2092 1368 2145 ita
1399 2092 1451 2144 in
1481 2106 1538 2144 se
1565 2105 1669 2144 una
1693 2089 1896 2145 Christi
1929 2105 2157 2161 persona

569 2187 764 2249 univit,
793 2194 853 2240 ut
882 2199 981 2238 nec
1007 2183 1265 2237 divinitas
1295 2181 1362 2235 ab
1384 2181 1746 2245 humanitate,
1777 2195 1878 2234 nec
1907 2181 2158 2234 immani-

569 2287 652 2333 tas
682 2294 711 2332 a
749 2276 1034 2331 divinitate
1059 2275 1231 2344 possit
1259 2273 1551 2344 aliquando
1593 2274 1824 2344 sejungi.
1859 2272 2010 2328 Unde
2036 2288 2158 2342 per-

569 2367 743 2422 fectus
774 2366 932 2429 Deus,
965 2363 1236 2435 perlectus
1270 2375 1326 2418 et
1356 2365 1516 2417 homo
1555 2363 1608 2417 in
1640 2363 1846 2418 unitate
1889 2377 2154 2434 personaa.

565 2457 678 2513 Nec
705 2467 882 2513 tamen
918 2457 1044 2527 quia
1071 2456 1206 2511 duas
1235 2457 1285 2510 in
1310 2455 1446 2511 Filio
1478 2456 1716 2510 diximus
1763 2471 1885 2511 esse
1914 2466 2154 2516 naturas.

567 2550 703 2604 duas
730 2547 1052 2619 proﬁtemur
1080 2547 1133 2601 in
1172 2563 1238 2601 eo
1287 2561 1407 2602 esse
1450 2561 1732 2616 personas,
1789 2562 1856 2602 ne
1905 2547 2156 2602 Trinitati

567 2641 735 2713 (quod
785 2640 948 2710 absit)
999 2641 1247 2695 accidere
1307 2642 1557 2696 videatur
1607 2641 1965 2712 quaternitas.
2014 2641 2157 2696 Deus

567 2733 710 2786 enim
743 2731 979 2786 Verbum
1041 2745 1147 2784 non
1181 2731 1387 2801 accepit
1433 2745 1720 2801 personam
1773 2731 2028 2795 hominis,
2063 2731 2158 2786 sed

568 2831 842 2885 naturam,
895 2829 950 2875 et
983 2821 1036 2874 in
1071 2830 1332 2875 aeternum
1366 2835 1594 2889 persona
1623 2821 1922 2876 divinitatis
1953 2830 2156 2892 tempo-

569 2912 737 2967 ralem
751 2911 959 2980 accepit
974 2911 1331 2965 substantiam
1358 2913 1558 2966 carnis.
1576 2910 1709 2966 Item
1725 2912 1884 2966 unius
1906 2911 2158 2966 substan-

571 3006 661 3059 tia:
682 3003 956 3059 credimus
983 3017 1106 3058 esse
1148 3003 1317 3058 Deum
1349 3003 1588 3067 Patrem,
1616 3012 1670 3058 et
1704 3002 1899 3057 Filium
1933 3011 1989 3058 et
2029 3001 2164 3072 Spi-.

573 3095 738 3151 ritum
767 3103 1041 3160 sanctum,
1069 3109 1175 3148 non
1209 3105 1390 3148 tamen
1418 3094 1671 3157 dicimus,
1708 3103 1768 3148 ut
1793 3091 1954 3161 hujus
1976 3093 2153 3147 Trini-

571 3185 702 3241 tatis
733 3186 998 3239 unitatem
1049 3184 1218 3239 Maria
1250 3183 1415 3256 Virgo
1463 3185 1729 3256 genuerit,
1790 3184 1885 3240 sed
1918 3194 2156 3238 tantum-

2258 2007 2312 2054 et
2341 1997 2545 2070 Spiritu
2577 2009 2782 2063 sancto,
2814 2009 3004 2053 natura
3042 2001 3346 2056 divinitatis
3391 2016 3520 2066 suae,
3552 2002 3697 2057 Filius
3732 2013 3784 2056 ta-

2258 2105 2381 2143 men
2422 2105 2528 2143 non
2578 2089 2751 2144 solum
2798 2105 2828 2143 a
2881 2088 3066 2154 Patre,
3099 2091 3192 2145 sed
3219 2100 3275 2145 et
3309 2107 3340 2145 a
3373 2091 3576 2160 Spiritu
3625 2101 3784 2156 sancto,

2257 2181 2456 2235 missus
2486 2194 2608 2235 esse
2635 2180 2936 2236 credendus
2957 2181 3117 2236 estin
3143 2195 3210 2236 eo
3232 2183 3376 2252 quod
3404 2199 3500 2253 per
3529 2183 3784 2253 prophetam

2259 2272 2464 2327 dicitur
2486 2287 2500 2326 :
2539 2293 2556 2324 ι
2581 2273 2646 2326 Ει
2671 2289 2814 2329 nunc
2839 2273 3100 2329 Dominus
3119 2276 3365 2330 misitme
3383 2284 3440 2330 et
3463 2275 3676 2345 Spiritus
3699 2290 3786 2328 san-

2256 2373 2379 2418 ctus
2407 2363 2544 2433 (Ira.
2577 2362 2652 2434 Vl)
2691 2383 2740 2417 ι.
2780 2364 2862 2418 Ab
2899 2365 3016 2434 ipso
3058 2381 3272 2435 quoque
3326 2367 3529 2421 missus
3556 2365 3779 2434 accipitur,

2259 2470 2360 2526 pro
2398 2470 2463 2509 eo
2486 2454 2628 2524 quod
2656 2455 3048 2525 inseparabilis,
3082 2471 3187 2510 non
3211 2457 3391 2511 solum
3426 2457 3670 2518 voluntas,
3717 2458 3783 2509 sed

2255 2549 2498 2618 operatio
2526 2548 2689 2604 totius
2719 2548 3004 2605 Trinitatis
3028 2551 3365 2620 agnoscitur.
3422 2551 3520 2605 Hic
3564 2551 3688 2604 enim
3722 2550 3784 2617 qui

2256 2653 2383 2696 ante
2432 2640 2628 2696 saecula
2686 2641 2995 2710 unigenitus
3035 2651 3119 2697 est
3167 2652 3428 2706 vocatus,
3482 2640 3782 2710 temporaliter

2255 2733 2648 2810 primogenilus
2695 2744 2917 2802 propter
2969 2743 3304 2804 assumptam
3352 2748 3590 2795 carnem,
3629 2732 3675 2786 in
3709 2747 3782 2800 qua

2255 2826 2489 2895 suscepit
2517 2825 2752 2878 hominis
2778 2824 3029 2889 formam,
3053 2825 3207 2896 juxta
3234 2825 3608 2896 Evangelicam
3635 2823 3782 2878 verita-

2259 2932 2364 2978 tem
2412 2917 2532 2972 sine
2564 2926 2786 2986 peccato
2828 2925 3080 2972 mortuus
3131 2917 3377 2972 creditur
3426 2917 3517 2987 qui
3553 2916 3681 2971 solus
3716 2928 3783 2983 pro

2258 3009 2415 3063 nobis
2437 3009 2742 3078 passionem
2771 3009 2941 3078 ipsam
2974 3008 3180 3080 (tamen
3226 3008 3376 3064 salva
3407 3009 3668 3064 divinitate
3698 3009 3780 3073 sua)

2256 3115 2354 3169 pro
2380 3100 2591 3155 delictis
2617 3101 2820 3156 nostris
2849 3101 3128 3165 sustinuit,
3175 3102 3451 3171 mortique
3487 3101 3780 3168 adjudicatua,

2255 3200 2308 3245 et
2337 3193 2484 3247 cruci
2511 3207 2696 3248 veram
2727 3192 2912 3248 carnis
2957 3201 3188 3248 mortem
3231 3193 3464 3262 accepit.
3497 3189 3662 3246 Tettio
3685 3202 3780 3258 quo-

571 3279 730 3334 modo
757 3277 976 3343 Filium,
1003 3278 1096 3348 qui
1120 3277 1269 3332 solus
1308 3286 1560 3332 naturam
1598 3287 1838 3333 nostram
1868 3277 1920 3331 in
1947 3278 2154 3332 unitate
2181 3276 2224 3337 C
2257 3297 2362 3354 que
2387 3283 2473 3336 die
2501 3282 2699 3336 virtute
2732 3283 2949 3352 propria
2979 3284 3273 3338 suscitatus
3317 3298 3348 3337 a
3395 3283 3630 3353 sepulcro
3651 3293 3781 3334 surre-

566 3385 813 3442 persona:
841 3385 952 3424 sua:
973 3370 1286 3439 assumpsit,
1330 3369 1756 3424 incarnationem
1789 3383 2002 3438 quoque
2049 3370 2153 3423 ltu-

563 3459 656 3530 jus
679 3460 801 3514 Filii
829 3459 923 3514 Dei
960 3468 1070 3513 tota
1101 3457 1343 3514 Trinitas
1363 3467 1586 3530 operata
1613 3473 1731 3514 esse
1760 3459 2028 3513 credenda
2048 3467 2154 3525 est,

571 3554 696 3624 quia
725 3552 1103 3623 inseparabilia
1130 3559 1256 3606 sunt
1283 3567 1445 3622 opera
1469 3551 1770 3606 Trinitatis.
1795 3549 1954 3604 Solus
1977 3559 2153 3606 tamen

570 3645 741 3701 Filius
762 3643 992 3699 formam
1015 3645 1156 3700 servi
1181 3645 1390 3714 accepit
1412 3644 1465 3698 in
1488 3644 1863 3714 singularitate
1888 3657 2153 3712 personae,

572 3754 677 3794 non
711 3738 763 3792 in
798 3739 1005 3792 unitate
1032 3738 1228 3792 divina:
1267 3746 1498 3800 natura,
1531 3737 1586 3790 in
1619 3737 1670 3790 id
1701 3735 1844 3806 quod
1879 3735 2154 3804 proprium

569 3841 657 3888 est
679 3831 825 3896 Filii,
859 3846 965 3885 non
995 3830 1138 3898 quod
1170 3843 1458 3884 commune
1505 3827 1782 3892 Trinitati,
1816 3842 1938 3896 quae
1981 3825 2154 3880 forma

571 3925 650 3980 illi
697 3925 764 3978 ad
808 3923 1072 3977 unitatem
1120 3936 1366 3990 persona:
1423 3929 1669 3988 coaptata
1720 3928 1824 3984 est,
1876 3927 1940 3972 ut
1988 3919 2158 3974 Filius

574 4017 669 4070 Dei
701 4024 757 4070 et
785 4013 957 4069 Filius
992 4013 1228 4066 hominis
1252 4026 1392 4066 unus
1427 4012 1498 4066 sit
1533 4011 1800 4066 Christus.
1841 4011 1974 4066 Item
2015 4011 2155 4066 idem

572 4108 828 4163 Christus
850 4107 903 4160 in
929 4107 1014 4161 his
1042 4106 1253 4159 duabus
1284 4104 1680 4159 naturistribus
1707 4112 1887 4159 exstat
1914 4105 2160 4158 substan-

574 4201 684 4265 tiis,
713 4197 874 4254 Verbi
905 4195 1046 4266 quod
1077 4196 1144 4248 ad
1174 4194 1340 4249 solius
1371 4195 1462 4249 Dei
1492 4195 1781 4249 essentiam
1814 4194 2156 4250 referendum

575 4300 678 4357 est,
707 4289 954 4359 corporis
997 4297 1054 4342 et
1080 4287 1293 4350 animm,
1328 4286 1470 4355 quod
1522 4288 1590 4340 ad
1636 4301 1822 4340 verum
1881 4287 2158 4340 hominem

576 4383 835 4454 pertinet.
888 4379 1064 4434 llabet
1109 4393 1238 4448 ergo
1276 4381 1328 4432 in
1387 4393 1444 4434 se
1483 4379 1752 4450 geminam
1801 4379 2158 4433 substantiam

578 4473 883 4529 divinitatis
912 4487 1024 4527 sua:
1064 4480 1120 4525 et
1171 4471 1523 4525 humanitatis
1571 4479 1786 4533 nostrae,
1839 4471 1928 4524 hic
1978 4479 2157 4524 tamen

581 4580 679 4635 per
715 4564 820 4618 hoc
847 4560 991 4631 quod
1023 4560 1088 4613 de
1123 4559 1230 4612 Deo
1265 4557 1426 4612 Patre
1455 4559 1572 4613 sine
1611 4559 1767 4613 initio
1818 4559 2020 4628 prodiit
2070 4573 2158 4611 na-

2258 3375 2356 3428 xit.
2387 3371 2499 3427 Hoc
2522 3387 2652 3441 ergo
2671 3373 2918 3442 exemplo
2937 3373 3130 3443 capitis
3155 3375 3326 3430 nostri
3368 3374 3673 3431 conﬁtemur
3692 3385 3780 3425 vera

2259 3466 2364 3518 ﬁde
2431 3467 2888 3520 resurrectionem
2943 3468 3126 3521 carnis
3181 3468 3428 3522 omnium
3480 3475 3780 3524 mortuorum,

2258 3570 2358 3610 nec
2379 3556 2432 3610 in
2462 3571 2587 3610 aere
2624 3556 2708 3610 vel
2739 3557 2983 3626 qualibet
3010 3557 3112 3612 alia
3145 3573 3330 3624 carne,
3359 3568 3420 3613 ut
3447 3558 3648 3628 quidam
3685 3552 3780 3609 deli-

2260 3657 2447 3702 rantes
2468 3659 2809 3703 surrecturos
2859 3665 2955 3704 nus
2996 3651 3249 3716 credunt,
3279 3651 3376 3706 sed
3418 3651 3470 3706 in
3499 3652 3592 3705 ista
3615 3663 3700 3717 qua
3722 3645 3781 3696 vi-

2260 3739 2456 3802 vimus,
2487 3740 2836 3795 consistimus
2865 3752 2919 3794 et
2949 3756 3251 3806 movemur,
3280 3751 3507 3812 peracto
3529 3738 3666 3809 hujus
3688 3749 3780 3790 san-

2257 3838 2359 3884 cta:
2390 3831 2809 3886 resurrectionis
2859 3833 3132 3901 exemplo,
3176 3833 3318 3887 idem
3354 3833 3603 3888 Dominus
3645 3838 3782 3882 noster

2257 3931 2421 3992 atque
2447 3923 2698 3978 Salvator
2717 3933 2997 3994 paternam
3025 3927 3370 3981 ascendendo
3397 3926 3574 3980 sedem
3595 3916 3776 3989 repetiil.

2257 4014 2324 4068 de
2354 4030 2457 4084 qua
2503 4029 2778 4084 nunquam
2821 4030 2918 4085 per
2951 4016 3292 4070 divinitatem
3333 4015 3594 4071 discessit.
3629 4006 3777 4064 lllicad

2258 4105 2535 4164 dexteram
2557 4104 2736 4160 Patris
2769 4108 3355 4177 sedens,exspectatur
3387 4109 3441 4162 in
3484 4107 3584 4160 ﬁne
3610 4099 3778 4158 saeculo-

2258 4212 2376 4250 rum
2392 4197 2556 4267 judex
2579 4199 2821 4252 omnium
2839 4199 3083 4253 vivorum
3101 4209 3156 4254 et
3182 4209 3538 4254 mortuorum.
3562 4197 3674 4251 lude
3690 4206 3776 4246 rtuu

2259 4290 2463 4344 sanctis
2475 4289 2727 4345 onmibus
2743 4290 2923 4344 veniet
2937 4291 3004 4344 ad
3020 4290 3300 4345 ferendum
3311 4289 3592 4360 judicium,
3609 4281 3777 4340 reddet!

2261 4382 2550 4451 unicuique
2566 4383 2832 4436 mercedis
2861 4383 3095 4453 propria:
3123 4383 3392 4449 debitum,
3427 4390 3576 4454 prout
3605 4377 3776 4448 quisque

2260 4475 2491 4543 gesserit
2514 4474 2565 4526 in
2590 4488 2820 4544 corpore
2840 4475 3068 4544 positus,
3092 4475 3206 4530 sive
3227 4477 3452 4541 bonum,
3470 4476 3575 4529 sive
3596 4469 3773 4524 malum;

2263 4563 2559 4618 Ecclesiam
2577 4579 2710 4618 sane
2721 4564 3042 4618 catholicam
3058 4567 3231 4635 pretio
3243 4568 3323 4620 sui
3339 4564 3605 4636 sanguinis
3615 4570 3776 4623 comp:-

579 4665 665 4710 tus
697 4662 924 4727 tantum.
962 4651 1094 4704 Nam
1126 4663 1298 4719 neque
1325 4648 1517 4712 lactus,
1553 4664 1728 4720 neque
1748 4650 2156 4719 praedestinatus
2187 4648 2236 4706 D
2265 4661 2433 4707 ratam
2472 4668 2592 4707 cum
2618 4667 2682 4707 eo
2711 4654 2983 4708 credimus
3012 4655 3065 4709 in
3094 4666 3414 4726 perpetuum
3469 4660 3772 4724 regnaturum.

577 4743 874 4813 accipitur,
913 4755 1012 4811 per
1065 4739 1167 4792 hoc
1215 4749 1392 4792 tamen
1439 4738 1582 4808 quod
1611 4739 1677 4792 de
1708 4738 1876 4792 Maria
1935 4737 2155 4810 Virgine

575 4833 752 4890 factus
776 4838 940 4886 estet
967 4837 1146 4889 natus,
1175 4836 1230 4881 et
1255 4826 1431 4882 factus
1475 4837 1529 4882 et
1571 4828 1987 4899 praadestinatus
2037 4844 2158 4884 esse

580 4924 880 4980 credendus
913 4932 1014 4976 est.
1051 4921 1238 4974 Ambae
1282 4929 1462 4974 tamen
1511 4919 1615 4974 illa:
1653 4920 2032 4990 generationes
2056 4919 2156 4972 mi-

583 5015 805 5080 rabiles,
859 5014 984 5083 quia
1015 5022 1071 5067 et
1099 5013 1164 5066 de
1199 5011 1360 5067 Patre
1399 5021 1525 5066 ante
1574 5013 1767 5067 secula
1816 5014 1933 5067 sine
1985 5022 2158 5067 matre

577 5115 661 5162 est
687 5107 918 5176 genitus,
949 5115 1004 5159 et
1034 5106 1086 5158 in
1125 5105 1230 5158 ﬁne
1257 5104 1574 5159 saeculorum
1608 5105 1673 5158 de
1700 5113 1874 5159 matre
1914 5106 2032 5158 sine
2057 5103 2160 5157 Pa-

573 5210 660 5253 tre
685 5207 769 5253 est
789 5197 1229 5268 generatus;qui
1264 5208 1438 5249 tamen
1483 5196 1776 5249 secundum
1817 5196 1960 5264 quod
2000 5195 2160 5250 homo

576 5300 818 5354 creatus,
853 5288 1030 5343 Maria
1053 5289 1241 5343 matris
1259 5297 1343 5344 est
1371 5286 1557 5342 Filius.
1590 5287 1742 5351 Item,
1775 5303 1872 5358 per
1897 5288 2000 5341 hoc
2019 5287 2160 5355 quod

577 5387 721 5443 Deus
781 5392 886 5447 est,
948 5381 1171 5450 aequalis
1221 5390 1303 5435 est
1355 5379 1780 5449 Palri;perhoc
1811 5379 1953 5450 quod
1978 5379 2158 5442 homo,

579 5477 756 5530 minor
799 5481 884 5528 est
939 5471 1121 5526 Patre.
1177 5470 1330 5534 Item,
1362 5480 1416 5525 et
1448 5469 1621 5538 major
1651 5480 1706 5525 et
1748 5470 1927 5524 minor
1963 5484 2022 5524 se
2045 5469 2160 5539 ipso

579 5565 883 5620 credendus
907 5570 1026 5626 est;
1069 5561 1119 5613 in
1152 5559 1324 5614 forma
1350 5563 1493 5616 enim
1525 5561 1614 5617 Dei
1659 5563 1820 5616 etiam
1855 5561 1967 5630 ipse
1993 5560 2160 5615 Filius

579 5671 638 5712 se
667 5657 782 5726 ipso
811 5655 982 5724 major
1014 5660 1096 5707 est
1122 5660 1342 5722 propter
1371 5653 1760 5708 humanitatem
1802 5659 2157 5722 assumptam,

580 5749 707 5817 quia
749 5748 1005 5801 divinitas
1055 5745 1226 5814 major
1253 5753 1356 5799 est.
1406 5744 1461 5798 In
1484 5743 1656 5798 forma
1696 5753 1875 5799 autem
1929 5741 2072 5797 servi
2101 5756 2162 5796 se

581 5841 698 5912 ipso
726 5840 899 5894 minor
923 5849 1029 5905 est,
1062 5839 1111 5894 id
1132 5847 1211 5893 est
1244 5837 1600 5902 humanitate,
1631 5852 1750 5906 qua:
1766 5838 1940 5892 minor
1968 5835 2163 5891 divini-

2256 4743 2396 4797 intra
2418 4742 2571 4810 cujus
2591 4743 2858 4814 gremium
2881 4745 3158 4798 constituti
3182 4761 3346 4798 unum
3370 4745 3670 4814 baptismum
3687 4748 3768 4788 cre-

2257 4834 2468 4899 dimus;
2499 4843 2553 4889 et
2575 4835 2900 4888 conﬁtemur
2936 4836 3310 4891 remissionem
3333 4838 3564 4892 omnium
3589 4835 3773 4901 petit-3""

2257 4942 2399 4989 rum,
2421 4927 2520 4981 sub
2537 4941 2642 4996 qua
2667 4925 2769 4981 ﬁde
2789 4935 2844 4981 et
2864 4928 3309 4982 resurrectionem
3333 4937 3644 4982 mortuorum
3661 4931 3772 4971 verr

2257 5017 2394 5072 citer
2415 5018 2709 5082 credimus,
2736 5027 2793 5072 et
2820 5017 2982 5071 l‘uturi
3004 5018 3186 5072 szrculi
3223 5021 3412 5090 gaudia
3443 5023 3768 5086 exspecuuuus.

2266 5105 2376 5161 Hoc
2403 5116 2606 5162 tantum
2631 5109 2894 5162 orandum
2918 5117 3002 5162 est
3042 5109 3198 5163 nobis
3227 5119 3280 5163 et
3303 5109 3597 5179 petendum,
3619 5111 3768 5155 meum

2262 5206 2481 5266 peracto
2530 5197 2787 5267 ﬁnitoque
2817 5197 3024 5264 judicio
3070 5199 3352 5253 tradiderit
3397 5198 3553 5252 Filius
3600 5199 3766 5259 regnum

2263 5287 2374 5342 Deo
2400 5298 2454 5341 et
2482 5287 2652 5354 Patri,
2693 5289 2983 5358 participes
3004 5287 3200 5342 eﬁieiat
3227 5305 3327 5344 nos
3357 5289 3500 5358 regni
3531 5284 3618 5346 sui,
3643 5287 3769 5345 υιρει

2265 5377 2402 5432 hanc
2425 5377 2580 5430 lidem
2613 5391 2719 5446 qua
2752 5377 2823 5430 illi
2849 5377 3182 5442 inhaesimus,
3220 5395 3340 5433 cum
3370 5379 3457 5433 illo
3479 5377 3583 5431 sine
3602 5372 3685 5424 ﬁne
3703 5377 3765 5418 re-

2263 5482 2508 5538 guemus.
2537 5466 2648 5522 Hoc
2678 5477 2759 5522 est
2785 5467 3142 5523 confessionis
3172 5479 3369 5525 nostrae
3410 5469 3535 5523 ﬁdes
3560 5458 3727 5532 exposit
3757 5495 3763 5505 -

2263 5573 2360 5627 per
2402 5575 2563 5628 quam
2591 5558 2834 5613 omnium
2879 5560 3254 5614 haereticorum
3307 5563 3490 5632 dogma
3526 5552 3760 5627 perimitur.

2262 5663 2358 5718 per
2384 5664 2544 5718 quam
2578 5649 2816 5704 omnium
2859 5650 3094 5704 ﬁdelium
3140 5653 3303 5705 corda
3360 5651 3665 5706 mandantur,
3696 5649 3764 5708 [ετ

2265 5755 2426 5809 quam
2447 5748 2503 5794 et
2522 5740 2588 5794 ad
2617 5741 2782 5794 Deum
2807 5741 3351 5812 glorioseacceditur,
3374 5743 3514 5812 cujus
3540 5744 3760 5794 sacro'an-

2265 5839 2412 5885 ctum
2441 5845 2684 5902 saporem
2713 5832 2813 5886 sub
2842 5831 3090 5888 triduano
3114 5830 3318 5901 jejunio
3340 5833 3570 5888 continua
3601 5819 3760 5878 relatio“
