3888 6434
86 385 170 441 5H
1038 388 1047 397 '
1219 372 1621 434 DECRETALII

1790 371 2147 434 OLLECTIO.
3218 381 3325 437 542

83 514 193 557 num
239 496 521 553 conatioue
570 503 818 551 rorantes
854 495 923 552 ad
965 509 1029 551 ea
1074 508 1197 564 quin
1230 493 1472 550 subnexa
1509 499 1640 547 sunt
1663 491 1714 552 Δ
1741 500 2095 561 cognoverint
2137 493 2479 561 mstitutum,
2516 508 2617 552 nec
2661 493 2844 566 aliqua
2871 494 3189 553 diversitate
3231 514 3327 557 cu-

82 587 299 659 seqnenti
326 586 414 642 die
441 586 774 641 decernenda
794 584 1172 640 transivimus.
1732 578 2042 653 juscunque
2065 585 2274 641 ordinis
2302 585 2384 641 vel
2418 585 2586 643 ofﬁcii
2616 602 2648 642 a
2692 587 3110 660 metropolitana
3140 605 3200 646 se
3232 606 3325 662 pa-

137 676 255 735 Car.
285 676 327 732 1.
368 676 426 731 1ιι
472 676 592 733 loco
618 675 1013 732 benedictionis
1035 672 1394 731 consedentes
1420 672 1636 729 Domini
1736 674 1945 728 tiantur
1967 675 2095 730 sede
2123 676 2381 748 disjungi.
2415 677 2509 733 Sic
2536 678 2681 735 enim
2718 677 2930 748 justum
2959 688 3064 748 est,
3092 689 3154 736 ut
3199 682 3327 740 inde

79 770 381 833 Recrdatus,
431 768 594 823 nullis
643 768 862 832 debent,
920 774 1012 822 aut
1064 766 1370 822 indiscretis
1414 764 1637 821 vocibus
1736 764 2110 835 unusquisque
2136 776 2315 823 sumat
2346 769 2562 840 regulas
2586 769 2883 842 magisterii
2920 773 3064 827 unde
3101 773 3327 831 honoris

79 869 409 932 psrstrepere,
452 870 544 915 aut
569 859 897 929 quibuslibet
943 858 1260 914 tumultibus
1303 857 1631 929 perturbari,
1738 857 2209 912 consecrationem
2239 859 2481 930 accepit,
2514 868 2573 915 ut
2610 861 2766 929 juxta
2794 861 3064 932 majorum
3100 864 3321 920 decreta

80 951 218 1007 nullis
257 951 415 1005 etiam
442 951 594 1005 vanis
624 950 820 1005 fabulis
865 949 947 1006 vel
987 951 1185 1005 risibus
1217 950 1329 1020 agi,
1364 958 1424 1005 et
1468 949 1634 1020 (quod
1734 945 1891 1000 sedes
1914 960 2038 1015 quae
2066 947 2354 1019 unicuique
2382 953 2710 1009 sacedotaiis
2733 962 2909 1010 mater
2933 963 3018 1011 est
3041 955 3323 1025 dignitatis

81 1041 289 1098 deterius
310 1040 413 1110 est)
447 1041 735 1097 obstinatis
756 1040 1241 1110 disceptationibus
1272 1039 1634 1095 tumultuosus
1733 1033 1807 1089 sit
1826 1043 1882 1088 et
1911 1035 2295 1093 ecclcsiasticu:
2314 1040 2582 1110 magistra
2602 1043 2852 1101 rationis.
2868 1043 3167 1102 Abbatibus
3189 1060 3324 1104 sane

81 1148 216 1188 voces
236 1131 529 1188 eﬁimdere.
574 1148 594 1183 ι
644 1130 703 1188 Si
745 1132 869 1201 quis
905 1132 1050 1187 enim
1092 1132 1175 1201 (ut
1198 1128 1491 1201 Apostolus
1513 1130 1631 1201 ait)
1733 1124 1957 1182 indultis
1985 1126 2182 1184 ofﬁciis
2223 1146 2347 1200 qua:
2382 1132 2539 1202 juxta
2568 1133 2901 1193 voluntatem
2930 1138 3013 1192 sui
3042 1138 3325 1210 episcopi,

79 1233 210 1295 putat
248 1238 306 1280 se
353 1223 663 1295 religiosum
703 1238 844 1289 esse,
899 1239 1006 1278 non
1055 1224 1338 1280 refrenetis
1394 1223 1631 1294 linguam
1732 1218 2054 1288 regulariter
2077 1220 2184 1277 illis
2206 1221 2475 1294 implenda
2504 1234 2657 1292 sunt,
2693 1236 2888 1283 caetera
2909 1226 3084 1284 ofﬁcia
3110 1230 3322 1299 publica

80 1333 227 1382 suam,
251 1316 343 1371 sed
372 1317 637 1371 seducens
665 1331 762 1371 cor
780 1331 961 1381 suum,
994 1314 1152 1384 hujus
1175 1332 1311 1371 vana
1334 1324 1419 1372 est
1444 1315 1615 1386 religit

1824 1319 1909 1365 est
1952 1326 2274 1395 vesperam,
2318 1316 2681 1382 matutinum,
2731 1318 2850 1374 sive
2899 1320 3120 1377 missam
3165 1322 3326 1378 aliter

82 1404 200 1477 (Jac.
239 1421 277 1471 ι,
321 1405 439 1477 36).
486 1426 508 1460 ι
550 1406 765 1462 Cultum
809 1407 952 1462 enim
984 1422 1144 1463 suum
1188 1406 1396 1475 iustitia
1433 1408 1627 1476 perdit,
1732 1415 1892 1470 quam
1932 1402 1986 1457 in
2036 1404 2321 1474 principali
2366 1407 2597 1463 ecclesia
2645 1409 2925 1465 celebrare
2974 1427 3083 1468 non
3135 1411 3322 1469 liceat.

81 1497 263 1566 quando
289 1496 563 1552 silentium
606 1497 766 1567 perit,
814 1506 870 1553 et
906 1496 1170 1566 judicium
1202 1498 1630 1568 obstrepentium
1731 1489 1987 1561 Quisquis
2014 1503 2195 1549 autem
2226 1496 2421 1551 horum
2464 1498 2807 1555 decretorum
2839 1501 3073 1557 violator
3098 1504 3328 1560 exstite-

78 1590 211 1643 nn-ba
257 1588 556 1654 confundit,
587 1589 801 1645 dicente
848 1589 1113 1660 propheta
1162 1607 1176 1644 ε
1220 1608 1241 1642 ς
1300 1589 1417 1643 Erit
1453 1588 1633 1647 cultus
1733 1582 1839 1647 rit,
1872 1597 1965 1639 ses
2010 1586 2287 1642 mensibus
2328 1590 2714 1645 communione
2754 1592 3021 1662 privetur,
3069 1608 3134 1649 ae
3179 1593 3322 1664 apud

76 1677 264 1749 iustitiae
281 1679 553 1735 silentium
581 1679 716 1750 (ιω.
751 1696 926 1745 xxxn,
949 1680 1061 1746 l7).
1091 1699 1111 1733 ι
1138 1681 1307 1736 Debet
1324 1696 1457 1753 ergo
1471 1682 1611 1752 quid-

1788 1675 2210 1745 etropolitanum
2272 1679 2373 1735 sub
2458 1683 2795 1749 ptenitentite
2879 1699 3109 1740 censura
3198 1701 3322 1755 per-

79 1772 182 1840 quid
203 1780 321 1825 ante
350 1771 776 1827 consultationes
795 1772 1204 1851 consedentium
1246 1773 1404 1844 132
1428 1775 1627 1845 agitur,
1734 1773 1954 1818 mallem
1978 1766 2334 1839 εοΐτίϐειιάυδ
2352 1807 2368 1835 ι
2395 1769 2633 1839 qualiter
2670 1772 2814 1839 εινιιά
2858 1772 3009 1828 illum
3038 1782 3094 1830 Θι
3122 1785 3322 1845 βτωίο-

80 1870 154 1915 aut
180 1861 509 1916 causantium
534 1869 701 1931 parte
731 1856 1051 1933 proponitur
1076 1863 1157 1918 sic
1193 1864 1480 1919 mitissima
1508 1880 1630 1920 ver.
1660 1854 1705 1915 Β
1734 1855 1853 1911 ritte
1882 1858 2334 1927 transgressionis
2361 1860 2577 1931 culpam
2606 1862 2863 1934 lacrymis
2907 1864 3114 1931 diluat,
3144 1874 3200 1920 et
3226 1880 3324 1921 ne-

78 1952 236 2006 borum
263 1952 528 2009 relatione
573 1954 832 2025 proferri,
868 1966 926 2012 ut
959 1973 1058 2014 nec
1096 1958 1454 2014 contentiosis
1483 1959 1613 2014 voci

1782 1945 2027 2000 :ssariam
2053 1946 2358 2004 ofﬁciorum
2406 1949 2713 2005 doctrinam
2763 1952 3009 2008 studiose
3049 1953 3317 2010 addiscat.

78 2040 159 2096 bus
179 2056 356 2099 sensus
394 2043 735 2101 audientium
767 2047 1002 2113 turbent,
1031 2062 1132 2103 nec
1163 2048 1523 2120 iudicantium
1551 2051 1613 2105 vi-

1784 2035 1845 2089 ub
1875 2035 1980 2091 ista
2006 2051 2137 2106 ergo
2166 2038 2349 2109 regula
2398 2055 2504 2096 non
2546 2040 2718 2096 solum
2752 2043 3204 2113 metropolitanus
3239 2054 3319 2100 to-

80 2146 228 2203 εοηιη
262 2135 329 2190 ηε
381 2136 616 2192 ulmum,
687 2147 968 2195 enervem.
1024 2139 1345 2211 Quicunque
1397 2156 1526 2213 ergo
1575 2143 1631 2199 ίη
1732 2125 1840 2181 tius
1869 2128 2162 2197 provinciae
2194 2129 2478 2199 pontiﬁces
2524 2132 2611 2187 vel
2658 2136 2973 2191 sacerdotes
3014 2137 3317 2207 astringat.

82 2234 305 2280 conventu
335 2227 556 2282 concilii
602 2228 716 2284 haec
746 2244 867 2299 quis
902 2231 1181 2299 praemissa
1226 2243 1353 2287 sunt
1378 2232 1629 2289 violanda
1730 2218 1827 2273 sed
1856 2221 2020 2275 “iam
2050 2222 2231 2276 ωιετί
2256 2222 2492 2295 episcopi
2517 2222 2789 2293 ευδὶθειυδ
2814 2227 2915 2282 Sibi
2947 2229 3310 2285 θοοιθθίπιιηι

80 2314 349 2380 crediderit,
375 2326 430 2371 et
453 2328 650 2373 contra
674 2319 790 2375 inec
816 2320 1125 2386 interdicta,
1145 2331 1237 2376 aut
1261 2322 1514 2387 tumultu,
1538 2338 1615 2379 aui

1549 2333 1631 2380 ωε
1732 2317 1973 2366 rectores
2001 2311 2384 2384 obtemperare
2411 2315 2839 2372 institutionibus
2864 2327 3084 2390 cogant.

81 2405 398 2471 contumeliis,
415 2407 505 2462 vel
520 2408 723 2465 risibus
734 2409 1021 2465 concilium
1039 2413 1463 2476 conturbaverit,
1474 2413 1616 2483 juxta

1801 2398 1891 2454 IV.
1934 2400 2088 2457 Sicut
2134 2404 2313 2459 omnis
2372 2406 2463 2474 qui
2508 2405 2686 2476 diligit
2729 2404 2959 2462 fratrem
3005 2424 3194 2473 suum,
3248 2424 3320 2465 ex

83 2491 239 2547 divina:
250 2495 374 2566 legis
396 2497 661 2563 edictum,
678 2513 787 2569 quo
811 2500 1143 2572 praecipitur,
1158 2500 1295 2570 ejice
1306 2503 1618 2569 derisorem,

1779 2506 1843 2549 eo
1871 2492 2053 2564 (Joan.
2102 2510 2181 2561 tv,
2234 2496 2328 2567 7),
2370 2496 2444 2552 ita
2475 2498 2652 2554 omnis
2692 2498 2783 2568 qui
2833 2499 2948 2554 odit
2974 2501 3314 2569 proximum,

82 2584 418 2643 etexibitcum
445 2602 517 2642 eo
530 2588 788 2660 iurgium,
813 2605 937 2646 eum
956 2591 1103 2646 omni
1128 2592 1394 2649 dedecore
1413 2595 1481 2649 de
1501 2609 1632 2650 οοη-
1730 2598 1798 2637 ex
1824 2584 2038 2640 diabolo
2065 2596 2149 2641 est
2175 2585 2226 2658 (1
2255 2586 2415 2643 Joan.
2439 2604 2523 2654 ut,
2554 2589 2665 2659 l7).
2696 2588 2997 2646 Dilectione
3023 2592 3169 2646 enim
3200 2592 3315 2647 sola

83 2670 275 2729 fessioue
292 2677 601 2733 abstractus
613 2681 930 2750 a.communi
955 2689 1100 2735 cuitu
1124 2683 1361 2748 secedat,
1386 2695 1441 2739 et
1465 2685 1618 2740 trium

1776 2676 2062 2731 iscernitur
2087 2678 2211 2747 quis
2232 2693 2299 2733 ex
2329 2694 2439 2749 quo
2462 2679 2678 2750 genitus
2711 2680 3063 2750 approbetur,
3092 2682 3311 2738 dicente

83 2763 248 2819 dierum
276 2770 855 2827 excommunicationi;
878 2772 1208 2828 sententiam
1240 2773 1498 2844 perferat,
1727 2764 1937 2823 Joanne
1974 2786 1987 2822 :
2025 2788 2043 2819 ι
2086 2771 2140 2824 In
2171 2770 2274 2825 hoc
2301 2771 2638 2828 manifestati
2682 2781 2810 2828 sunt
2836 2772 2930 2828 ﬁlii
2962 2772 3089 2839 Dei,
3135 2782 3190 2829 et
3220 2774 3317 2831 ﬁlii

139 2855 469 2925 ILQttantum
504 2863 625 2932 quis
647 2863 890 2933 pmeelsi
919 2863 1169 2920 culminis
1192 2866 1400 2922 obtinet
1425 2866 1627 2934 locum,
1731 2858 1960 2924 diaboli;
1989 2860 2169 2916 omnis
2214 2861 2306 2931 qui
2352 2874 2460 2918 non
2504 2862 2634 2919 facit
2655 2861 2926 2932 justitiam
2965 2880 3071 2918 non
3120 2873 3204 2921 est
3248 2880 3316 2921 es

83 2954 247 3002 tantum
275 2966 501 3008 necesse
526 2961 611 3008 est
632 2954 903 3024 praecedat
942 2966 1172 3012 caeteros
1203 2959 1378 3028 gratia
1406 2960 1629 3015 merito—
1728 2950 1873 3018 Deo,
1920 2962 1975 3009 et
2054 2969 2163 3009 non
2207 2954 2381 3026 diligit
2427 2954 2654 3013 fratrem
2703 2973 2859 3012 suum
2914 2956 2965 3029 (l
3018 2956 3184 3012 Joan-
3241 2972 3312 3021 II.

86 3051 192 3101 nim,
212 3048 267 3094 ut
293 3041 343 3094 in
370 3055 435 3096 eo
465 3044 609 3112 quod
624 3046 876 3114 praesidet
903 3047 1151 3119 singulis,
1173 3049 1517 3120 singulariter
1538 3066 1630 3106 ογ.
1727 3044 1840 3117 29).
1878 3065 1897 3099 ι
1928 3045 2194 3115 Quoniam
2231 3049 2345 3104 haec
2376 3061 2461 3105 est
2489 3052 2837 3108 annuntiatio
2875 3066 3038 3123 quam
3064 3052 3133 3107 ab
3161 3053 3318 3107 initio

83 3136 208 3181 netur
223 3131 509 3189 eminentia
536 3136 838 3192 sanctitatis
852 3178 868 3203 ,
895 3137 1103 3194 habens
1120 3148 1176 3193 et
1197 3141 1251 3194 in
1271 3153 1365 3195 ore
1387 3142 1618 3213 gladium

1768 3134 1976 3202 udistis,
2004 3147 2064 3192 ut
2087 3138 2745 3212 diligamusﬁlterutrum,
2767 3152 2964 3212 etpost
2994 3143 3303 3214 paululum:

82 3217 296 3286 veritatis,
320 3231 375 3277 et
413 3223 475 3277 in
505 3237 669 3294 opere
697 3224 1046 3283 efﬁcientiam
1077 3229 1329 3297 luminis,
1375 3242 1432 3287 ut
1466 3232 1621 3301 juxta
1652 3233 1696 3296 ο
1732 3246 1752 3279 ι
1789 3229 1979 3284 Omnis
2005 3230 2095 3299 qui
2125 3232 2238 3286 odit
2266 3233 2572 3300 proximum
2614 3248 2798 3301 suum,
2832 3234 3099 3289 homicida
3130 3244 3234 3301 est,
3260 3243 3315 3291 et

82 3306 260 3367 Paulum
279 3323 472 3384 potens
492 3318 564 3372 sit
589 3320 867 3375 exhortari
892 3320 945 3375 in
968 3322 1218 3378 doctrina
1250 3340 1381 3380 sana
1409 3335 1465 3382 et
1493 3341 1624 3383 con.
1726 3318 1879 3374 scitis
1925 3322 2184 3388 quoniam
2228 3323 2408 3376 omnis
2460 3322 2731 3379 homicida
2780 3338 2885 3378 non
2936 3325 3099 3379 habet
3144 3326 3313 3381 vitam

83 3402 385 3461 tradicentem
432 3408 719 3464 revincere
757 3409 887 3481 (Tit.
938 3427 989 3478 ι,
1042 3412 1118 3483 9),
1155 3412 1265 3470 Nos
1315 3418 1623 3486 proximum
1723 3419 1981 3465 aeternam
2011 3411 2067 3466 in
2108 3426 2167 3467 se
2201 3422 2508 3470 manentem
2552 3413 2606 3485 (Ι
2644 3415 2805 3472 Joan.
2836 3432 2933 3482 Ill,
2968 3417 3078 3486 15).
3119 3435 3140 3469 ι
3175 3417 3317 3472 Ecce

82 3501 215 3554 nostri
233 3504 429 3560 ordinis
456 3505 715 3577 gradum,
739 3507 822 3562 vel
843 3510 1079 3579 suscepti
1102 3511 1380 3581 regiminis
1406 3514 1617 3569 modum

1776 3504 1995 3560 amicitia
2016 3519 2138 3561 esse
2165 3505 2522 3575 probabiliter
2550 3506 2875 3571 declaratur,
2900 3507 2992 3576 qui
3019 3522 3050 3561 a
3075 3506 3311 3562 fraterna

83 3604 357 3664 magnopere
383 3599 629 3670 cogitare
657 3600 947 3665 debemus,
982 3611 1041 3656 ut
1091 3603 1182 3674 qui
1225 3602 1464 3660 omnium
1495 3619 1628 3676 pm.
1725 3594 1984 3650 societate
2010 3594 2293 3651 dividitur.
2323 3595 2459 3650 Nam
2485 3597 2590 3652 etsi
2622 3612 2813 3652 manus
2838 3612 2945 3652 non
2998 3609 3214 3652 moveat
3242 3595 3311 3651 ad

84 3681 324 3743 dicationis
352 3691 696 3761 suscepimus
714 3732 728 3757 ,
755 3691 917 3748 nullis
941 3694 1090 3749 curis
1119 3709 1151 3749 a
1183 3694 1365 3750 divina
1392 3695 1619 3752 lectione

1780 3687 2077 3742 :cidendum
2102 3728 2116 3752 ,
2149 3701 2251 3758 pro
2277 3704 2343 3743 eo
2374 3697 2558 3744 tamen
2586 3688 2712 3758 quia
2748 3689 2971 3745 immitis
3012 3698 3097 3744 est
3125 3688 3194 3743 ad
3219 3702 3315 3746 os-

82 3772 329 3840 privemur.
358 3778 500 3835 Nam
548 3784 903 3851 quorumdam
936 3794 1148 3841 mentes
1193 3786 1508 3856 pontiﬁcum
1552 3788 1625 3843 ita
1722 3779 2047 3844 cidendum,
2072 3779 2186 3850 jam
2215 3797 2248 3836 a
2280 3782 2390 3837 Deo
2424 3782 2693 3838 homicida
2742 3791 2976 3837 tenetur.
3010 3782 3155 3836 Vivit
3186 3781 3311 3845 ille,
3354 3810 3359 3813 ι

84 3869 281 3951 corporis
306 3873 413 3928 otio
446 3887 476 3926 a
508 3872 755 3929 lectionis
780 3875 955 3946 gratia
1006 3876 1379 3945 secluduntnr,
1408 3888 1468 3934 ut
1494 3880 1619 3951 quid

1779 3873 1914 3929 .iste
1936 3873 2051 3943 jam
2082 3873 2404 3930 interfector
2445 3888 2568 3930 esse
2611 3874 2974 3930 convincitur.
3003 3873 3139 3931 Cum
3185 3888 3314 3945 ergo

85 3950 300 4011 doctrina:
336 3962 604 4032 gregibus
645 3964 876 4019 subditis
930 3964 1205 4032 exhibeat,
1231 3981 1338 4022 non
1387 3967 1626 4024 inveniat
1724 3965 1812 4019 his
1861 3966 2146 4035 pmceptis
2188 3965 2382 4021 beatus
2436 3965 2715 4036 apostolus
2760 3964 2958 4021 Paulus
3006 3980 3132 4021 cum
3181 3978 3313 4022 sana
3380 4018 3385 4021 .

84 4058 225 4112 praeco
251 4063 444 4108 mutus.
472 4054 834 4112 lnsistendum
868 4070 997 4128 ergo
1023 4070 1241 4128 semper
1266 4060 1377 4114 erit
1403 4059 1623 4129 majori-
1717 4057 2111 4126 prtedicatione
2152 4056 2446 4113 concordet
2488 4057 2675 4116 dicens
2703 4071 2722 4112 :
2773 4077 2792 4110 ι
2822 4056 2940 4113 Non
2987 4058 3203 4113 occidat
3233 4058 3315 4113 sol

85 4135 187 4204 lius,
208 4152 261 4196 ut
282 4158 411 4214 quos
443 4146 548 4202 sub
578 4148 858 4220 regiminis
883 4164 1012 4205 cura
1055 4160 1274 4207 tuentur
1302 4152 1444 4209 fame
1472 4154 1622 4211 verbi
1724 4150 2233 4219 superiracundiam
2248 4148 3314 4216 vestram,etnolitelocumdarediabolo

88 4227 159 4285 Dei
184 4236 342 4305 perire
363 4248 470 4296 nun
502 4240 706 4296 sinant.
740 4242 893 4298 Sicut
926 4244 1358 4316 metropolitanis
1393 4248 1447 4302 in
1495 4262 1623 4302 eon-

1775 4240 1884 4312 Epli.
1914 4257 1991 4308 iv,
2010 4240 2081 4296 26
2105 4252 2154 4296 et
2173 4241 2300 4312 27);
2349 4261 2370 4295 ι
2401 4240 2586 4297 relatas
2606 4250 2732 4297 sunt
2754 4241 2910 4297 nobis
2949 4242 3310 4311 quorumdam

89 4320 640 4404 ﬁnitimoscaeterosque
678 4334 1069 4392 ecclesiasticis
1084 4337 1365 4394 ordinibus
1385 4338 1617 4406 deditos,
1723 4334 2067 4389 sacerdotum
2108 4347 2359 4404 personae
2388 4334 2442 4387 in
2494 4342 2698 4388 tantam
2726 4333 3114 4389 obstinationis
3155 4331 3313 4389 effer-

87 4417 148 4473 sic
175 4425 503 4483 conlinitimis
530 4427 583 4483 in
611 4430 933 4485 commissos
961 4428 1063 4485 sibi
1105 4431 1386 4502 religiosos
1415 4447 1481 4487 ex
1522 4448 1621 4487 nn-
1723 4423 1907 4479 billsse
1932 4423 2260 4479 discordiam
2282 4463 2297 4489 ν
2328 4431 2389 4478 ιιι
2410 4439 2517 4478 ηοιι
2542 4422 2716 4478 5010'“
2743 4423 2862 4479 ίιιοε
2886 4424 2955 4478 ab
2982 4423 3061 4477 ira
3084 4436 3313 4479 οεθθευθ

89 4524 206 4567 mero
229 4516 544 4586 vigilandum
578 4530 693 4587 est,
722 4522 955 4591 qualiter
995 4522 1292 4579 nescientia
1325 4524 1509 4580 talium
1540 4525 1611 4581 di.
1724 4514 1857 4571 solis
1876 4530 1983 4570 non
2008 4525 2265 4581 revocet,
2289 4515 2383 4570 sed
2412 4528 2514 4570 nec
2542 4528 2743 4569 annosa
2770 4515 2990 4585 quidem
3019 4513 3314 4569 transactio

89 4600 196 4658 vina:
233 4606 354 4677 legis
403 4612 800 4668 eruditionibus
834 4614 1126 4669 imbuatur.
1174 4614 1252 4670 lta
1297 4616 1621 4672 indesinenti

1775 4623 2030 4678 :mporum
2079 4609 2147 4662 ad
2190 4609 2390 4664 bonum
2423 4607 2708 4664 charitatis
2740 4606 2994 4671 reclinet,
3025 4605 3223 4676 quippe
3253 4603 3310 4659 in

91 4690 399 4756 sollicitudine
419 4703 680 4773 praelatus
700 4705 929 4775 quisque
950 4706 1197 4762 subditos
1218 4722 1468 4777 quarens
1486 4751 1499 4772 ,
1527 4718 1622 4765 aut
1726 4714 1957 4771 quorum
1991 4701 2245 4757 cordibus
2292 4700 2372 4756 Sol
2408 4699 2635 4770 iustitiae
2658 4698 2907 4755 Christus
2933 4698 3217 4762 occubuit,
3251 4707 3312 4751 ut

89 4780 340 4845 proiectum
367 4807 555 4847 eorum
587 4793 927 4849 laetabundus
946 4806 1207 4867 agnoscat
1226 4837 1241 4863 ,
1272 4808 1366 4852 aut
1395 4813 1620 4854 nescen-
1725 4792 1792 4846 ad
1829 4793 2011 4846 lumen
2042 4792 2327 4847 charitatis
2355 4793 2531 4848 redire
2561 4792 2649 4847 vix
2693 4790 2915 4863 possint.
2949 4789 3151 4844 Horum
3179 4803 3311 4858 ergo

92 4870 190 4928 tiam
219 4880 327 4938 sine
354 4887 661 4957 arrogantia
708 4888 962 4943 instruat.
997 4887 1209 4945 Placuit
1236 4905 1367 4962 ergo
1397 4892 1463 4946 de
1496 4891 1617 4946 tali.
1723 4893 1779 4940 et
1806 4884 2066 4939 similium
2097 4884 2525 4940 discordantium
2566 4883 2796 4938 fratrum
2831 4881 3132 4937 oblationes
3152 4880 3310 4951 juxta

92 4961 169 5021 bus
192 4958 335 5037 juxta
378 4977 624 5033 instituta
657 4978 902 5034 Toletani
931 4981 1146 5035 concilii
1177 4983 1282 5037 hoc
1304 4958 1619 5053 specialiter
1725 4976 1933 5047 ειιιιῑιιιιί
1960 4978 2188 5031 canonis
2215 4976 2584 5032 deﬁnitionem
2608 4974 2754 5041 nullo.
2781 4974 2941 5029 modo
2968 4972 3307 5042 recipiendas

94 5056 300 5133 delinire,
328 5077 386 5123 ut
427 5079 519 5125 aut
557 5079 747 5142 sponte
773 5082 988 5127 sumant
1035 5073 1391 5128 intentionem
1444 5091 1622 5132 neces.
1726 5082 1851 5125 esse
1891 5070 2234 5135 censuimus,
2284 5069 2539 5140 personis
2567 5077 2746 5124 tamen
2774 5067 3202 5124 discordantium
3248 5069 3304 5125 id

94 5150 251 5207 sariam
295 5161 656 5229 perdiscendi,
706 5170 801 5217 aut
841 5178 872 5218 a
922 5163 1219 5234 majoribus
1260 5167 1331 5221 ad
1379 5166 1627 5224 lectionis
1727 5163 1947 5232 speciali
1973 5161 2287 5218 deﬁnitione
2307 5162 2683 5234 prmcipiiuus,
2712 5169 2769 5215 ut
2795 5170 3086 5231 antequam
3109 5177 3202 5218 eos
3224 5178 3312 5218 re-

95 5245 309 5302 exercitia
338 5263 598 5323 cegantur
627 5253 803 5309 inviti.
1727 5254 2034 5310 conciliatio
2089 5270 2217 5310 vera
2274 5253 2546 5318 innectat,
2591 5250 2768 5307 nullus
2817 5265 3004 5307 eorum
3050 5251 3313 5309 accedere

93 5350 111 5415 χ
147 5328 396 5396 lil.Deliis
423 5343 512 5412 qui
533 5352 722 5399 contra
750 5345 977 5414 apostoli
998 5346 1332 5403 voluntatem
1352 5366 1374 5402 ι
1398 5349 1627 5406 circum—
1727 5346 1792 5402 ad
1823 5346 1995 5401 altare
2025 5346 2237 5401 Domini
2285 5346 2485 5401 audeat
2514 5342 2598 5399 vel
2626 5345 2857 5415 gratiam
2905 5341 3309 5399 communionis

97 5414 299 5512 rerlintur
331 5434 468 5488 omni
498 5443 662 5489 vento
697 5435 960 5492 doctrinae
986 5436 1149 5508 (Eph.
1181 5455 1258 5504 tv,
1292 5439 1419 5510 Η),
1454 5461 1473 5495 ι
1507 5442 1626 5512 pla-
1731 5446 1934 5493 sanctae
1966 5437 2260 5510 percipiat,
2292 5436 2386 5492 sed
2426 5414 2700 5509 geminato
2737 5445 2977 5506 tempore
3018 5448 3115 5505 per
3137 5432 3312 5501 poeni-

97 5510 183 5565 cuit
222 5517 306 5574 hoc
356 5535 541 5581 sancto
589 5527 854 5594 concilio,
900 5539 962 5584 ut
1008 5531 1443 5602 metr0politana:
1480 5510 1625 5591 sedis
1733 5529 1955 5586 tentiam
2001 5530 2461 5599 compensabunt,
2507 5544 2615 5600 quo
2660 5528 2944 5584 discordiis
2985 5524 3314 5580 servierunt.

100 5608 371 5667 auctoritate
411 5618 621 5683 coacti,
676 5620 1098 5692 uniuscujusque
1143 5624 1434 5692 provincia:
1478 5626 1624 5682 cives
1732 5620 1886 5690 Quod
1929 5621 1975 5677 si
2019 5637 2159 5677 unus
2199 5621 2307 5676 alio
2346 5628 2725 5677 contemnente
2773 5616 2839 5673 ad
2888 5614 3312 5673 satisfactionem

102 5702 393 5790 ξθείρτθειιιιθ
417 5708 774 5766 Ecclesiarum
816 5728 981 5767 unum
1023 5716 1380 5786 eumdemque
1405 5718 1458 5772 in
1483 5719 1626 5788 psal-
1732 5718 1879 5773 chari
1909 5719 2015 5773 alis
2030 5720 2350 5785 cucurrerit,
2372 5733 2435 5774 ex
2461 5733 2527 5774 eo
2542 5728 2785 5790 tempore
2804 5724 2865 5770 ut
2887 5712 3146 5786 paciﬁcus
3169 5711 3313 5767 intra

105 5772 228 5839 lenio
254 5797 451 5854 teneant
479 5800 698 5857 modum
725 5817 886 5874 quem
932 5803 986 5860 in
1039 5806 1453 5877 metropolitana
1495 5809 1625 5866 sede
1731 5812 2015 5868 ecclesiam
2046 5821 2349 5884 reputetur,
2396 5827 2463 5868 ex
2513 5826 2620 5884 quo
2664 5809 2731 5864 ad
2780 5807 3126 5865 concordiam
3171 5805 3315 5864 [esti-

2409 5950 2419 5977 Ν
