3888 6438
578 382 684 442 543

1369 374 1657 438 λΡῬΕΝΙ).
1702 381 1793 436 AD
1835 377 2007 434 SA'ZC.
2049 377 2138 432 lx.
2179 378 2520 438 -——lSlDORl
2555 370 2994 439 MERCATONS

3707 380 3787 437 ιιι

577 512 739 554 nasse
758 491 1110 561 convincitur,
1136 496 1599 551 sententiatamen
1623 495 1886 565 superiori
1914 500 2149 555 servata,
2182 491 2226 552 Α
2256 494 2599 550 decernimus
2616 513 2630 548 :
2650 494 2840 565 Siquis
2853 498 3224 567 episcoporum
3242 490 3785 566 magnatiscnjusqum

578 601 639 644 ιιι
676 599 886 660 tempus
911 588 1055 659 quod
1084 588 1138 643 in
1170 589 1250 643 ira
1285 589 1540 658 expendit
1571 588 1899 658 geminatum
1942 584 1997 639 in
2040 597 2158 654 pm-

580 678 825 734 nitentiaa
851 676 1223 733 satisfactione
1266 676 1557 746 persolvat.

653 770 720 826 ν.
758 768 930 824 Nullis
956 769 1062 822 vita
1091 762 1381 839 praesidum
1423 767 1699 838 pertubari
1730 767 1890 822 debet
1928 766 2162 822 excessi-

583 864 714 929 bus,
745 863 872 932 quia
897 861 1056 916 valde
1081 861 1367 931 indignum
1395 869 1511 926 est,
1541 870 1600 914 ut
1622 861 1713 928 qui
1735 860 1921 913 throni
1946 860 2046 915 Dei
2072 873 2163 914 vo-

581 964 799 1020 cantur,
830 952 937 1008 levi
984 954 1222 1008 motione
1251 954 1560 1018 turbentur,
1583 960 1639 1006 et
1666 951 1759 1021 qui
1803 952 2000 1006 debent
2043 964 2162 1005 esse

584 1045 695 1102 iter
715 1043 968 1111 justitiaa,
999 1043 1100 1114 ipsi
1130 1042 1438 1098 efficiantur
1466 1042 1819 1096 seminarium
1848 1040 1961 1096 litis
2003 1051 2164 1110 atque

586 1137 808 1207 rapinae.
834 1135 1115 1203 Quomodo
1140 1150 1270 1205 ergo
1291 1132 1597 1203 huiusmodi
1625 1132 1796 1206 (juxta
1824 1133 2160 1204 Apostolum)

589 1244 610 1277 ι
646 1224 1148 1294 irreprehensibiles
1193 1224 1245 1294 (Ι
1284 1223 1421 1278 Tim.
1453 1239 1509 1289 v,
1540 1223 1588 1288 7)
1622 1243 1645 1276 ι
1686 1231 1881 1288 erunt,
1911 1222 2002 1291 qui
2055 1236 2162 1275 non

585 1315 758 1370 solum
788 1314 1229 1384 reprehensibilia
1268 1313 1504 1379 faciunt,
1535 1316 1631 1369 sed
1678 1312 1956 1367 mortifera
1986 1311 2166 1383 potius

585 1416 643 1461 et
670 1405 1000 1460 exsecranda
1024 1404 1407 1459 committunt?
1434 1402 1610 1458 Relati
1658 1403 1803 1456 enim
1839 1402 1994 1457 nobis
2039 1410 2167 1456 sunt

586 1495 807 1565 quidam
851 1510 921 1550 ex
965 1495 1370 1559 sacerdotibus,
1399 1494 1543 1564 quod
1574 1494 1723 1549 omni
1770 1493 2035 1565 gravitate
2078 1507 2166 1546 sa-

588 1585 876 1641 cerdotalis
901 1586 1108 1641 ordinis
1124 1579 1513 1655 prtetermissa,
1544 1584 1876 1639 audientium
1903 1582 2163 1651 judicium

590 1678 774 1734 furore
811 1679 1146 1749 praeveniant
1189 1687 1246 1733 et
1285 1691 1513 1733 excessu
1564 1676 1860 1730 inhonestae
1911 1673 2166 1729 motionis

2263 599 2518 651 uxorem,
2551 585 2744 651 filiam,
2783 597 3033 658 neptem,
3062 602 3156 642 seu
3208 587 3447 656 quolibet
3495 585 3635 641 illum
3658 588 3788 657 gradu

2263 674 2505 729 adhibito
2520 677 2865 747 pertingente
2883 692 3205 747 quacunque
3225 677 3416 731 fraude
3440 676 3519 732 vel
3544 676 3788 733 subtilitate

2263 764 2564 821 adulterina
2589 765 2882 835 pollutione
2928 767 3248 832 fmdaverit,
3282 775 3338 822 et
3364 767 3587 822 honoris
3624 770 3787 838 proprii

2263 856 2487 926 gradum
2507 856 2746 923 amittat,
2768 867 2829 913 et
2850 860 2950 914 sub
2967 859 3143 914 exsilii
3169 854 3502 931 relegatione
3520 870 3788 929 perpetuam

2263 949 2833 1006 excommunicationis
2862 952 3187 1006 sententiam
3220 950 3497 1021 perferat,
3526 953 3612 1021 qui
3652 961 3786 1007 tamen

2264 1038 2407 1094 circa
2435 1037 2595 1093 ﬁnem
2636 1042 2762 1095 vita:
2787 1042 3182 1096 communionis
3228 1041 3473 1096 remedio
3510 1039 3788 1109 adjuvandus

2264 1136 2367 1185 est.
2397 1126 2549 1184 Hanc
2575 1143 2704 1184 sane
2744 1142 2801 1184 et
2841 1129 2914 1184 illi
2951 1129 3275 1186 sententiam
3320 1129 3684 1193 merebuntur,
3720 1134 3784 1199 qui

2267 1225 2361 1272 aut
2403 1217 2646 1291 volentes
2692 1219 3039 1274 homicidium
3071 1218 3331 1283 fecerint,
3381 1228 3480 1272 aut
3520 1218 3790 1288 primatibus

2265 1310 2447 1380 palatii
2487 1311 2867 1381 generosisque
2909 1311 3154 1379 personis
3203 1326 3299 1366 seu
3344 1310 3686 1365 nobilioribus
3705 1325 3789 1376 qui-

2266 1402 2580 1473 buscunque
2610 1400 2955 1468 mulieribus,
2982 1413 3074 1458 aut
3096 1403 3287 1474 puellis
3314 1402 3520 1472 aliquid
3541 1417 3632 1472 per
3646 1416 3788 1455 necem

2269 1501 2361 1547 aut
2389 1507 2485 1562 per
2503 1508 2881 1562 quamcunque
2910 1494 3202 1564 irrogatam
3232 1490 3490 1561 injuriam
3513 1490 3610 1544 visi
3634 1488 3788 1543 fuerint

2269 1583 2531 1639 intulisse.
2587 1583 2739 1639 Unde
2790 1599 2885 1639 eos
2933 1583 3086 1652 juxta
3143 1584 3321 1654 legum
3367 1581 3688 1637 stecularium
3734 1582 3790 1633 in-

2269 1674 2476 1738 stituta,
2495 1681 2588 1727 aut
2616 1673 2868 1728 talionem
2899 1676 3158 1743 recipere,
3181 1664 3281 1727 aut
3304 1673 3641 1727 traditionem
3658 1671 3788 1726 dehis

587 1767 793 1837 judicia
812 1769 1005 1824 audire
1028 1767 1334 1840 refugiunt,
1364 1783 1464 1838 pro
1510 1766 1706 1839 quibus
1733 1781 1827 1821 eos
1856 1754 2168 1836 oportuerat
2198 1784 2241 1842 Β
2269 1762 2386 1817 fieri
2415 1762 2501 1817 vel
2524 1763 2972 1833 proscriptionem
2996 1771 3265 1833 Oporteat.

589 1858 859 1929 aquitatis
877 1857 1079 1926 judicia
1101 1859 1391 1913 sustinere.
1414 1857 1549 1911 Dum
1575 1857 1721 1913 enim
1747 1859 1813 1910 de
1836 1855 2059 1910 honoris
2080 1855 2163 1909 sui

588 1952 827 2007 culmine
871 1952 1244 2017 blandiuntur,
1268 1934 1585 2022 patientiam
1633 1951 1832 2005 habere
1864 1949 2164 2018 refugiunt,

588 2048 645 2096 et
690 2039 780 2110 qui
829 2040 1151 2095 inconcusse
1197 2040 1496 2094 debuerant
1542 2039 1786 2094 veritatis
1846 2051 2171 2093 conservare

590 2138 826 2195 statum,
876 2132 1058 2186 subito
1110 2130 1386 2199 religionis
1431 2138 1643 2184 mutant
1695 2130 2061 2199 propositum,
2115 2135 2171 2182 et

591 2223 1063 2292 praecipitifurore
1078 2221 1344 2291 judicium
1388 2223 1730 2277 antecedunt.
1761 2221 1962 2290 Sicque
1988 2220 2040 2273 in
2063 2235 2169 2289 quo

592 2312 852 2368 decuerat
878 2327 974 2368 eos
995 2313 1184 2384 judicii
1212 2313 1481 2368 sustinere
1507 2321 1828 2368 conventum
1855 2309 2171 2379 pervasione

594 2412 762 2475 agunt
796 2406 939 2461 unde
968 2406 1035 2460 de
1078 2405 1591 2476 praesumptionibus
1624 2403 2039 2460 confundantur.
2070 2400 2170 2468 Qui

594 2503 777 2549 tamen
798 2503 897 2549 aut
924 2496 1121 2550 damno
1147 2496 1350 2566 pariter
1373 2502 1429 2549 et
1459 2494 2019 2550 excommunicatione
2063 2491 2174 2563 ple-

598 2586 780 2641 ctendi
804 2597 950 2652 sunt,
976 2596 1067 2640 aut
1095 2587 1314 2642 omissis
1341 2586 1821 2657 compositionibus
1847 2601 2028 2640 rerum
2059 2585 2172 2640 sola

597 2675 972 2732 satisfactione
1015 2678 1346 2746 paenitentiae
1381 2679 1731 2732 curabuntur.
1771 2675 1849 2731 Illi
1893 2677 2037 2731 enim
2082 2677 2173 2746 qui

597 2766 678 2821 rei
704 2767 938 2836 propriae
963 2765 1221 2822 facultate
1243 2766 1443 2822 suﬂ‘ulti
1467 2777 1624 2833 sunt,
1648 2776 1741 2821 aut
1766 2768 1857 2837 qui
1886 2781 1996 2821 rem
2021 2782 2173 2822 suam

594 2853 706 2924 jam
739 2863 897 2910 antea
946 2856 999 2911 in
1041 2857 1258 2933 nomine
1303 2856 1558 2912 Ecclesia
1604 2865 1899 2927 praesenter
1942 2856 2173 2912 transfu-

599 2943 745 2999 disse
770 2955 1090 3011 noscuntur,
1112 2946 1157 3002 si
1187 2955 1282 3001 aut
1302 2962 1400 3018 per
1426 2962 1514 3011 se,
1540 2957 1635 3003 aut
1656 2963 1754 3018 per
1780 2948 2028 3004 subditos
2044 2990 2059 3014 ,
2082 2964 2176 3004 seu

599 3050 700 3106 per
726 3035 996 3106 quoslibet
1027 3036 1199 3091 aliena
1240 3037 1537 3109 diripiunt,
1583 3040 1667 3094 vel
1710 3041 2175 3111 prazsumptionis,

2335 1852 2421 1908 Vl.
2463 1851 2556 1907 llis
2598 1867 2630 1906 a
2679 1854 2873 1921 quibus
2918 1853 3132 1920 Domini
3162 1860 3513 1908 sacramenta
3560 1847 3783 1904 tractanda
3864 1868 3865 1875 η

2264 1950 2390 1998 sunt
2411 1941 2672 2013 judicium
2699 1942 2976 2013 sanguinis
3004 1943 3215 2013 agitare
3260 1957 3369 1998 non
3419 1941 3576 2005 licet;
3620 1949 3669 1993 et
3705 1937 3788 1991 ideo

2267 2048 2592 2105 magnopere
2624 2034 2821 2089 talibus
2865 2034 3179 2089 excessibus
3210 2032 3602 2104 prohibendum
3622 2036 3720 2090 est,
3742 2038 3788 2080 ne

2268 2124 2569 2178 indiscreta:
2598 2123 3031 2193 praesumptionis
3056 2122 3295 2178 motibus
3323 2120 3544 2191 agitati,
3585 2116 3789 2186 autquod

2267 2210 2441 2267 m'orte
2477 2211 2818 2282 plectendum
2863 2221 2981 2278 est,
3029 2211 3296 2267 sententia
3339 2208 3557 2279 propria
3596 2207 3787 2278 judicare

2269 2310 2629 2372 priesumant,
2657 2309 2750 2356 aut
2779 2302 3145 2357 truncationes
3188 2299 3526 2371 quibuslibet
3567 2295 3787 2367 personis,

2271 2402 2360 2447 aut
2383 2408 2481 2462 per
2501 2406 2561 2448 se
2576 2392 2846 2457 inierant,
2869 2402 2963 2446 aut
2991 2390 3298 2447 inferendas
3328 2388 3655 2460 praecipiant.
3678 2383 3787 2451 Quod

2271 2485 2317 2541 si
2340 2484 2627 2555 quisquam
2644 2484 2834 2538 borum
2848 2484 3134 2538 immemor
3147 2490 3560 2552 praeceptorum,
3576 2477 3712 2532 autin
3728 2490 3788 2529 eeo

2272 2573 2449 2629 clcsire
2476 2588 2587 2628 suae
2613 2572 2866 2640 familiis,
2895 2582 2991 2627 aut
3014 2573 3067 2627 in
3094 2572 3434 2643 quibuslibet
3478 2568 3696 2639 personis
3718 2564 3789 2618 talo

2273 2663 2474 2733 aliquid
2517 2663 2740 2730 fecerit,
2767 2673 2822 2720 et
2848 2664 3093 2719 concessi
3124 2662 3332 2718 ordinis
3379 2662 3578 2716 honore
3610 2659 3788 2729 privetur
3864 2656 3865 2659 “

2273 2764 2330 2811 et
2356 2756 2491 2817 loco,
2521 2758 2622 2810 sub
2649 2764 2910 2826 perpetuo
2936 2754 3297 2811 damnationis
3322 2761 3577 2807 teneatur
3597 2748 3790 2817 religatis

2275 2844 2567 2918 ergastulo.
2600 2845 2698 2902 Cui
2727 2855 2905 2901 tamen
2931 2846 3243 2917 communio
3270 2842 3491 2899 exeunti
3515 2856 3579 2895 ex
3601 2839 3687 2893 hac
3710 2836 3784 2888 rit:

2278 2951 2386 2992 non
2402 2938 2648 3007 neganda
2668 2946 2771 3003 est,
2795 2945 3014 3008 propter
3026 2930 3681 2992 Dominimisericordiam,
3698 2924 3788 2993 rqai

2278 3046 2388 3086 non
2418 3030 2534 3086 vult
2558 3028 2861 3099 peccatoris
2886 3035 3151 3092 mortem,
3188 3025 3284 3081 sed
3327 3033 3394 3078 ut
3433 3027 3736 3078 convertatur
3752 3023 3788 3069 et

599 3138 698 3178 seu
725 3125 885 3179 caedis
915 3125 1192 3195 quidpiam
1248 3136 1444 3196 agunt,
1478 3139 1586 3184 tam
1615 3130 1668 3183 in
1696 3131 1855 3185 rebus
1885 3129 2175 3198 llscalibus,

2280 3122 2425 3176 vivat
2445 3116 2672 3193 ’(Ezech.
2706 3135 2879 3174 xxxm
2903 3159 2918 3185 ,
2949 3118 3061 3190 ll).
3097 3138 3119 3172 ι

601 3226 765 3281 quam
792 3215 955 3269 etiam
985 3215 1038 3268 in
1067 3217 1433 3284 quorumlibet
1465 3218 1705 3273 dominio
1741 3222 2076 3286 constitutis,
2124 3232 2180 3277 et

601 3318 829 3373 pervasa
852 3304 937 3358 vel
962 3308 1378 3377 praesumpta‘de
1408 3309 1601 3374 rebus,
1620 3309 1772 3378 juxta
1802 3310 1972 3381 legem
2000 3312 2179 3367 excel-

602 3392 889 3450 lentissimi
912 3396 1175 3467 principis
1199 3398 1437 3453 sarciant
1454 3438 1470 3464 ,
1492 3410 1548 3454 et
1568 3415 1667 3470 pro
1688 3416 1912 3456 excessu
1936 3401 2183 3472 religioni

601 3485 910 3553 contrario,
938 3485 1084 3555 quod
1119 3485 1403 3544 inhoneste
1438 3500 1562 3544 ante
1598 3489 1860 3558 judicium
1906 3502 2188 3561 perpetra-

603 3587 833 3645 verunt,
866 3579 1094 3636 duarum
1135 3581 1598 3638 hebdomadarum
1633 3586 2187 3640 excommunicatione

604 3669 871 3739 plectendi
897 3681 1055 3737 sunt,
1086 3681 1143 3728 et
1182 3673 1276 3743 qui
1337 3674 1474 3730 nihil
1504 3676 1851 3746 proprietatis
1882 3676 2080 3733 habere
2104 3678 2189 3732 vi-

607 3763 823 3828 dentur,
850 3778 1044 3834 magna
1091 3765 1433 3821 discretionis
1471 3776 1590 3822 arte
1618 3769 1865 3823 medendi
1895 3779 2051 3832 sunt,
2080 3783 2188 3839 quo

608 3866 710 3907 nec
737 3867 901 3908 ausus
922 3853 1138 3910 illicitos
1156 3856 1509 3910 ecclesiarum
1532 3855 1877 3912 facultatibus
1903 3858 2187 3923 redimant,

609 3957 712 3998 nec
757 3943 856 4013 ipsi
904 3945 1119 4013 penitus
1160 3953 1408 4000 extorres
1453 3961 1483 3999 a
1536 3960 1697 4017 pinna
1725 3948 2039 4017 persistant.
2079 3946 2190 4003 Nec

610 4035 752 4089 enim
774 4034 977 4099 justum
1011 4045 1096 4091 est
1137 4046 1196 4091 ut
1236 4052 1335 4107 pro
1379 4038 1560 4107 pravis
1604 4039 1812 4093 actibus
1852 4039 2189 4092 sacerdotum

612 4122 896 4189 Ecclesiae,
940 4127 1135 4195 quibus
1176 4129 1527 4196 prreminent‘,
1568 4130 1870 4183 sustineant
1899 4130 2190 4195 damnum,

612 4222 669 4268 et
694 4231 792 4285 pro
818 4217 1130 4272 excessibus
1153 4218 1348 4274 talibus
1378 4218 1679 4275 satisfactio
1703 4221 1771 4276 ab
1796 4220 2054 4277 Ecclesiis
2075 4221 2190 4276 exi-

615 4317 794 4375 gatur,
823 4323 946 4363 cum
974 4309 1212 4365 Ecclesia
1242 4311 1477 4367 cultores
1505 4328 1633 4367 suos
1664 4327 1768 4366 non
1794 4312 1861 4366 ad
1884 4313 2032 4367 litem
2053 4352 2068 4377 ,
2099 4312 2193 4367 sed

619 4396 952 4453 honestatem
974 4398 1248 4456 informet.
1273 4402 1348 4457 De
1370 4402 1563 4457 talibus
1585 4419 1711 4474 ergo
1732 4404 1933 4473 placuit
1947 4404 2192 4471 delinire,

2356 3211 2462 3267 Vll.
2502 3212 2634 3267 Cum
2653 3209 2810 3280 juxta
2833 3211 3068 3279 antiquae
3094 3206 3456 3265 institutionis
3477 3203 3689 3263 edictum
3707 3195 3787 3268 plus

2280 3320 2409 3378 erga
2454 3304 2805 3375 corrigendos
2848 3316 3010 3374 agere
3056 3302 3250 3356 debeat
3293 3295 3653 3354 benevolentia
3676 3303 3787 3359 quau

2282 3396 2575 3459 severitas,
2623 3393 2743 3463 plus
2786 3392 3094 3449 cohortatio
3148 3406 3311 3460 quam
3369 3385 3669 3446 commotio,
3707 3378 3788 3448 plus

2282 3486 2522 3540 charitas
2542 3499 2704 3554 quam
2729 3493 2969 3553 potestas
2989 3520 3004 3547 ,
3040 3481 3268 3537 relatum
3298 3489 3387 3534 est
3410 3476 3559 3533 nobis
3573 3471 3692 3542 quod
3710 3465 3788 3536 qui-

2283 3578 2406 3632 dam
2431 3592 2496 3633 ex
2523 3576 2782 3632 fratribus
2825 3575 2946 3646 plus
2982 3575 3152 3631 livore
3177 3573 3287 3628 odii
3314 3586 3479 3641 quam
3509 3557 3787 3653 correctionls
3864 3580 3865 3619 ι

2284 3668 2461 3723 studio
2490 3666 2732 3721 subditos
2781 3667 3158 3735 insequentes,
3195 3663 3323 3717 dum
3376 3674 3436 3715 se
3478 3653 3789 3713 simulantipr
3864 3658 3865 3713 1

2286 3757 2535 3813 ritualem
2566 3758 2645 3812 eis
2671 3755 2929 3811 adhibere
2954 3753 3375 3817 correctionem,
3397 3749 3705 3804 indiscretam
3725 3750 3788 3790 tiu-
3864 3744 3865 3809 Ῐ

2286 3848 2400 3905 bito
2423 3846 2657 3902 aﬂ‘erunt
2681 3858 2912 3903 mortem
2930 3887 2946 3913 ,
2969 3862 3091 3902 cum
3113 3845 3390 3900 inauditos
3411 3858 3443 3896 a
3467 3855 3524 3896 se
3549 3832 3785 3909 proﬁciunt.

2285 3949 2341 3997 et
2373 3940 2580 3995 illicitis
2616 3954 2709 3995 eos
2732 3938 2951 4007 judiciis
2995 3939 3094 3993 sub
3122 3934 3444 4007 paenitentia
3473 3918 3787 4001 puniunth

2287 4046 2416 4102 ergo
2457 4032 2522 4086 de
2565 4040 2763 4086 caetero
2806 4029 3079 4100 perversis
3104 4026 3477 4083 voluntatibus
3517 4022 3582 4076 sit
3620 4016 3785 4070 liberum

2280 4122 2543 4193 psimulare
2564 4136 2622 4176 se
2646 4121 2790 4192 quod
2811 4122 3021 4189 lingunt
3036 4159 3052 4184 ,
3076 4118 3172 4175 sed
3193 4119 3606 4188 quotiescunque
3624 4103 3787 4177 quilibet

2289 4228 2356 4268 ex
2386 4213 2614 4268 subditis
2642 4213 2992 4283 corrigendus
3013 4221 3130 4277 est,
3162 4220 3256 4265 aut
3283 4209 3496 4280 publica
3532 4202 3668 4258 debet
3687 4211 3709 4249 a
3728 4208 3786 4247 δι’

2291 4309 2508 4363 cerdote
2551 4306 2832 4375 disciplina
2875 4308 3087 4367 curari,
3127 4313 3222 4358 aut
3266 4304 3312 4358 si
3362 4302 3518 4355 aliter
3556 4286 3785 4383 rectoribll‘

2293 4399 2487 4469 placet,
2510 4399 2738 4452 duorum
2765 4398 2849 4453 vel
2881 4397 3040 4451 trium
3069 4396 3296 4450 fratrum
3325 4388 3657 4464 spiritualium
3680 4386 3784 4433 tall-

619 4486 712 4556 qui
729 4486 886 4542 nullis
908 4489 1104 4545 habitis
1118 4490 1278 4546 rebus
1296 4493 1544 4562 propriis,
1563 4505 1655 4547 aut
1669 4495 1721 4547 in
1735 4508 2053 4563 quocunque
2073 4509 2196 4562 per-
2224 4498 2271 4557 ι)
2300 4488 2478 4541 inonio
2503 4488 2847 4555 peculiariter
2870 4487 3132 4551 adhibito,
3150 4496 3203 4541 et
3232 4487 3423 4539 modus
3441 4476 3656 4536 criminis
3673 4480 3787 4539 agno-

619 4592 842 4635 vasores
869 4581 1210 4648 exstiterint,
1242 4593 1334 4637 aut
1365 4585 1693 4654 quibuslibet
1720 4587 1964 4654 personis
1989 4586 2190 4649 caedes,

621 4670 711 4725 vel
733 4670 1088 4740 quodcunque
1116 4676 1545 4743 praesumptionis
1580 4676 1886 4739 intulerint,
1931 4676 2076 4729 nulla
2102 4691 2196 4730 eos

622 4758 995 4815 incurvatione
1031 4770 1205 4817 status
1249 4764 1332 4817 sui
1383 4766 1627 4819 servituti
1676 4765 1954 4819 hominum
2000 4765 2197 4819 debere

623 4851 829 4914 addici,
854 4854 948 4908 sed
986 4852 1142 4920 juxta
1170 4855 1312 4922 quod
1341 4865 1796 4925 praesumptuosus
1836 4857 2081 4927 quisquis
2110 4857 2198 4911 ille

622 4944 920 5008 exstiterit,
972 4945 1046 4999 ita
1108 4954 1163 5000 et
1218 4948 1549 5016 preaitentia:
1599 4948 1803 5019 legibus
1870 4949 2197 5018 subjacebit;

625 5030 679 5085 id
705 5041 785 5086 est
810 5032 855 5087 si
887 5035 941 5087 in
973 5036 1157 5090 decem
1199 5036 1493 5091 solidorum
1535 5053 1801 5093 summam
1844 5050 2199 5111 priesumptor

625 5135 748 5176 esse
776 5124 1096 5191 convicitur,
1143 5127 1326 5197 viginti
1376 5128 1584 5183 dierum
1611 5132 1943 5197 paenitentiae
1987 5131 2199 5187 satisfa-

625 5209 804 5263 ctione
846 5224 1121 5283 purgetur,
1158 5217 1231 5270 ita
1271 5227 1331 5271 ut
1375 5218 1487 5273 sive
1517 5219 1775 5287 minoris,
1812 5222 1925 5276 sive
1974 5222 2196 5291 majoris

627 5316 852 5357 summa:
876 5317 1154 5377 excessum
1185 5310 1486 5379 peregerit,
1514 5311 1764 5366 similiter
1798 5314 2065 5382 geminata
2095 5313 2196 5368 hoc

628 5409 842 5467 semper
875 5397 1243 5456 satisfactione
1288 5404 1619 5473 ptemtentiae
1658 5414 2045 5474 recompenset.
2075 5403 2205 5460 Ser-

628 5505 727 5546 vos
751 5500 929 5546 autem
958 5493 1308 5551 ecclesiarum
1331 5498 1421 5567 qui
1454 5498 1759 5566 hujusmodi
1788 5514 2047 5554 excessus
2074 5514 2204 5569 ope-

631 5594 782 5635 rasse
805 5590 1120 5646 noscuntur,
1152 5585 1217 5637 ad
1240 5583 1383 5656 leges
1395 5588 1682 5644 saecularcs
1695 5590 1991 5645 audiendos
2021 5592 2202 5647 remit-

634 5671 817 5727 timus.
844 5673 910 5728 Et
932 5674 1050 5730 haec
1082 5675 1300 5746 quidem
1326 5678 1390 5733 de
1414 5683 1653 5750 generali
1680 5697 1901 5737 excessu
1929 5682 2072 5737 dicta
2094 5680 2205 5736 suf-

635 5761 840 5820 ﬁciant.
864 5765 1129 5825 Caeterum
1151 5770 1502 5841 specialitatis
1522 5774 1765 5830 ordinem
1791 5783 2201 5846 prosequentes,

2294 4589 2498 4643 scatur,
2529 4588 2582 4633 et
2605 4580 3145 4648 moduspmnitentire
3177 4580 3476 4649 irrogetur;
3504 4576 3569 4627 ita
3590 4576 3730 4623 tamen
3746 4564 3783 4608 ut

2295 4674 2339 4728 si
2366 4673 2556 4728 exsilio
2579 4672 2658 4725 vel
2689 4673 2989 4726 retrusione
3019 4672 3237 4743 dignum
3281 4686 3404 4725 eum
3454 4680 3566 4721 esse
3589 4662 3785 4727 c0300“?

2297 4766 2467 4829 verit,
2520 4774 2615 4818 aut
2657 4764 2783 4834 quid
2831 4764 2976 4818 aliud
3022 4763 3298 4833 peculiare
3346 4754 3626 4817 decreverit
3652 4744 3783 4803 modus

2302 4857 2662 4925 poenitentiae,
2693 4870 2855 4924 quem
2886 4871 3068 4910 coram
3107 4856 3279 4910 tribus
3312 4853 3559 4909 fratribus
3600 4836 3785 4899 sacerdot‘

2303 4948 2683 5017 transgressori
2713 4947 2996 5013 indixerit,
3029 4947 3248 5018 speciali
3275 4948 3465 5001 debeat
3487 4940 3591 5009 ejus
3611 4932 3682 5004 qui
3698 4940 3778 5021 seu

2301 5040 2518 5094 tentiam
2542 5038 2764 5109 protulit
2787 5056 2978 5094 manus
3001 5041 3230 5109 propria:
3252 5036 3625 5106 subscriptione
3643 5030 3780 5119 nouil-

2302 5132 2497 5202 Sicque
2543 5132 2634 5187 fiet
2674 5141 2730 5187 ut
2778 5148 2876 5188 nec
2927 5144 3359 5203 transgressores
3398 5136 3508 5187 sine
3555 5121 3783 5180 testiruouw

2303 5224 2510 5278 excidia
2540 5224 2667 5276 vitae
2702 5239 2813 5277 sua:
2839 5224 3150 5290 incurrant,
3182 5239 3281 5279 nec
3311 5232 3536 5278 rectores
3574 5210 3781 5268 ιεωεειυε

2303 5335 2363 5377 se
2388 5320 2456 5375 de
2482 5319 2848 5390 quorumlibet
2876 5319 3263 5374 tentutionibus
3282 5317 3599 5375 erubescant.

2376 5411 2505 5467 Vlll.
2522 5409 3568 5484 Quiaqniujnvisibilisjgratiiejoollatione
3582 5392 3777 5484 tribuitur:

2310 5520 2584 5575 nunquam
2615 5480 2823 5574 qua-stu
2846 5502 2928 5558 vel
2955 5480 3534 5574 quiliuvslibetvpraamiis
3559 5480 3779 5546 venundati

2304 5597 2519 5666 penitus
2546 5595 2727 5658 debet,
2754 5595 2964 5648 dicente
2995 5594 3223 5649 Domino
3247 5612 3261 5648 :
3296 5613 3317 5646 ι
3348 5591 3490 5661 Quod
3517 5581 3656 5658 gratis
3673 5582 3777 5666 am:

2249 5668 2260 5672 ’
2308 5665 2482 5756 pistis,
2539 5684 2709 5755 gratis
2748 5684 2871 5739 date
2918 5684 3133 5754 (Matth.
3171 5700 3228 5744 χ,
3256 5685 3334 5753 8),
3365 5704 3383 5736 ι
3414 5689 3530 5741 etc.,
3554 5665 3778 5741 quicunque

2308 5775 2562 5846 deinceps
2590 5774 2643 5829 in
2687 5774 3060 5830 ecclesiastico
3083 5776 3274 5831 ordine
3298 5772 3610 5830 constitutus,
3629 5756 3778 5815 “"9”
