3888 6436
35 404 128 462 εδδ

1219 382 1711 443 DECRETALIUM
1750 376 2151 443 COLLECTIO.

3187 372 3292 447 Esto

37 506 357 583 baptizandis
392 499 877 572 consignandisque
899 500 1168 568 ﬁdelibus,
1206 510 1301 558 aut
1324 501 1612 559 collatione
1638 503 1689 563 Α
1717 500 1903 557 omnia
1932 501 2196 557 honorem
2238 494 2400 571 atque
2425 500 2673 571 obsequii
2703 503 3061 560 reverentiam
3085 504 3299 574 puemi-

38 600 330 658 chrismatis
365 596 451 652 vel
478 593 913 665 promotionibus
937 593 1222 664 graduum,
1259 593 1435 665 pretia
1459 608 1609 663 quae-

38 696 153 767 libet
165 688 243 748 vel
268 689 509 763 praemia,
533 688 637 743 nisi
657 688 956 743 voluntarie
977 687 1156 743 oblata
1184 702 1285 757 pro
1301 684 1608 755 huiusmodi

43 785 181 857 133
208 782 505 839 ambitione
530 780 853 851 susceperit.
876 780 1141 849 Equidem
1172 780 1218 834 si
1251 780 1458 835 sciente
1506 776 1611 832 loci

41 880 290 949 episcopo,
312 876 421 933 tale
448 876 742 945 quidquam
766 890 795 928 a
818 874 1049 929 subditis
1070 881 1435 943 perpetratur,
1466 870 1608 925 idem

42 974 304 1043 episcopus
333 968 545 1025 duobus
588 968 866 1023 mensibus
895 965 1447 1022 excommunicationi
1478 963 1608 1019 sub-

39 1065 225 1133 iaceat,
253 1077 353 1133 pro
380 1075 449 1117 eo
473 1061 616 1131 quod
643 1060 885 1115 scientiae
911 1058 1048 1112 mala
1078 1057 1357 1123 contexit,
1385 1064 1443 1112 et
1483 1070 1609 1111 cor-

44 1159 316 1228 reptionem
338 1154 704 1210 necessariam
729 1167 835 1207 non
862 1152 1130 1207 adhibuit.
1158 1150 1254 1206 Sin
1277 1159 1460 1206 autem
1489 1165 1614 1207 suo-

47 1268 147 1306 rum
172 1240 437 1320 quispiam
469 1247 659 1301 eodem
685 1245 964 1301 nesciente
992 1244 1058 1299 de
1086 1242 1413 1314 supradictis
1437 1243 1611 1312 quod-

44 1354 227 1411 cunque
266 1337 519 1407 capitulis
565 1336 939 1405 accipiendum
989 1347 1112 1390 esse
1157 1333 1259 1389 sibi
1296 1333 1610 1400 crediderit,

44 1430 81 1484 si
103 1429 372 1499 presbyter
392 1434 502 1491 est,
532 1426 698 1481 trium
745 1426 1010 1481 mensium
1052 1425 1615 1481 excommunicatione

46 1520 302 1591 plectatur,
351 1518 399 1573 si
446 1517 731 1583 diaconus,
758 1525 1016 1586 quatuor,
1066 1516 1435 1572 subdiaconus
1481 1530 1615 1571 vero

49 1612 116 1665 vel
138 1610 361 1666 clericus
385 1609 476 1664 his
502 1608 888 1679 cupiditatibus
916 1606 1162 1663 serviens
1191 1615 1245 1662 et
1285 1607 1615 1677 competenti

50 1715 184 1771 paena
211 1711 265 1755 et
296 1699 486 1755 debita
525 1698 1089 1753 excommunicatione
1121 1698 1438 1769 plectendus
1471 1705 1576 1753 est.

105 1788 186 1845 IX.
215 1789 391 1845 Multae
440 1803 607 1858 super
653 1789 759 1843 hoc
798 1789 1038 1859 capitulo
1074 1789 1297 1844 Patrum
1327 1789 1612 1844 sententiae

1713 592 1862 648 neuti
1885 594 1992 650 sibi
2030 594 2404 664 unusquisque
2438 592 2730 665 dependat,
2765 592 2915 663 iuxta
2974 594 3107 651 illud
3149 595 3295 651 beati

1711 701 1864 757 papae
1890 686 2087 743 Leonis
2106 687 2340 743 edictum
2359 705 2372 741 :
2391 686 2494 755 Qui
2526 688 2702 743 sescit
2725 687 2997 758 aliquibus
3014 703 3136 744 esse
3158 703 3295 759 pre

1710 779 1966 850 positum,
1998 795 2105 834 non
2133 780 2358 835 moleste
2380 778 2520 834 ferat
2558 779 2794 849 aliquem
2822 779 2925 834 sibi
2961 794 3080 835 esse
3106 778 3299 849 praela-

1713 878 1851 936 tum,
1876 870 1971 925 sed
2024 869 2388 928 obedientiam
2417 882 2579 941 quam
2610 871 2800 941 exigit,
2829 871 2992 927 etiam
3040 871 3159 941 ipse
3206 870 3302 925 de-

1711 960 1933 1030 pendat.
1963 959 2130 1016 Poena
2158 970 2335 1016 tamen
2354 961 2514 1032 iuxta
2543 962 2928 1018 ecclesiastica:
2955 958 3301 1017 consuetudi-

1714 1052 1800 1106 nis
1826 1065 2057 1117 morem,
2093 1059 2151 1107 et
2187 1051 2403 1122 placitis
2431 1051 2622 1106 talium
2669 1051 2975 1117 inferenda,
3007 1060 3065 1107 et
3091 1050 3161 1105 ab
3189 1047 3299 1115 bis,

1713 1139 1806 1210 qui
1832 1149 2267 1213 transgressores
2295 1141 2518 1207 fuerint,
2546 1141 2899 1212 persnlvenda
2927 1149 3029 1198 est.

1787 1234 1875 1289 Xl.
1903 1234 2040 1291 Cum
2089 1236 2228 1290 nihil
2257 1237 2310 1291 in
2357 1237 2540 1292 divino
2569 1250 2781 1291 canone
2806 1236 3002 1292 debeat
3023 1249 3144 1293 esse
3171 1250 3303 1291 con-

1716 1324 1917 1391 fusmn,
1972 1327 2110 1382 nihil
2158 1329 2402 1395 dubium,
2454 1330 2589 1385 nihil
2635 1328 2802 1385 etiam
2858 1330 3209 1387 indiscretum
3244 1329 3301 1385 in

1714 1418 2000 1474 collatione
2037 1420 2211 1475 nostri
2255 1428 2451 1487 coetus,
2480 1420 2719 1477 reiectus
2746 1429 2831 1477 est
2856 1436 3030 1477 canon
3054 1420 3303 1477 Toletani

1715 1510 1934 1566 concilii
1964 1511 2149 1581 primi,
2182 1512 2238 1567 in
2263 1528 2373 1583 quo
2395 1522 2725 1583 praeceptum
2753 1523 2858 1580 est,
2884 1524 2944 1569 ut
2971 1514 3017 1569 si
3052 1515 3175 1585 quis
3214 1526 3306 1568 ac—

1713 1608 1928 1672 ceptam
1973 1616 2004 1655 a
2054 1603 2340 1658 sacerdote
2369 1602 2768 1661 Eueharistiam
2808 1620 2916 1662 non
2975 1604 3304 1674 sumpserit,

1713 1692 1859 1749 Velut
1877 1695 2177 1767 Sacrilegus
2202 1690 2670 1767 propellatur,nec
2711 1695 2918 1769 adiecta
2945 1708 3029 1755 est
3055 1700 3310 1755 discretio

1713 1785 2072 1852 voluntatum,
2128 1802 2256 1844 cum
2303 1800 2360 1843 et
2401 1790 2572 1845 ﬁdelis
2618 1789 2850 1846 ﬁdeliter
2894 1793 3125 1862 accipiat
3163 1793 3309 1862 quod

54 1887 399 1945 manaverant,
433 1879 644 1935 scilicet
673 1879 1182 1949 neimpretiabilem
1233 1880 1407 1934 sancti
1438 1879 1612 1949 Spiri-
1647 1870 1690 1928 Β
1719 1879 2035 1933 naturaliter
2087 1879 2235 1934 illum
2286 1882 2582 1937 necessitas
2630 1881 2898 1954 deglutire
2969 1898 3077 1937 non
3139 1882 3304 1937 sinat.

56 1979 125 2025 tus
162 1970 383 2040 gratiam
433 1968 596 2024 donis
649 1968 735 2023 vel
785 1969 1103 2024 muneribus
1160 1969 1284 2039 quis
1337 1969 1615 2024 existimet

55 2061 467 2133 comparandam.
535 2059 642 2116 Sed
696 2059 837 2130 quod
894 2076 1002 2115 non
1053 2060 1171 2116 sine
1229 2060 1378 2131 gravi
1432 2059 1617 2116 dolore

57 2154 306 2210 dicendum
335 2161 445 2215 est.
491 2161 694 2221 quanto
715 2151 830 2207 haec
858 2149 1126 2223 frequenti
1159 2153 1499 2207 decretorum
1533 2159 1617 2207 est

59 2246 384 2317 pmceptione
434 2244 712 2315 prohibita
744 2283 762 2310 ,
828 2253 982 2299 tanto
1038 2260 1070 2300 a
1132 2244 1288 2300 nobis
1335 2244 1617 2300 fraudibus

60 2339 368 2410 cognoscitur
407 2337 634 2401 iterata,
666 2336 794 2391 dum
824 2337 902 2401 hi,
929 2337 1024 2407 qui
1058 2337 1151 2391 tali
1175 2336 1353 2407 pretio
1384 2336 1616 2391 mercari

61 2431 269 2485 nituntur
290 2428 526 2501 gratiam
572 2427 932 2482 ordinationis
961 2442 1076 2483 sum
1116 2436 1360 2497 tempora
1413 2441 1618 2497 pracve-

66 2520 194 2575 niunt
211 2535 448 2583 munere,
479 2527 571 2572 aut
592 2526 714 2589 post
742 2527 1024 2588 acceptum
1049 2518 1312 2573 honorem
1335 2517 1619 2587 promissis

66 2610 156 2664 suis
185 2609 469 2666 conferunt
506 2610 855 2680 apparatibus
900 2610 1072 2679 turpis
1111 2610 1245 2665 lucri
1290 2610 1618 2666 mercedem.

69 2699 120 2754 Et
165 2700 275 2756 ideo
306 2741 322 2765 ,
382 2707 444 2755 ut
504 2700 700 2755 horum
758 2708 815 2756 et
865 2700 1126 2755 similium
1181 2706 1620 2770 argumentorum

70 2789 284 2860 deinceps
309 2799 627 2863 amputetur
679 2791 927 2856 occasio,
960 2792 1078 2846 haec
1134 2800 1322 2847 sancta
1382 2791 1622 2864 synodus

73 2880 293 2948 deﬁnivit,
336 2891 397 2937 ut
443 2898 576 2938 cum
625 2882 855 2953 quisque
903 2881 1212 2953 pontiﬁcale
1257 2882 1471 2937 culmen
1497 2890 1624 2937 ante

74 2972 246 3029 Domini
298 2975 479 3031 altare
529 2972 886 3046 percepturus
936 2974 1232 3028 accesserit
1256 3013 1271 3039 ,
1338 2974 1625 3029 exactione

77 3067 363 3139 astringatnr
380 3068 534 3138 quod
567 3082 664 3137 pro
705 3065 1033 3123 conferenda
1074 3065 1177 3121 sibi
1217 3065 1626 3121 consecratione

1716 1967 1870 2025 Solet
1895 1969 2041 2024 enim
2075 1970 2327 2026 humana:
2358 1978 2565 2026 natura:
2593 1972 2880 2027 inﬁrmitas
2916 1972 2969 2027 in
3003 1974 3119 2044 ipso
3155 1988 3303 2028 mor»
3342 2022 3355 2033 .

1714 2059 1783 2115 tis
1810 2060 1957 2115 exitu
1980 2054 2316 2132 praegravata
2347 2068 2496 2116 tanto
2534 2062 2796 2118 siccitatis
2818 2063 3054 2133 pondere
3081 2063 3310 2134 deprimi

1715 2160 1775 2207 ut
1803 2152 1964 2207 nullis
1983 2151 2245 2207 ciborium
2268 2152 2600 2210 illationibus
2622 2155 2793 2221 reﬁci,
2825 2154 2925 2210 sed“
2949 2155 3039 2209 vix
3065 2160 3321 2210 tantum-‘

1716 2242 1837 2298 dem
1876 2242 2009 2298 illati
2049 2242 2350 2299 delectetur
2379 2244 2556 2315 poculi
2590 2244 2766 2316 gratia
2799 2245 3111 2301 sustentari.
3156 2236 3311 2312 Quod

1716 2336 1880 2389 etiam
1909 2335 1962 2390 in
1990 2335 2281 2391 multorum
2307 2336 2455 2391 exitu
2486 2336 2720 2393 vidimus
2760 2335 2852 2407 qui
2898 2347 3144 2408 optatum
3200 2338 3314 2394 suis

1716 2429 1857 2482 rotis
1876 2427 1990 2483 sive
2002 2427 2400 2483 communionis
2416 2436 2731 2498 expetentes
2757 2427 3034 2496 viaticum,
3058 2429 3312 2485 collatam

1719 2515 1824 2572 sibi
1849 2531 1880 2570 a
1908 2515 2193 2571 sacerdote
2222 2515 2624 2571 Eucharistiam
2667 2515 2994 2585 reiecerunt,
3025 2534 3130 2574 non
3164 2519 3313 2588 quod

1720 2607 2039 2663 inﬁdelitate
2064 2607 2169 2663 hoc
2197 2615 2443 2679 agerent,
2473 2609 2569 2663 sed
2606 2610 2748 2679 quod
2799 2618 3024 2680 propter
3050 2608 3316 2665 Dominici

1722 2698 1907 2756 calicis
1935 2700 2189 2755 haustum
2219 2700 2474 2755 traditam
2507 2699 2609 2755 sibi
2663 2716 2768 2755 non
2801 2708 3022 2769 possent
3047 2698 3316 2756 Euchari-

1722 2792 1881 2848 stiam
1923 2791 2208 2863 deglutire.
2239 2790 2356 2847 Non
2397 2806 2528 2863 ergo
2575 2789 2881 2863 huiusmodi
2905 2784 2934 2846 a
2960 2806 3187 2862 corpore
3214 2791 3318 2846 Ec-

1722 2885 1904 2940 clesia:
1928 2883 2220 2955 separandi
2248 2890 2397 2947 sunt,
2424 2883 2516 2953 qui
2552 2883 2680 2938 talia
2707 2898 2815 2938 non
2852 2882 3197 2948 inﬁdelitate,
3223 2870 3319 2936 sed

1724 2975 2051 3031 necessitate
2101 2972 2382 3038 fecerunt,
2414 2973 2715 3043 praesertim
2750 2974 2803 3028 hi
2851 2974 2920 3029 de
2946 2973 3143 3043 quibus
3182 2969 3320 3027 nihil

1727 3067 1851 3121 ﬁdei
1879 3066 2113 3121 sinistrae
2138 3065 2386 3145 sentitur.
2413 3064 2621 3120 Placuit
2646 3080 2778 3137 ergo
2798 3064 3023 3120 delinire
3045 3063 3189 3135 quod
3220 3075 3323 3117 nec

79 3155 263 3213 honoris
296 3158 424 3213 nulli
454 3172 708 3228 personas
729 3156 1017 3228 cuiuslibet
1048 3156 1258 3226 praemii
1285 3155 1624 3210 collationem
1729 3158 1873 3214 ﬁdeli
1900 3158 2128 3224 ofﬁciat,
2158 3173 2261 3214 nec
2289 3157 2489 3214 inﬁdeli
2516 3157 2744 3213 inultum
2766 3159 2982 3213 existat.
3003 3156 3324 3226 Quicunque

82 3247 148 3303 vel
188 3227 469 3321 aliquando
521 3250 783 3315 dedisset,
816 3227 921 3304 vel.
958 3247 1252 3318 aliquando
1280 3248 1336 3304 in
1385 3249 1626 3303 futurum
1655 3230 1698 3291 Ο
1729 3265 1860 3322 ergo
1912 3249 2087 3305 ﬁdelis
2133 3248 2429 3303 inevitabili
2478 3248 2718 3318 qualibet
2753 3248 3068 3303 inﬁrmitate
3102 3254 3324 3303 coactus

85 3339 189 3396 dare
222 3350 487 3413 procuret.
522 3341 724 3410 Sicque
760 3347 856 3395 aut
897 3340 1132 3395 mundus
1154 3340 1224 3395 ab
1247 3339 1350 3395 hoc
1382 3338 1631 3407 contagio

86 3432 375 3500 praelationis
400 3432 872 3490 consecrationem
927 3430 1180 3501 accipiat,
1237 3439 1330 3484 aut
1356 3430 1630 3500 publicato

90 3520 169 3576 hoc
193 3522 382 3579 scelere
403 3522 697 3579 manifeste
722 3521 959 3577 denudet
982 3535 1168 3576 coram
1185 3519 1450 3585 Ecclesia,
1479 3528 1537 3575 et
1563 3519 1631 3575 ad

92 3609 307 3667 honorem
350 3628 512 3683 quem
566 3611 798 3666 mercari
837 3610 1005 3665 voluit
1043 3625 1150 3666 non
1208 3610 1454 3667 accedat.
1508 3608 1632 3665 Illos

92 3709 236 3756 autem
258 3718 386 3773 quos
410 3702 672 3772 deinceps
689 3710 809 3772 post
832 3700 1201 3771 praelationem
1229 3717 1325 3771 per
1345 3701 1629 3771 praemium

93 3790 325 3848 ordinatos
378 3792 550 3848 fuisse
600 3793 796 3862 patuit,
850 3792 951 3846 sub
1005 3790 1243 3846 deﬁnitis
1302 3790 1635 3861 paenitentiae

95 3877 281 3948 legibus,
312 3892 370 3939 ut
392 3881 912 3939 haeresimoniachos
941 3882 1010 3937 ab
1037 3881 1281 3938 Ecclesia
1304 3881 1636 3953 separandos

95 3983 189 4027 esse
213 3988 504 4041 censemus,
558 3975 612 4030 id
641 3983 744 4040 est;
784 3982 845 4028 ut
872 3974 1102 4029 duorum
1135 3988 1403 4032 annorum
1459 3972 1636 4042 spatio

96 4064 249 4121 exsilio
273 4068 516 4139 relegati,
549 4075 605 4122 et
628 4066 792 4137 digna
817 4064 1212 4129 satisfactione,
1229 4063 1315 4117 vel
1328 4077 1640 4119 excommu-

98 4151 342 4213 nicationis
380 4156 652 4214 sententia
679 4156 903 4213 coerciti
944 4155 1167 4211 honoris
1196 4155 1446 4226 gradum,
1472 4168 1634 4225 quem

99 4243 291 4305 pramiis
315 4255 584 4311 emerant,
611 4245 863 4317 lacrymis
912 4244 1236 4313 conquirere
1289 4253 1344 4299 ct
1376 4257 1635 4315 reparare

100 4329 352 4393 intendant.
387 4339 545 4396 Unde
567 4339 614 4394 si
644 4339 801 4411 digna
828 4338 1131 4394 satisfactio
1172 4349 1267 4394 eos
1300 4337 1639 4407 pmnitentiae

103 4428 300 4496 mttere
330 4431 616 4496 invenerit,
645 4446 753 4487 non
781 4438 990 4485 tantum
1018 4416 1405 4495 communioni,
1443 4430 1538 4485 sed
1582 4438 1639 4486 et

104 4507 196 4568 loco
216 4526 264 4571 et
284 4520 442 4576 totius
469 4520 685 4576 ordinis
714 4518 925 4585 olIiciis,
962 4534 993 4573 a
1020 4518 1222 4588 quibus
1246 4520 1483 4586 separati
1514 4519 1634 4575 fue—

106 4611 219 4668 τειηι,
236 4609 566 4664 restaurandi
595 4616 742 4665 sunt.

162 4690 217 4745 Χ.
241 4694 550 4769 Quanquam
579 4713 768 4754 omnes
792 4697 885 4768 qui
936 4700 1110 4755 sacris
1138 4699 1519 4770 mancipantur
1546 4713 1635 4755 or-

110 4776 280 4841 dinibus
301 4790 575 4846 canonicis
604 4790 803 4861 regulis
827 4798 1114 4846 teneantur
1146 4790 1380 4856 astricti,
1413 4790 1638 4861 expedi-

111 4867 189 4927 bile
202 4883 358 4936 tamen
388 4891 551 4938 estut
574 4882 949 4954 promissionis
973 4898 1084 4938 suae
1106 4892 1230 4938 vota
1260 4884 1360 4939 sub
1382 4884 1636 4939 cautione

113 4970 376 5042 tpondeant,
402 4978 545 5046 quod
567 4977 632 5031 ad
654 4977 1009 5046 promotionis
1043 4973 1244 5048 gradus
1265 4976 1635 5033 ecclesiastica

116 5055 267 5119 Probat
294 5062 588 5134 disciplina.
627 5065 777 5121 Solet
814 5066 959 5121 enim
995 5066 1115 5137 plus
1148 5066 1325 5121 timeri
1350 5066 1494 5136 quod
1525 5067 1636 5121 sin-

117 5145 327 5209 lil’lariter
353 5156 648 5224 pollicetur,
682 5172 843 5226 quam
888 5158 1031 5227 quod
1060 5158 1295 5228 generali
1348 5158 1637 5227 sponsione

119 5240 422 5301 concluditur.
448 5248 515 5303 Et
555 5249 677 5304 ideo
712 5249 913 5320 placuit
941 5233 1066 5303 huic
1088 5258 1275 5304 sancto
1301 5250 1546 5315 concilio,
1578 5257 1637 5304 ut

120 5335 429 5406 unualuisque
452 5340 540 5409 qui
573 5341 640 5395 ad
673 5340 1074 5395 ecclesiasticos
1103 5341 1302 5411 gradus
1331 5348 1414 5396 est
1456 5358 1638 5398 acces-

124 5426 263 5484 surus,
289 5439 384 5479 non
428 5436 549 5483 ante
605 5429 827 5484 honoris
870 5430 1333 5486 consecrationem
1386 5432 1636 5503 accipiat,

123 5514 246 5569 quam
279 5513 458 5582 placita
511 5520 612 5575 sibi
643 5519 989 5575 adnotatione
1039 5521 1338 5590 promittat,
1371 5531 1430 5577 ut
1480 5523 1641 5579 ﬁdem

125 5597 386 5691 fullonicam
433 5610 641 5666 sincera
702 5612 883 5668 cordis
935 5612 1220 5669 devotione
1274 5615 1583 5672 custodiens
1622 5658 1638 5685 ,

124 5697 234 5748 Iuste
257 5704 305 5749 et
343 5700 420 5768 pie
453 5704 629 5760 vivere
653 5704 864 5767 debeat,
891 5713 951 5758 ut
984 5705 1038 5759 in
1067 5705 1229 5762 nullis
1250 5710 1503 5778 Operibus
1528 5708 1641 5765 suis

132 5786 357 5846 canonicis
382 5795 571 5866 regulis
612 5796 970 5863 contradicat,
1003 5806 1165 5869 atque
1190 5808 1250 5855 ut
1279 5801 1514 5858 debitum
1543 5816 1641 5872 per

542 5925 1121 6007 Parnet.._CXXX.

1732 3341 2135 3397 Eucharistiam
2164 3344 2476 3411 perceptam
2510 3339 2761 3410 reiecerit
2790 3342 2842 3394 in
2881 3330 3028 3395 nulla
3064 3339 3324 3396 ecclesia-

1731 3433 1883 3488 stica:
1913 3429 2297 3499 damationis,
2331 3428 2670 3485 damnationi
2712 3428 3008 3499 subiaceat.
3061 3428 3325 3485 Similiter

1734 3539 1833 3580 nec
1879 3522 1998 3578 illos
2034 3522 2352 3590 cuiusquam
2387 3520 2687 3592 punitionis
2728 3535 2959 3576 censura
3006 3520 3320 3590 redarguet,

1732 3612 1825 3683 qui
1854 3611 1980 3667 talia
2012 3620 2107 3666 aut
2132 3620 2375 3681 tempore
2399 3609 2644 3667 infantiae
2681 3608 2911 3675 faciunt,
2942 3619 3038 3666 aut
3066 3610 3121 3664 in
3147 3608 3326 3679 quali-

1733 3704 1825 3760 bet
1852 3702 2047 3758 mentis
2072 3701 2400 3758 alienatione
2425 3702 2607 3773 positi,
2637 3702 2728 3772 qui
2757 3704 2900 3773 quod
2925 3699 3150 3758 fecerint
3172 3700 3327 3770 igno-

1733 3808 1858 3849 rare
1880 3792 2151 3848 videntur.
2179 3790 2301 3848 lam
2329 3807 2460 3848 vero
2499 3793 2812 3862 quicunque
2849 3800 2942 3846 aut
2985 3791 3050 3847 de
3079 3790 3320 3845 ﬁdelium

1733 3885 1818 3940 vel
1842 3883 2137 3939 inﬁdelium
2169 3899 2396 3941 numero
2424 3900 2623 3955 corpus
2675 3884 2890 3940 Domini
2920 3883 3125 3954 absque
3150 3882 3325 3938 inevi-

1737 3975 1914 4041 tabili,
1939 3985 1999 4030 ut
2033 3976 2235 4031 dictum
2260 3984 2366 4043 est,
2400 3975 2714 4032 inﬁrmitate
2739 3975 3050 4047 proiecerit,
3079 3975 3124 4029 si
3155 3973 3326 4030 ﬁdelis

1736 4077 1841 4134 est,
1876 4075 2135 4138 perpetua
2165 4067 2549 4122 communione
2576 4067 2857 4138 privetur;
2889 4066 2933 4121 si
2958 4063 3188 4120 inﬁdelis
3217 4072 3325 4131 est,

1736 4166 1791 4215 et
1818 4158 2135 4213 verberibus
2160 4156 2423 4212 subdatur
2440 4164 2494 4213 et
2523 4166 2783 4228 perpetuo
2811 4155 3004 4213 exsilio
3024 4153 3320 4226 relegetur.

1737 4250 1890 4320 Quod
1930 4252 1977 4305 si
2006 4251 2201 4305 horum
2232 4250 2459 4319 quilibet
2498 4247 2806 4319 huiusmodi
2854 4260 3112 4301 excessus
3159 4243 3324 4316 digna

1736 4343 2072 4415 pmnitentiae
2112 4340 2482 4397 satisfactione
2512 4339 2813 4404 deﬁeverit,
2847 4344 2971 4407 post
3014 4336 3323 4406 quinquen-

1737 4435 1887 4492 nium
1915 4436 2099 4491 licebit
2125 4434 2272 4489 illum
2304 4432 2672 4490 communioni
2726 4431 2969 4502 pristinae
3016 4426 3325 4484 reformari.

1811 4523 1927 4580 Xll.
1957 4523 2058 4591 Qui
2085 4524 2459 4595 paenitentiam
2484 4523 2537 4577 in
2564 4521 2758 4577 mortis
2783 4523 2894 4591 agit
2920 4518 3181 4590 periculo,
3214 4529 3324 4571 non

1661 4586 1713 4645 Β
1740 4586 2002 4671 (iutinea
2030 4586 2487 4670 reconciliationis
2537 4612 2709 4683 gratia
2740 4586 3067 4667 dilfere‘ndus
3094 4615 3197 4673 est,
3230 4602 3329 4660 sed

1742 4704 1788 4760 si
1808 4704 2088 4776 procincto
2118 4704 2311 4760 mortis
2340 4712 2598 4775 urgeatur
2624 4700 2865 4773 periculo
2887 4696 3201 4770 paenitentia
3223 4708 3323 4765 per

1740 4810 1936 4851 manus
1961 4796 2359 4867 impositionem
2388 4803 2632 4866 accepta,-
2666 4793 2846 4848 statim
2872 4790 2921 4847 ei
2955 4786 3324 4845 reconciliatio

1743 4887 2043 4944 adhibenda
2064 4897 2163 4952 est,
2196 4904 2264 4943 ne
2291 4889 2440 4959 prius
2482 4889 2553 4944 ab
2576 4886 2825 4942 humanis
2861 4885 3022 4940 rebus
3049 4898 3194 4954 aager
3228 4882 3328 4938 ab-

1743 4976 1949 5043 scedat,
1993 4992 2156 5048 quam
2195 4978 2397 5033 donum
2443 4975 2899 5032 reconciliationis
2937 4972 3189 5043 accipiat,
3218 4971 3328 5027 sic—

1739 5084 1846 5140 que
1908 5070 2286 5140 superstitibus
2355 5067 2751 5140 quodammodo
2817 5064 3020 5120 doloris
3076 5063 3328 5118 videatur

1740 5175 1861 5215 esse
1890 5161 2156 5231 perpetui,
2190 5159 2237 5215 sl
2293 5159 2579 5231 praecisum
2633 5157 2701 5211 ab
2761 5154 3018 5210 Ecclesite
3067 5152 3330 5209 membris

1740 5270 1862 5309 eum
1902 5253 1993 5322 qui
2020 5253 2209 5323 utique
2245 5249 2740 5307 reconciliationem
2766 5263 2872 5303 non
2914 5247 3176 5302 meruerit
3202 5260 3329 5315 rap-

1743 5355 1855 5401 tum
1885 5361 1914 5399 a
1939 5344 2192 5414 praesenti
2221 5345 2330 5399 vita
2354 5343 2541 5398 mortis
2576 5350 2768 5396 natura
2804 5341 3139 5396 subduxerit.
3173 5336 3329 5392 Unde

1740 5433 1912 5508 (juxta
1941 5451 2093 5508 papa:
2122 5435 2316 5490 Leonis
2345 5432 2602 5505 edictum)
2634 5433 2719 5488 his
2747 5434 2839 5503 qui
2870 5432 2924 5487 in
2970 5442 3210 5501 tempore
3239 5441 3328 5482 ne-

1743 5528 2013 5583 cessitatis
2037 5535 2091 5583 et
2118 5528 2169 5582 in
2199 5526 2426 5598 periculi
2455 5525 2697 5597 urgentis
2722 5525 2978 5581 instantia
3010 5519 3323 5593 praesidium

1743 5616 2075 5685 paenitentia:
2098 5624 2167 5671 ex
2206 5630 2354 5670 more
2391 5614 2848 5671 reconciliationis
2874 5611 3187 5683 implorant,
3217 5618 3321 5661 nec

1744 5709 2042 5767 satisfactio
2069 5709 2440 5765 interdicenda
2481 5718 2584 5775 est,
2635 5725 2737 5766 nec
2762 5703 3320 5763 reconciliatio-denm-

1744 5804 1940 5873 ganda,
1993 5806 2118 5875 quia
2166 5802 2221 5859 in
2276 5803 2644 5860 misericordia
2706 5801 2821 5866 Dei,
2884 5813 2984 5854 nec
3036 5804 3318 5852 mensuras

2800 5927 2894 6007 18_
