3888 6430
577 375 680 433 517

1382 368 1674 425 APPEND.
1717 366 1808 421 AD
1838 366 2013 426 ΒΕΘ.
2036 367 2130 424 IX.
2172 395 2240 411 -—
2268 367 2520 427 lSlDORl
2560 368 3003 429 MERCATORIS
3734 383 3819 441 διδ

577 500 865 562 possumus
913 497 1133 556 ponere,
1183 494 1283 538 nec
1345 487 1589 553 tempora
1640 479 1885 536 deﬁnire.
1949 480 2023 535 De
2074 478 2160 535 his
2190 482 2235 542 A
2264 481 2637 538 occasionibus
2667 481 3034 548 absentemur,
3080 481 3175 537 sed
3206 482 3259 537 in
3287 493 3593 555 prmparato
3631 487 3819 563 dieqno

579 589 759 636 autem
782 578 874 650 qui
914 584 1136 647 accepta
1181 572 1521 645 pcenitentia,
1573 581 1864 643 antequam
1921 572 2164 629 reconci-

578 672 778 727 lientur
809 670 877 726 ab
900 670 1003 725 hac
1019 668 1128 722 vita
1158 665 1502 729 recesserint,
1530 680 1840 735 quanquam
1868 664 2160 721 diversitas

575 774 971 837 praeceptorum
1033 761 1101 816 de
1157 761 1262 815 hoc
1327 758 1561 830 capitulo
1608 759 1892 814 habeatur.
1940 758 2158 814 Illorum

578 866 760 910 tamen
784 854 941 909 nobis
964 850 1235 908 sententia
1260 848 1465 919 placuit
1488 849 1579 919 qui
1607 849 1889 921 multiplici
1929 863 2158 904 numero

576 947 641 1000 dc
665 942 971 1013 hujusmodi
995 940 1285 996 humanius
1309 940 1682 1000 decreverunt.
1718 949 1777 995 ut
1805 949 1860 997 et
1897 940 2158 995 memoria

576 1013 762 1093 talium
796 1037 849 1091 in
895 1034 1141 1090 ccclesiis
1172 1032 1602 1098 commendetur,
1624 1041 1679 1087 et
1700 1031 1902 1089 oblatio
1930 1046 2030 1102 pro
2069 1044 2160 1087 eo-

576 1143 696 1183 rum
724 1127 923 1184 delicto
954 1143 983 1181 a
1007 1124 1342 1198 presbyteris
1370 1124 1681 1196 recipiatur.

646 1217 785 1274 Xlll.
821 1217 971 1274 Bene
1013 1216 1280 1287 siquidem
1315 1214 1583 1285 majorum
1626 1217 1828 1289 regulis
1880 1216 2160 1272 deﬁnitum

573 1315 677 1374 est,
709 1316 771 1363 ut
798 1302 1077 1364 daemoniis
1104 1301 1354 1378 aliisque
1378 1309 1720 1381 passionihus
1744 1308 1968 1364 irretitis
1999 1306 2160 1361 mini-

572 1399 739 1454 steria
762 1412 917 1455 sacra
947 1408 1183 1455 tractare
1203 1416 1311 1457 non
1338 1401 1520 1457 liceat.
1541 1399 1674 1456 Cum
1700 1407 1990 1469 praecepto,
2025 1414 2158 1453 con-

574 1506 734 1547 sensu
760 1493 986 1548 rationis
1007 1493 1268 1562 adhibito,
1292 1495 1345 1552 id
1369 1494 1731 1552 communiter
1764 1492 2072 1559 deﬁnimus,
2103 1500 2162 1547 ιιι

573 1582 753 1639 nullus
783 1583 849 1638 de
878 1584 966 1639 bis
1010 1586 1102 1654 qui
1141 1594 1234 1641 aut
1269 1586 1324 1642 in
1354 1596 1499 1643 terra
1525 1586 1731 1657 accepti
1773 1602 1803 1640 a
1827 1586 2159 1643 dazmonibus

572 1672 864 1740 eliduntur,
892 1684 985 1729 aut
1024 1675 1265 1744 quolibet
1309 1677 1470 1733 modo
1506 1678 1808 1733 vexationis
1852 1678 2163 1734 incursibus

571 1758 891 1828 oderantur,
922 1762 1007 1816 vel
1042 1764 1214 1820 sacris
1253 1766 1491 1820 audeant
1524 1766 1835 1822 ministrare
1874 1766 2156 1832 altaribus,

2257 571 2523 642 judicium
2581 572 2783 641 fuerit,
2834 574 3087 630 adunatis
3143 575 3199 630 in
3254 577 3670 648 metropolitana
3714 585 3821 641 sele

2263 665 2514 722 omnibus
2536 666 2831 737 provinciae
2859 666 3222 737 pontiﬁcibus,
3246 668 3540 725 concilium
3576 672 3681 727 Deo
3706 688 3820 742 pm-

2263 754 2379 810 sule
2398 754 2718 812 celebretur.
2737 755 2994 827 Quisquis
3016 766 3197 813 autem
3219 760 3598 831 episcoporum
3625 774 3816 835 excepta

2262 845 2563 902 inevitabili
2616 862 2778 903 causa
2820 848 2906 902 vel
2960 847 3281 905 necessitate
3327 851 3393 906 de
3431 854 3733 922 peragenda
3772 871 3818 911 se

2262 939 2492 996 concilio
2526 939 2914 1007 absentaverit,
2942 957 3039 1012 per
3075 945 3235 1000 unius
3261 946 3386 1001 anni
3421 957 3597 1002 metas
3628 950 3721 1003 erit
3742 966 3816 1005 ex-

2263 1032 2749 1087 communicatione
2772 1033 3103 1102 plectendas.
3129 1036 3281 1102 Quod
3299 1037 3343 1091 si
3368 1037 3631 1108 deinceps
3648 1040 3816 1111 absque

2262 1120 2623 1178 celebratione
2670 1125 2884 1179 concilii
2925 1125 3050 1180 anni
3106 1127 3265 1182 unius
3318 1136 3498 1183 metas
3551 1131 3811 1196 transierit,

2261 1214 2502 1268 omnium
2526 1214 2581 1268 in
2613 1230 2897 1270 commune
2920 1216 3230 1287 pontiﬁcum
3252 1218 3607 1288 Carthaginis
3634 1221 3814 1290 provin-

2262 1303 2359 1359 cia:
2382 1305 2681 1376 superioris
2716 1322 2960 1362 censura:
2985 1310 3308 1363 sententiam
3352 1311 3625 1365 obnoxius
3652 1313 3813 1367 retine-

2261 1394 2362 1460 hit,
2389 1395 2440 1451 id
2469 1405 2573 1461 est,
2602 1397 2648 1452 si
2693 1397 2837 1452 nulla
2866 1413 2989 1452 eum
3016 1400 3339 1469 impediente
3379 1402 3643 1470 principis
3669 1413 3813 1471 potes-

2265 1491 2374 1539 tate
2402 1484 2488 1539 vel
2510 1484 2850 1553 inﬁrmitate,
2885 1496 2978 1542 aut
3005 1488 3302 1543 inevitabili
3336 1505 3526 1555 causa,
3555 1493 3645 1548 sed
3680 1493 3810 1550 solius

2262 1577 2494 1644 propria:
2516 1576 2808 1631 voluntatis
2831 1575 2983 1633 libitu
3013 1592 3134 1634 sese
3158 1579 3225 1633 ad
3253 1578 3636 1636 celebrandum
3664 1584 3810 1638 conci-

2263 1664 2391 1719 lium
2418 1682 2524 1721 non
2556 1667 2853 1739 collegerit.

2337 1759 2471 1815 XVI.
2501 1760 2597 1816 His
2643 1776 2773 1833 ergo
2802 1763 3277 1819 constitutionibus
3326 1766 3536 1821 nostris
3594 1781 3716 1835 quas
3739 1782 3806 1822 ue-

568 1850 653 1906 vel
672 1852 965 1908 indiscussi
1015 1869 1073 1909 se
1103 1853 1303 1910 divinis
1351 1855 1600 1927 ingerunt
1642 1858 2025 1923 sacramentis,
2061 1873 2159 1913 ex-
2189 1840 2233 1900 Β
2260 1853 2500 1909 cessario
2517 1855 2783 1924 gerendas
2801 1854 3150 1919 credidimus,
3183 1856 3400 1909 ﬁnalem
3435 1872 3627 1912 manus
3649 1867 3807 1913 nostra:

569 1944 739 2013 ccptis
769 1944 876 2000 illis
901 1946 992 2016 qui
1041 1946 1095 2000 in
1140 1947 1310 2002 variis
1349 1948 1595 2019 corporis
1623 1948 2157 2009 ineommoditatibus

571 2035 738 2089 dediti
762 2034 814 2089 in
845 2034 1110 2104 ejusmodi
1141 2024 1484 2107 passionibus
1525 2038 1578 2093 in
1612 2046 1756 2095 terra
1788 2039 2157 2109 approbantur

578 2124 721 2179 elisi.
772 2124 875 2192 Qui
901 2134 1083 2181 tamen
1101 2135 1155 2182 et
1172 2127 1275 2197 ipsi
1305 2128 1491 2183 tandiu
1521 2139 1683 2185 erunt
1708 2130 1776 2186 ab
1803 2131 1968 2187 ofﬁcii
2001 2134 2082 2187 sui
2107 2142 2161 2189 et

568 2215 759 2271 ordine
792 2224 849 2272 et
876 2216 996 2274 loco
1030 2218 1299 2288 suspensi,
1330 2233 1608 2290 quousque
1634 2222 1793 2278 unius
1824 2226 1949 2279 anni
1976 2226 2151 2296 spatio

568 2323 669 2379 per
711 2308 1095 2366 discretionem
1144 2310 1382 2382 episcopi
1438 2311 1786 2369 inveniantur
1813 2316 1879 2372 ab
1934 2317 2156 2373 incursu

568 2399 873 2456 daemonum
901 2401 1085 2457 alieni.

638 2491 777 2548 X-lV.
807 2494 875 2550 Et
915 2493 1043 2551 illud
1072 2495 1244 2551 divini
1272 2497 1479 2554 oraculi
1509 2499 1780 2555 monentis
1801 2499 1994 2572 singuli
2016 2516 2157 2571 prte-

566 2593 814 2653 caveant,
844 2602 954 2658 quo
990 2587 1279 2655 scribitur;
1310 2606 1392 2645 va:
1421 2590 1545 2657 soli,
1576 2593 1701 2661 quia
1730 2607 1852 2647 cum
1898 2594 2157 2649 ceciderit

567 2688 675 2730 non
705 2676 869 2732 habet
906 2678 1278 2735 sublevantem
1321 2680 1513 2752 (Eccli.
1543 2697 1617 2748 Iv,
1652 2683 1761 2753 10).
1801 2682 2156 2755 Summopere

563 2769 860 2825 verendum
890 2771 1044 2827 nobis
1066 2780 1148 2826 est
1175 2779 1231 2827 et
1253 2773 1580 2838 cavendum,
1597 2789 1664 2829 ne
1690 2775 1838 2830 horis
1864 2775 1971 2831 illis
1994 2786 2156 2847 atque

569 2859 925 2930 temporibus,
956 2861 1153 2931 quibus
1173 2861 1401 2917 Domino
1422 2862 1669 2933 psallitur
1690 2864 1773 2918 vel
1792 2865 2149 2932 sacriﬁcatur,

570 2953 864 3026 unicuique
889 2954 1085 3011 divinis
1113 2955 1466 3027 singulariter
1504 2955 1700 3012 ofﬁciis
1734 2958 2005 3013 insistenti
2032 2975 2155 3030 per-

564 3044 772 3100 niciosa
823 3044 1022 3116 passio,
1060 3045 1145 3100 vel
1196 3046 1441 3117 corporis
1477 3046 1731 3116 quaelibet
1774 3049 2025 3103 valetudo
2062 3066 2152 3105 oc-

567 3145 773 3203 currat,
815 3152 921 3210 qua
963 3145 1056 3193 aut
1090 3152 1287 3209 corpus
1352 3138 1531 3197 subito
1584 3139 1769 3194 subrui
1824 3139 2009 3206 faciat,
2062 3151 2154 3195 aut

563 3238 800 3285 mentem
825 3229 1151 3287 alienatione
1192 3230 1274 3286 vel
1308 3240 1518 3286 terrore
1560 3230 1872 3287 confundat.
1898 3232 2002 3286 Pro
2054 3233 2153 3287 hu-

556 3320 793 3392 jusmodi
819 3336 949 3392 ergo
972 3323 1194 3378 ausibus
1218 3329 1589 3393 prmcaventes
1612 3322 1979 3377 necessarium
1997 3321 2152 3376 duxi-

561 3431 685 3471 mus
712 3416 1018 3484 instituere,
1045 3426 1106 3473 ut
1142 3418 1232 3473 ubi
1280 3418 1538 3488 temporis
1563 3417 1645 3473 vel
1687 3418 1816 3483 loci,
1861 3418 1975 3473 sive
2018 3418 2150 3473 cleri

560 3510 714 3579 copia
741 3509 1086 3582 suﬁ'ragatur,
1119 3510 1316 3567 habeat
1354 3511 1602 3583 quisquis
1639 3511 1727 3566 ille
1778 3526 1981 3567 canens
2014 3512 2145 3579 Deo,

559 3602 1071 3671 atquesacriﬁcans
1099 3613 1221 3674 post
1243 3618 1302 3659 se
1331 3604 1493 3658 vicini
1524 3602 1803 3659 solaminis
1826 3602 2146 3671 adjutorem,

560 3699 619 3746 ut
653 3693 698 3748 si
727 3694 908 3764 aliquo
950 3709 1080 3751 casu
1121 3694 1212 3750 ille
1235 3694 1328 3765 qui
1360 3693 1531 3750 ofﬁcia
1564 3694 1883 3764 impleturus
1905 3696 2147 3761 accedet,

558 3785 807 3840 turbatus
832 3785 1013 3852 fuerit,
1042 3786 1123 3841 vel
1152 3786 1218 3841 ad
1250 3795 1448 3841 terram
1500 3786 1663 3841 elisus
1691 3802 1719 3839 a
1755 3794 1903 3856 tergo
1932 3801 2150 3858 semper

559 3873 777 3941 habeat,
805 3876 895 3946 qui
925 3873 1041 3944 ejus
1068 3876 1240 3931 vicem
1265 3882 1594 3946 exsequatur
1622 3874 1940 3944 intrepidus.

568 4000 577 4005 ε
629 3963 748 4021 XV.
774 3964 1019 4021 Peractis
1045 3966 1299 4021 omnibus
1322 3979 1443 4035 quae
1462 3964 1528 4019 ad
1559 3965 1953 4020 correctionem
1978 3966 2147 4021 nostri

558 4053 769 4110 ordinis
830 4054 883 4110 in
932 4055 1037 4112 hoc
1087 4055 1317 4111 concilio
1367 4054 1702 4126 promulgata
1751 4063 1898 4123 sunt,
1946 4055 2149 4125 placuit

558 4145 831 4212 deﬁnire,
880 4156 940 4202 ut
995 4148 1239 4217 paternis
1290 4148 1716 4204 institutionibus
1762 4148 2140 4219 obsequentes,

557 4236 705 4291 omni
756 4252 899 4293 anno
951 4239 1017 4293 ad
1047 4241 1410 4311 peragendum
1438 4238 1809 4295 celebritatem
1838 4238 2056 4295 concilii
2090 4240 2142 4294 in

558 4328 977 4399 metropolitana
1024 4330 1175 4396 sede,
1207 4339 1448 4400 tempore
1483 4344 1591 4401 quo
1629 4329 1886 4400 principis
1911 4328 1995 4385 vel
2037 4344 2152 4385 me-

559 4419 874 4490 tropolitani
915 4420 1113 4477 electio
1134 4422 1424 4489 deﬁnierit,
1454 4410 1664 4478 devotis
1692 4436 1910 4492 semper
1938 4421 2150 4476 animo-

558 4526 679 4568 rum
728 4511 922 4567 studiis
955 4512 1318 4581 conferamus,
1368 4529 1471 4569 nec
1513 4513 1845 4584 quibuslibet
1873 4512 2148 4582 requisitis

2262 1943 2715 2013 subscriptionem
2751 1943 3065 2015 adiecimus,
3101 1946 3396 2024 immortali
3429 1948 3542 2003 Deo
3572 1956 3738 2004 nostro
3766 1956 3806 2003 et

2264 2034 2490 2088 Domino
2532 2034 2758 2105 gloriam
2789 2044 2844 2089 et
2874 2034 3135 2091 honorem
3167 2037 3480 2104 reddentes,
3523 2040 3614 2110 qui
3649 2055 3733 2096 nos
3758 2040 3805 2095 de

2264 2135 2530 2182 conventu
2546 2127 3004 2183 alternaevisionis
3020 2128 3171 2185 laetos
3192 2128 3384 2197 efﬁcit,
3411 2132 3507 2201 qui
3522 2148 3582 2188 os
3605 2143 3801 2188 nostrum

2264 2218 2316 2274 in
2352 2218 2690 2276 confessione
2717 2222 2890 2277 laudis
2917 2238 3028 2278 sum
3052 2224 3287 2293 aperuit,
3316 2226 3409 2295 qui
3436 2226 3598 2281 etiam
3632 2227 3802 2282 decreta

2261 2313 2421 2384 hujus
2448 2315 2616 2370 nostri
2644 2315 2854 2371 concilii
2902 2316 3185 2372 honestate
3228 2318 3545 2387 complevit.
3577 2318 3694 2374 Post
3718 2319 3801 2372 lucc

2261 2406 2513 2477 religioso
2543 2405 2772 2461 Domino
2799 2415 3003 2472 nostro,
3034 2415 3091 2463 et
3133 2407 3351 2463 amabili
3385 2408 3613 2478 principi
3660 2418 3802 2463 nostro

2262 2497 2581 2554 Vuambano
2625 2499 2737 2569 regi
2802 2498 3102 2568 gratiarum
3170 2499 3419 2556 actiones
3471 2498 3807 2570 persolvimus,

2261 2590 2415 2660 Cujus
2445 2597 2499 2643 et
2547 2588 2728 2644 studio
2771 2589 3047 2659 aggregati
3081 2604 3287 2644 sumus.
3321 2588 3427 2657 Qui
3470 2588 3799 2644 ecclesiastica:

2261 2680 2554 2749 disciplina:
2582 2680 2782 2735 nostris
2802 2680 3014 2736 sacculis
3036 2695 3205 2735 novus
3232 2689 3518 2751 reparator
3559 2694 3796 2736 occurrens

2260 2772 2491 2829 omissos
2518 2770 2869 2825 conciliorum
2912 2772 3135 2826 ordines
3176 2785 3284 2825 non
3314 2771 3498 2827 solum
3540 2780 3795 2827 restaurare

2260 2864 2508 2927 intendit,
2561 2863 2655 2919 sed
2706 2863 2871 2917 etiam
2907 2863 3103 2918 annuis
3133 2864 3453 2920 recursibus
3498 2861 3793 2920 celebrandas

2261 2954 2510 3018 instituit,
2534 2965 2590 3008 et
2615 2952 2822 3009 alterna
2854 2968 3069 3007 morum
3095 2954 3446 3011 correctione
3489 2968 3656 3010 annuo
3688 2961 3787 3007 tem-

2258 3060 2389 3115 pore
2424 3044 2682 3099 alacriter
2719 3052 3129 3109 concurrentes,
3152 3043 3309 3114 juxta
3349 3046 3621 3116 prophetae
3646 3042 3788 3099 vatici-

2258 3140 2430 3204 nium,
2460 3139 2603 3208 quod
2651 3138 2704 3192 in
2734 3139 2890 3193 nobis
2931 3157 2950 3190 (
2987 3138 3288 3195 defractum
3319 3149 3430 3203 est,
3461 3140 3706 3210 alligetur,
3748 3145 3787 3191 et

2258 3231 2400 3301 quod
2442 3231 2711 3300 abiectum
2764 3240 2868 3296 est,
2924 3231 3214 3287 reducatur
3260 3230 3782 3303 (Ezech.xutv,l).t

2258 3326 2357 3381 Det
2382 3341 2511 3397 ergo
2548 3327 2723 3381 eidem
2752 3326 2981 3396 principi
3013 3325 3273 3379 Dominus
3325 3340 3430 3393 pro
3480 3325 3628 3380 huius
3662 3337 3784 3379 saeta:

2257 3418 2636 3475 sollicitudinis
2659 3427 2785 3473 voto
2829 3425 2886 3472 et
2923 3431 3142 3472 cursum
3169 3418 3458 3486 praesentis
3488 3418 3602 3472 vita:
3622 3416 3668 3471 in
3688 3427 3781 3485 pace

2258 3513 2509 3576 transire,
2532 3520 2587 3566 et
2622 3519 2746 3581 post
2770 3511 3024 3566 diuturna
3051 3518 3295 3579 tempora
3325 3512 3398 3565 ad
3431 3526 3491 3567 se
3517 3511 3566 3566 in
3593 3523 3702 3581 pace
3726 3521 3782 3559 re

2257 3603 2441 3659 missis
2465 3602 2838 3674 iniquitatibus
2862 3601 3168 3671 pervenire,
3195 3602 3437 3672 qualiter
3456 3609 3510 3657 et
3542 3600 3623 3656 ille
3648 3595 3778 3653 felicia

2257 3704 2498 3765 tempora
2529 3695 2707 3761 ducat,
2732 3701 2795 3748 et
2825 3692 2953 3748 felix
2973 3708 3096 3749 cum
3133 3694 3391 3748 omnibus
3414 3692 3599 3764 quibus
3629 3684 3777 3758 princi-

2253 3794 2414 3858 patur
2432 3785 2499 3841 ad
2528 3783 2803 3840 Christum
2827 3783 2941 3839 sine
2963 3782 3279 3838 confusione
3304 3781 3597 3852 perveniat,
3622 3784 3670 3832 ut
3686 3773 3775 3845 quia

2254 3891 2352 3947 per
2374 3891 2495 3931 eum
2521 3890 2722 3933 corona
2755 3875 2926 3929 nostri
2955 3872 3160 3928 ordinis
3182 3873 3234 3926 in
3260 3872 3457 3927 melius
3487 3871 3773 3925 restaurator.

2255 3984 2510 4026 coronam
2541 3968 2704 4023 futuri
2731 3968 2881 4038 regni
2906 3966 3087 4038 capiat
3109 3981 3178 4020 ex
3206 3950 3317 4020 hoc
3352 3966 3405 4019 in
3453 3962 3650 4033 regione
3667 3957 3774 4010 νίτο·

2253 4076 2373 4116 rum
2418 4074 2650 4131 regnans
2696 4073 2816 4114 cum
2872 4058 3091 4112 Christo
3146 4057 3199 4112 in
3257 4055 3456 4112 smcula
3499 4050 3768 4107 saeculorum.

2249 4152 2440 4207 Amen.
2468 4149 2835 4205 lnterfuerunt
2856 4149 2981 4205 huic
3015 4146 3244 4203 concilio
3270 4145 3552 4217 pontiﬁces
3568 4143 3717 4196 decem
3732 4141 3769 4186 el

2252 4249 2480 4311 septem.
2539 4241 2649 4308 Ego
2678 4239 2948 4306 Quiricus,
2993 4237 3143 4293 urbis
3179 4237 3344 4307 regia:
3394 4229 3766 4302 metropolitanum

2253 4331 2557 4401 episcopus,
2579 4329 2697 4384 haec
2723 4317 2872 4399 gesta
2908 4327 3168 4400 synodica
3196 4341 3225 4380 a
3257 4326 3419 4382 nobis
3443 4322 3657 4382 deﬁnita,
3675 4311 3765 4371 stib'

2254 4420 2469 4490 scripsi.
2503 4418 2766 4475 Similiter
2791 4426 2847 4474 et
2874 4416 2967 4473 alii
2991 4417 3229 4489 episcopi
3272 4415 3677 4486 subscripserunt
3702 4402 3763 4458 ἅθ’

2259 4524 2376 4566 cem
2404 4516 2461 4565 et
2483 4518 2707 4579 septem.

568 4624 3754 4663 _______________________________________________....

640 4690 647 4695 ’
718 4770 1183 4862 INCIPIT
1252 4766 1921 4861 CONCILIUM
2012 4764 2749 4861 TOLETANUM
2811 4704 3641 4855 DUODECIMUM.

1199 4957 1451 5013 Habitum
1478 4974 1584 5014 mra
1622 4972 1816 5014 nccxrx
1853 4973 1994 5012 anno
2017 4959 2187 5029 primo
2216 4956 2423 5027 Eringii
2453 4956 2611 5026 regis,
2638 4954 2820 5025 quinto
2841 4952 2973 5008 Idus
2996 4951 3266 5008 Januarii.

626 5109 762 5166 Cum
817 5127 884 5166 ex
949 5111 1184 5182 glorioso
1247 5109 1490 5182 praedicti
1564 5109 1827 5182 principis
1879 5110 2035 5181 jussu
2086 5111 2140 5166 in
2169 5116 2222 5178 1)
2250 5106 2411 5181 134
2445 5106 2768 5177 multiplices
2809 5106 3161 5175 omnipotenti
3191 5105 3416 5161 Domino
3450 5102 3552 5174 egit
3580 5099 3634 5191 de
3661 5108 3747 5149 οοη·
3816 5176 3817 5191 χ

553 5215 722 5265 unum
753 5199 1039 5258 fuissemus
1073 5203 1349 5275 aggregati
1372 5209 1724 5269 conventum,
1763 5202 1894 5258 etin
1920 5202 2143 5258 basilica

554 5300 868 5351 sanctorum
916 5295 1282 5364 apostolorum
1332 5293 1531 5350 debitis
1578 5294 1634 5348 in
1685 5292 1904 5349 sedibus
1941 5294 2147 5350 locare-

554 5401 698 5461 mur,
726 5384 901 5441 adfuit
929 5402 1109 5442 coram
1144 5388 1300 5443 nobis
1327 5388 1468 5443 idem
1506 5386 1962 5443 clementissimus
2007 5388 2150 5456 prin.

556 5490 704 5548 ceps,
747 5478 1100 5533 humanitatis
1147 5479 1322 5549 gratia
1367 5478 1581 5548 plenus,
1631 5486 1684 5533 et
1736 5477 1883 5533 claro
1926 5477 2147 5547 pictatis

554 5568 699 5622 cultu
737 5569 1073 5639 perspicuus,
1110 5570 1200 5639 qui
1245 5578 1429 5626 nostro
1459 5584 1519 5625 se
1546 5568 1708 5625 εσθιυί
1743 5567 2001 5623 reclivem
2049 5583 2135 5622 ex-

553 5658 747 5716 hibens
775 5672 837 5717 ac
881 5662 1166 5727 devotum,
1197 5660 1463 5731 imprimis
1503 5660 1744 5716 omnium
1796 5659 2141 5715 sacerdotum

547 5761 607 5802 ει)
643 5752 916 5826 commisit
962 5753 1217 5825 precibus
1272 5751 1655 5822 adjuvandum,
1703 5750 1896 5808 deinde
1961 5760 2142 5823 grates

2249 5207 2413 5254 ventu
2443 5195 2659 5252 concilii
2693 5196 2873 5259 totius,
2905 5206 2964 5249 ut
2987 5210 3098 5249 suae.
3123 5194 3368 5265 gloriosa:
3394 5187 3638 5262 jussionis,
3659 5194 3741 5237 eum

2252 5291 2306 5346 in
2354 5305 2520 5345 unum
2574 5290 2848 5353 adessent,
2880 5287 3225 5356 impleverim
3269 5296 3465 5351 votum,
3508 5291 3556 5337 et
3587 5277 3742 5333 alterum

2251 5382 2477 5437 visionis
2531 5379 2929 5435 innovationem
2977 5376 3211 5432 fecerint
3255 5378 3567 5449 gaudiorum,
3604 5358 3738 5421 δείίέίίε

2251 5474 2510 5546 adjiciens
2559 5473 2639 5528 sic
2681 5486 2843 5527 omne
2892 5469 3177 5526 concilium
3225 5477 3310 5525 est
3356 5466 3627 5522 allocutus:
3658 5450 3735 5549 Νυξι

2253 5566 2473 5623 dubium
2518 5572 2623 5631 cst,
2662 5562 2986 5620 sanctissimi
3011 5562 3221 5626 Patres,
3246 5561 3381 5631 quod
3406 5556 3577 5628 optima
3609 5555 3733 5631 congl—

2250 5656 2444 5711 liorum
2494 5655 2759 5726 adjutoria
2803 5654 2979 5709 ruenti
3028 5653 3228 5708 mundo
3265 5647 3570 5707 subveniant,
3595 5636 3629 5692 si
3656 5625 3715 5726 σιξ

2251 5749 2413 5807 ciosis
2459 5716 2577 5820 qum
2622 5748 2939 5820 corrigenda
2987 5755 3113 5804 sunt
3149 5744 3336 5801 studiis
3376 5741 3656 5811 pcragantur.
3685 5716 3728 5771 Εε

3828 4598 3829 4651 γ

3826 4694 3827 4741 l

3822 4776 3825 4843 J

3822 4878 3823 4921 l

3820 4960 3821 5013 ι
