3888 6466
114 385 204 442 549
674 406 685 414 ·
1231 385 1699 444 DECRETALUM
1727 386 2126 446 COLLECTIO.
3228 396 3337 453 550

114 499 220 555 ideo
246 495 432 568 quibus
456 494 626 568 plagis
653 511 752 568 pro
780 506 974 554 eventu
1002 498 1214 554 dierum
1255 498 1655 555 succedentium
1686 505 1733 566 Α
1762 515 1925 572 super
1952 502 2169 559 terram”
2187 505 2253 560 de
2276 506 2440 562 omnin
2468 522 2528 563 re
2574 523 2896 581 quacunque
2939 511 3216 581 petierint,
3250 511 3342 567 ﬁet

111 604 367 663 pereamus
392 588 703 660 paternitati
729 598 922 646 vestrae
960 606 1068 646 non
1100 604 1226 646 reor
1263 605 1385 647 esse
1412 592 1657 664 incogui-
1760 593 1865 650 illis
1900 610 1929 649 a
1965 595 2127 651 Patre
2150 610 2269 651 meo
2293 598 2383 667 qui
2412 598 2463 653 in‘
2485 578 2638 655 caelis
2660 610 2743 655 est
2770 578 2983 671 (ilauli.
3013 617 3166 666 xvut,
3193 600 3336 670 19).»
3412 578 3429 591 ’

113 695 228 740 ιιιω.
264 682 340 739 Ob
367 683 490 738 inde
513 683 638 753 quia
681 692 891 740 certum
932 685 1076 755 apud
1106 699 1205 740 nos
1236 685 1474 757 gerimus
1511 685 1656 755 quod
1758 682 1839 749 Ob
1870 686 1970 742 hoc
1999 688 2362 744 venerabilem
2391 690 2731 759 paternitatis
2762 699 2953 746 vestrm
2985 699 3187 745 coetum
3218 706 3342 746 cum

109 790 195 846 pro
224 782 524 844 contemptu
553 774 857 831 divinorum
882 785 1278 847 praeceptorum
1306 788 1450 833 terra
1477 779 1657 849 perni-
1757 776 2119 850 lacryutarum
2140 778 2403 834 effusione
2424 782 2677 844 conveni,
2709 788 2768 835 ut
2790 780 2906 835 zelo
2936 781 3104 835 vestri
3124 781 3345 851 regimi-

110 868 227 923 cietn
242 866 497 921 suatineat
520 878 921 937 pressurarum,
947 869 1163 925 dicente
1177 869 1405 926 Domino
1418 884 1658 941 per-pro-
1757 870 1842 924 nis
1868 881 2127 940 purgetur
2157 880 2299 926 terra
2345 872 2665 943 contagione
2694 871 2999 942 pravitatis.
3026 871 3339 940 Exsurgite,

107 958 326 1029 phetam:
347 974 367 1009 ι
400 955 628 1028 Propter
652 959 756 1015 hoc
783 959 989 1031 lugebit
1017 967 1180 1025 terra,
1210 970 1265 1017 et
1295 960 1657 1016 inﬁrmabitur
1757 978 1959 1034 qumso,
1976 964 2270 1033 exsurgite,
2286 963 2619 1035 culpatorum
2634 964 2824 1019 solvite
2840 964 3029 1030 nodos,
3048 973 3347 1034 transgres.

106 1049 259 1104 omnis
281 1050 367 1120 qui
399 1050 609 1105 habitat
640 1051 697 1106 in
723 1065 785 1108 ea
811 1049 945 1124 (λεν.
970 1068 1045 1118 iv,
1070 1048 1184 1122 28).
1219 1071 1238 1105 ι
1264 1050 1388 1108 Ideo
1415 1060 1654 1123 oportet,
1757 1067 1939 1109 sornm
1955 1067 2135 1109 mores
2149 1053 2401 1126 corrigite
2421 1054 2754 1120 inhonestos,
2779 1062 2831 1110 et
2856 1055 3091 1111 excitate
3115 1054 3340 1109 zelidis—

107 1148 157 1192 ut
179 1136 295 1210 quia
321 1154 383 1195 os
412 1139 712 1198 Salvatoris
743 1138 935 1210 nostri,
959 1152 1014 1198 et
1040 1138 1253 1200 Domini
1293 1142 1507 1199 oracula
1537 1158 1656 1199 esse
1759 1143 2012 1214 ciplinam
2031 1143 2082 1198 in
2101 1143 2356 1214 perﬁdos,
2374 1145 2725 1215 superborum
2743 1145 3124 1201 mordacitates
3139 1145 3351 1201 exstin-

104 1228 397 1301 probatnini,
450 1248 551 1304 per
577 1248 675 1291 vos
704 1233 1022 1292 salvationis
1046 1235 1289 1292 obtineat
1322 1234 1535 1291 lucrum
1559 1251 1658 1307 per
1736 1234 2320 1307 ‘guite,oppressorum
2338 1237 2977 1307 ponderibussubvenite,
2998 1237 3207 1309 etquod
3225 1237 3348 1309 plus

104 1337 221 1392 quos
242 1325 666 1395 regenerationis
709 1328 952 1398 percepit
980 1334 1403 1393 sacramentum,
1442 1338 1503 1384 ut
1530 1327 1653 1383 dili-
1758 1327 2008 1383 omnibus
2020 1338 2099 1384 est
2120 1326 2898 1400 ;Jud:eorumpcstem,qu:cin
2920 1346 3112 1386 novam
3131 1344 3349 1401 semper

105 1413 260 1483 gentia
289 1414 614 1485 dignationis
639 1424 837 1472 vestra:
866 1417 934 1472 ab
962 1419 1112 1474 omni
1161 1419 1417 1474 mundata
1464 1428 1657 1476 conta-
1759 1420 2091 1477 recrudescit
2111 1420 2378 1475 insaniam
2400 1420 2661 1476 radicitus
2685 1422 3004 1492 exstirpata,
3034 1423 3181 1494 leges
3217 1437 3351 1493 quo—

106 1503 239 1573 gione
273 1512 325 1560 et
349 1504 417 1560 ab
443 1504 780 1563 inﬁrmitatis
810 1515 962 1578 peste
987 1508 1059 1564 sit
1082 1507 1279 1576 libera,
1309 1519 1365 1565 et
1392 1510 1657 1565 bonorum
1761 1524 1866 1580 que
1888 1525 2008 1580 quae
2035 1511 2088 1564 in
2114 1511 2430 1566 eorum-dem
2458 1509 2766 1566 Judzcorum
2811 1512 3096 1583 perﬁdiam
3125 1520 3349 1583 propter

104 1595 313 1650 omnium
334 1595 687 1667 proventibus
711 1598 944 1669 gratiosa
970 1600 1057 1656 sit.
1088 1597 1207 1657 Jam
1231 1617 1377 1658 nunc
1396 1601 1659 1673 quidquid
1759 1616 1954 1656 vanam
1970 1599 2193 1673 gloriam
2219 1601 2431 1656 noviter
2444 1601 2796 1672 promulgatae
2810 1612 2935 1658 sunt
2963 1603 3110 1657 omni
3142 1602 3352 1658 exami-

104 1704 176 1743 me
193 1687 355 1744 adhuc
376 1690 869 1763 dieereopportuna
893 1694 1035 1748 ratio
1049 1694 1197 1763 sinit,
1213 1693 1471 1766 quidquid
1493 1694 1658 1750 etiam
1761 1690 1999 1747 nationis
2037 1692 2306 1765 probitate
2334 1694 2658 1763 percurritc,
2688 1703 2742 1749 et
2769 1704 2881 1750 tam
2907 1696 3111 1751 eisdem
3138 1696 3351 1768 legibus

105 1781 399 1837 narrandum
439 1782 667 1839 auribus
700 1785 897 1841 vestris
935 1786 1210 1852 convenit,
1246 1794 1342 1841 aut
1384 1785 1660 1841 memoriae
1763 1789 2006 1838 tenorem
2045 1781 2415 1837 inconvulsum
2449 1783 2682 1853 adjicite,
2715 1801 2876 1856 quam
2902 1802 3000 1858 pro
3028 1788 3346 1842 earumdem

105 1872 349 1929 titulorum
387 1874 743 1946 intercapedo
769 1875 1047 1943 subducit,
1094 1885 1188 1932 aut
1218 1876 1495 1932 fastidium
1525 1892 1653 1947 pro-
1682 1868 1731 1928 B
1758 1870 2086 1942 perﬁdorum
2110 1872 2422 1928 excessibus
2445 1875 2754 1944 romplexas
2785 1875 2837 1930 in
2863 1892 3028 1932 unum
3050 1878 3351 1935 sententias

103 1961 204 2018 lixa:
240 1964 496 2022 orationis
542 1966 858 2039 intercipit,
906 1982 1035 2024 ecce
1080 1968 1135 2022 in
1176 1967 1327 2023 brevi
1373 1966 1651 2039 complexa
1757 1961 2126 2033 promulgatm.
2169 1962 2379 2019 Etenim
2410 1964 2563 2020 valde
2616 1966 2770 2022 nobis
2816 1969 3110 2024 cavendum
3162 1985 3231 2025 ne
3273 1975 3354 2025 tot

102 2055 172 2110 vel
194 2065 398 2113 exarata
426 2058 731 2117 devotionis
771 2075 907 2117 mete
944 2060 1177 2131 negotia,
1210 2060 1264 2116 in
1310 2059 1468 2130 hujus
1506 2068 1653 2118 tomo
1759 2055 2103 2125 antiquorum
2131 2069 2398 2110 canonum
2443 2056 2640 2127 regiﬁce
2671 2073 2792 2127 qua:
2829 2074 2929 2129 pro
2968 2075 3159 2115 eorum
3200 2075 3353 2117 erro-

103 2148 496 2219 complicationis
532 2150 870 2222 agnoscenda
899 2150 1180 2223 perlegite,
1210 2151 1448 2223 perlecta
1477 2152 1657 2208 discu-
1716 2166 1725 2177 ο
1759 2146 1909 2202 ribus
1934 2155 2058 2201 sunt
2092 2147 2471 2219 promulgatae,
2514 2164 2611 2205 nos
2644 2149 2858 2204 illorum
2886 2150 3060 2222 culpis
3088 2152 3353 2207 obnoxios

106 2237 200 2305 tite,
227 2239 464 2296 discussa
491 2241 729 2298 climatis
758 2257 823 2298 ac
849 2241 1099 2298 discretis
1132 2241 1406 2298 titulorum
1437 2251 1656 2299 senten—
1760 2236 2008 2302 reddam.
2036 2237 2082 2292 Si
2126 2237 2297 2292 nostri
2320 2262 2327 2270 '
2350 2239 2501 2310 regni
2551 2241 2883 2309 temporibus
2912 2242 3228 2298 commdem
3255 2258 3351 2299 ca-

105 2331 177 2385 tiis
201 2330 439 2400 deﬁnite,
494 2341 555 2389 ut
580 2349 715 2405 pura
745 2342 800 2389 et
823 2333 1045 2405 placens
1075 2334 1185 2390 Deo
1214 2344 1516 2390 vestrarum
1564 2336 1660 2391 de-
1759 2343 1961 2384 nonum
1998 2330 2330 2387 constructio
2358 2331 2618 2389 dissoluta
2647 2342 3006 2403 pertranseat.
3040 2334 3349 2392 Prmserlim

105 2423 375 2482 ﬁniiionum
404 2427 641 2484 ναιίιυι-ει
668 2428 924 2485 δίκε-ειξο
950 2437 1006 2485 οι
1039 2429 1192 2501 regni
1219 2429 1391 2486 nosiri
1419 2431 1657 2500 iii-imor-
1759 2420 1806 2475 si
1837 2419 1970 2504 legis
1992 2420 2139 2476 illius
2175 2421 2340 2493 (quod
2367 2422 2527 2496 absit)
2559 2424 2872 2481 serenitatis
2901 2434 3101 2482 nostra:
3130 2427 3180 2481 in
3210 2436 3349 2484 tem-

87 2514 175 2569 .dia
208 2516 418 2574 decoret
468 2519 851 2575 exhortatione
892 2517 1122 2588 iustitiae
1167 2528 1223 2575 et
1267 2530 1506 2576 terrores
1544 2518 1622 2590 ple

1819 2525 1887 2566 ire
1916 2509 2003 2564 illa
2030 2511 2179 2567 clara
2221 2512 2344 2569 ﬁdei
2385 2513 2654 2569 institutio
2692 2523 2869 2570 cesset
2893 2557 2907 2583 ,
2946 2516 3037 2572 ubi
3079 2517 3215 2572 diva:
3240 2531 3354 2572 mc-

103 2606 227 2663 hium
261 2609 414 2681 digna
454 2610 710 2666 cohibeat
749 2610 1037 2666 severitate
1080 2625 1347 2676 censurze,
1395 2611 1655 2681 scriptum
1760 2601 1946 2656 mori“:
1972 2601 2234 2659 DOmimlS
2258 2612 2419 2674 atque
2461 2619 2761 2675 ρνωεθεεοτ
2804 2613 3020 2672 noster.
3068 2605 3353 2662 SiSeblllUS

105 2704 171 2750 est
190 2697 321 2753 enim
350 2719 365 2753 :
396 2718 416 2753 ι
448 2698 679 2757 Justitia
701 2699 877 2757 elevet
909 2709 1147 2771 gentem,
1166 2701 1393 2757 miseros
1416 2701 1640 2773 facitpo-

1814 2706 1856 2744 εχ
1910 2705 2100 2747 omnes
2147 2707 2490 2749 successores
2542 2708 2670 2750 suos
2719 2696 2820 2750 sub
2872 2704 3130 2767 perpetua
3179 2696 3349 2751 malc-

103 2787 232 2854 pulos
253 2800 531 2858 peccatum
555 2788 743 2863 (Prov.
789 2805 900 2858 xw,
931 2789 1043 2863 54).
1086 2808 1106 2843 ι
1141 2790 1294 2846 Tunc
1336 2800 1588 2862 suscepto
1626 2806 1655 2845 a
1760 2779 2015 2837 dictionis
2045 2796 2275 2838 censura
2297 2783 2609 2852 obstrinxit,
2640 2786 2951 2858 quicunque
2982 2802 3171 2858 regum
3200 2802 3352 2844 man-

103 2880 304 2949 slorioso
336 2884 588 2954 principe
623 2884 728 2940 hoc
764 2893 912 2941 tomo
939 2899 1039 2955 pro
1070 2891 1179 2939 tam
1210 2884 1416 2940 salubri
1462 2884 1659 2939 invita-
1759 2870 1957 2935 cipiunt
1993 2870 2363 2929 Christianum
2403 2873 2589 2931 Judaeo
2617 2877 2823 2933 servire
2855 2885 2911 2932 et
2944 2876 3194 2933 famulari
3225 2893 3353 2948 per-

105 2982 276 3040 meato,
311 2982 368 3030 et
412 2975 666 3046 copiosas
709 2982 896 3046 grates
939 2973 1223 3030 retulimus
1272 2973 1503 3029 Domino
1528 2972 1657 3030 Jesu
1761 2962 2007 3029 miserit.
2061 2972 2167 3020 θιο·
2234 2964 2483 3022 P05111th
2538 2967 2667 3024 ἰηιιά
2718 2985 2934 3042 quoque
2994 2971 3190 3027 vestris
3244 2972 3356 3027 Deo

106 3059 308 3131 Christo,
345 3074 400 3121 et
425 3067 560 3121 item
582 3065 960 3122 benediximus
987 3066 1219 3137 principi
1239 3066 1497 3135 glorioso.
1528 3064 1635 3123 Pos

1820 3055 1973 3112 acitis
1999 3055 2174 3111 infero
2205 3057 2452 3115 sensibus
2480 3061 2860 3132 corrigendum
2888 3062 3030 3134 quod
3054 3063 3355 3119 decessoris

103 3163 346 3222 egressum
374 3171 510 3228 ergo
535 3153 775 3225 ejusdem
807 3156 1141 3213 εει-εηίεειηιί
1168 3155 1427 3228 principis
1452 3157 1568 3213 [me
1602 3157 1656 3212 in
1707 3226 1731 3228 ῃ
1763 3146 1935 3202 nostri
1960 3148 2251 3218 praeceptio
2278 3150 2615 3224 promulgata
2647 3151 2765 3226 lege
2793 3154 3053 3220 sancivit,
3096 3163 3155 3210 ut
3175 3156 3355 3211 omnis

119 3256 193 3299 am
215 3245 352 3303 diem
375 3226 534 3303 ιοξηο
557 3247 759 3318 scrip“,
788 3248 1109 3318 reperimus,
1176 3226 1181 3227 ί
1344 3226 1362 3228 ⁷
1688 3226 1735 3289 C
1766 3243 1859 3290 aut
1884 3235 1940 3290 in
1966 3238 2361 3308 expeditionem
2398 3241 2674 3299 exercitus
2704 3258 2809 3298 non
2841 3245 3213 3316 progrediens,
3262 3252 3358 3299 aut

275 3338 620 3411 Compeltalio
658 3340 794 3411 regis
818 3340 1027 3411 Eriugii
1059 3339 1129 3395 ad
1154 3333 1453 3396 aemilium.
1765 3325 1810 3381 d‘

1820 3340 1832 3381 ι
1853 3327 2095 3382 exercitu
2116 3327 2345 3399 fugiens,
2368 3331 2679 3388 testimonio
2702 3331 2976 3403 dignitatis
2997 3349 3108 3389 sum
3130 3335 3199 3389 sit
3220 3334 3355 3391 irre—

158 3427 207 3482 ιη
231 3431 441 3487 nomine
469 3431 680 3487 Domini
725 3430 959 3489 Fumus
988 3432 1247 3490 Eumelus
1275 3447 1393 3497 rex,
1430 3433 1665 3489 sanctis.
1765 3416 2081 3473 vocabiliter
2101 3433 2314 3474 carens.
2347 3419 2512 3491 Cujus
2540 3421 2846 3478 severitatis
2880 3423 3180 3490 institutio,
3224 3426 3355 3481 dum

105 3516 232 3574 simis
257 3518 510 3578 Patrihus
554 3521 610 3577 in
650 3523 755 3578 hac
799 3532 986 3578 sancta
1023 3524 1231 3596 synodo
1278 3523 1637 3580 residentibus

1820 3522 1875 3564 in
1910 3525 2011 3581 per
2051 3517 2191 3568 totos
2235 3510 2504 3582 Hispanias
2535 3512 2670 3569 ﬁnes
2712 3515 2954 3570 ordinata
2984 3516 3242 3583 decurrit,
3274 3518 3355 3573 di-

105 3604 535 3668 Reverendissimi
558 3611 766 3680 Patres,
805 3614 851 3670 si
876 3613 1069 3671 Patres
1106 3623 1162 3671 et
1191 3615 1536 3673 honorabiles
1562 3616 1640 3671 mi

1826 3601 1988 3656 idiam
2023 3602 2138 3658 fere
2191 3612 2399 3674 partem
2463 3605 2645 3678 populi
2695 3607 3018 3679 ignobilitati
3080 3620 3355 3681 perpetuac

104 3700 418 3759 nisteriorum
470 3704 771 3761 cmlestium
820 3706 1131 3762 sacerdotes
1182 3706 1509 3764 soliditatem
1538 3722 1636 3762 san

1819 3692 2092 3765 ibjugavit,
2117 3694 2190 3749 ita
2233 3702 2325 3762 ut,
2362 3695 2488 3767 quia
2533 3697 2586 3751 in
2629 3697 2951 3768 quibusdam
2989 3700 3187 3756 villulis
3213 3742 3228 3768 ,
3268 3701 3354 3758 vel

104 3795 185 3844 cla:
223 3790 337 3848 ﬁdei
384 3795 660 3851 veraciter
681 3803 919 3863 teneam,
942 3797 1155 3852 sincera
1179 3797 1358 3853 cordis
1380 3798 1664 3855 devolione
1763 3787 2051 3845 territoriis
2081 3788 2196 3845 sive
2225 3789 2380 3855 ViCiS,
2402 3790 2575 3862 pOl‘liS
2615 3792 2775 3864 hujus
2814 3791 3180 3851 infamationis
3201 3794 3355 3851 habi—

105 3881 510 3951 amplectantur,
551 3885 917 3942 testimonium
950 3886 1295 3956 paternitatis
1323 3896 1516 3943 vestra:
1549 3887 1662 3965 for-
1767 3888 1969 3937 latores
2005 3882 2244 3952 ipsorum
2282 3880 2527 3938 locorum
2570 3883 2680 3939 sint
2718 3884 3014 3955 degeneres
3051 3886 3270 3953 redditi,
3301 3894 3358 3943 et

105 3967 343 4028 tissimum
380 3974 435 4029 in
478 3973 671 4032 salutis
708 3984 906 4032 nostrae
933 3976 1141 4032 advoco
1176 3977 1572 4048 adjumentum,
1604 3986 1664 4033 ut
1764 3972 1889 4043 quia
1911 3973 2238 4030 testiﬁcandi
2258 3973 2456 4029 nullam
2479 3974 2976 4034 habentlicentiam
3000 3981 3263 4048 veritatis,
3289 3996 3360 4038 ex

103 4063 180 4130 qui
218 4081 435 4138 regnum
484 4066 692 4123 factore
716 4068 829 4124 Deo
867 4070 935 4125 ad
967 4069 1351 4127 salutationem
1403 4078 1580 4138 terrae,
1609 4079 1663 4128 et
1770 4072 1883 4121 toto
1907 4065 2158 4122 videatur
2182 4065 2454 4125 interiisse
2477 4084 2732 4138 censura,
2766 4072 2955 4142 sicque
2976 4074 3190 4143 gemino
3213 4074 3358 4132 malo

106 4155 501 4216 sublevationem
568 4158 807 4231 plebium
877 4161 1182 4233 suscepisse
1222 4177 1322 4218 nos
1370 4163 1661 4229 credimus,
1767 4164 1910 4212 terra
1939 4156 2213 4223 atteritur,
2257 4159 2385 4213 dum
2434 4168 2490 4215 et
2513 4159 2633 4230 lege
2661 4169 2716 4216 ct
2742 4164 3077 4234 reperienda:
3106 4165 3358 4221 veritatis

106 4247 454 4304 sanctitudinis
486 4256 681 4304 vestra:
705 4249 949 4306 conciliis
987 4251 1325 4323 adjuvemur.
1357 4251 1509 4308 Unde
1538 4252 1664 4308 licet
1766 4248 2077 4303 destituitur
2123 4248 2451 4318 adiumento.
2500 4252 2654 4308 Unde
2718 4255 2844 4310 licet
2886 4256 3131 4312 eamdem
3183 4257 3356 4329 legem

107 4335 474 4397 sublimationis
504 4349 708 4396 nostra:
741 4342 1038 4410 primordia
1082 4345 1431 4414 paternitatis
1466 4355 1664 4402 vestrae
1768 4344 1967 4393 ηοεῑηθ
2028 4338 2216 4408 ειονίω
2276 4342 2631 4397 mansuem“
2696 4346 3000 4415 temperare
3059 4346 3311 4418 disponat
3340 4389 3357 4413 ς

106 4433 280 4484 emtum
304 4430 566 4502 opinabiti
590 4431 853 4489 relatione
889 4449 997 4489 non
1037 4434 1262 4503 lateant,
1295 4436 1493 4506 quibus
1516 4436 1663 4491 clara
1765 4438 1960 4486 vestra:
1981 4439 2158 4486 tamen
2185 4432 2534 4501 paternitatis
2560 4435 2829 4491 sententia
2852 4437 2953 4493 hos
2976 4438 3067 4510 qui
3093 4455 3193 4510 per
3210 4439 3356 4496 illam

108 4516 380 4578 divinorum
396 4523 733 4595 iudiciorum
762 4524 1115 4596 dispositione
1139 4536 1461 4597 proventus,
1499 4535 1555 4584 et
1579 4542 1665 4583 re-
1694 4594 1727 4598 __
1768 4522 2004 4580 infamiae
2025 4531 2206 4580 notam
2231 4525 2444 4580 titulum
2467 4526 2744 4598 dignitatis
2765 4529 3083 4598 amiserant,
3109 4529 3359 4587 rcvestiri

107 4613 276 4677 gnaudi
315 4594 729 4672 conscenderim
779 4594 988 4684 sedem,
1035 4625 1092 4673 et
1129 4594 1463 4675 sacrosancti
1511 4618 1663 4692 regni
1694 4594 1744 4655 Ῑ)
1772 4614 1968 4670 iterum
1991 4614 2140 4671 claro
2191 4616 2433 4686 pristinae
2477 4618 2856 4688 generositatis
2898 4619 3210 4676 testimonio
3265 4620 3360 4675 de—

110 4707 410 4774 perceperim
439 4708 749 4765 unctionem
770 4750 785 4776 ,
817 4725 963 4766 nunc
998 4719 1180 4767 tamen
1207 4712 1400 4768 melius
1430 4712 1483 4768 id
1514 4722 1665 4783 pote-
1769 4707 2048 4763 votissime
2093 4716 2263 4780 optat.
2294 4708 2451 4765 Nunc
2494 4725 2623 4766 vero
2668 4711 3042 4768 misericordia
3083 4719 3362 4782 praeeunte

108 4794 206 4852 ritis
230 4810 280 4855 et
304 4802 494 4875 scripti
523 4802 784 4859 relatione
810 4819 1157 4876 cognoscere,
1192 4814 1248 4861 et
1278 4805 1663 4878 promulgatio—
1769 4796 1949 4853 taliter
2004 4803 2121 4854 time
2164 4798 2432 4869 disponite
2495 4801 2727 4872 qualiter
2782 4817 2883 4857 nec
2942 4809 3129 4857 nostra
3188 4801 3360 4872 gloria

110 4888 177 4943 uis
197 4902 383 4949 vestra:
406 4895 691 4951 sententiis
715 4894 1016 4965 publicare,
1044 4904 1104 4951 ut
1127 4896 1270 4951 sicut
1293 4896 1484 4951 eadem
1508 4898 1658 4968 regni
1766 4890 2127 4947 ministerium
2152 4892 2490 4950 crudelitatis
2511 4894 2781 4961 adhibeat,
2810 4909 2912 4950 nec
2942 4902 3123 4949 tamen
3166 4909 3358 4950 severa

110 4983 254 5038 nostri
315 4985 608 5055 primordia
658 4994 961 5042 conventus
1029 4995 1225 5042 vestrm
1280 4986 1659 5043 sanctitudinis
1763 4981 2053 5051 prmceptio
2093 4990 2292 5038 terram
2345 4984 2445 5040 sub
2495 4984 2706 5041 diutino
2755 4984 3126 5041 infamationis
3169 4983 3359 5056 jugulo
3407 4973 3410 4976 ’

110 5077 345 5145 comperit
362 5078 621 5151 divinitus
645 5078 912 5145 ordinata,
946 5079 1021 5134 ita
1045 5080 1098 5135 in
1125 5079 1213 5135 his
1239 5087 1297 5135 et
1325 5080 1665 5137 orationibus
1771 5080 2003 5145 premat.
2020 5076 2152 5130 Nam
2182 5085 2236 5132 et
2264 5079 2366 5133 hoc
2392 5079 2718 5148 generaliter
2742 5079 2987 5147 obsecro,
3018 5089 3076 5135 ut
3101 5080 3363 5151 quidquid

110 5162 322 5223 solamen
355 5150 652 5240 impendat,
683 5180 739 5226 et
766 5170 1066 5227 salubrium
1104 5171 1459 5227 conciliorum
1492 5172 1665 5227 nutri-
1774 5166 1827 5221 in
1859 5174 2056 5222 nostra:
2082 5165 2263 5239 gloriae
2294 5167 2499 5239 legibus
2529 5166 2864 5233 absurdum,
2892 5169 3151 5240 quidquid
3192 5168 3358 5239 justi-

112 5266 268 5313 menta
305 5261 603 5332 impertiat,
632 5279 739 5333 quo
779 5272 1088 5334 susceptum
1118 5276 1342 5335 regnum
1375 5264 1514 5319 sicut
1549 5264 1662 5333 jam
1774 5258 1860 5313 tiae
1888 5259 2136 5314 videatur
2162 5258 2512 5323 contrarium,
2548 5258 2900 5314 humanitatis
2920 5270 3112 5315 vestra:
3150 5259 3358 5332 judicio

114 5351 284 5406 vestris
321 5353 724 5409 assensionibus
759 5364 917 5411 teneo
950 5362 1186 5426 gratum,
1222 5355 1297 5409 ita
1328 5354 1662 5411 benedictio-
1773 5349 2093 5420 corrigatur.
2128 5348 2205 5404 De
2231 5349 2443 5404 caneris
2471 5357 2652 5403 autem
2692 5350 2873 5406 causis
2922 5362 3086 5423 atque
3127 5350 3357 5422 negotiis

113 5451 220 5494 num
255 5453 553 5500 vestrarum
595 5446 844 5516 perfruar
884 5447 1290 5503 deﬁnitionibus
1337 5461 1660 5502 consecran-
1770 5460 1889 5516 quae
1915 5442 2125 5501 novella
2154 5451 2464 5514 competunt
2484 5442 2820 5499 institutione
2867 5442 3112 5510 formari,
3171 5443 3357 5499 viden-

113 5525 217 5595 dus,
244 5540 301 5587 ut
332 5534 604 5593 innovatio
632 5537 1028 5607 quodammodo
1072 5537 1244 5594 nostri
1277 5536 1526 5593 videatur
1555 5537 1659 5595 im-
1765 5536 1956 5592 darum
1982 5535 2371 5592 sententiarum
2399 5533 2567 5589 titulis
2588 5535 2861 5590 exaranda
2913 5535 3258 5600 conscribite,
3293 5544 3353 5588 ut

112 5622 231 5688 perii
258 5624 373 5682 haec
401 5629 758 5686 numerositas
782 5631 948 5686 vestri
997 5629 1204 5687 ordinis
1246 5637 1555 5702 aggregata.
1594 5628 1663 5683 Et
1765 5627 1890 5698 quia
1926 5633 2122 5697 przcsto
2143 5633 2267 5680 sunt
2292 5624 2527 5693 religiosi
2551 5626 2948 5696 provinciarum
2992 5633 3253 5688 rectores,
3299 5632 3357 5678 et

114 5709 224 5765 ideo
246 5717 369 5786 quia
399 5718 657 5776 Dominus
700 5720 957 5791 pratcepit
1004 5721 1058 5775 in
1091 5720 1409 5790 Evangelio,
1441 5719 1657 5775 dicens;
1766 5717 2190 5773 clarissimorum
2215 5717 2465 5772 ordinum
2497 5717 2661 5773 totius
2704 5716 2972 5787 Hispaniae
3022 5715 3186 5779 duces
3229 5726 3352 5784 pro-

117 5818 134 5852 ο
164 5802 323 5864 Amen
352 5809 469 5867 dico
494 5812 646 5871 vobis
680 5830 693 5866 :
740 5811 797 5869 Si
829 5812 949 5887 duo
991 5830 1055 5871 ex
1092 5813 1245 5871 vobis
1287 5812 1665 5870 consenserint
1769 5806 2116 5881 mulgationis
2143 5816 2334 5865 vestrm
2352 5807 2660 5887 sententias
2705 5822 2888 5864 coram
2936 5805 3094 5878 positi
3142 5816 3355 5876 prteno-
3451 5882 3461 5893 ε
