3888 6434
114 364 211 421 553

1257 358 1748 421 DECRETALIUM
1784 356 2186 424 COLLECTIO.

3248 353 3355 412 554

114 493 231 536 num
248 483 491 532 nostrum
504 470 778 544 Eringium
791 476 915 543 post
938 485 998 528 se
1019 475 1673 546 peretegitregnaturum,
1703 477 1750 538 Α
1779 472 2009 530 forsitan
2063 473 2388 543 respiciente
2417 472 2644 528 Domino
2690 472 2849 527 saluti
2898 473 3139 544 pristina:
3183 473 3359 529 refor-

114 578 163 624 et
179 563 491 623 sacerdotali
506 562 876 618 benedictione
898 563 1226 635 ungendum.
1243 565 1486 623 Vidimus
1506 567 1672 631 enim,

113 667 162 715 et
182 656 380 729 pariter
407 662 592 725 patulo
618 653 840 708 alterna:
865 653 1090 710 visionis
1118 655 1317 721 intuitu
1348 655 1676 725 praeluceute

111 747 489 820 perspeximus,
504 744 663 815 hujus
672 744 935 815 praemissi
956 746 1163 803 ordinis
1191 747 1506 818 scripturas,
1523 747 1576 802 id
1589 755 1677 801 est

112 837 339 894 notitiam
353 850 518 891 manu
533 835 805 892 seniorum
820 835 1005 906 palatii
1022 835 1349 903 roboratam,
1366 852 1549 894 coram
1563 836 1677 907 qui-

110 931 199 987 bus
218 929 537 985 antecedens
562 928 814 999 princeps
837 936 893 984 et
920 927 1201 998 religionis
1227 930 1449 998 cultum,
1473 940 1529 985 et
1553 938 1677 986 ton-

110 1034 234 1075 surae
246 1034 414 1075 sacrae
428 1017 656 1089 adeptus
678 1026 763 1072 est
780 1016 1087 1072 venerabile
1101 1018 1338 1089 signum,
1349 1019 1675 1089 scripturam

110 1125 304 1183 quoque
320 1108 656 1165 definitionis
676 1108 746 1163 ab
770 1108 961 1163 eodem
985 1108 1245 1176 edictam,
1269 1110 1359 1165 ubi
1382 1109 1673 1181 gloriosum

110 1201 367 1256 dominum
397 1207 645 1255 nostrum
674 1198 957 1271 Eringium
988 1206 1113 1268 post
1138 1213 1197 1255 se
1226 1199 1341 1255 ﬁeri
1371 1214 1551 1268 regem
1580 1215 1674 1256 ex-

107 1300 258 1364 optat,
282 1291 443 1346 aliam
494 1304 713 1361 quoque
760 1289 1203 1346 informationem
1242 1292 1354 1362 jam
1394 1291 1525 1348 dicti
1568 1291 1673 1347 viri

108 1383 154 1435 in
184 1381 393 1436 nomine
422 1380 755 1436 honorabilis
801 1392 859 1435 et
903 1383 1235 1440 sanctissimi
1286 1382 1475 1440 fratris
1502 1384 1673 1440 nostri

105 1471 286 1528 Juliani
319 1470 596 1527 Toletanm
645 1473 791 1528 sedis
837 1473 1098 1546 episcopi,
1126 1476 1220 1531 ubi
1253 1492 1377 1533 eum
1401 1479 1676 1549 separavit

107 1563 290 1632 pariter
314 1572 369 1618 et
394 1563 676 1631 instruxit,
712 1574 770 1620 ut
793 1579 917 1619 cum
946 1566 1095 1622 omni
1121 1566 1394 1640 diligentia
1414 1570 1528 1641 jam
1559 1570 1675 1627 dic-

108 1662 207 1707 tum
248 1654 527 1710 dominum
555 1664 805 1710 nostrum
851 1654 1128 1727 Eringium
1174 1658 1229 1712 in
1260 1672 1432 1729 regno
1468 1675 1675 1733 ungere

105 1742 326 1811 deberet,
348 1754 403 1801 et
429 1746 583 1801 omni
628 1745 905 1819 diligentia
934 1747 1209 1808 unetionis
1247 1751 1418 1822 ipsius
1444 1751 1672 1808 celebri-

1775 574 2011 630 mentur,
2055 576 2223 635 agunt
2265 565 2607 620 cautionibus
2636 564 2787 619 vanis
2827 572 2883 620 et
2929 564 3360 635 oppositionibus

1775 655 2144 720 exsecrandis,
2182 655 2417 725 qualiter
2461 671 2491 709 a
2532 670 2592 711 se
2637 664 2874 711 tonsurae
2915 655 3225 711 venerabile
3272 656 3349 712 si-

1774 759 1941 814 gnum
1965 743 2258 813 expellant,
2285 753 2447 814 atque
2475 744 2716 800 habitum
2762 744 3041 817 religionis
3078 743 3359 814 abjieiant,

1776 833 2267 909 imprudetttissime
2296 845 2602 892 asserentes
2631 834 2753 890 ideo
2774 850 2833 891 se
2853 835 3016 891 nullis
3042 836 3244 907 regulis
3261 851 3357 891 ec-

1776 924 2094 980 clesiasticae
2117 924 2415 995 disciplinae
2444 925 2545 981 sub
2574 926 2677 981 hoc
2703 934 2830 980 voto
2860 925 3057 990 teneri,
3086 926 3211 995 quia
3238 941 3356 997 pat-

1775 1015 2083 1081 nitentiam,
2124 1029 2227 1070 nec
2252 1014 2354 1082 ipsi
2395 1014 2689 1083 petierunt,
2719 1026 2818 1069 nec
2844 1015 3248 1070 consentientes
3272 1030 3360 1070 ae-

1776 1111 2056 1175 ccperunt,
2084 1117 2315 1173 quorum
2365 1102 2699 1172 impudentia
2728 1102 2923 1158 divinae
2960 1102 3216 1159 bonitatis
3243 1119 3365 1174 quae

1774 1209 1870 1251 eos
1895 1194 1962 1250 ad
2001 1202 2108 1249 tam
2146 1193 2456 1250 venerabile
2484 1208 2551 1249 ac
2572 1193 2785 1253 fecundi
2811 1192 3020 1250 fructus
3042 1196 3250 1250 vocavit
3274 1210 3364 1251 sa-

1775 1295 2113 1344 cramentum
2143 1287 2371 1359 turpiter
2397 1287 2781 1352 immemor,et
2820 1287 3095 1343 obstinata
3120 1288 3367 1358 procaci-

1778 1392 1862 1438 tas
1887 1397 1993 1439 non
2032 1382 2323 1453 aliquando
2350 1382 2558 1439 diceret
2586 1381 2734 1447 talia,
2765 1382 2813 1438 si
2838 1381 3073 1451 qualiter
3092 1383 3159 1438 ad
3195 1382 3364 1438 vitam

1776 1491 1875 1548 per
1896 1475 2235 1532 sacrosancti
2269 1475 2472 1531 lavacri
2496 1474 2730 1547 gratiam
2769 1475 2997 1541 veniret,
3033 1476 3368 1532 meminisset

1775 1565 1975 1622 etenim
2013 1564 2361 1635 parvulorum
2393 1564 2678 1621 infantium
2709 1566 2821 1621 vita
2851 1565 3101 1638 originali
3137 1575 3365 1637 peccato

1774 1657 2030 1723 obnoxia,
2073 1672 2195 1728 qua:
2236 1656 2369 1713 nulli
2398 1665 2617 1729 propter
2642 1668 2854 1713 :etatem
2887 1659 3228 1714 discernendi
3275 1659 3382 1713 velv

1775 1750 2058 1819 expetendi
2084 1749 2263 1806 sensui
2289 1747 2773 1822 aptiorjudicetur,
2802 1750 2906 1807 nisi
2962 1766 3031 1806 ex
3073 1751 3382 1820 sponsione

108 1842 182 1890 tas
204 1834 369 1891 ﬁeret.
397 1836 456 1892 ln
488 1852 596 1908 qua
618 1840 887 1911 scriptura
915 1851 969 1899 et
998 1821 1327 1915 subscriptio
1349 1845 1504 1900 nobis
1529 1844 1674 1916 ejus-
1700 1821 1750 1882 Β
1778 1840 2014 1897 fidelium
2056 1821 2337 1913 baptismi,
2362 1841 2631 1914 accipiant
2686 1851 3089 1898 sacramentum
3127 1882 3145 1909 ,
3209 1841 3359 1898 nullo
3382 1894 3387 1901 ,

109 1925 213 1981 dem
240 1926 499 1983 Vuambae
524 1929 789 2002 principis
825 1931 1042 2001 claruit,
1084 1942 1141 1991 et
1181 1935 1360 1991 omnis
1400 1933 1677 1990 evidentia

107 2018 525 2076 conﬁrmationis
550 2024 864 2080 earumdem
892 2027 1288 2099 scripturarum
1305 2042 1366 2084 se
1387 2025 1673 2083 manifeste

110 2110 420 2166 monstravit.
437 2110 649 2180 Quibus
664 2115 913 2173 omnibus
929 2119 1413 2190 approbatisatque
1439 2118 1675 2189 amplec-

114 2197 174 2252 tis
194 2199 409 2272 dignum
441 2216 578 2267 sane
599 2212 789 2260 nostro
808 2207 972 2262 ctetui
998 2207 1173 2265 visum
1194 2216 1301 2275 est,
1325 2216 1383 2269 ut
1402 2207 1678 2278 praedictis

110 2289 908 2366 definitionibus,scripturarum
936 2306 1247 2354 nostrorum
1281 2297 1523 2354 omnium
1546 2311 1675 2352 eon-

112 2379 659 2455 lirmatioapponatur,
684 2397 924 2459 utquam
953 2398 1338 2461 antetempora
1363 2388 1417 2445 in
1448 2388 1676 2446 occultis

108 2470 297 2540 iudiciis
322 2476 612 2545 praescitus
632 2488 717 2541 est
736 2486 821 2533 est
846 2488 1195 2550 regnaturus,
1218 2495 1361 2536 nunc
1388 2478 1676 2537 manifesto

112 2560 158 2616 in
190 2571 418 2634 tempore
433 2567 770 2637 generaliter
789 2570 1032 2626 omnium
1057 2571 1400 2627 sacerdotum
1416 2570 1677 2626 habeatur

112 2650 491 2738 definitionibus
505 2668 873 2725 consecratus.
890 2660 956 2716 Et
970 2661 1091 2731 ideo
1107 2660 1280 2727 soluta
1296 2675 1486 2715 manus
1498 2659 1679 2730 populi

110 2741 167 2803 ab
221 2743 363 2800 omni
410 2744 645 2804 vinculo,
680 2747 1001 2819 juramenti,
1054 2766 1174 2825 quae
1230 2750 1490 2821 pradicto
1562 2749 1677 2806 viro

113 2832 362 2907 Vuambas,
387 2840 525 2897 dum
558 2857 785 2913 regnum
809 2844 989 2900 adhuc
1024 2852 1257 2911 teneret,
1306 2842 1525 2914 alligata
1568 2850 1675 2910 est,

112 2928 234 2987 hunc
285 2933 458 2990 solum
497 2935 589 3005 qui
622 2936 923 3005 permansit
947 2936 1359 2991 serenissimum
1394 2934 1685 3006 Eringium

110 3020 391 3095 principem
455 3024 792 3089 obsecutum
845 3034 1013 3097 grata:
1076 3024 1355 3081 servitutis
1413 3023 1681 3080 famulatu

114 3124 364 3184 sequatur,
403 3125 467 3172 et.
512 3115 704 3183 libera,
755 3130 914 3188 quem
943 3124 999 3173 et
1046 3117 1287 3172 divinum
1310 3117 1579 3187 judicium
1621 3117 1677 3179 in

114 3215 258 3274 regno
278 3205 577 3278 praeelegit,
606 3213 663 3261 et
706 3187 964 3262 decessor
992 3207 1248 3277 princeps
1295 3222 1671 3263 successorem
1705 3187 1750 3253 Ο

116 3292 200 3347 sibi
226 3295 564 3363 instituit,,et
600 3295 746 3365 quod
782 3304 1054 3368 superest,
1090 3311 1253 3367 quem
1295 3297 1459 3352 tutius
1492 3297 1675 3367 populi

117 3383 388 3468 amabilitas
428 3385 753 3457 exquisivit.
803 3385 960 3443 Unde
1006 3386 1093 3442 bis
1133 3386 1481 3458 praecognitis
1513 3395 1676 3458 atque

117 3478 351 3542 praescius
375 3480 727 3558 serviendum
747 3490 830 3536 est
846 3481 957 3541 Deo
986 3481 1132 3551 coeli,
1155 3490 1210 3537 et
1230 3481 1491 3552 praedicto
1526 3482 1677 3553 prin-

116 3562 203 3633 cipi
239 3577 418 3637 nostro
459 3569 689 3642 Eringio
723 3571 862 3645 regi,
897 3572 1055 3644 eique
1081 3572 1170 3643 pia
1200 3573 1493 3637 devotione
1513 3575 1675 3631 obse-

116 3657 358 3722 quendam
398 3669 455 3717 et
503 3663 910 3733 promptissima
950 3663 1229 3719 voluntate
1283 3665 1575 3735 agendum,
1622 3674 1679 3723 et

117 3742 402 3803 enitendum
439 3739 706 3820 quidquid
744 3752 863 3822 ejus
895 3752 1057 3821 saluti
1107 3752 1379 3822 proficiat,
1412 3755 1675 3825 quidquid

115 3835 268 3904 gentis
305 3854 416 3896 sua:
445 3841 778 3909 utilitatibus
823 3851 879 3898 et
920 3843 1113 3913 patriae
1140 3845 1492 3901 consuluerit.
1521 3846 1701 3904 Unde,

116 3940 203 3983 non
233 3930 449 4001 eritjam
472 3934 732 4005 deinceps
762 3934 832 3990 ab
856 3936 1222 3993 anathematis
1251 3940 1520 3995 sententia
1545 3941 1676 3996 alie-

117 4033 226 4086 nus,
268 4034 359 4081 aut
406 4025 609 4082 divinae
652 4027 1145 4085 animadversionis
1194 4029 1401 4087 ultione
1448 4045 1676 4093 securus

119 4112 317 4186 quisque
365 4127 564 4176 contra
596 4119 824 4178 salutem
867 4119 986 4188 ejus
1029 4120 1285 4193 deinceps
1314 4130 1409 4177 aut
1436 4122 1675 4179 erexerit

117 4214 276 4259 vocem
337 4217 429 4264 aut
475 4207 835 4263 commoverit
882 4208 1114 4278 caedem,
1152 4218 1248 4277 aut
1292 4225 1682 4282 quamcunque.

118 4296 384 4362 exquiserit
407 4299 638 4354 laedendi
669 4298 949 4354 ultionem.
1596 4288 1599 4291 Α

173 4384 228 4439 ll.
263 4387 587 4460 Plerumque
608 4391 714 4457 bis,
739 4392 936 4463 quibus
960 4392 1239 4450 miseratio
1265 4393 1480 4451 Domini
1505 4393 1670 4449 etiam

117 4473 390 4537 volentibus
446 4483 719 4548 subvenit,
770 4482 1050 4539 beneficiis
1102 4484 1196 4537 Dei
1247 4484 1501 4541 videntur
1547 4501 1672 4541 esse

120 4560 303 4634 ingrati,
334 4579 390 4625 et
419 4571 570 4626 abuti
598 4572 773 4642 gratia
799 4572 1073 4644 largitoris
1102 4589 1208 4643 qua
1239 4573 1376 4636 bene
1401 4575 1480 4630 usi
1515 4585 1671 4644 pote-

120 4664 221 4709 rant
263 4662 517 4731 consequi
576 4661 971 4718 absolutionem
1035 4661 1313 4719 facinoris.
1353 4664 1690 4736 Impugnant.

120 4758 236 4816 saepe
254 4753 389 4819 quod
418 4755 689 4810 honorare
714 4754 1049 4828 debuerunt,
1081 4766 1136 4812 et
1160 4755 1402 4827 profanis
1424 4744 1676 4828 quaestio-

120 4835 254 4893 nibus
276 4841 491 4899 indulta
516 4844 706 4913 gratiae
733 4858 927 4898 munus
949 4857 980 4899 a
1002 4844 1335 4914 serejiciunt
1359 4847 1503 4916 quod
1525 4861 1672 4901 sum-

121 4925 203 4982 mis
226 4932 353 5009 votis
400 4933 650 5005 amplecti
696 4934 1018 4991 debuerunt.
1060 4937 1275 4993 Etenim
1301 4938 1500 4995 multos
1527 4954 1670 5010 smpe

121 5024 392 5087 aspeximus
417 5027 471 5081 in
524 5028 697 5084 salute
742 5028 977 5099 positos,
998 5027 1246 5083 ultimum
1293 5029 1686 5091 desiderantes,

121 5112 417 5175 ptenitentite
440 5118 698 5188 fructum,
722 5130 782 5176 ut
806 5136 997 5178 rursus
1026 5122 1307 5178 nimietate
1332 5123 1672 5196 aegritudinis

124 5196 184 5253 ita
200 5201 435 5276 loquendi
455 5219 510 5267 et
533 5211 799 5267 sentiendi
822 5212 1069 5268 naturale
1089 5213 1392 5283 prodidisse
1407 5213 1670 5283 officium,

123 5296 173 5342 ut
196 5294 323 5349 nulla
344 5297 444 5355 illis
471 5315 600 5356 cura
631 5301 822 5357 salutis
855 5317 966 5357 sum
1008 5302 1283 5359 videretur
1310 5302 1507 5370 inesse,
1525 5303 1673 5359 nullo

125 5380 260 5438 etiam
304 5387 541 5455 pristinae
569 5392 869 5461 devotionis
898 5386 1257 5448 noscerentur
1277 5393 1548 5449 desiderio
1575 5409 1671 5449 an-

124 5464 294 5530 helare.
309 5475 541 5545 Quorum
571 5492 749 5538 tamen
779 5483 993 5539 casibus
1014 5481 1326 5539 fraternitas
1352 5483 1667 5551 condolens,

125 5559 188 5617 ila
217 5570 387 5628 talium
416 5577 768 5634 necessitates
804 5579 857 5634 in
894 5578 999 5634 fide
1023 5579 1327 5650 susceperit
1351 5595 1467 5645 sua,
1499 5588 1558 5636 ut
1589 5580 1670 5635 ul-

126 5651 284 5714 limum
328 5663 427 5724 illis
463 5670 728 5725 tribuatur
748 5670 1029 5737 viaticum,
1054 5671 1261 5727 scilicet
1302 5686 1370 5726 ne
1409 5671 1527 5727 sine
1554 5670 1666 5726 fru-

128 5751 200 5800 θίυ
222 5755 533 5819 Ρωηίιθηιίεε
558 5759 841 5819 videantur
864 5761 1096 5818 transire
1131 5777 1161 5818 e
1196 5760 1414 5821 sacculo.
1440 5761 1591 5830 Quod
1618 5762 1662 5819 si

1454 5920 1485 5945 δ

1777 1947 1961 1999 sensu,
1992 1932 2137 1988 nulla
2174 1933 2341 1988 etiam
2369 1932 2715 1989 discretionis
2738 1931 3005 1988 industria
3033 1932 3086 1987 id
3108 1940 3372 2003 appetere,

1777 2032 2021 2096 possunt.
2088 2024 2245 2082 Unde
2306 2025 2447 2087 sicut
2506 2026 2810 2098 baptisma,
2861 2027 3006 2098 quod
3074 2027 3395 2084 nescienti-,

1776 2115 1876 2173 bus
1907 2117 2149 2188 parvulis
2196 2117 2315 2174 sine
2356 2117 2460 2174 ulla
2494 2119 2845 2175 contentione
2900 2118 2955 2175 in
3004 2118 3112 2174 fide
3159 2126 3379 2176 tantum

1775 2208 2149 2278 proximorum
2176 2208 2464 2278 accipitur,
2499 2209 2573 2263 ita
2591 2208 2927 2280 ptenitentia:
2969 2208 3190 2275 donum,
3221 2208 3369 2279 quod

1778 2302 2145 2359 nescientibus
2200 2301 2458 2368 illabitur,
2497 2301 2725 2373 aliisque
2776 2300 3144 2373 impugnantia
3193 2299 3366 2356 viola-

1779 2392 1965 2460 tionis,
1995 2392 2052 2448 bi
2090 2393 2180 2464 qui
2209 2392 2338 2448 illud
2368 2392 2702 2463 exceperint,
2726 2391 3108 2449 observabunt.
3153 2390 3212 2447 Si
3247 2391 3373 2461 quis

1780 2493 1959 2540 autem
2015 2484 2256 2555 quolibet
2302 2484 2462 2540 modo
2507 2483 2882 2553 ptenitentiam
2929 2483 3222 2555 accipiens,
3266 2482 3371 2537 boc

1780 2575 2067 2630 violaverit
2101 2574 2360 2647 synodale
2380 2575 2709 2640 institutum,
2737 2586 2797 2631 ut
2821 2590 2948 2631 vere
2998 2583 3396 2646 transgressae

1784 2667 2027 2737 paternis
2065 2665 2264 2738 regulis
2307 2664 2554 2722 ferietur.
2610 2664 2723 2721 Nec
2765 2665 2911 2721 enim
2941 2665 3043 2722 ista
3068 2670 3403 2726 statuentes

1783 2757 2123 2820 sacerdotes,
2166 2770 2410 2827 quosque
2451 2763 2510 2810 ut
2560 2754 2768 2826 passim
2812 2761 2870 2810 et
2897 2753 3124 2810 licenter
3164 2753 3401 2817 donum_

1784 2847 2117 2917 poenitentia}
2140 2862 2242 2902 non
2268 2845 2657 2917 paenitentibus
2670 2845 2907 2901 audeant
2926 2859 3247 2916 prorogare,
3271 2843 3375 2900 ab-t

1783 2936 2060 2999 solvimus.
2115 2938 2209 2994 sed
2258 2939 2358 2993 hos
2387 2936 2482 3007 qui
2522 2936 2763 3007 qualibet
2799 2943 2947 2997 sorte
2992 2934 3401 3006 ptenitentiam,

1784 3029 2234 3099 susceperint,ne
2256 3028 2483 3087 ulterius
2503 3027 2571 3082 ad
2593 3027 2835 3091 militare~
2850 3026 3122 3098 cingulum
3147 3027 3374 3082 redeant
3398 3056 3403 3061 ο

1787 3117 2097 3190 religamus.
2136 3117 2463 3174 Sacerdotes
2493 3127 2673 3173 tamen
2700 3117 2791 3187 qui
2822 3132 2931 3172 non
2958 3113 3367 3181 consentiendo,

1783 3221 1958 3277 neque
1982 3207 2340 3276 poenitentiae,
2355 3222 2488 3277 ausu
2503 3206 2791 3265 temerario
2809 3204 3189 3277 pmnitentiam
3211 3202 3377 3259 dede.

1785 3297 1913 3363 rint,
1942 3311 2119 3368 neque
2145 3313 2205 3353 se
2234 3298 2525 3359 exbortatu
2557 3295 2674 3367 ejus
2696 3296 2788 3367 qui
2819 3295 3196 3366 paenitentiam
3224 3292 3374 3350 acci-

1783 3387 1862 3456 pit
1881 3385 1967 3442 vel
1997 3401 2254 3442 manuum
2278 3385 2513 3452 indiciis,
2536 3385 2624 3440 vel
2651 3384 2983 3456 quibuslibet
3008 3383 3131 3439 aliis
3150 3383 3370 3445 eviden-

1782 3476 1927 3534 tibus
1983 3477 2469 3548 significationibus
2518 3477 2803 3533 invitatum
2840 3475 3010 3533 fuisse
3037 3473 3373 3546 probaverit,

1779 3568 1939 3627 unius
1962 3568 2089 3623 anni
2116 3568 2694 3625 excommunicationis
2720 3567 3005 3631 sententia:
3049 3563 3369 3636 subjacebit.
3386 3623 3401 3632 ἢ

1847 3658 1932 3714 Ill.
1979 3658 2225 3717 Vidimus
2250 3658 2570 3729 quosdam,
2640 3665 2697 3713 et
2737 3656 2998 3713 flevimus.
3030 3671 3098 3712 ex
3141 3667 3371 3710 numero

1780 3748 2118 3819 culpatorum
2167 3757 2437 3818 receptos,
2479 3748 2533 3803 in
2580 3747 2809 3820 gratiam
2838 3747 3145 3818 principum
3188 3753 3373 3802 extor-

1778 3854 1867 3895 res
1925 3837 2201 3894 exstitisse
2263 3854 2294 3894 a
2355 3838 2581 3910 collegio
2647 3838 3023 3906 sacerdotum,
3085 3836 3232 3907 quod
3275 3836 3371 3892 de-

1779 3928 2016 3986 notabile
2075 3928 2275 3984 malum
2321 3928 2410 3983 illa
2455 3944 2544 3984 res
2587 3929 2720 4001 agit,
2772 3929 2901 4000 quia
2950 3927 3166 3984 licentia
3218 3926 3373 3998 prin:

1778 4019 1970 4091 cipalis
2019 4020 2074 4075 in
2124 4035 2231 4093 quo
2272 4035 2330 4076 se
2381 4019 2516 4075 solvi
2565 4019 2817 4077 licentius
2870 4027 3056 4085 curat,
3108 4017 3181 4073 ibi
3234 4017 3374 4072 alios

1777 4100 1996 4182 alligat,
2044 4117 2100 4166 et
2153 4124 2291 4180 quos
2344 4110 2399 4165 in
2457 4124 2607 4165 suam
2662 4109 3101 4166 communionem
3158 4107 3373 4164 videtur

1777 4201 2075 4271 suscipere,
2133 4215 2162 4255 a
2212 4201 2597 4257 communione
2644 4209 2701 4255 et
2740 4215 2875 4272 pace
2924 4199 3181 4257 Ecclesia:
3228 4198 3373 4255 vidc-

1777 4301 1867 4347 tur
1916 4307 2189 4363 separare,
2228 4300 2288 4346 ut
2317 4294 2410 4362 qui
2455 4308 2581 4348 cum
2635 4292 2729 4348 illo
2763 4301 3164 4349 convcscuntur
3192 4306 3375 4348 sacer-

1776 4383 1962 4439 dotum
2008 4373 2393 4449 communione
2446 4383 2560 4439 sola
2610 4384 2914 4453 priventur.
2954 4382 3021 4438 Et
3062 4381 3184 4437 ideo
3244 4381 3374 4452 quia

1778 4473 2028 4539 remissio
2080 4473 2305 4540 talium,
2356 4473 2446 4543 qui
2495 4482 2686 4529 contra
2734 4472 2942 4544 legem,
2991 4481 3231 4544 gentem,
3285 4472 3372 4527 vel

1697 4536 2010 4636 D‘patriam
2040 4573 2229 4636 agunt,
2278 4578 2392 4635 per,
2424 4564 2768 4620 definitiones
2813 4579 3083 4619 canonum
3121 4562 3374 4630 antiquo-

1782 4673 1903 4712 rum
1934 4665 2197 4727 potestate
2231 4655 2406 4711 solum
2438 4655 2589 4726 regia
2623 4654 2866 4725 punitur,
2907 4654 2993 4708 cui
3026 4660 3083 4707 et
3112 4663 3373 4722 peccasse

1782 4757 2078 4803 noscuntur
2126 4746 2195 4802 ab
2233 4747 2313 4801 eis
2363 4745 2511 4800 nulla
2563 4758 2621 4801 se
2652 4745 2908 4816 deinceps
2954 4740 3248 4797 abstinebit
3284 4754 3372 4796 sa-

1780 4839 2060 4896 cerdotum
2101 4838 2428 4903 communio,
2475 4835 2568 4893 sed
2600 4849 2737 4907 quos
2783 4832 2932 4906 regia
2978 4839 3241 4901 potestas,
3278 4837 3373 4884 aut

1782 4931 1836 4986 in
1890 4929 2120 5001 gratiam
2174 4928 2522 4999 benignitatis
2583 4924 2879 4996 receperit,
2935 4930 3029 4978 aut
3077 4920 3372 4991 participes

1778 5038 1981 5079 mensa:
2033 5037 2145 5077 suae
2195 5019 2467 5087 effecerit,
2517 5020 2618 5075 hos
2665 5019 2827 5074 etiam
2915 5014 3255 5073 sacerdotum
3316 5020 3373 5068 et

1776 5114 2093 5186 populorum
2139 5122 2436 5169 conventus
2483 5111 2760 5180 suscipere
2808 5109 2862 5163 in
2928 5105 3359 5163 ecclesiasticam

1775 5203 2213 5260 communionem
2262 5202 2497 5265 debebit,
2543 5209 2602 5255 ut
2646 5201 2792 5270 quod
2838 5193 3154 5269 principalis
3195 5194 3370 5266 pietas

1776 5297 1943 5354 habet
1997 5305 2278 5367 acceptum
2339 5310 2445 5350 non
2510 5307 2542 5348 a
2617 5290 2992 5351 sacerdotibus
3055 5284 3155 5343 Dei
3207 5286 3370 5341 debet

1775 5405 1895 5455 esse
1941 5397 2285 5467 extraneum.

1843 5483 1947 5553 ιν.
1989 5482 2253 5554 Maiorum
2282 5480 2710 5539 institutionibus
2760 5494 2895 5535 ausu
2925 5471 3215 5533 temerario
3236 5482 3334 5527 con

1771 5576 1958 5640 traire,
1988 5585 2043 5632 et
2067 5585 2378 5632 sanctorum
2425 5574 2648 5629 Patrum
2697 5573 2913 5629 decreta
2968 5564 3275 5630 convellere
3305 5568 3359 5616 et

1768 5667 2109 5737 superiorum
2143 5680 2364 5722 suorum
2386 5665 2644 5722 effrenata
2672 5664 2895 5721 libidine
2915 5668 3103 5717 contra
3127 5653 3363 5711 sanctisa

1768 5760 1959 5817 simam
1987 5758 2229 5832 Apostoli
2259 5759 2557 5817 doctrinam
2594 5754 2964 5816 sanctionibus
3004 5748 3185 5817 reniti,
3233 5742 3365 5818 quid
