3820 5318
467 194 572 253 555
1138 226 1161 251 γ

1269 192 1561 248 aereae.
1604 193 1696 248 AD
1732 191 1904 249 sane.
1943 189 2138 246 1x.—
2174 188 2427 249 tsmom
2463 189 2905 257 MERCATORIS
3182 201 3188 210 ·
3264 176 3407 205 ""“
3605 203 3679 259 sse

469 307 616 363 aliud
662 315 743 359 cst
768 344 782 369 ,
833 318 994 373 quam
1050 323 1067 354 ι
1123 303 1393 359 vinculum
1449 306 1728 362 societatis
1775 305 1977 362 Christi
2027 324 2046 358 ι
2079 309 2127 368 Α
2157 314 2211 361 et
2253 305 2519 362 facturum
2548 320 2671 363 esse
2702 305 2979 379 proﬁteor.
3014 304 3147 363 item
3191 322 3257 364 ex
3284 309 3510 367 concilio
3543 311 3681 371 Sardi-

469 396 525 462 (I
551 396 712 451 Joan.
761 413 811 461 ι,
861 397 914 464 '5)
966 397 1307 465 abrumpere,
1365 405 1420 451 et
1466 407 1739 470 usurpata:
1792 416 2056 471 praesum-

469 486 673 558 ptionis
719 485 933 541 licentia
971 493 1172 539 statum
1224 485 1478 541 Ecclesia:
1522 487 1837 559 dissipare?
1864 491 2055 548 Prose-

471 585 674 647 quente
724 577 892 647 igitur
943 576 1255 642 venerabili,
1287 587 1344 632 et
1385 578 1729 636 sanctissimo
1774 582 1918 651 viro,
1948 583 2058 639 fra-

470 679 555 725 tre
580 678 764 725 nostro
786 668 1089 739 Stephano,
1115 668 1473 726 Emeritensis
1493 671 1637 726 sedis
1664 673 1915 745 episcopo
1933 716 1947 741 ,
1970 690 2058 732 res

471 763 631 819 nobis
688 761 914 817 novella:
951 761 1387 833 praesumptionis
1418 764 1771 835 usurpatione
1822 780 1941 822 sese
1971 768 2056 823 in-

435 850 596 909 .tulit
638 849 1047 920 pertractanda,
1095 857 1245 904 tanto
1288 853 1562 905 communi
1618 861 1805 909 nostro
1856 855 2060 925 judicio

473 942 858 1007 convellenda,
917 951 1121 1014 quanto
1181 951 1235 997 et
1290 944 1576 1015 pravitatis
1624 960 1757 1001 ausu
1818 949 2062 1004 noscitur

469 1044 804 1108 perpetrata.
858 1034 1007 1090 Dixit
1056 1036 1199 1091 enim
1241 1035 1494 1093 violentia
1541 1038 1828 1111 principali
1877 1056 1936 1097 se
1963 1040 2061 1097 im-

470 1128 687 1199 pulsum
722 1126 889 1183 fuisse
916 1136 975 1182 ut
1007 1128 1060 1182 in
1106 1129 1439 1185 monasterio
1482 1130 1700 1197 villulae,
1734 1131 1787 1187 in
1841 1148 1949 1203 quo
1971 1149 2062 1190 ve-

471 1219 717 1276 nerabile
777 1234 976 1289 corpus
1042 1220 1372 1275 sanctissimi
1457 1220 1665 1277 Pinevii
1735 1222 2064 1281 confessoris

473 1312 659 1368 debito
703 1310 934 1380 quiescit
988 1310 1214 1378 honore,
1247 1328 1441 1368 novam
1472 1314 1793 1386 episcopalis
1844 1316 2066 1372 honoris

471 1400 873 1455 ordinationem
937 1400 1208 1468 ediceret,
1264 1410 1319 1457 et
1375 1402 1494 1459 ideo
1554 1420 1623 1459 ex
1670 1403 1966 1462 indiscrete
2010 1415 2065 1463 et

471 1491 735 1548 facillimo
784 1506 1006 1549 assensu
1058 1492 1270 1566 injustis
1322 1493 1581 1551 Vuamlm
1632 1495 1896 1567 principis
1949 1496 2065 1567 jus-

474 1590 726 1646 sionibus
775 1605 997 1661 parens,
1052 1604 1247 1645 novam
1311 1598 1368 1646 et
1426 1589 1681 1660 injustam
1723 1590 1833 1647 illic
1888 1591 2072 1661 ponti-

2160 397 2308 453 oensi
2347 398 2437 453 ubi
2467 398 2611 454 inter
2634 407 2830 455 caetera
2859 397 3171 470 praecipitur
3205 416 3219 454 :
3247 399 3487 456 Licentia
3528 406 3683 473 passim

2158 488 2336 544 damla
2362 504 2468 544 non
2495 499 2598 545 est.
2632 488 2690 546 Si
2718 490 2862 546 enim
2890 490 3068 548 subito
3094 501 3191 547 aut
3225 492 3376 549 vicus
3399 494 3596 564 aliquis,
3618 510 3685 554 aut
3786 488 3787 564 ξ

2160 579 2369 635 modica
2396 581 2614 648 civitas,
2637 581 2724 637 cui
2749 582 2880 638 satis
2904 591 2986 638 est
3025 598 3164 639 unus
3188 584 3488 655 presbyter,
3512 587 3688 645 voluerit

2161 668 2265 723 sibi
2312 668 2622 739 episcopum
2658 669 2901 726 ordinari
2925 671 2993 726 ad
3033 672 3135 726 hoc
3175 680 3235 726 ut
3276 672 3501 728 vilescat
3538 690 3686 731 nomen

2160 757 2395 828 episcopi
2422 767 2474 813 el
2491 758 2807 825 auctoritas,
2830 775 2935 815 non
2959 761 3153 817 debent
3174 760 3337 816 illiex
3355 762 3458 816 alia
3471 764 3689 832 provincia

2161 847 2372 903 invitati
2399 847 2579 905 facere
2617 851 2925 921 episcopum
2974 851 3027 906 in
3069 853 3266 923 quibus
3294 861 3458 909 antea
3486 853 3688 912 nonfuit.

2162 940 2298 996 item
2326 943 2395 998 de
2422 944 2691 999 sententia
2715 959 2901 999 eorum
2930 945 3020 1016 qui
3051 946 3365 1018 huiusmodi
3387 945 3692 1003 ordinationes

2162 1032 2387 1101 faciunt,
2414 1034 2499 1090 vel
2531 1034 2596 1090 de
2623 1033 2710 1091 his
2738 1036 2829 1107 qui
2854 1046 3043 1093 contra
3070 1038 3187 1094 htec
3216 1038 3468 1094 instituta
3487 1054 3695 1095 canonum

2162 1124 2497 1192 ordinantur,
2515 1140 2581 1181 ex
2596 1126 2827 1183 concilio
2842 1127 3154 1195 Tauritano,
3176 1128 3339 1184 titulo
3348 1130 3439 1185 ubi
3453 1131 3569 1188 dicit
3584 1130 3695 1186 :Ges-

2165 1223 2341 1269 torum
2372 1230 2587 1286 quoque
2610 1217 2807 1271 seriem
2834 1217 3101 1273 conscribi
3126 1217 3331 1291 placuit
3386 1221 3455 1275 ad
3481 1231 3695 1291 perpetem

2165 1307 2498 1379 disciplinam
2528 1308 2670 1378 quod
2696 1309 2841 1365 circa
2862 1320 3110 1367 octavum
3139 1310 3430 1367 Ursionem
3453 1311 3695 1385 Remigium

2164 1396 2431 1467 Adrepha:
2482 1397 2798 1468 episcopum
2847 1400 3083 1471 synodus
3134 1409 3326 1456 sancta
3377 1400 3614 1469 decrevit,
3635 1403 3696 1473 qui

2167 1486 2222 1541 in
2275 1486 2680 1557 usurpationem
2721 1487 3010 1557 quamdam
3034 1489 3103 1545 de
3135 1489 3483 1545 ordinatione
3510 1491 3699 1546 sacerdo-

2169 1584 2282 1630 tum
2307 1576 2374 1630 ad
2397 1575 2659 1632 invidiam
2691 1577 3008 1645 vocabatur,
3030 1578 3174 1649 quod
3198 1579 3275 1634 ita
3318 1579 3409 1634 his
3437 1578 3626 1635 videtur
3642 1580 3699 1636 in-

473 1683 649 1738 ﬁcalis
717 1684 863 1739 sedis
913 1684 1317 1755 prmlectionem
1363 1685 1594 1752 induxit,
1647 1684 1740 1741 ubi
1802 1702 1973 1743 canon

2194 1667 2398 1735 lultum,
2441 1678 2502 1723 ut
2549 1668 2618 1725 de
2661 1676 2859 1726 caetero
2910 1669 3012 1726 hac
3064 1671 3398 1726 auctoritate
3452 1672 3702 1729 commoniti

473 1774 796 1830 constitutio
833 1774 887 1829 id
932 1775 1048 1830 ﬁeri
1099 1775 1409 1831 omnimoda
1440 1775 1653 1832 ratione
1684 1775 1905 1843 refellit,
1931 1791 2066 1846 prte-

474 1866 652 1920 dictus
685 1866 828 1920 idem
856 1865 942 1920 vir
984 1856 1290 1937 prostratus
1324 1866 1473 1921 humi
1505 1868 1865 1924 medicamine
1893 1869 2065 1924 nostri

473 1960 753 2030 prascepti,
816 1967 871 2013 et
919 1960 1022 2015 sibi
1071 1960 1202 2015 dare
1258 1960 1469 2015 veniam
1513 1961 1733 2031 petitet
1777 1961 1920 2032 quod
1966 1975 2087 2031 por

476 2049 747 2105 tissimum
804 2049 923 2106 ﬁeri
970 2058 1220 2121 oporteat
1264 2050 1330 2105 de
1367 2065 1600 2121 persona
1645 2051 1765 2123 ejus
1814 2053 1907 2122 qui
1958 2052 2067 2109 illic

476 2142 761 2198 ordinatus
811 2141 988 2199 fuerat
1030 2145 1198 2199 nostri
1247 2144 1361 2201 oris
1405 2146 1673 2201 sententia
1723 2146 1939 2202 decerni
1971 2163 2069 2219 po-

475 2234 670 2304 poscit.
689 2234 794 2291 Sed
809 2236 937 2306 quia
950 2236 1240 2302 veraciter,
1257 2237 1367 2292 imo
1381 2237 1737 2293 communiter
1749 2252 2070 2295 noveramus

474 2325 790 2394 praedictum
835 2328 1134 2399 principem
1174 2328 1401 2385 concilio
1430 2329 1663 2386 levitatis
1687 2339 1931 2403 agentem
1963 2346 2068 2387 non

476 2413 651 2469 solum
711 2419 1064 2490 praecepisse,
1142 2428 1201 2474 ut
1264 2420 1318 2475 in
1373 2421 1632 2490 prtedicto
1695 2421 1813 2477 loco
1878 2420 2069 2491 aliquis

476 2505 768 2579 episcopus
795 2508 969 2576 ﬁeret,
1021 2512 1115 2567 sed
1150 2511 1315 2567 etiam
1343 2512 1417 2568 ita
1449 2527 1572 2568 cum
1598 2513 1876 2568 consuetis
1903 2513 2071 2568 obsti-

478 2598 793 2654 nationibus
835 2599 1144 2664 desinissct,
1193 2608 1254 2654 ut
1306 2601 1362 2655 in
1409 2601 1670 2657 suburbio
1720 2602 1981 2659 Toletano
2016 2604 2069 2658 in

480 2675 711 2742 ecclesia
786 2688 1132 2745 Prmtorrensi
1200 2699 1516 2746 sanctorum
1588 2692 1733 2747 Petri
1798 2702 1853 2749 et
1920 2694 2071 2750 Pauli

481 2778 794 2849 episcopum
843 2781 1144 2847 ordinaret,
1176 2798 1388 2838 necnon
1430 2793 1487 2839 et
1536 2785 1587 2840 in
1632 2785 1753 2842 aliis
1802 2788 1938 2844 vicis
1989 2789 2073 2844 vel

480 2868 686 2924 villulis
731 2871 981 2926 similiter
1044 2870 1271 2928 faceret.
1333 2873 1458 2929 ideo
1510 2891 1610 2946 pro
1665 2884 1773 2932 tam
1823 2878 2077 2934 insolenti

482 2959 792 3029 hujusmodi
842 2962 1247 3033 exstirpationis
1281 2964 1519 3033 licentia,
1580 2967 1724 3037 quod
1753 2967 1821 3023 de
1870 2968 1975 3024 hac
2017 2985 2076 3024 re

2169 1758 2299 1814 nihil
2329 1774 2591 1831 usurpare
2637 1769 2924 1827 conentur,
2952 1761 3221 1833 siquidem
3272 1777 3337 1818 se
3366 1760 3437 1816 ab
3472 1762 3566 1816 hac
3585 1776 3702 1817 causa

2168 1849 2260 1903 tali
2322 1849 2672 1906 excusatione
2730 1848 3118 1916 defenderint,
3189 1865 3298 1921 qua
3383 1850 3606 1905 dicerent
3666 1863 3705 1904 se

2169 1956 2275 1995 non
2304 1955 2422 1997 esse
2449 1942 2601 2011 prius
2620 1951 2936 1998 conventos.
2965 1940 3485 2011 Proindejudicavit
3507 1941 3703 2015 synodus,

2169 2043 2230 2089 ut
2266 2034 2309 2089 si
2332 2036 2456 2105 quis
2481 2049 2546 2091 ex
2579 2037 2681 2093 hoc
2728 2035 2921 2093 fecerit
2969 2047 3158 2095 contra
3184 2038 3443 2094 instituta
3480 2038 3704 2110 majorum,

2170 2126 2306 2182 sciat
2343 2127 2408 2194 is,
2452 2128 2546 2200 qui
2585 2128 2866 2186 ordinatus
2908 2130 3090 2196 fuerit,
3115 2132 3428 2187 sacerdotis
3457 2146 3515 2188 se
3555 2132 3705 2187 honore

2168 2217 2513 2289 privandum,
2548 2228 2603 2275 et
2631 2218 2719 2275 ille
2745 2220 2837 2290 qui
2882 2219 3220 2276 ordinaverit
3249 2221 3575 2277 auctoritate
3594 2234 3639 2275 se
3667 2219 3705 2275 in

2170 2310 2624 2378 ordinationibus,
2654 2310 2739 2368 vel
2764 2312 2817 2368 in
2860 2312 3102 2369 conciliis
3143 2311 3376 2368 minime
3406 2321 3701 2369 retenturum.

2174 2400 2292 2457 Non
2324 2400 2499 2457 solum
2525 2411 2706 2458 autem
2737 2401 2882 2459 circa
2914 2412 3274 2459 memoratum
3298 2405 3601 2475 episcOpum
3628 2402 3705 2457 hac

2174 2494 2442 2549 sententia
2456 2493 2900 2563 praevalebit,sed
2924 2505 2979 2550 et
3009 2494 3153 2551 circa
3180 2509 3377 2550 omnes
3403 2494 3557 2550 simili
3578 2507 3709 2548 errore

2174 2587 2425 2658 deceptos
2437 2588 2526 2657 qui
2541 2587 2909 2643 ordinationes
2929 2586 3232 2657 huiusmodi
3253 2592 3631 2659 perpetrarunt.
3648 2583 3709 2637 llis

2175 2693 2305 2749 ergo
2331 2677 2644 2733 fortissimis
2674 2678 2874 2750 regulis
2898 2677 3148 2735 effectum
3180 2678 3256 2748 pii
3279 2677 3472 2749 operis
3492 2690 3706 2752 opponen-

2179 2777 2278 2834 tes,
2331 2768 2385 2823 in
2433 2769 2710 2824 communi
2755 2768 3072 2824 deﬁnitione
3100 2769 3393 2842 elegimus,
3446 2779 3501 2825 ut
3542 2769 3589 2823 in
3629 2767 3709 2822 loco

2178 2857 2373 2914 villula:
2419 2859 2745 2930 supradicta:
2791 2859 3047 2930 deinceps
3109 2862 3267 2915 sedes
3315 2858 3619 2931 episcopalis
3641 2870 3711 2910 non

2179 2958 2479 3014 remaneat,
2531 2966 2707 3021 neque
2733 2950 3020 3022 episc0pus
3050 2949 3161 3006 illic
3190 2950 3334 3005 ultra
3364 2946 3712 3007 constituendus

484 3052 687 3107 habent
714 3053 959 3108 instituta
1006 3031 1274 3111 canonum
1306 3057 1360 3111 in
1404 3031 1635 3115 medium
1674 3061 1906 3131 proferri
1938 3078 1992 3133 pr

2202 3046 2398 3112 :xistat,
2447 3045 2536 3100 hic
2566 3052 2749 3099 tamen
2802 3042 3098 3099 Convildus
3127 3043 3219 3114 qui
3262 3051 3465 3099 contra
3510 3039 3710 3111 majorum

485 3143 748 3214 cepimus.
801 3144 950 3201 Tunc
993 3146 1109 3202 haec
1151 3148 1203 3202 in
1251 3148 1443 3205 ordine
1486 3152 1784 3207 constituta
1833 3152 2074 3224 perlecta

487 3244 633 3291 sunt.
684 3237 740 3291 in
776 3238 988 3308 primis,
1030 3254 1097 3295 ex
1134 3237 1387 3311 Epistola'
1426 3242 1580 3299 Pauli
1618 3244 1739 3301 Tito
1790 3245 2075 3316 discipulo,

486 3339 548 3384 ut
593 3331 873 3403 episcopos
913 3348 1012 3404 per
1043 3335 1295 3391 civitates
1325 3337 1660 3393 constituere
1715 3338 1908 3395 debeat
1943 3354 2080 3409 prte-

487 3423 646 3493 cepit.
696 3423 830 3480 ltem
881 3440 950 3481 ex
1001 3427 1233 3482 concilio
1287 3427 1546 3495 Niczeno,
1609 3429 1768 3485 titulo
1846 3441 2079 3497 octavo,

489 3512 583 3568 ubi
636 3513 779 3569 inter
841 3524 1039 3572 cmtera
1088 3518 1404 3588 praccipitur
1462 3527 1522 3574 ut
1589 3518 1640 3574 in
1696 3519 1917 3576 civitate
1976 3537 2081 3577 una

491 3619 599 3660 non
653 3606 957 3661 videantur.
994 3607 1103 3675 duo
1149 3608 1386 3680 cpiscOpi
1437 3624 1577 3665 esse.
1643 3610 1775 3665 Item
1825 3628 1891 3669 ex
1948 3628 2077 3668 con-

490 3696 617 3751 cilio
655 3696 1000 3766 Laodictcno,
1036 3701 1193 3757 titulo
1215 3702 1668 3774 quinquagesimo
1702 3705 1956 3774 septimo,
1988 3706 2081 3762 ubi

491 3786 624 3841 dicit
677 3787 838 3842 :Non
877 3797 1091 3858 oportet
1132 3790 1194 3845 in.
1217 3791 1350 3845 vicis
1409 3802 1464 3846 et
1517 3793 1569 3846 in
1618 3792 1820 3859 villulis
1875 3795 2085 3863 episco-

491 3895 592 3949 pos
612 3880 872 3947 ordinari,
902 3890 957 3936 ct
1002 3891 1218 3937 caetera.
1247 3882 1379 3937 ltcm
1406 3899 1472 3939 cx
1502 3885 1732 3940 concilio
1767 3884 1967 3942 Africae
1994 3903 2082 3943 se-

492 3971 692 4036 cundo,
729 3971 883 4026 titulo
938 3973 1150 4043 quinto,
1185 3974 1294 4029 ‘ubi
1345 3974 1498 4030 Felix
1539 3975 1825 4046 episcopus
1874 3976 2085 4033 Sclem-

492 4066 755 4122 sclitanus
813 4067 949 4122 dixit
1000 4085 1013 4122 :
1070 4067 1245 4122 Etiam
1299 4069 1345 4123 si
1399 4069 1504 4125 hoc
1554 4070 1760 4141 placuit
1806 4071 2085 4127 sanctitati

494 4165 732 4223 vestrm,
796 4158 1012 4215 insinuo
1062 4168 1120 4215 ut
1168 4158 1428 4217 dicet-eses
1480 4175 1601 4231 quae
1644 4177 1918 4233 nunquam
1990 4163 2087 4218 ha-

495 4251 735 4306 buerunt
782 4252 1062 4322 episcopos
1110 4268 1216 4307 non
1249 4253 1502 4319 habeant,
1554 4253 1807 4309 ditncesis
1833 4267 1955 4323 qua:
1983 4253 2086 4308 ali-

499 4344 718 4414 quando
748 4344 955 4411 habuit,
986 4347 1183 4401 habeat
1207 4346 1487 4418 pr0prium
1518 4347 1851 4419 episcopum.
1874 4345 2085 4402 Secun-

498 4434 627 4490 dum
652 4444 832 4491 autem
855 4437 995 4492 hanc
1013 4439 1446 4508 prosccutioncm
1470 4438 1782 4494 sanetitatis
1801 4446 1997 4493 vestra:
2009 4449 2092 4493 est

500 4531 792 4583 restimare.
815 4528 971 4597 Quod
991 4528 1105 4585 ﬁeri
1123 4529 1313 4585 debeat
1328 4528 1900 4601 Genediusepiscopus
1922 4527 2091 4582 dixit:

502 4620 561 4677 Si
594 4624 773 4692 placet
804 4623 1102 4679 insinuatio
1135 4622 1318 4678 fratris
1363 4633 1417 4676 et
1446 4622 1754 4694 eoepiscopi
1784 4621 1954 4677 nostri
1986 4621 2090 4676 Fe«

500 4710 641 4777 licis,
666 4714 732 4768 ab
756 4714 1006 4769 omnibus
1030 4713 1404 4769 conﬁrmetur.
1420 4713 1502 4767 Ab
1526 4711 1794 4767 universis
1822 4709 2094 4780 episcopis

504 4800 710 4855 dictum
759 4810 844 4855 est
873 4801 1113 4855 :Placct.
1149 4800 1278 4857 ltetn
1307 4818 1375 4856 ex
1421 4798 1651 4856 concilio
1678 4797 1876 4854 Africae
1902 4815 1985 4863 ιιι,
2028 4798 2095 4851 ti-

505 4889 619 4946 tulo
655 4888 746 4952 42,
778 4889 868 4944 ubi
915 4891 1067 4957 dicit,
1103 4898 1165 4944 ut
1190 4906 1296 4945 non
1340 4890 1578 4960 accipiat
1606 4888 1842 4943 alterum
1886 4888 2093 4957 episco-

503 4996 635 5052 pum
683 4978 837 5049 plebs
858 4994 977 5048 quae
1014 4982 1068 5035 in
1108 4981 1324 5057 dimcesi
1358 4995 1573 5050 semper
1601 4977 2100 5049 subjacuit.Epigo-

507 5074 633 5128 nius
660 5072 948 5142 episcopus
981 5072 1123 5126 inter
1151 5082 1344 5127 canora
1386 5073 1465 5127 sic
1490 5071 1623 5125 dixit
1650 5086 1664 5124 :
1698 5069 1814 5125 Hoc
1845 5069 1966 5124 dico
1992 5083 2098 5124 non

509 5165 711 5221 debere
746 5164 1277 5232 rectorcmacciperc
1306 5179 1426 5217 eam
1477 5163 1691 5231 plebem
1724 5176 1846 5233 quae
1878 5160 1933 5215 in
1965 5160 2099 5215 dia:-

512 5256 623 5310 cesi
658 5266 876 5318 semper
904 5250 1195 5318 subjacuit,
1232 5267 1330 5307 nec
1358 5266 1595 5318 unquam
1637 5247 1918 5318 proprium
1959 5242 2103 5318 epis-

2179 3135 2397 3191 decreta
2454 3133 2565 3190 illic
2615 3134 2832 3190 videtur
2889 3133 3171 3189 institutus
3230 3129 3409 3188 fuisse
3466 3132 3710 3202 episcopus,

2179 3226 2341 3282 nullis
2392 3240 2660 3281 canonum
2694 3226 2799 3281 erit
2849 3226 2917 3281 ad
2962 3223 3479 3280 condemnationem
3525 3219 3595 3276 sui
3630 3231 3711 3272 sea-

2180 3315 2363 3372 tentiis
2395 3314 2762 3382 ulciscendus,
2799 3313 2927 3384 quia
2955 3328 3065 3368 non
3090 3311 3418 3375 ambitione,
3453 3308 3543 3365 sed
3565 3304 3714 3377 princi-

2180 3407 2263 3479 pis
2292 3406 2611 3477 impulsione
2633 3406 2873 3462 constitit
2898 3404 3202 3462 ordinatus.
3225 3402 3295 3457 Et
3314 3401 3445 3457 ideo
3468 3400 3563 3455 hoc
3582 3395 3640 3451 illi
3659 3408 3714 3447 re

2181 3497 2415 3553 medium
2443 3496 2764 3552 humilitatis
2800 3496 3146 3551 concedimus
3161 3495 3284 3549 utin
3302 3494 3492 3550 sedem
3504 3488 3714 3545 aliamdc-

2182 3588 2428 3643 eedentis
2448 3586 2733 3659 cujuslibet
2749 3586 2907 3657 136
2919 3586 3154 3657 episcopi
3179 3584 3554 3647 transferatur,
3571 3589 3715 3650 ειμι-π·

2183 3677 2358 3733 dictus
2380 3675 2528 3733 locus
2554 3675 2653 3731 sub
2672 3674 2972 3730 monastica
2995 3673 3248 3743 deinceps
3270 3672 3598 3728 institutione
3613 3680 3716 3722 man-

2184 3782 2343 3823 surus
2377 3781 2481 3821 non
2512 3764 2805 3836 episc0paii
2836 3763 2977 3818 ultra
3004 3762 3288 3834 privilegio
3326 3763 3523 3827 fretus,
3543 3756 3712 3819 nec.sub

2185 3860 2447 3932 regimine
2471 3858 2684 3913 abbatis
2700 3857 2863 3930 (sicut
2889 3858 3168 3927 hucusque
3190 3856 3317 3928 fuit)
3339 3857 3451 3913 erit
3476 3855 3716 3912 modisom-

2185 3949 2344 4005 nibus
2370 3948 2776 4017 mancipandus.
2799 3944 2917 4001 Jam
2946 3961 3076 4000 vero
3093 3947 3161 4000 de
3179 3954 3381 4002 caetero
3407 3942 3632 4019 generale
3647 3952 3711 4009 po-

2187 4048 2380 4097 nentes
2392 4040 2647 4096 edictum.
2667 4040 2723 4094 Si
2741 4037 2863 4109 quis
2878 4046 3066 4093 contra
3079 4038 3194 4092 ham
3211 4051 3484 4094 canonum
3497 4030 3714 4091 interdicta

2187 4134 2374 4190 venire
2398 4140 2624 4189 conatus
2649 4129 2833 4197 fuerit,
2859 4138 2918 4187 ut
2958 4131 3011 4185 in
3037 4130 3170 4186 locis
3199 4128 3305 4186 illis
3340 4130 3631 4206 episcopum
3649 4119 3716 4176 eli-

2189 4241 2280 4303 gat
2308 4230 2425 4285 iicri
2471 4227 2561 4283 ubi
2590 4226 2875 4297 episcopus
2904 4238 3181 4294 nunquam
3212 4222 3335 4291 fuit,
3361 4221 3628 4277 anathema
3656 4211 3703 4311 sit

2193 4302 2249 4378 in
2270 4334 2542 4392 conspecu
2582 4318 2677 4374 Dei
2722 4316 3125 4388 omnipotentis,
3157 4321 3215 4370 et
3242 4314 3471 4384 insuper
3497 4321 3593 4366 tam
3611 4302 3714 4359 ordi-

2195 4425 2357 4473 nator
2380 4429 2542 4485 quam
2578 4411 2866 4468 ordinatus
2912 4408 3112 4480 gradus
3166 4404 3254 4462 sui
3303 4403 3514 4460 ordinis

2196 4509 2322 4581 quia
2364 4480 2472 4563 non
2522 4504 2695 4561 solum
2745 4501 3095 4571 antiquorum
3137 4497 3364 4553 Patrum
3413 4495 3608 4551 decreta
3654 4480 3715 4539 sed

2198 4599 2491 4671 apostolica
2528 4612 2693 4653 ausus
2721 4603 2807 4651 est
2829 4591 3136 4651 convellere
3162 4590 3435 4647 instituta.

2269 4693 2331 4747 V.
2383 4691 2632 4747 Relatum
2678 4689 2835 4745 nobis
2862 4695 2947 4743 est
2991 4684 3254 4765 quosdam
3295 4684 3365 4738 de
3413 4672 3717 4737 sacerdotibus

2200 4801 2307 4842 non
2344 4792 2423 4839 tot
2469 4781 2681 4837 vicibus
2727 4776 3125 4835 communionis
3175 4784 3381 4831 sanctae
3424 4770 3626 4845 gratiam

2203 4893 2353 4933 mere
2379 4883 2511 4944 quot
2529 4871 2798 4928 sacriﬁcia
2822 4870 2873 4924 in
2892 4882 2997 4923 una
3017 4867 3104 4924 die
3118 4865 3373 4920 videntur
3394 4850 3714 4950 circumsedit!

2204 4986 2312 5025 uno
2340 4968 2452 5032 die,
2475 4967 2518 5023 si
2549 4964 2781 5037 plurima
2803 4977 2901 5033 per
2924 4976 2984 5017 se
3013 4958 3126 5016 Deo
3149 4956 3381 5015 oﬁ’erant
3409 4948 3662 5012 sacriﬁcia,
3682 4948 3714 4993 in

2205 5062 2457 5118 omnibus
2486 5075 2545 5115 se
2573 5056 2938 5115 oblationibus
2973 5068 3004 5108 a
3030 5050 3413 5108 communione
3433 5038 3711 5115 suspendnnb

2207 5167 2262 5210 et
2291 5156 2344 5209 in
2375 5152 2487 5208 sola
2530 5162 2707 5206 tamen
2743 5146 2972 5204 extremi
3027 5141 3283 5199 sacriﬁcii
3323 5139 3579 5197 oblatione
3612 5139 3713 5220 contr

2210 5243 2482 5300 munionis
2522 5249 2723 5297 sanctae
2768 5236 2998 5307 gratiam
3037 5239 3291 5297 sumunt,
3344 5227 3494 5300 quasi
3530 5216 3711 5318 nonfll
