3888 6434
113 361 206 418 557

1261 342 1747 405 DECRETALIUM
1785 343 2188 402 COLLECTIO.

3230 341 3335 398 568

114 474 226 524 sunt
251 462 464 520 altaris?
498 481 516 513 ι
552 453 610 531 (1
651 457 769 515 Cor.
795 455 992 531 x218.)
1022 458 1243 517 Certum
1290 466 1375 515 est
1413 457 1555 528 quod
1583 456 1662 521 hi,
1690 459 1742 517 Α
1767 455 2015 511 bentibus
2056 460 2363 521 arceantur,
2391 455 2494 511 hoc
2520 453 2772 511 videlicet
2800 453 3113 522 adjicientes
3151 463 3248 521 ut,
3290 457 3337 511 si

116 554 197 626 qui
233 550 592 608 sacriﬁcantes
619 564 722 603 non
755 547 951 614 edunt,
996 548 1074 603 rei
1103 556 1228 603 sunt
1253 545 1547 603 Dominicis
1574 560 1663 600 sa-

1767 545 1895 615 quid
1935 544 1987 598 in
2036 543 2321 614 praeteritis
2372 544 2650 599 testiﬁcari
2683 542 2972 606 voluerim,
3002 543 3047 598 si
3090 557 3189 613 pro
3224 544 3339 600 sola

116 643 405 705 oramentis.
458 638 773 708 Quicunque
837 654 965 710 ergo
1024 637 1363 694 sacerdotum
1414 634 1667 705 deinceps
1766 632 1926 702 hujus
1955 634 2030 688 rei
2063 633 2445 689 informatione
2474 634 2660 705 rejeeti
2691 642 2851 699 sunt,
2903 633 3212 689 testimonio
3241 649 3342 691 suo

116 735 278 790 divino
323 732 521 789 altario
576 730 905 785 sacriﬁcium
949 728 1230 784 oblaturus
1271 726 1581 791 accesserit,
1612 733 1668 780 et

115 841 166 881 se
198 838 225 878 a
260 820 641 878 communione
670 816 1031 887 suspenderit,
1055 817 1124 871 ab
1162 817 1273 886 ipsa
1294 855 1309 879 ,
1355 829 1462 884 qua
1501 828 1559 869 se
1589 813 1670 868 in-

117 917 347 971 decenter
391 911 661 982 privavit,
713 909 887 981 gratia
936 907 1333 963 communionis
1381 920 1522 960 anno
1560 919 1677 960 uno

117 1002 363 1075 repulsum
407 1015 468 1056 se
514 999 747 1056 noverit.
775 997 910 1053 Nam
938 995 1096 1067 quale
1141 995 1246 1051 erit
1291 994 1421 1049 illud
1463 993 1674 1050 sacriﬁ-

118 1094 278 1157 cium,
315 1090 403 1149 cui
456 1103 557 1144 nec
599 1088 717 1158 ipse
762 1084 1074 1143 sacriﬁcans
1120 1083 1395 1155 particeps
1434 1097 1554 1138 esse
1582 1096 1675 1138 eo-

119 1178 404 1251 guoscitur?
450 1178 591 1247 Ergo
643 1176 822 1231 modis
867 1175 1117 1230 omnibus
1161 1181 1244 1230 est
1287 1173 1575 1229 tenendum
1614 1179 1677 1227 ut

119 1270 521 1342 quotiescunque
548 1267 860 1325 sacriﬁcans
880 1280 1074 1336 corpus
1089 1305 1104 1331 ,
1134 1273 1191 1320 et
1215 1262 1527 1333 sanguinem
1548 1260 1675 1318 Jesu

119 1358 299 1414 Christi
349 1358 563 1419 Domini
602 1356 777 1413 nostri
829 1356 885 1412 in
932 1354 1125 1411 altario
1180 1352 1462 1418 immolat,
1516 1352 1679 1411 toties

121 1445 458 1521 perceptionis
484 1445 728 1518 corporis
750 1453 804 1501 et
829 1443 1107 1516 sanguinis
1127 1441 1325 1498 Christi
1348 1440 1669 1513 participem

122 1551 171 1592 se
193 1537 441 1607 praebeat.

178 1625 409 1683 VLIIlud
453 1640 668 1696 quoque
714 1622 999 1680 collatione
1036 1630 1223 1678 mutua
1277 1620 1677 1677 decernendum

124 1717 259 1774 nobis
309 1717 584 1781 occurrit,
645 1715 788 1785 quod
836 1716 892 1769 in
944 1714 1268 1784 quibusdam
1329 1710 1677 1776 civitatibus,

1769 738 1941 792 nuper
1991 723 2329 792 conquirant.
2371 722 2524 790 Quod
2575 723 2630 778 in
2684 723 2974 792 prmteritis
3017 723 3342 791 conquirere

1767 824 2074 888 potuerant,
2100 825 2280 870 tamen
2322 816 2367 870 si
2396 816 2485 871 illo
2515 824 2775 886 tempore,
2805 830 2912 886 quo
2954 814 3007 869 in
3051 816 3344 885 praeteritis

1772 907 1839 961 ad
1879 907 2250 962 testimonium
2278 907 2562 963 dicendum
2583 907 2762 963 vocati
2803 916 2928 962 sunt
2948 913 3001 961 et
3022 905 3346 977 supradictae

1772 997 1905 1069 legis
1956 996 2385 1053 institutionibus
2433 996 2742 1066 reprobati,
2799 1003 2856 1051 et
2907 996 3065 1050 aliam
3103 995 3348 1050 criminis

1772 1097 1955 1143 notam
1983 1100 2077 1142 eos
2117 1095 2245 1142 tunc
2277 1102 2385 1143 non
2411 1088 2665 1143 habuisse
2707 1087 2961 1157 patuerit,
2989 1096 3097 1156 aut
3150 1088 3350 1143 tricen—

1775 1175 1924 1231 nium
1958 1183 2085 1232 tunc
2114 1174 2407 1243 efﬁnxisse,
2445 1192 2566 1231 cum
2596 1177 2663 1230 ad
2714 1176 3079 1232 testimonium
3132 1177 3351 1232 fuerant

1776 1268 1993 1340 prolati,
2042 1267 2100 1323 hi
2139 1267 2231 1337 qui
2262 1282 2355 1324 eos
2394 1268 2812 1337 reprobaverant
2836 1308 2850 1335 ,
2897 1266 3180 1323 manifeste
3225 1282 3353 1322 con-

1777 1358 2026 1415 vicerint.

1849 1449 1980 1505 VIII.
2035 1450 2365 1521 Praeceptum
2413 1449 2624 1505 Domini
2672 1457 2869 1515 estut,
2919 1456 3141 1520 excepta
3189 1462 3356 1503 causa

1781 1540 2172 1607 fornicationis,
2221 1555 2356 1594 uxor
2402 1554 2433 1592 a
2478 1539 2595 1593 viro
2639 1539 2835 1593 dimitti
2883 1554 2989 1593 non
3036 1538 3248 1594 debeat.
3291 1535 3358 1590 Et

1782 1633 1900 1689 ideo
1918 1633 2223 1705 quicunque
2243 1633 2378 1687 citra
2395 1631 2607 1701 culpam
2627 1630 2869 1686 criminis
2891 1630 3355 1701 supradicti,‘»nxo-
3380 1674 3383 1677 .

1783 1738 1899 1778 rem
1929 1738 2083 1778 suam
2106 1735 2427 1791 quacunque
2454 1720 2742 1795 occasione
2767 1720 3050 1785 dimiserit,
3069 1721 3195 1790 quia
3213 1721 3382 1790 quod“

125 1805 479 1862 decedentibus
532 1805 801 1875 episcopis
848 1804 1111 1874 propriis,
1145 1803 1271 1857 dum
1304 1800 1551 1857 diﬁ'ertur
1599 1800 1689 1855 diu
1724 1810 1765 1869 Β
1796 1814 1936 1869 Deus
1952 1811 2134 1882 jumm
2166 1812 2254 1867 me
2281 1825 2537 1880 separare
2563 1812 2847 1881 disposuit,
2876 1811 3056 1866 randi“
3087 1811 3155 1866 ab
3188 1811 3363 1866 eccle.

129 1898 376 1953 ordinatio
408 1896 770 1960 successoris,
818 1911 925 1950 non
968 1894 1189 1949 minima
1228 1900 1447 1948 creatur
1478 1890 1682 1947 ofﬁcio-

128 2005 226 2045 rum
252 1988 553 2043 divinorum
590 1985 841 2051 offensio,
876 1985 1003 2039 dum
1033 1992 1206 2039 tractu
1250 1992 1514 2038 terrarum
1545 1997 1683 2038 com-

128 2080 394 2136 meantium
437 2079 733 2149 impeditur
766 2076 1019 2133 celeritas
1052 2077 1395 2141 nuntiorum,
1440 2091 1548 2145 quo
1592 2084 1684 2129 aut

130 2184 220 2227 non
244 2177 401 2238 queat
433 2169 581 2239 regis
610 2166 833 2224 auribus
878 2165 1185 2220 decedentis
1213 2164 1460 2235 przesulis
1507 2174 1685 2220 trans-

130 2259 219 2315 itus
241 2258 525 2324 innotesei,
572 2267 663 2311 aut
690 2258 756 2312 de
791 2270 1103 2311 successore
1146 2255 1423 2311 morientis
1449 2256 1687 2327 episc0pi

130 2346 274 2403 libera
299 2347 562 2419 principis
591 2347 783 2403 electio
818 2346 1141 2417 praestolari.
1186 2345 1438 2401 Nascitur
1467 2362 1608 2418 smpe
1636 2357 1689 2404 et

133 2448 292 2495 nostro
311 2440 489 2500 ordini
534 2440 600 2494 dc
642 2438 906 2494 relatione
955 2438 1140 2493 talium
1172 2437 1486 2505 diﬁicultas,
1525 2449 1580 2494 et
1606 2455 1690 2496 rc—

132 2531 217 2602 giae
230 2534 501 2602 potestati,
527 2533 652 2589 dum
674 2533 981 2590 consultum
1008 2543 1250 2590 nostrum
1276 2549 1374 2604 pro
1396 2536 1692 2604 subrogan—

134 2621 201 2677 dis
228 2623 570 2692 pontiﬁcibus
619 2613 872 2690 sustinet,
906 2624 1163 2695 injuriosa
1193 2624 1507 2681 necessitas.
1538 2623 1693 2681 Unde

134 2711 308 2788 placuit
333 2715 590 2770 omnibus
615 2715 968 2786 pontiﬁcibus
998 2715 1270 2787 Hispania:
1297 2724 1460 2786 atque
1495 2715 1691 2771 Galla:-

134 2801 232 2869 cite,
273 2804 416 2860 salvo
443 2805 733 2876 privilegio
782 2806 1203 2877 uniuscujusque
1232 2807 1553 2877 provinciae,
1579 2805 1694 2861 lici-

134 2900 229 2947 tum
264 2905 484 2952 maneat.
514 2895 768 2968 deinceps
793 2895 1055 2956 Toletano
1081 2895 1319 2967 pontiﬁci
1346 2910 1695 2967 quoscunque

135 2988 301 3063 regalis
319 2998 572 3061 potestas
592 2990 849 3061 elegerit,
877 2989 1061 3059 etiam
1097 2990 1226 3046 dicti
1249 2989 1493 3046 Toletani
1526 2990 1698 3061 ponti—

138 3076 234 3134 ﬁcis
246 3077 504 3147 judicium
530 3081 720 3152 dignos
748 3095 868 3138 esse
910 3082 1244 3151 probaverit,
1278 3081 1331 3137 in
1368 3081 1694 3153 quibuslibet

138 3170 402 3237 provinciis
424 3172 849 3243 przecedentium
873 3173 1088 3229 sedibus
1113 3152 1389 3244 praeﬁcere
1412 3172 1693 3242 praesules,
1720 3152 1765 3214 (ἶ

139 3259 587 3316 etdcccdentibus
634 3260 902 3330 episcoliis
952 3262 1149 3332 eligere
1196 3276 1567 3329 successores;
1615 3262 1693 3317 sic

141 3358 296 3406 tamen
326 3361 381 3406 ut
408 3351 663 3423 quisquis
701 3352 790 3407 ille
832 3352 996 3406 fuerit
1037 3353 1345 3416 ordinatus,
1392 3362 1515 3423 post
1552 3353 1696 3407 ordi-

143 3441 348 3497 nationis
372 3458 483 3498 sum
521 3451 734 3512 tempus
776 3442 917 3499 infra
954 3444 1116 3498 trium
1150 3445 1417 3502 mensium
1459 3444 1694 3524 spatium

141 3530 317 3605 proprii
346 3531 748 3605 metropolitani
801 3533 1145 3605 praesentiam
1192 3533 1409 3590 visurus
1450 3535 1701 3602 accedat,

142 3619 350 3693 qualiter
402 3620 527 3693 ejus
585 3622 907 3678 auctoritate
943 3623 1028 3678 vel
1074 3623 1360 3695 disciplina
1401 3625 1699 3681 instructus

143 3711 394 3782 condigna:
442 3721 714 3790 susceptae
743 3715 887 3769 sedis
911 3714 1273 3785 gubernacula
1302 3724 1498 3771 teneat.
1546 3716 1701 3786 Quod

143 3798 181 3853 si
217 3814 304 3870 per
331 3803 614 3869 desidiam,
663 3812 759 3858 aut
790 3804 1095 3875 neglectum
1145 3805 1373 3875 quilibet
1418 3808 1698 3863 constituti

143 3890 376 3971 temporis
398 3902 572 3952 metas
593 3893 910 3957 excesserit,
938 3893 1134 3964 quibus
1160 3904 1395 3971 nequeat
1432 3906 1701 3966 metropo-

144 3970 273 4031 litani
296 3979 378 4033 sui
412 3980 694 4035 obtutibus
721 3982 1060 4050 praesentari,
1086 3970 1615 4044 excommunicatum
1643 4002 1703 4042 se

143 4085 227 4139 per
246 4076 420 4130 omnia
453 4076 702 4140 noverit,
732 4084 958 4146 excepto
986 4077 1030 4130 si
1074 4078 1220 4146 regia
1249 4078 1492 4147 iussione
1535 4080 1706 4150 impc-

146 4162 291 4217 ditum
315 4181 371 4220 se
399 4183 521 4222 esse
559 4167 885 4236 probaverit.
932 4166 1083 4222 Hanc
1112 4184 1325 4239 quoque
1372 4170 1702 4225 deﬁnitioni-

144 4253 229 4308 bus
259 4255 543 4313 formulam
573 4258 712 4313 sicut
750 4258 815 4319 de
838 4258 1126 4328 episcOpis,
1176 4258 1247 4312 ita
1279 4259 1346 4313 de
1372 4260 1584 4316 caeteris
1614 4275 1704 4316 ec-

145 4341 405 4402 clesiarum
437 4348 743 4403 rectoribus
766 4348 971 4419 placuit
1001 4348 1416 4405 observandum.

201 4436 300 4496 VII.
332 4442 520 4499 Omnis
547 4443 826 4513 disciplina
859 4443 937 4499 sic
966 4443 1237 4514 subjectos
1263 4444 1421 4499 debet
1452 4459 1699 4515 arguere,

1784 1904 1999 1960 siastica
2041 1901 2418 1959 communione
2468 1901 2737 1972 privatus,
2787 1909 2842 1955 et
2871 1915 2900 1954 a
2929 1909 3072 1954 coetu
3118 1900 3358 1956 omnium

1784 1992 2211 2049 Christianorum
2249 1990 2751 2048 maneatalienatus
2771 1991 3008 2059 quandiu
3046 1990 3361 2045 societatem

1786 2084 1984 2140 relictae
2006 2086 2250 2156 conjugis
2280 2084 2568 2140 sinceriter
2597 2083 2956 2154 amplectatur
2978 2094 3032 2138 et
3059 2082 3258 2150 foveat,
3289 2084 3365 2139 ita

1786 2183 1965 2229 tamen
2000 2183 2088 2241 ut,
2130 2175 2258 2246 qui,
2299 2174 2413 2245 jam
2451 2174 2715 2229 admoniti
2752 2189 2783 2227 a
2823 2174 3103 2228 sacerdote
3156 2174 3365 2240 semel,

1787 2263 1896 2330 bis,
1927 2270 2114 2333 terque
2157 2270 2211 2318 ut
2246 2263 2668 2334 corrigerentur,
2692 2263 2760 2317 ad
2790 2273 2967 2317 torum
2988 2278 3098 2319 sua:
3125 2264 3368 2334 conjugis

1788 2355 2066 2412 noluerint
2094 2355 2294 2421 redire,
2326 2355 2429 2425 ipsi
2474 2370 2533 2410 se
2571 2354 2685 2410 suis
2730 2355 2942 2410 meritis
2968 2365 3019 2410 et
3050 2371 3080 2410 a
3118 2354 3370 2425 palatina:

1790 2445 2067 2515 dignitatis
2104 2443 2280 2500 oﬂicio
2329 2446 2674 2514 separabunt,
2723 2458 2779 2500 et
2829 2446 3049 2515 insuper
3098 2438 3371 2515 generosae

1790 2536 2066 2607 dignitatis
2094 2536 2456 2591 testimonium
2472 2536 2707 2606 quandiu
2732 2536 2787 2590 in
2813 2536 2966 2605 culpa
2991 2536 3187 2591 fuerint
3208 2536 3373 2593 amis-

1792 2625 1902 2708 suri
1939 2634 2082 2693 sunt,
2114 2625 2239 2695 quia
2276 2641 2497 2682 carnem
2544 2641 2695 2682 suam
2737 2625 2947 2682 dissidii
2990 2626 3177 2699 jugulo
3206 2626 3379 2682 tradi-

1794 2717 2009 2772 derunt.

1866 2807 1955 2865 IX.
2012 2811 2088 2865 De
2141 2810 2444 2867 Judzeorum
2499 2820 2679 2869 autem
2727 2814 3061 2869 exsecranda
3106 2813 3373 2884 perﬁdia,

1797 2899 2043 2956 discretis
2070 2902 2346 2957 titulorum
2382 2903 2688 2968 sententiis,
2721 2902 2929 2959 deditas
2959 2905 3175 2959 noviter
3200 2920 3227 2957 a
3258 2904 3373 2974 glo—

1798 2990 1944 3045 rioso
1983 2992 2226 3062 principe
2274 2994 2421 3063 leges
2473 2978 2715 3065 vigilanti
2770 3009 3025 3050 sensuum
3072 2995 3401 3050 intentione

1796 3079 2163 3150 perlegimus,
2218 3083 2465 3139 districto
2534 3085 2697 3141 etiam
2776 3084 3064 3155 gravitatis
3141 3085 3407 3153 pondere.

1795 3186 1982 3227 earum
2016 3174 2260 3235 inStituta
2304 3176 2671 3245 probavimus.
2729 3174 2962 3230 Proinde
3013 3191 3135 3246 qua:
3186 3175 3405 3231 debitae.
3478 3174 3485 3181 ’

1802 3261 2025 3318 rationis
2054 3263 2259 3331 judicio
2300 3266 2458 3321 editae
2504 3265 2746 3337 synodali
2796 3266 3105 3336 dignatione
3142 3266 3382 3336 probatcc

1800 3361 1943 3419 sunt,
1995 3354 2338 3410 irrevocabili
2378 3356 2636 3427 deinceps
2680 3355 3007 3426 jndiciorum
3056 3358 3245 3411 ordine
3280 3371 3379 3427 pro

1797 3458 1983 3498 eorum
2024 3445 2335 3501 excessibus
2370 3447 2713 3511 tenebuntur,
2743 3445 2794 3500 id
2844 3457 2949 3510 est,
2975 3456 3117 3516 teges
3146 3461 3266 3515 quae
3314 3444 3383 3500 de

1799 3536 2311 3591 eunmemoratione
2356 3537 2658 3607 priscarum
2687 3537 3131 3594 caeremoniarum
3170 3535 3384 3592 Judazo-

1800 3640 1918 3678 rum
1956 3626 2476 3696 transgressionibus
2524 3626 2877 3698 promulgatae
2916 3635 3062 3691 sunt,
3102 3634 3263 3695 atque
3314 3626 3383 3682 de

1801 3714 2011 3769 novella
2060 3714 2470 3771 conﬁrmatione
2515 3731 2719 3772 earum.
2773 3714 2905 3771 Item
2937 3715 3004 3770 de
3038 3715 3383 3784 blasphema-

1801 3806 2008 3860 toribus
2030 3814 2227 3861 sanctas
2253 3807 2555 3862 Trinitatis.
2581 3807 2712 3862 Item
2743 3822 2809 3862 ne
2838 3805 3008 3862 Judaei
3050 3815 3141 3861 aut
3176 3822 3259 3872 se,
3291 3814 3387 3861 aut

1802 3896 1939 3952 ﬁlios
1969 3911 2115 3961 suos,
2171 3896 2255 3952 vel
2295 3895 2524 3952 famulos
2571 3913 2602 3951 a
2654 3896 2906 3967 baptismi
2955 3897 3128 3968 gratia
3171 3895 3383 3951 subtra-

1801 3988 1955 4042 hant.
1995 3988 2126 4043 Item
2161 4003 2227 4043 ne
2255 3986 2423 4043 Judaei
2475 4002 2626 4045 more
2681 4002 2779 4043 suo
2818 3986 3093 4043 celebrent
3139 3986 3341 4042 Pascha
3369 4028 3384 4053 ,

1802 4079 1887 4133 vel
1924 4080 2101 4139 carnis
2129 4079 2574 4141 circumcisioncs
2599 4088 2910 4143 exerceant,
2946 4094 3010 4134 ac
3038 4094 3103 4133 ne
3124 4078 3388 4134 Christia‘

1804 4185 1931 4223 num
1980 4184 2309 4239 quemquam
2342 4185 2373 4224 a
2412 4169 2515 4225 ﬁde
2545 4168 2747 4225 Christi
2793 4170 3119 4225 dimoveant.
3154 4171 3282 4225 Item
3323 4184 3393 4226 ne

1804 4257 1972 4314 Judaei
2001 4259 2233 4315 Sabbata
2266 4269 2598 4331 exterasque
2623 4261 2942 4317 festivitates
2972 4262 3109 4318 ritus
3139 4263 3219 4318 sui
3250 4262 3391 4318 celes
3423 4312 3435 4323 .

1805 4349 1966 4403 brare
2004 4359 2352 4421 prresumant.
2406 4349 2538 4405 Item
2593 4360 2654 4406 ut
2712 4352 2889 4407 omnis
2934 4351 3150 4409 Judaeus
3204 4352 3393 4409 diebus

1809 4441 2124 4506 Dominicis,
2158 4451 2213 4497 et
2242 4442 2294 4496 in
2330 4442 2642 4512 praenotatis
2668 4443 2857 4499 diebus
2905 4445 2972 4500 ab
3002 4460 3166 4515 opere
3196 4456 3392 4502 cesset.

144 4538 196 4586 ut
233 4547 368 4603 spem
399 4536 571 4591 veniae
606 4550 711 4589 non
754 4535 1005 4589 videatur
1032 4534 1270 4600 auferre,
1305 4550 1404 4594 nec
1459 4536 1703 4595 funditus
1735 4509 1782 4567 ί)
1807 4529 1938 4584 Item
1972 4547 2036 4584 ne
2063 4529 2229 4587 Judaei
2276 4545 2425 4586 more
2461 4545 2559 4586 suo
2588 4531 2880 4600 dijudicent
2916 4550 3091 4589 escas.
3141 4535 3272 4589 Item
3324 4551 3394 4590 ne

147 4628 448 4683 eurvationis
501 4625 976 4697 indicerejugum,
1008 4626 1103 4681 sed
1145 4624 1517 4695 temperantia:
1565 4641 1707 4680 sem-

147 4726 228 4779 per
253 4717 502 4772 adhihcre
531 4716 857 4771 consultum.
893 4715 958 4769 Et
984 4716 1105 4770 ideo
1143 4715 1268 4784 quia
1301 4713 1470 4785 legem
1501 4714 1645 4768 illam
1672 4730 1703 4770 a

150 4802 340 4862 domino
364 4808 680 4864 Vuambano
708 4806 951 4875 principe
972 4805 1221 4867 edictam,
1262 4819 1381 4874 quae
1403 4805 1469 4858 de
1508 4804 1699 4874 prodi-

152 4888 274 4945 tione
310 4904 389 4949 est
425 4896 707 4959 adnotata,
740 4894 900 4972 hujus
968 4893 1228 4963 principis
1278 4894 1447 4948 nostri
1500 4893 1703 4947 domini

151 4976 339 5053 Eringii‘
373 4988 731 5043 mansuetudo
775 4995 1081 5057 temperare
1111 4986 1409 5056 disposuit,
1436 4985 1580 5051 ideo,
1609 5001 1704 5040 an-

155 5086 330 5132 nuente
364 5082 516 5136 nobis
570 5081 843 5152 glorioso,
894 5089 949 5135 et
1004 5081 1414 5152 religiosissime
1459 5081 1700 5153 Eringio,

156 5163 371 5234 principe
402 5178 609 5234 nostro,
639 5171 951 5225 necessarie
984 5170 1086 5224 hoc
1132 5178 1382 5225 sanctum
1415 5170 1705 5225 concilium

158 5249 467 5323 deﬁnivit,lut
489 5260 566 5324 hi,
592 5261 684 5329 qui
707 5275 805 5330 per
822 5259 1157 5337 superiorem
1182 5260 1353 5331 legem
1379 5258 1703 5314 testiﬁcandi

161 5340 440 5414 dignitatem
478 5352 828 5422 perdiderint,
858 5360 1073 5422 recepto
1120 5353 1428 5407 testimonio
1469 5352 1709 5422 pristina:

163 5432 425 5507 dignitatis,
456 5456 649 5496 causas
699 5443 920 5511 exsequi
958 5443 1165 5512 possint
1212 5441 1407 5497 debitae
1456 5441 1705 5508 actionis,

163 5527 409 5592 aequaliter
450 5531 743 5587 nobilitatis
772 5532 957 5587 solidae
1003 5532 1215 5585 titulum
1267 5539 1627 5600 reportantes,
1655 5540 1711 5586 et

166 5629 362 5687 queque
389 5621 449 5676 de
474 5623 762 5691 prteteritis
808 5622 1045 5694 legitime
1093 5623 1369 5680 testiﬁcari
1417 5622 1708 5689 voluerint,

169 5702 365 5765 licenti-.e
396 5712 670 5770 obtineant
699 5722 902 5782 votum,
933 5721 987 5770 et
1021 5712 1293 5783 judicibus
1325 5713 1484 5770 nullis
1524 5714 1708 5784 prohi-

1806 4618 1977 4675 Judaai
2012 4637 2075 4675 ex
2107 4621 2508 4690 propinquitate
2543 4622 2626 4676 sui
2678 4610 2953 4691 sanguinis
2984 4625 3252 4679 connubia
3292 4625 3389 4679 dtk

1808 4719 1961 4772 eant,
2019 4718 2075 4765 et
2129 4719 2190 4764 ut
2238 4711 2357 4765 sine
2414 4710 2793 4767 benedictione
2841 4714 3140 4769 sacerdotis
3188 4716 3393 4770 nubere

1808 4818 1915 4857 non
1972 4801 2223 4857 audeant.
2263 4800 2396 4861 Item
2441 4816 2510 4857 ne
2557 4800 2727 4857 Judaei
2775 4802 3018 4873 religioni
3063 4813 3263 4859 nostrae
3307 4805 3391 4860 in-

1807 4894 2074 4949 sultantes
2096 4900 2302 4948 sectam
2327 4907 2481 4947 suam
2509 4892 2798 4950 defendere
2824 4894 3075 4960 audeant,
3105 4907 3207 4950 nec
3229 4910 3261 4950 a
3284 4893 3391 4952 ﬁde

1812 4986 2136 5057 refugientes
2161 4985 2289 5040 alibi
2332 5000 2393 5041 se
2424 4985 2796 5042 transducant.
2822 4986 2889 5040 Et
2911 5002 2980 5041 ne
3001 4987 3228 5056 quilibet
3249 4986 3393 5043 refu-

1811 5078 2020 5146 gientes
2050 5090 2146 5131 eos
2193 5076 2470 5146 suscipiat.
2504 5076 2633 5131 Item
2666 5090 2733 5131 ne
2758 5076 3099 5133 Christianus
3129 5093 3161 5132 a
3187 5077 3391 5134 Judaeis

1812 5165 2167 5237 quodcunque
2213 5164 2454 5220 muneris
2485 5173 2673 5218 contra
2704 5163 2861 5218 ﬁdem
2902 5165 3101 5221 Christi
3139 5167 3394 5237 accipiat.

1812 5257 1942 5311 Item
1969 5270 2034 5311 ne
2061 5254 2231 5310 Judaei
2260 5255 2433 5310 libros
2453 5254 2630 5325 legere
2656 5255 2911 5321 audeant,
2930 5272 3066 5327 quos
3085 5256 3391 5312 Christiana

1817 5346 1948 5400 ﬁdes
1980 5345 2244 5416 repudiat.
2286 5345 2417 5399 Item
2456 5359 2521 5399 ne
2546 5343 2743 5399 Judzeis
2772 5346 3040 5415 mancipia
3064 5345 3393 5408 deserviant,

1818 5436 1899 5490 vcl
1921 5436 2232 5489 adhaereant
2254 5432 2584 5489 Christiana.
2600 5433 2730 5488 Item
2749 5436 2790 5489 si
2814 5433 3031 5490 Judzeus
3057 5452 3113 5490 se
3129 5434 3392 5491 Christia-

1816 5546 1943 5584 num
1979 5543 2099 5583 esse
2125 5536 2370 5589 testetur,
2403 5536 2456 5580 et
2481 5526 2551 5581 ob
2576 5528 2676 5582 hoc
2703 5544 2808 5583 non
2846 5529 2972 5583 velit
3008 5546 3039 5582 a
3084 5542 3143 5582 se
3171 5526 3396 5596 rejicere

1825 5618 2154 5687 mancipium
2174 5614 2564 5671 Christianum.
2603 5617 2733 5673 Itetn
2759 5617 3021 5687 professio
3066 5614 3392 5681 Iudaeorum,

1819 5711 2086 5784 quomodo
2118 5708 2486 5780 unusquisque
2514 5712 2580 5766 ad
2612 5711 2766 5769 ﬁdem
2806 5711 3049 5777 veniens,
3082 5706 3394 5777 indiculutn
