3888 6494
478 363 579 421 559

1253 364 1546 421 APPEND.
1585 365 1679 420 AD
1715 363 1886 421 διες.
1915 362 2007 418 1x.
2046 393 2117 404 -
2148 360 2401 439 Ismeni
2431 357 2872 443 mansuetus

3664 361 3755 419 560

474 478 829 551 professionis
857 494 968 534 suae
995 477 1340 534 conscribere
1366 479 1579 535 debeat.
1607 479 1759 542 Item,
1792 477 2059 533 conditio-
2086 480 2136 539 Α
2165 473 2390 530 fecerint
2420 511 2437 539 ,
2485 471 2530 527 si
2554 471 2707 548 juxta
2753 469 3056 541 priscorum
3101 482 3380 524 canonum
3413 468 3684 537 instituta,
3703 472 3751 538 hj

478 584 578 625 nes
602 568 910 625 Iudaeorum
935 583 1073 638 quas
1095 567 1283 636 jurare
1305 568 1540 624 debeam
1562 569 1639 635 bi,
1679 569 1772 638 qui
1802 583 1869 622 ex
1891 568 1970 622 eis
1994 568 2062 621 ad

478 662 640 717 ﬁdem
680 660 978 725 venientes,
1037 659 1404 730 professiones
1447 674 1574 715 suas
1627 658 1891 715 dederint.
1925 657 2061 739 Item

480 752 546 807 de
568 751 892 807 Christianis
918 751 1201 821 mancipiis
1228 749 1538 807 Iudaeorum
1562 766 1683 821 qua:
1703 764 1763 806 se
1799 765 1906 804 non
1936 764 2063 820 pro-

479 841 716 896 diderint
744 840 1082 897 Christianos
1123 842 1241 896 sive
1280 842 1351 896 de
1387 841 1820 913 publicator-ibus
1847 855 2056 895 eorum.

476 932 609 986 Item
654 946 723 987 ne
766 930 937 987 Judaei
980 947 1011 985 a
1060 932 1301 1001 quolibet
1350 940 1620 1002 potestate
1659 941 1879 1001 accepta
1905 941 2059 986 extra

476 1024 680 1093 regiam
729 1024 1126 1079 ordinationem
1172 1023 1539 1097 Christianum
1588 1039 1857 1094 quemque
1889 1023 2062 1093 impe-

477 1122 617 1178 tere,
668 1112 906 1183 plectcre
950 1113 1038 1185 vel
1065 1114 1390 1188 distringere
1431 1114 1685 1169 audeant.
1724 1113 1880 1179 Item,
1911 1122 1973 1168 ut
2012 1112 2059 1168 si

474 1200 783 1259 Iudaeorum
810 1202 981 1268 servi,
1012 1204 1243 1262 necdum
1269 1204 1447 1260 adhuc
1475 1204 1719 1260 conversi
1754 1205 1823 1260 ad
1856 1204 2059 1260 Christi

474 1295 704 1365 gratiam
738 1295 1146 1351 convolaverint
1195 1296 1431 1353 libertati
1480 1298 1770 1354 donentur.
1803 1299 1958 1364 Item,
1990 1312 2060 1353 ne

473 1382 645 1439 Judaei
696 1384 1165 1441 administratorio
1213 1401 1312 1442 usu
1366 1388 1420 1443 in
1476 1389 1720 1444 ordinem
1755 1388 2057 1445 villicorum

474 1484 639 1545 atque
673 1465 922 1531 actorum
952 1475 1320 1538 Christianam
1368 1477 1629 1553 familiam
1678 1479 1927 1552 redigere
1964 1495 2059 1536 au-

474 1567 658 1633 deant,
686 1576 743 1623 et
773 1567 840 1622 de
870 1568 1083 1623 damnis
1123 1584 1313 1624 eorum
1341 1570 1433 1640 qui
1467 1571 1591 1625 talia
1638 1572 1939 1627 ordinanda
1970 1572 2055 1627 in-

468 1659 769 1730 junxerint.
804 1661 940 1728 Item
970 1661 1189 1719 Iudaeus
1217 1678 1285 1718 ex
1313 1662 1434 1719 aliis
1461 1664 1757 1735 provinciis
1791 1664 1874 1719 vel
1901 1662 2058 1719 terri-

474 1750 628 1807 toriis
658 1752 726 1807 ad
752 1737 893 1824 regis
916 1752 1086 1807 nostri
1111 1752 1368 1817 ditionem
1406 1755 1804 1824 pertinentibus
1832 1755 2056 1810 veniens

2165 566 2258 636 qui
2305 580 2398 622 eos
2437 570 2687 635 repetunt
2736 576 2951 620 sacram
2991 560 3374 627 reddiderint,
3408 571 3472 617 et
3517 566 3753 639 sacerdos

2163 653 2406 711 ecclesiae
2435 653 2636 723 ipsius,
2667 651 2737 723 ab
2771 649 3000 721 ecclesia
3041 664 3150 727 non
3190 650 3543 709 abstraxerit
3568 649 3752 711 foribus

2163 752 2257 800 aut
2283 743 2431 816 fuga,
2455 728 2639 799 talium
2670 741 2716 799 si
2739 740 2984 798 evenerit
3019 740 3286 796 sacerdoti
3319 741 3627 811 quaerenda
3658 751 3750 811 est,

2163 845 2256 891 aut
2281 836 2601 893 damnorum
2629 833 2898 891 sententia
2923 833 3221 889 secundum
3242 830 3591 887 electionem
3613 833 3747 904 prin.

2161 928 2299 999 cipis
2325 927 2630 999 hujusmodi
2659 925 3034 982 sacerdotibus
3058 924 3384 996 irroganda.

2230 1016 2323 1075 XI.
2364 1016 2639 1087 Przecepta
2671 1016 2885 1071 Domini
2916 1023 3042 1072 sunt
3070 1016 3303 1072 dicentis
3337 1032 3355 1069 :
3398 1033 3423 1067 ι
3457 1013 3579 1070 Νοιι
3604 1013 3748 1073 facies

2162 1107 2261 1163 tibi
2290 1106 2558 1177 sculptile,
2605 1122 2782 1177 neque
2809 1121 3025 1163 omnem
3076 1106 3508 1163 similitudinem
3540 1121 3654 1176 qua:
3675 1116 3745 1163 est

2159 1199 2216 1254 in
2244 1198 2383 1256 caelo
2405 1199 2668 1269 desuper,
2697 1206 2754 1254 et
2785 1213 2908 1270 quae
2943 1198 2997 1254 in
3029 1206 3176 1254 terra
3214 1199 3507 1262 deorsum,
3549 1212 3645 1253 nec
3664 1212 3746 1254 eo-

2160 1307 2280 1348 rum
2319 1307 2440 1365 qute
2479 1299 2606 1349 sunt
2646 1293 2701 1349 in
2730 1293 2886 1364 aquis
2928 1293 3030 1349 sub
3057 1303 3223 1360 terra,
3256 1308 3368 1348 nec
3395 1292 3651 1348 adorabis
3670 1307 3741 1358 ea,

2158 1399 2335 1455 neque
2361 1386 2509 1442 coles
2540 1386 2738 1459 (Exod.
2769 1403 2872 1454 xx,
2902 1387 2936 1441 4
2964 1395 3022 1442 et
3046 1385 3124 1458 5).
3163 1406 3182 1440 ι
3237 1385 3384 1443 Item
3415 1404 3428 1440 :
3485 1404 3506 1437 ι
3539 1384 3638 1452 Qui
3662 1386 3745 1441 im-

2157 1476 2325 1532 molat
2345 1476 2470 1544 diis,
2486 1477 2787 1544 occidetur,
2801 1484 3162 1549 praeterquam
3185 1478 3424 1533 Domino
3444 1477 3550 1533 soli
3566 1474 3738 1546 (Exod.

2158 1582 2298 1637 χχιι,
2322 1566 2439 1638 20).
2478 1586 2498 1621 ›
2534 1567 2668 1623 Item
2695 1585 2708 1621 :
2748 1586 2767 1621 ι
2803 1567 2898 1628 Vir
2927 1578 3021 1623 aut
3054 1570 3251 1624 mulier
3275 1570 3378 1639 qui
3408 1569 3623 1624 faciunt
3648 1586 3742 1624 ma-

2158 1656 2269 1712 lum
2320 1666 2446 1715 ante
2487 1668 2841 1730 conspectum
2873 1659 3085 1716 Domini
3118 1659 3213 1717 Dei
3257 1661 3372 1728 sui,
3400 1668 3460 1717 et
3489 1669 3736 1732 transgre-

2158 1749 2383 1805 diuntur
2429 1757 2647 1820 pactum
2694 1750 2860 1818 illius,
2903 1760 2965 1810 ut
3011 1751 3231 1816 vadant,
3273 1759 3334 1806 et
3366 1750 3615 1822 serviant
3653 1750 3737 1804 diis

470 1841 727 1912 episcopo
755 1841 881 1909 loci,
917 1842 1001 1897 vel
1035 1843 1306 1899 sacerdoti
1333 1858 1394 1900 se
1421 1832 1882 1915 pragsentarenon
1908 1843 2058 1915 ιιίίΐετ
2083 1833 2132 1894 Β
2161 1840 2377 1909 alienis,
2432 1850 2488 1899 et
2537 1842 2766 1900 adorent
2809 1858 2928 1909 eos,
2980 1841 3067 1899 vel
3119 1847 3291 1917 solem
3345 1849 3407 1897 et
3453 1841 3652 1906 lunam,
3690 1851 3735 1900 et

470 1939 580 1997 rat,
611 1942 672 1988 ut
702 1933 831 2005 quid
880 1935 1017 1989 sciat
1043 1950 1167 1991 eum
1198 1935 1252 1989 in
1286 1944 1400 1991 toto
1426 1937 1718 2011 observare
1748 1936 2052 1993 conveniat.
2156 1946 2371 1989 omnem
2407 1932 2657 1987 militiam
2695 1932 2841 1999 eteli,
2881 1948 3002 2002 quae
3041 1946 3147 1988 non
3173 1932 3426 2003 percepi,
3449 1940 3508 1986 et
3536 1931 3635 1986 hoc
3656 1930 3734 1985 tibi

469 2022 624 2088 Item,
656 2032 716 2078 ut
744 2039 1044 2082 concursus
1094 2010 1407 2082 Iudaeorum
1439 2027 1630 2083 diebus
1678 2028 1940 2084 institutis
1991 2027 2058 2083 ad
2156 2020 2319 2078 fuerit
2356 2023 2688 2090 nuntiatum,
2716 2023 3051 2094 audiensque
3097 2022 3423 2091 inquisieris
3448 2019 3731 2089 diligenter,

469 2113 785 2185 episcopum
816 2106 949 2192 fieri
995 2117 1252 2172 debeant.
1292 2116 1425 2173 Item
1452 2157 1468 2184 ,
1522 2127 1582 2173 ut
1618 2119 1929 2188 quicunque
1964 2115 2061 2173 Ju-
2156 2124 2212 2171 et
2241 2131 2425 2172 verum
2458 2131 2579 2173 esse
2626 2115 2914 2187 repereris,
2944 2124 2999 2169 et
3032 2114 3372 2172 abominatio
3421 2112 3569 2187 facta
3595 2113 3731 2178 estin

469 2203 644 2259 dueum
676 2221 861 2261 secum
900 2216 1278 2277 assequentem
1313 2207 1584 2275 habuerit,
1638 2218 1931 2279 expetente
1963 2222 2058 2266 sa-

469 2293 691 2351 cerdote
717 2310 841 2350 eum
874 2296 1014 2367 apud
1047 2311 1108 2352 se
1141 2299 1378 2353 retinere
1406 2314 1513 2353 non
1550 2300 1765 2354 audeat.
1794 2300 1958 2364 Item,
1999 2307 2059 2354 ut

469 2399 599 2439 cura
621 2385 800 2447 omnis
848 2386 1204 2465 distringendi
1242 2386 1457 2445 Iudaeos
1504 2388 1636 2444 solis
1677 2389 2054 2445 sacerdotibus

473 2479 755 2534 debeatur.
784 2480 937 2548 Item,
970 2482 1037 2537 de
1064 2481 1279 2538 damnis
1304 2472 1674 2557 sacerdotum,
1702 2482 1787 2538 vel
1810 2484 2055 2553 judicum

468 2572 563 2641 qui
592 2570 795 2628 Judazis
845 2573 1094 2629 instituta
1146 2573 1323 2645 legum
1374 2575 1670 2652 adimplere
1723 2574 2054 2631 distulerint.

468 2667 621 2736 Item,
654 2685 723 2724 ne
741 2668 955 2738 judices
988 2670 1253 2742 quidquid
1283 2674 1349 2727 de
1382 2671 1709 2742 perfidorum
1740 2672 2056 2728 excessibus

466 2768 620 2815 extra
677 2761 1021 2816 sacerdotum
1076 2763 1481 2818 conniventiam
1537 2764 1789 2835 judicare
1852 2779 2058 2835 prtesu-

466 2860 640 2906 mant.
671 2853 828 2920 Item,
877 2862 938 2907 ut
979 2854 1218 2925 episcopi
1273 2865 1403 2910 tunc
1436 2844 1707 2912 immunes
1756 2856 2060 2912 habeantur

468 2955 499 2994 a
524 2942 761 3007 damnis,
776 2959 900 2998 cum
920 2959 1107 2999 eorum
1134 2947 1482 3021 presbyteros
1508 2947 1574 3002 ad
1596 2961 1659 3001 ea
1680 2962 1801 3017 quae
1825 2947 1927 3025 ipsi
1952 2934 2057 3003 non

469 3035 829 3102 correxerint,
864 3037 1543 3109 remiserintworrigenda.
1571 3038 1727 3104 Item,
1753 3038 1820 3093 de
1840 3030 2057 3093 servata

466 3124 805 3196 principibus
856 3126 1147 3182 misereudi
1207 3136 1478 3198 potestate
1537 3129 1592 3183 in
1650 3129 1733 3184 his
1779 3143 1873 3200 qu.
1920 3143 2053 3184 con-

2154 2204 2321 2265 lsrael
2350 2224 2363 2259 :
2403 2206 2603 2262 educes
2631 2207 2808 2261 virum
2839 2220 2905 2261 ac
2933 2205 3211 2262 mulierem
3244 2206 3341 2275 qui
3372 2219 3492 2260 rem
3528 2201 3730 2258 scelera-

2159 2298 2422 2354 tissimam
2453 2307 2907 2371 perpetraverunt
2934 2299 3001 2353 ad
3030 2306 3216 2381 portas
3246 2297 3514 2361 civitatis,
3547 2302 3600 2349 et
3620 2293 3729 2364 lapi-

2157 2389 2316 2444 dibus
2342 2390 2644 2445 obruentur
2689 2389 2871 2460 (Deut.
2900 2404 3040 2453 xvu,
3069 2386 3106 2445 2
3131 2397 3180 2443 et
3206 2390 3371 2457 σεεμ).
3407 2406 3429 2438 ι
3478 2384 3727 2453 Praecepta

2158 2481 2370 2538 Domini
2395 2482 2510 2539 haec
2529 2496 2635 2537 non
2658 2481 2713 2537 in
2735 2480 2960 2545 ultione,
2989 2479 3086 2536 sed
3112 2480 3165 2534 in
3196 2486 3413 2533 terrore
3444 2476 3725 2545 delinquen-

2158 2556 2292 2626 tium
2335 2580 2670 2642 apponentes
2696 2585 2805 2625 non
2839 2569 3033 2625 mortis
3070 2567 3404 2625 sententian.
3442 2564 3725 2638 promulga-

2159 2678 2303 2730 mus,
2356 2664 2450 2718 sed
2499 2661 2735 2717 cultores
2788 2660 3080 2727 idolorum,
3103 2668 3463 2716 veneratores
3495 2656 3721 2727 lapidum,

2159 2764 2481 2809 accensores
2509 2752 2833 2820 facularum,
2863 2760 2919 2808 et
2949 2752 3256 2808 excultores
3300 2750 3540 2807 fontium
3565 2747 3724 2802 admo-

2158 2860 2370 2912 nemus,
2398 2854 2454 2900 ut
2481 2853 2778 2917 agnoscant
2802 2846 2947 2916 quod
2995 2845 3095 2919 ipsi
3124 2853 3444 2917 spontanee:
3491 2857 3549 2898 se
3584 2838 3719 2895 morti

2159 2936 2473 3007 subjiciunt,
2512 2939 2604 3010 qui
2646 2922 2863 2994 diabolo
2912 2938 3220 3010 sacrificare
3252 2937 3530 3000 videntur,
3560 2931 3720 2987 mortis

2159 3029 2307 3105 enim
2353 3030 2574 3084 nomine
2601 3028 2848 3084 diabolus
2878 3029 3199 3100 appellatur,
3244 3028 3392 3084 sicut
3431 3026 3499 3082 de
3525 3038 3587 3080 eo
3614 3020 3717 3078 seri

2161 3129 2312 3191 ptum
2341 3132 2446 3189 est,
2483 3131 2538 3178 et
2558 3131 2679 3178 erat
2712 3122 2785 3177 illi
2819 3130 3014 3177 nomen
3044 3137 3213 3178 mors.
3234 3121 3317 3177 Ac
3346 3118 3568 3192 provide
3584 3127 3719 3171 omne

468 3189 607 3272 versi
648 3189 724 3272 ad
770 3217 930 3273 fidem
965 3218 1167 3274 Christi
1209 3189 1492 3276 veraciter
1530 3216 1752 3295 fuerint.
1795 3189 1967 3287 Item,
1997 3229 2055 3275 ut
2080 3189 2126 3251 (ἶ
2157 3189 2494 3281 sacrilegium
2523 3211 2861 3278 idololatriae,
2883 3211 2970 3266 vel
2998 3209 3259 3282 quidquid
3288 3189 3424 3266 illud
3454 3216 3533 3263 est
3554 3213 3714 3261 contra

465 3308 705 3379 episcopi
745 3323 933 3365 omnes
957 3308 1159 3387 Iudaeis
1188 3311 1256 3366 ad
1285 3326 1345 3367 se
1386 3312 1783 3382 pertinentibus
1808 3310 2045 3367 libellum

466 3398 533 3454 de
561 3398 675 3453 suis
705 3398 910 3453 editum
950 3400 1231 3456 erroribus
1262 3402 1494 3467 tradant,
1518 3410 1574 3456 et
1612 3409 1672 3456 ut
1692 3400 2057 3472 professiones

466 3502 677 3554 eorum,
707 3489 791 3544 vel
820 3490 1141 3546 conditones
1173 3490 1225 3544 in
1270 3490 1487 3547 scriniis
1512 3490 1758 3546 ecclesiae
1794 3489 2051 3546 condant.

467 3579 707 3646 Quarum
752 3582 994 3637 omnium
1027 3566 1597 3655 legum‘promulgatio
1643 3582 1867 3652 gravida
1916 3582 2057 3638 sicut

467 3673 711 3743 synodali
745 3674 951 3744 judicio
980 3676 1350 3745 comprobata,
1407 3676 1479 3732 ita
1529 3674 1770 3747 generali
1812 3674 2055 3730 omnium

467 3771 777 3818 nostrorum
806 3765 1123 3821 definitione
1145 3767 1198 3821 in
1226 3780 1417 3822 eorum
1445 3766 1553 3822 erit
1584 3754 1840 3835 deinceps
1868 3779 2059 3820 exces-

469 3867 564 3908 sus
590 3856 916 3913 exercenda.
1043 3846 1046 3851 ’
1409 3854 1413 3860 ’
1920 3844 1925 3851 ’

537 3943 608 3998 Χ.
636 3944 743 3999 Pro
770 3946 853 4000 his
874 3946 963 4015 qui
988 3946 1229 4016 quolibet
1250 3955 1395 4002 metu
1419 3945 1506 4001 vel
1536 3955 1743 4001 terrore
1771 3945 2057 4002 ecclesiam

470 4043 750 4105 appetunt,
783 4037 1157 4091 consentiente
1185 4037 1391 4106 pariter
1411 4032 1804 4109 gloriosissimo
1829 4023 2060 4091 Demino

471 4136 655 4182 nostro
692 4127 912 4199 Eringio
950 4144 1112 4199 rege,
1165 4130 1268 4184 hoc
1315 4138 1563 4185 sanctum
1599 4128 1888 4184 concilium
1930 4127 2061 4185 defi-

471 4217 622 4281 n’ivit,
654 4226 713 4271 ut
738 4218 915 4272 nullus
951 4219 1147 4273 audeat
1197 4210 1568 4291 confugientes
1615 4220 1680 4274 ad
1730 4218 2016 4275 ecclesiam
2040 4260 2055 4284 ,

470 4306 557 4362 vel
586 4307 884 4362 residentes
909 4298 1227 4364 abstrahere
1252 4349 1267 4375 ,
1296 4318 1389 4363 aut
1415 4310 1773 4380 quodcunque
1816 4308 2059 4366 nocibili-

476 4397 606 4451 tatis
631 4396 715 4451 vel
738 4397 941 4462 damni,
971 4414 1062 4452 seu
1087 4397 1239 4469 spolii
1266 4398 1627 4455 residentibus
1651 4396 1705 4454 in
1728 4399 1849 4455 loco
1869 4395 2059 4455 sancto

471 4489 694 4554 inferre,
728 4490 820 4543 sed
848 4504 967 4545 esse
1008 4491 1189 4558 potius
1238 4491 1324 4545 his
1366 4490 1498 4561 ipsis
1524 4491 1615 4561 qui
1647 4491 1930 4547 ecclesiam
1957 4506 2053 4561 pe-

477 4590 619 4647 tunt,
647 4596 745 4651 per
769 4580 951 4635 omnia
976 4580 1179 4635 licitum
1196 4581 1248 4635 in
1274 4582 1493 4650 triginta
1518 4598 1711 4654 passus
1733 4583 1802 4637 ab
1820 4581 2063 4638 ecclesia:

468 4670 650 4740 jauuis
678 4672 952 4743 progredi.
996 4673 1052 4726 In
1104 4661 1305 4742 quibus
1338 4672 1555 4743 triginta
1590 4674 1839 4743 passibus
1876 4674 2064 4729 unius-

474 4765 736 4836 cujusque
772 4765 1015 4820 ecclesiae
1046 4765 1097 4819 in
1143 4774 1258 4820 toto
1287 4766 1518 4821 circuitu
1544 4767 1850 4822 reverentia
1879 4767 2061 4823 defen-

476 4853 654 4919 datur,
698 4853 777 4909 sie
825 4863 1004 4908 tamen
1051 4861 1110 4908 ut
1159 4853 1210 4907 hi
1258 4854 1349 4923 qui
1397 4854 1466 4909 ad
1512 4870 1632 4909 eam
1663 4854 1979 4927 confugiunt
2007 4856 2061 4912 in

475 4949 749 5004 extraneis
776 4949 862 5003 vel
893 4949 1048 5020 longe
1089 4949 1352 5020 separatis
1392 4948 1460 5004 ab
1508 4949 1735 5006 ecclesia
1778 4944 2060 5019 domibus,

476 5037 622 5093 tiullo
649 5040 809 5095 modo
838 5041 1172 5108 abscedant,
1202 5042 1296 5113 sed
1324 5042 1379 5096 in
1411 5042 1515 5097 hoc
1560 5042 1780 5112 triginta
1805 5059 2060 5115 passuum

475 5142 703 5183 numero
739 5130 943 5199 absque
985 5122 1268 5187 domorum
1315 5140 1699 5187 extranearum
1726 5133 2064 5211 receptaculo

474 5218 880 5289 progredientes
925 5222 1128 5275 aditum
1171 5217 1555 5290 obstinebnnt,
1587 5214 1647 5278 ut
1692 5225 1760 5279 ad
1792 5225 2066 5295 requisita:

475 5319 684 5363 natura:
724 5324 879 5364 usum
928 5309 1124 5367 debitis
1178 5323 1375 5369 exeant
1417 5314 1571 5370 locis.
1615 5313 1683 5370 Et
1723 5313 1868 5370 nullo
1905 5317 2067 5371 modo

479 5410 765 5457 teneantur
804 5413 997 5458 eventu
1047 5406 1495 5475 necessitudinis,
1541 5407 1633 5478 qui
1673 5408 1969 5464 Dominicis
2007 5426 2065 5466 se

482 5494 803 5552 ditIidendos
828 5492 1200 5553 commiserint
1227 5500 1501 5557 claustris.
1527 5501 1583 5557 Si
1608 5502 1729 5572 quis
1752 5511 1930 5558 autem
1952 5488 2064 5558 hoc

478 5587 757 5644 decretum
790 5590 1076 5645 tentaverit
1105 5591 1325 5659 violare,
1355 5602 1412 5649 et
1438 5589 1823 5650 ecclesiastica:
1848 5610 2067 5650 excom-

478 5678 833 5737 municationi
863 5680 1138 5752 subjaceat
1160 5723 1173 5747 ,
1209 5690 1264 5738 et
1300 5684 1607 5740 severitatis
1637 5684 1798 5756 regiae
1839 5682 2068 5742 feriatur

483 5771 773 5860 sententia,
806 5773 950 5844 ipsos
984 5785 1161 5832 tamen
1194 5774 1287 5847 qui
1335 5776 1401 5832 ad
1432 5774 1729 5833 Ecclesium
1756 5778 2063 5850 confugium

2159 3315 2405 3362 sanctam
2448 3306 2605 3378 137
2630 3306 2808 3373 fidem,
2836 3307 2888 3361 in
2920 3322 3028 3378 quo
3049 3307 3366 3377 insipientes
3395 3304 3628 3361 homines
3644 3314 3715 3356 ca-

2156 3397 2348 3467 ptivati
2373 3397 2652 3452 diabolicis
2674 3396 2899 3453 culturis
2924 3397 3243 3463 inserviunt,
3260 3394 3559 3453 sacerdotis
3572 3388 3715 3459 velju-

2158 3487 2297 3542 dicis
2334 3486 2589 3542 instantia
2612 3487 2886 3567 inventum
2922 3494 2983 3542 ut
3004 3487 3284 3559 sacrilegia
3307 3487 3712 3547 eradicantur,et

2159 3579 2520 3636 exterminata
2541 3587 2883 3635 truncentur.
2914 3578 3021 3635 Eos
3042 3595 3170 3636 vero
3191 3578 3285 3651 qui
3318 3580 3388 3635 ad
3413 3578 3563 3633 talem
3588 3584 3711 3631 ene

2159 3688 2273 3727 rem
2303 3679 2626 3737 accurrunt,
2653 3680 2709 3727 et
2734 3657 3051 3727 verberibus
3078 3679 3406 3735 coerceant,
3437 3663 3491 3725 et
3522 3671 3708 3729 onustos

2158 3760 2305 3817 ferro
2332 3762 2563 3818 dominis
2606 3763 2721 3818 suis
2756 3760 3003 3829 tradant,
3028 3763 3073 3819 si
3119 3771 3297 3819 tamen
3335 3759 3533 3818 domini
3555 3770 3706 3813 eorum

2159 3873 2256 3929 per
2296 3856 2676 3927 jujusraudum
2722 3859 3125 3915 attestationem
3176 3858 3495 3930 promittant
3540 3869 3594 3910 se
3633 3866 3706 3907 eos

2164 3957 2270 4003 tam
2314 3948 2543 4004 sollicite
2580 3948 2888 4015 custodire,
2915 3958 2974 4004 ut
2999 3949 3139 4004 ultra
3170 3950 3250 4005 eis
3284 3965 3396 4005 non
3437 3948 3585 4003 liceat
3623 3940 3706 3997 tale

2163 4036 2314 4093 nefas
2338 4037 2697 4092 committere.
2727 4037 2881 4104 Quod
2914 4038 2959 4093 si
2997 4039 3197 4094 domini
3243 4054 3432 4095 eorum
3456 4035 3610 4091 nolint
3628 4031 3703 4086 hu-

2156 4129 2391 4201 jusmodi
2426 4144 2549 4184 reos
2591 4128 2646 4183 in
2691 4129 2793 4184 fide
2841 4145 2937 4185 sua
2985 4130 3282 4201 suscipere,
3316 4138 3444 4184 tunc
3485 4126 3547 4181 ab
3581 4122 3649 4179 eis
3679 4134 3704 4173 a

2163 4218 2360 4292 quibus
2383 4221 2608 4277 coerciti
2636 4229 2763 4277 sunt
2788 4222 2953 4294 regiis
2978 4224 3289 4295 aspectibus
3317 4224 3699 4294 pratsententur.

2165 4321 2222 4365 ut
2247 4311 2501 4383 princeps
2551 4312 2928 4379 auctoritatem
2971 4328 3038 4368 ac
3080 4312 3303 4369 liberam
3334 4314 3401 4368 de
3428 4309 3603 4365 talibus
3628 4304 3705 4359 do-

2164 4403 2404 4459 minandi
2452 4396 2773 4475 potcstatent
2808 4404 3069 4460 obtineat.
3111 4404 3325 4471 Domini
3357 4414 3526 4460 tamen
3547 4407 3698 4453 eorum

2164 4496 2256 4566 qui
2302 4496 2580 4551 nuntiatos
2616 4496 2719 4552 sibi
2766 4495 2951 4550 talium
2982 4512 3262 4551 servorum
3309 4508 3516 4551 errores
3551 4480 3699 4545 uicisti

2126 4574 2476 4654 'noluerunt,
2514 4596 2568 4643 et
2596 4578 3172 4643 excommunicationis
3212 4585 3526 4643 sententiam
3559 4574 3696 4650 prefe-

2168 4690 2314 4748 raut,
2338 4690 2393 4738 et
2408 4680 2535 4751 jura
2557 4681 2697 4737 servi
2723 4680 2866 4736 illius
2891 4696 3049 4751 quem
3069 4695 3325 4736 coercere
3358 4677 3635 4735 noluerunt.
3652 4677 3697 4719 se

2166 4776 2415 4833 amisisse
2455 4783 2805 4847 cognoscant.
2837 4773 2989 4842 Quod
3027 4775 3072 4830 si
3112 4774 3463 4844 ingenuorum
3496 4771 3693 4840 persona:

2166 4868 2250 4923 his
2276 4866 2555 4923 erroribus
2579 4866 2778 4923 fuerint
2811 4865 3123 4936 implicatae,
3160 4875 3217 4920 et
3240 4871 3490 4937 perpetua
3518 4863 3693 4914 excom-

2168 4959 2549 5016 municationis
2573 4959 2843 5021 sententia
2894 4958 3180 5026 feriantur,
3212 4967 3269 5013 et
3298 4952 3506 5014 arctiori
3542 4942 3692 5003 exsilio

2169 5052 2519 5107 ulciscantur.
2756 5045 2760 5049 ’

2240 5139 2354 5195 XII.
2391 5138 2601 5195 Placuit
2637 5140 2763 5196 huic
2798 5147 2990 5197 sancto
3018 5140 3248 5197 concilio
3271 5181 3286 5206 ,
3317 5149 3377 5196 ut
3413 5138 3547 5210 juxta
3577 5124 3689 5199 Ρτί⁰⁴

2170 5252 2287 5291 rum
2324 5224 2700 5303 episcoporum
2743 5232 3097 5304 Singularium
3140 5233 3521 5304 provinciarum
3562 5229 3687 5315 cant?

2171 5343 2297 5382 num
2337 5324 2584 5381 instituta
2615 5325 2771 5379 annis
2793 5325 3018 5396 singulis
3041 5326 3093 5380 in
3124 5337 3442 5395 unaquaque
3463 5311 3685 5392 provincia

2169 5412 2441 5474 Kalendis
2471 5414 2790 5472 Novembris
2835 5414 3120 5469 concilium
3176 5408 3490 5469 celebraturi
3533 5405 3682 5458 conVe‘

2170 5494 2344 5571 niant,
2374 5504 2617 5573 quisquis
2643 5511 2824 5558 autem
2864 5503 2916 5557 in
2949 5503 3220 5573 praedictis
3244 5499 3485 5558 Kalendis
3504 5491 3683 5548 Novem—

2169 5595 2282 5650 bris
2324 5611 2419 5666 pro
2457 5583 2819 5650 celebratione
2857 5593 3048 5664 synodi
3094 5593 3281 5649 venire
3326 5581 3681 5649 distulerit,cX'

2171 5684 2650 5741 cummnnicationi
2691 5683 2868 5738 debite
2898 5683 3216 5755 subjacebit.
3644 5751 3652 5762 η

2243 5778 2376 5835 XIII.
2420 5778 2718 5836 Prccmissis
2764 5777 2846 5833 his
2900 5778 3151 5836 omnibus
3192 5773 3520 5850 synodalibus
3554 5763 3674 5833 3⁸⁵⁸⁵
