3888 6438
99 395 183 450 501

1228 398 1717 458 DECRETALIUM
1745 403 2148 463 COLLECTIO.

3208 421 3314 479 562

97 518 202 574 qua:
239 502 461 556 honesto
502 500 840 555 decretorum
893 501 999 559 line
1025 506 1409 576 complevimus
1452 524 1642 580 perpe-
1665 495 1716 554 Α
1740 523 2049 572 Antoninus
2067 518 2299 575 Bastinzn
2325 521 2569 578 ecclesia:
2589 522 2888 595 cpiscopus,
2913 529 3164 587 similiter
3186 536 3311 592 sub.

99 604 227 647 tuum
271 589 352 645 bis
389 591 559 645 robur
605 605 703 660 per
746 607 1001 648 manuum
1054 605 1358 653 nostrarum
1403 602 1639 658 subseri-

93 685 303 755 ptionem
329 683 686 748 annectimus,
709 684 898 740 dantes
918 700 1016 756 pro
1036 688 1119 743 his
1145 690 1369 760 gloriam
1392 702 1445 748 et
1465 694 1636 750 hono-

93 790 188 829 rem
213 772 496 833 immortali
546 774 655 831 Deo
695 784 750 829 et
794 775 1020 833 Domino
1066 788 1280 845 nostro,
1323 799 1431 852 quo
1468 785 1634 855 inspi-

93 875 246 928 rante,
289 873 344 917 et
393 864 857 922 determinationis
898 877 1096 925 nostra
1141 874 1405 928 sententia
1442 876 1634 946 viguit,

90 966 137 1010 et
183 955 414 1024 probitas
450 970 738 1011 causarum
787 959 1014 1015 honesto
1063 977 1123 1017 se
1171 963 1278 1019 fine
1328 967 1632 1036 complevit.

92 1045 221 1101 Unde
239 1053 437 1100 sancta:
461 1046 740 1103 Trinitatis
762 1052 1030 1120 poscimus
1060 1054 1419 1112 inenarrabile
1443 1074 1636 1114 nomen

90 1145 135 1189 et
166 1136 446 1205 gloriosam
482 1136 766 1193 ineti’abilis
795 1143 1047 1209 polentia:
1070 1142 1429 1212 majestatem,
1461 1157 1520 1201 ut
1547 1148 1637 1203 det

90 1226 291 1281 amatori
336 1227 541 1284 Christi
586 1232 931 1289 serenissimo
978 1236 1205 1292 Domino
1244 1249 1428 1293 nostro
1473 1224 1652 1312 atque‘

88 1315 429 1370 amantissimo
474 1317 695 1388 Eringio
721 1321 983 1393 principi,
1007 1325 1161 1395 cujus
1189 1326 1341 1395 jussu
1382 1329 1453 1383 ad
1494 1330 1635 1386 hunc

88 1403 351 1457 meruimus
375 1405 631 1461 advocari
674 1409 962 1466 adventum
985 1452 998 1476 ,
1032 1413 1296 1482 imperare
1321 1414 1632 1485 clementer,

86 1502 283 1564 regnare
336 1494 594 1563 feliciter,
645 1500 845 1557 habere
899 1503 966 1557 de
1012 1504 1296 1563 clementia
1356 1506 1632 1577 fructum,

86 1583 299 1638 obtinere
334 1586 428 1640 Dei
456 1585 671 1654 justitia
700 1591 1002 1659 praemium,
1032 1593 1097 1648 dc
1124 1594 1323 1663 pietate
1350 1605 1630 1667 tropaeum,

86 1688 175 1744 quo
206 1684 256 1729 et
277 1675 363 1730 hic
385 1676 622 1733 invictus
648 1680 821 1735 victor
865 1682 1101 1737 hostium
1139 1699 1353 1756 semper
1378 1697 1636 1757 appareat

86 1774 131 1818 et
161 1775 273 1834 post
309 1767 565 1823 diuturna
614 1769 772 1838 hujus
808 1772 991 1828 saeculi
1017 1775 1286 1830 curricula
1317 1777 1382 1831 ad
1410 1793 1631 1849 regnum

86 1863 316 1910 aeternum
356 1871 482 1912 cum
522 1857 637 1914 suis
677 1859 928 1915 omnibus
953 1864 1293 1919 coronandus
1319 1867 1632 1936 perveniat,

86 1956 343 2017 prastante
360 1949 474 2004 Deo
495 1965 551 2004 et
575 1949 853 2006 Salvatore
871 1951 997 2008 Jesu
1024 1953 1242 2011 Christo
1268 1958 1514 2026 Domino,
1546 1961 1636 2030 qui

88 2052 188 2092 cum
208 2037 364 2095 Patre
408 2048 465 2094 et
506 2039 711 2110 Spiritu
754 2051 947 2119 sancto
999 2044 1052 2098 in
1100 2044 1364 2101 Trinitate
1406 2048 1542 2104 vivit
1583 2059 1639 2104 et

88 2138 246 2199 regnat
272 2130 415 2186 Deus
437 2131 493 2186 in
519 2131 715 2187 saecula
746 2132 1086 2189 saeculorum.
1118 2135 1315 2191 Amen.

142 2219 511 2276 Conilrmatum
562 2229 647 2277 est
693 2223 796 2277 hoc
849 2231 1097 2279 sanctum
1155 2225 1441 2281 concilium
1477 2267 1492 2291 ,
1551 2228 1640 2284 die

88 2319 248 2367 octava
268 2312 630 2368 Kalendarum
654 2313 1070 2369 Februariarum
1099 2331 1242 2371 anno
1272 2315 1499 2372 feliciter
1525 2319 1637 2388 pri-

87 2417 160 2457 mo
197 2404 521 2460 serenissimi
569 2404 772 2459 domini
822 2406 993 2462 nostri
1039 2406 1242 2478 Eringii
1293 2408 1434 2478 regis
1462 2448 1476 2473 ,
1529 2424 1637 2463 acra

91 2507 309 2550 DCCXVI".

489 2584 796 2656 Subscripto
819 2588 1198 2658 episcoporum.

139 2670 363 2729 Julianus
393 2672 490 2730 Dei
520 2675 697 2745 gratia
739 2674 1017 2744 Spalensis
1056 2679 1299 2734 ecclesiae
1332 2680 1476 2737 sedis
1518 2682 1635 2753 epi-

88 2776 247 2833 scopus
257 2766 366 2822 hac
387 2766 649 2840 synodica
666 2768 906 2824 instituta
928 2785 957 2824 a
982 2769 1135 2826 nobis
1154 2772 1298 2826 edita
1320 2773 1633 2844 subscripsi.

88 2850 176 2922 Ego
213 2853 376 2911 Julius
430 2856 685 2927 indignus
737 2857 887 2913 urbis
947 2860 1110 2930 regiae
1158 2860 1428 2918 Toletame
1495 2864 1637 2918 sedis

88 2942 333 3014 episcopus
358 2947 474 3003 bmc
502 2946 762 3019 synodica
790 2963 820 3002 a
853 2949 1008 3005 nobis
1033 2950 1275 3005 instituta
1317 2953 1631 3023 subscripsi.

88 3028 179 3101 Ego
228 3033 389 3091 Liuba
431 3037 687 3108 indignus
730 3038 1115 3097 Braccarensis
1159 3043 1301 3098 sedis
1343 3043 1630 3115 episcopus

88 3120 181 3178 hac
226 3128 471 3198 synodica
524 3144 554 3183 a
601 3129 757 3186 nobis
818 3131 1062 3189 instituta
1107 3133 1251 3195 edita
1313 3135 1623 3205 subscripsi.

88 3208 178 3282 Ego
216 3214 517 3287 Stephanus
566 3228 765 3276 sanctae
793 3220 1203 3281 Emeritinensis
1235 3223 1477 3280 ecclesia:
1516 3225 1628 3296 epi-

90 3315 253 3373 sc0pus
293 3308 403 3363 haec
443 3310 703 3381 synodica
750 3326 780 3365 a
829 3312 984 3367 nobis
1030 3313 1272 3369 instituta
1319 3314 1461 3370 edita
1499 3316 1625 3371 sub-

91 3395 265 3466 scripsi.
314 3398 544 3457 Aﬂalius
573 3403 679 3457 Dei
700 3403 1051 3459 miseratione
1078 3404 1363 3471 Avelensis
1390 3406 1631 3461 ecclesia:

89 3486 332 3557 episcopus
385 3491 502 3547 haec
570 3494 825 3564 synodica
862 3509 912 3548 ea
974 3495 1131 3550 nobis
1187 3495 1431 3551 instituta
1487 3497 1630 3552 edita

89 3574 362 3648 subscripsi.
387 3580 446 3636 in
468 3580 672 3636 Christi
711 3583 929 3639 nomine
971 3584 1219 3649 Leander
1252 3584 1551 3640 Hilicitana:
1576 3594 1632 3642 et

89 3660 251 3722 iotanaa
296 3672 580 3743 episcopus
628 3674 744 3729 haec
795 3674 1051 3744 synodica
1106 3689 1137 3729 a
1189 3676 1346 3731 nobis
1388 3676 1631 3732 instituta

92 3753 209 3809 edita
244 3760 553 3832 subscripsi.
605 3763 662 3818 In
712 3763 913 3820 Christi
941 3766 1156 3822 nomine
1184 3766 1481 3825 Palinatius
1526 3769 1628 3826 Ur-

92 3841 249 3900 citana:
277 3850 518 3906 ecclesia:
539 3852 844 3924 episcopus,
873 3855 989 3910 haec
1029 3857 1284 3926 synodica
1328 3858 1573 3913 instituta
1598 3874 1629 3915 a

94 3932 222 3989 nobis
255 3940 566 4012 subscripsi.
626 3942 957 4000 Concordius
1008 3945 1266 4001 Palatinae
1325 3949 1469 4004 sedis
1512 3950 1651 4019 epi-r

95 4035 279 4093 scopas,
293 4030 543 4086 similiter
559 4033 874 4104 subscripsi.
896 4034 1098 4090 Riccila
1120 4035 1425 4091 Haceitanaa
1456 4037 1633 4092 eccle—

92 4109 167 4166 siae
187 4118 453 4190 episcopus
490 4122 739 4178 similiter
760 4125 878 4183 sub.
913 4123 1210 4194 Sinpernus
1246 4126 1630 4196 Erpavicensis

92 4201 356 4278 episcOpus,
386 4212 639 4267 similiter
672 4214 792 4269 sub.
826 4212 1138 4284 Sparendeo
1172 4216 1468 4274 Talicensis
1511 4220 1629 4290 epi-

94 4302 254 4362 scopas
276 4300 436 4368 sedis,
479 4302 730 4358 similiter
754 4304 874 4358 sub.
903 4304 1036 4360 Geta
1085 4306 1349 4377 Elipcnsis
1386 4309 1630 4364 ecclesia:

95 4383 379 4457 episcopus,
441 4392 692 4449 similiter
744 4396 864 4449 sub.
918 4395 1209 4452 Memorius
1246 4398 1633 4472 Egobinensis

1737 604 1995 663 Proculus
2029 608 2398 680 Jugastrensis
2436 615 2678 669 ecclesiae
2717 619 2998 690 episcopus
3022 662 3036 686 ,
3065 623 3316 682 similiter

1736 696 1856 749 sub.
1895 696 2053 752 Atala
2081 698 2392 756 Cauriensis
2418 703 2659 760 ecclesia:
2691 708 2975 779 episcopus
3001 752 3016 777 ,
3065 714 3315 771 similiter

1736 788 1855 842 sub.
1902 788 2197 860 Separatus
2230 794 2477 851 Vesensis
2521 797 2761 853 ecclesim
2811 801 3127 874 episcopus,
3160 807 3313 863 simi-

1736 877 1859 948 liter
1909 880 2029 935 sub.
2079 881 2457 941 Providentius
2523 886 3003 948 Salamanticensis
3068 894 3314 952 ecclesia:

1736 967 2037 1038 cpiscopus,
2078 971 2327 1027 similiter
2364 973 2486 1029 sub.
2530 977 2797 1047 Argibado
2824 980 3166 1039 Eliberitanae
3192 987 3310 1056 epi-

1737 1072 1932 1128 scOpus
1991 1059 2270 1126 ecclesim,
2319 1063 2565 1120 similiter
2630 1068 2748 1122 sub.
2790 1068 3051 1126 Sisebado
3103 1075 3310 1131 Ducitze

1734 1148 1978 1204 ecclesiae
2002 1151 2146 1207 sedis
2164 1153 2466 1225 episcopus,
2497 1158 2614 1212 sub.
2644 1158 3077 1230 Ellasegotiensis
3104 1167 3311 1235 episco-

1733 1256 1850 1311 pus,
1876 1243 2124 1300 similiter
2149 1248 2268 1301 sub.
2319 1247 2646 1308 Sebarianus
2678 1251 2959 1312 Noxiensis
3003 1261 3310 1329 episcopus,

1734 1330 1981 1386 similiter
2018 1336 2134 1389 sub.
2168 1337 2403 1394 Joannes
2434 1339 2688 1399 Pacensis
2715 1342 3018 1417 episcopus,
3061 1351 3312 1408 similiter

1734 1420 1852 1474 sub.
1889 1420 2230 1495 Teudulphus
2250 1428 2568 1500 Astigitanae
2589 1434 2870 1505 episcopus
2899 1439 3017 1493 sub.
3048 1438 3262 1495 Samuel
3291 1480 3307 1507 ,

1733 1510 2083 1584 Gundulphus
2106 1556 2121 1582 ,
2173 1517 2504 1588 Euphrasius
2533 1563 2546 1589 ,
2600 1523 2927 1583 Terdoratus
2954 1570 2969 1594 ,
3018 1530 3312 1588 Bateradus

1734 1602 1902 1657 abbas
1946 1605 2401 1677 subscripserunt.
2439 1611 2774 1671 Annibonius
2807 1619 3091 1690 presbyter
3123 1629 3312 1678 tenens

1733 1690 1902 1747 vicem
1947 1693 2148 1749 domini
2192 1699 2361 1753 nostri
2416 1698 2733 1758 Subdemeri
2772 1706 3011 1763 ecclesiae
3056 1708 3312 1781 Complu-

1737 1783 1906 1840 tensis
1929 1786 2164 1857 episcopi
2193 1789 2313 1844 sub.
2362 1790 2658 1862 Sesulpbus
2698 1796 2812 1852 haec
2842 1798 3085 1854 instituta
3109 1803 3305 1872 quibus

1740 1875 1956 1931 interfui
1999 1894 2240 1939 annuens
2296 1884 2415 1938 sub.
2456 1883 2838 1955 Raccaredus,
2891 1893 3140 1949 similiter
3183 1897 3303 1952 sub.

1738 1963 1968 2033 Vuitiza,
1992 1970 2243 2026 similiter
2262 1974 2382 2029 sub.
2407 1975 2682 2044 Vuimars,
2712 1980 2961 2041 similiter
2990 1985 3305 2056 subscripsi.

1738 2054 2143 2116 Theuditendila
2168 2102 2184 2128 ,
2235 2064 2485 2123 similiter
2528 2069 2841 2141 subscripsi.
2872 2072 3163 2146 0stulpbus
3190 2054 3314 2145 ξεῖ-

1737 2146 1935 2202 militer
1953 2149 2073 2207 sub.
2105 2150 2445 2225 Salimurius,
2475 2159 2723 2215 similiter
2746 2163 2866 2229 sub.
2892 2164 3306 2233 Theudefridus,

1736 2236 1986 2295 similiter
2006 2243 2125 2297 sub.
2152 2243 2462 2316 liildigisus,
2487 2250 2734 2307 similiter
2755 2258 2876 2313 sub.
2905 2256 3137 2323 Vitulus,
3160 2259 3310 2313 simi-

1735 2326 1860 2384 liter
1882 2331 1999 2386 sub.
2030 2333 2180 2389 Edila
2208 2376 2223 2402 ,
2255 2337 2502 2395 similiter
2529 2343 2647 2398 sub.
2679 2344 2971 2403 Adeluibus
2993 2389 3009 2416 ,
3064 2350 3311 2411 similiter

1735 2419 1855 2474 sub.
1883 2420 2192 2492 Attulphus,
2224 2428 2471 2485 similiter
2497 2432 2810 2506 subscripsi.

1806 2508 2011 2577 Quibus
2025 2515 2273 2571 omnibus
2294 2521 2638 2589 synodalibus
2666 2526 2852 2594 gestis,
2882 2527 3115 2585 decretis
3144 2540 3307 2600 atque

1734 2601 1926 2671 pactis,
1951 2610 2005 2657 et
2028 2603 2265 2660 debitam
2293 2611 2648 2666 reverentiam
2680 2613 2901 2671 honoris
2924 2617 3305 2689 impendimus,

1734 2699 1790 2746 et
1834 2691 2077 2761 patulum
2116 2696 2455 2753 auctoritatis
2502 2709 2700 2756 nostrae
2750 2703 2985 2773 vigorem
3032 2705 3115 2761 his
3155 2708 3307 2764 inne-

1738 2788 1885 2836 ctere
1913 2797 2287 2853 properamus.
2319 2785 2550 2858 ideoque
2578 2790 2882 2860 praemissas
2916 2793 3015 2849 has
3048 2797 3307 2851 constitu-

1737 2870 1911 2926 tiones
1946 2875 2232 2944 synodicas
2262 2892 2292 2931 a
2333 2878 2586 2948 praesenti
2616 2881 2705 2936 die
2725 2880 2810 2937 vel
2841 2890 3097 2954 tempore,
3130 2885 3183 2940 id
3218 2895 3305 2943 est

1734 2962 1802 3016 ab
1830 2970 2020 3019 octavo
2044 2963 2265 3021 Kalend.
2301 2967 2611 3036 Februarii,
2644 2986 2787 3027 anno
2813 2974 2988 3044 primo
3013 2977 3163 3047 regni
3208 2992 3311 3033 no-

1734 3051 1833 3105 stri
1859 3052 2039 3111 nullus
2073 3055 2267 3111 audeat
2290 3067 2656 3126 contemnere,
2685 3062 2862 3118 nullus
2885 3064 3047 3119 etiam
3076 3075 3305 3137 prmter-

1734 3142 1846 3211 ire,
1899 3159 2056 3201 nemo
2093 3148 2403 3204 earumdem
2452 3152 2893 3209 constitutionum
2950 3157 3149 3212 audeat
3178 3158 3304 3228 jura

1733 3234 2057 3300 convellere,
2085 3235 2265 3292 nullus
2290 3246 2583 3293 temerator
2593 3240 2709 3295 htec
2726 3242 2940 3297 decreta
2962 3244 3298 3300 subvertere.

1731 3319 1899 3377 Nemo
1932 3322 2208 3379 illicitator
2232 3326 2317 3380 vel
2352 3335 2690 3397 contemptor
2717 3329 2956 3399 vigorem
2988 3331 3070 3386 his
3096 3332 3306 3388 institu-

1734 3412 1969 3468 tionibus
1996 3410 2417 3481 subtrabat,'sed
2441 3417 2762 3487 generaliter
2783 3430 2880 3488 per
2907 3427 3128 3475 cunctas
3150 3420 3302 3491 regni

1731 3503 1902 3557 nestri
1942 3505 2247 3573 provincias
2270 3506 2382 3561 haec
2407 3521 2673 3562 canonum
2702 3507 2941 3563 instituta
2968 3518 3166 3565 nostra:
3188 3511 3301 3581 glo-

1732 3591 1826 3647 ria:
1858 3592 2184 3662 temporibus
2219 3604 2369 3662 acta,
2393 3603 2449 3651 et
2475 3597 2816 3652 auctoritatis
2849 3599 3041 3654 debitae
3070 3598 3291 3673 fastigio

1729 3682 2139 3751 praepollebant,
2167 3692 2222 3739 et
2253 3684 2544 3740 inviolabili
2575 3693 2759 3740 tenore
2778 3683 3103 3753 judiciorum
3127 3688 3295 3743 babe-

1730 3770 1949 3830 blmtur.
1975 3772 2032 3828 Si
2055 3774 2177 3844 quis
2211 3783 2389 3830 autem
2416 3774 2533 3830 haec
2562 3774 2805 3830 instituta
2828 3783 3302 3844 coutemnat,con-

1739 3873 2063 3933 temptorum
2100 3879 2159 3921 se
2215 3866 2426 3921 noverit
2466 3862 2711 3921 damnari
2761 3866 3061 3933 sententia,
3094 3866 3148 3922 id
3193 3876 3298 3935 est,

1731 3963 1790 4008 ut
1828 3952 1984 4022 juxta
2027 3955 2357 4010 voluntatem
2385 3965 2583 4010 nostrae
2608 3956 2811 4026 gloriae,
2841 3965 2896 4011 et
2926 3954 3302 4013 excommuni-

1729 4055 1884 4102 catus
1921 4060 1953 4099 a
1981 4053 2122 4101 coetu
2154 4055 2343 4102 nostro
2370 4044 2595 4112 resiliat,
2636 4055 2690 4100 et
2717 4046 2937 4117 insuper
2961 4058 3173 4118 partem
3205 4050 3301 4104 de-

1728 4138 1924 4193 cimam
1939 4134 2211 4191 facultatis
2229 4151 2340 4191 sua:
2356 4134 2469 4190 fisci
2484 4135 2726 4205 partibus
2736 4136 3045 4191 sociandam
3059 4138 3293 4205 amittat;

1738 4226 1883 4296 quod
1917 4226 1962 4280 si
2011 4226 2146 4281 nihil
2184 4225 2436 4280 habuerit
2480 4223 2754 4280 facultatis
2793 4226 2935 4281 unde
2985 4228 3299 4297 praedictam

1729 4315 2173 4387 compositionem
2201 4314 2482 4371 exsolvere
2502 4315 2690 4386 possit,
2722 4316 2921 4386 absque
2945 4317 3049 4372 alia
3078 4318 3302 4375 infamia

1728 4407 1811 4462 sui
1834 4405 2221 4476 quinquaginta
2250 4405 2520 4476 oportebit
2543 4420 2666 4460 eum
2691 4406 2890 4462 ictibus
2915 4409 3215 4475 verberari,
3241 4416 3304 4465 ut

95 4472 295 4532 θεοιθείω
335 4481 620 4551 episcopus
648 4521 665 4547 9
710 4483 960 4539 Similiter
1021 4486 1140 4540 Sllb-
1208 4486 1627 4545 Tl'lIClimundus
1654 4520 1705 4579 D
1732 4472 1948 4568 semper
1986 4472 2203 4550 infamis
2247 4502 2586 4565 permaneat.
2619 4495 2774 4550 Edita
2801 4495 2886 4550 lex
2917 4497 2971 4551 in
3012 4497 3302 4551 confirma-

95 4554 211 4579 νειμ
319 4566 329 4579 ι
475 4571 487 4579 .
809 4573 823 4579 -
918 4573 937 4579 -
970 4574 981 4579 -
1006 4574 1019 4579 -
1199 4574 1247 4579 As
1312 4577 1322 4579 μ
1432 4578 1439 4579 ,

94 4554 362 4623 Elborcnsis
402 4571 687 4640 episcopus
725 4573 861 4635 ,sub.
918 4573 1152 4630 isidorus
1194 4574 1474 4633 Sitalensis
1514 4580 1627 4648 epi-

96 4657 274 4718 scopus,
302 4657 550 4717 similiter
575 4662 694 4716 sub.
727 4660 1061 4720 Gendentius
1085 4664 1395 4722 Valevensis
1419 4669 1651 4738 episco-I

97 4748 192 4830 ptis,
214 4743 451 4805 similiter
483 4751 602 4806 sub.
636 4752 903 4815 Deodatus
953 4754 1300 4823 Segoniensis
1317 4759 1622 4830 episcopus,

98 4823 307 4919 similiter
325 4840 442 4896 sub.
457 4840 717 4901 Gentinus
736 4843 998 4900 Tudensis
1010 4847 1292 4917 episcopus
1309 4823 1621 4919 subscripsi.

99 4912 347 5008 IEmaricus
398 4930 815 4991 Portucaliensis
853 4912 1167 5008 episcopus,
1191 4912 1463 4997 similiter
1500 4912 1620 5000 sub.

99 5004 222 5067 Felix
268 5017 508 5080 lrriensis
557 5026 798 5082 ecclesia:
840 5004 1121 5099 episcopus
1143 5068 1159 5096 ,
1208 5031 1456 5089 similiter
1502 5037 1625 5092 sub.

1740 4590 1886 4644 tione
1914 4585 2131 4641 concilii
2160 4586 2442 4652 Toletani,
2479 4585 2579 4641 sub
2604 4586 2690 4640 die
2715 4595 2904 4641 octava
2946 4586 3169 4642 Kalend.
3201 4585 3303 4640 Fe-

1731 4679 1957 4744 bruarii,
1988 4693 2129 4734 anno
2157 4676 2390 4733 feliciter
2409 4678 2583 4749 primo
2605 4679 2754 4748 regni
2779 4679 2962 4748 gloria:
2997 4687 3215 4733 nostrae.
3240 4677 3301 4732 In

1731 4768 1949 4823 nomine
1979 4766 2211 4832 Domini,
2251 4766 2466 4822 Flavius
2499 4767 2751 4839 Eringius
2789 4780 2885 4821 rex
2914 4766 3019 4821 hoc
3042 4766 3177 4835 legis
3204 4780 3301 4820 no-

1730 4868 1856 4917 stne
1882 4861 2113 4916 edictum
2157 4861 2209 4914 in
2248 4860 2656 4916 confirmatione
2704 4857 2864 4928 hujus
2908 4858 3120 4914 concilii
3166 4872 3295 4929 pro-

1729 4951 2029 5022 mulgatum
2060 4950 2372 5022 subscripsi.

105 5124 3290 5175 '-—-——___________—_____________________________.____d

113 5217 530 5323 lNCIPIT
589 5236 1262 5330 'CONCILIUM
1317 5240 2053 5336 TOLETANUM
2126 5241 2668 5330 DECIMUM
2743 5240 3287 5331 TERTIUM

979 5432 985 5437 η
1027 5409 1219 5464 Actum
1242 5410 1316 5464 1E
1321 5427 1381 5465 ra
1413 5426 1626 5478 eccm,
1654 5429 1792 5469 anno
1816 5422 2003 5485 quarto
2028 5411 2236 5486 Eringii
2254 5410 2409 5482 regis.

161 5562 357 5629 illibata:
385 5577 658 5635 cbaritatis
686 5579 947 5637 instinctu
984 5579 1209 5638 alternis
1232 5581 1502 5639 visionum
1534 5584 1630 5641 ob-

109 5653 279 5714 tutibus
296 5665 478 5721 redditi
498 5676 553 5723 et
578 5669 633 5723 in
655 5685 818 5724 unum
845 5678 1044 5725 coetum
1071 5670 1276 5727 factore
1301 5673 1410 5729 Deo
1431 5674 1633 5744 pariter

115 5752 346 5831 aggregati
369 5755 417 5811 in
443 5759 666 5816 ecclesia
691 5800 707 5827 ,
740 5759 987 5821 videlicet
1017 5769 1323 5819 sanctorum
1363 5766 1630 5835 apostolo-

1688 5618 1705 5641 .
1732 5599 1851 5638 rum
1875 5582 2024 5640 Petri
2048 5590 2103 5637 et
2127 5581 2310 5648 Pauli,
2340 5594 2482 5635 anno
2512 5580 2661 5651 regni
2689 5581 2724 5635 4
2755 5578 3087 5637 serenissimi
3138 5577 3298 5634 Erin-

1735 5674 1807 5745 ιςἰὶ
1837 5672 2119 5747 principis,
2142 5672 2243 5727 sub
2261 5670 2348 5726 die
2369 5671 2601 5726 secunda
2630 5670 2809 5726 Nonas
2829 5668 3167 5735 Novembris,
3188 5682 3297 5723 tera

1734 5779 1945 5832 eccm,
1985 5777 2105 5819 cum
2172 5759 2541 5831 unusquisque
2580 5770 2820 5817 nostrum
2857 5758 3052 5816 debitis
3086 5756 3297 5817 locare-
