3888 6428
572 383 676 440 563

1380 375 1668 431 APPEND.
1709 374 1802 429 AD
1833 373 2004 430 SIEC.
2043 371 2136 427 1X.
2174 403 2244 413 —
2274 371 2526 429 lSlDORI
2561 369 3001 429 MERCATORIS

3706 374 3788 432 56!

571 500 660 545 tur
687 491 738 545 in
769 490 1005 555 sedibus,
1036 485 1208 542 adfuit
1241 485 1380 540 idem
1411 485 1658 554 princeps
1684 484 1840 554 pleno
1871 483 1991 538 ﬁdei
2051 497 2142 536 ar-
2175 493 2217 549 Α
2249 481 2502 548 referam,
2533 497 2761 550 quorum
2788 480 3175 536 redhibitiones
3198 480 3360 536 tantis
3389 481 3680 538 debitorum
3703 503 3779 541 ca-

572 582 703 637 dere
730 581 1009 644 subnixus,
1041 587 1096 634 et
1135 577 1456 632 humilitatis
1497 577 1666 648 gratia
1711 577 2023 639 decoratus,
2054 575 2144 644 qui

569 673 778 746 synodo
798 669 1199 726 deliberationis
1232 684 1341 722 sua:
1370 677 1495 721 vota
1521 666 1928 729 commendans,
1958 673 2017 718 ut
2044 680 2140 734 pro

566 779 625 818 se
671 763 838 815 Deum
886 757 1276 813 instantissime
1322 760 1702 826 deprecaretur
1760 753 2142 824 expostulatis,

565 855 664 908 hoc
706 851 1005 921 pratsertim
1043 856 1126 903 est
1165 847 1427 901 allocutus
1463 845 1745 901 suﬂicienti
1771 845 2146 899 exhortatione

562 941 886 1005 concilium,
908 948 962 994 ut
985 937 1366 994 ecclesiasticae
1392 935 1685 1005 disciplina:
1699 949 1818 1004 quae
1847 941 2149 1003 congruunt

560 1045 613 1088 et
649 1032 985 1103 corrigendis
1015 1031 1255 1084 moribus
1289 1043 1410 1098 qua:
1455 1027 1780 1083 conveniunt
1811 1035 2012 1081 tractus
2050 1041 2145 1081 no-

561 1124 656 1177 slri
689 1121 958 1176 evidentia
985 1119 1346 1174 sancirentur.
1376 1118 1576 1172 Deinde
1592 1115 1856 1185 religiosis
1875 1115 2014 1169 votis
2035 1129 2146 1170 sua:

559 1217 694 1270 clem
708 1217 890 1279 entiaa,
928 1214 1124 1284 quibus
1157 1210 1583 1267 subveniendum
1627 1209 1840 1263 miseris
1867 1207 2140 1272 deﬁnivit,

561 1304 814 1373 synodali
860 1311 1127 1358 conventu
1181 1301 1547 1356 conﬁrrnanda
1595 1298 1886 1363 commisit,
1913 1296 2145 1352 offerens

561 1393 816 1448 videlicet
856 1392 1025 1448 sacris
1045 1389 1388 1462 pontiﬁcibus
1419 1396 1653 1452 tomum,
1683 1387 1974 1442 obsecrans
2002 1385 2146 1454 pari-

566 1489 674 1546 ter,
705 1491 760 1537 et
791 1489 1121 1543 contestans,
1156 1487 1216 1533 ut
1242 1477 1502 1547 quidquid
1528 1475 1634 1529 illic
1655 1474 1981 1529 venustior-is
2001 1480 2144 1529 esset

569 1569 769 1624 calami
821 1567 1160 1638 respersione
1206 1573 1538 1635 congestum,
1581 1561 1853 1633 synodalis
1892 1561 2144 1631 potentias

572 1659 902 1713 conderetur
926 1657 1114 1712 ordine
1139 1654 1434 1709 titulorum.
1464 1653 1616 1706 Tunc
1642 1668 1741 1708 nos
1770 1665 1868 1722 pro
1893 1660 2144 1722 suscepto

565 1763 595 1801 a
624 1748 870 1818 principe
895 1756 1042 1802 tomo
1064 1746 1290 1817 gloriam
1315 1745 1559 1800 dedimus
1587 1744 1715 1809 Deo,
1738 1753 1792 1798 et
1807 1743 1978 1800 eidem
1995 1745 2145 1814 prin-

2248 574 2783 638 mulisincreverunt,
2803 583 2859 626 ut
2889 573 2932 626 si
2955 572 3093 642 exigi
3117 573 3780 643 penitusjubeanturetsta-

2247 672 2331 717 tus
2360 662 2651 717 subruatur
2678 662 2924 716 funditus
2967 661 3307 731 populorum,
3332 671 3388 715 et
3420 661 3676 730 fragmine
3696 665 3781 720 eol-

2254 752 2462 807 lisionis
2488 767 2674 808 eorum
2711 753 2954 808 ultimum
2989 761 3149 806 terrm
3176 753 3416 807 sentiant
3447 755 3668 821 propriae
3685 772 3782 824 pro-

2246 842 2506 911 lapsionis
2533 843 2842 897 excidium?
2881 842 3030 898 Unde
3073 841 3268 896 talibus
3292 857 3397 896 non
3443 842 3611 896 solum
3636 845 3778 913 priva-

2247 935 2336 997 tis,
2368 933 2461 988 sed
2479 933 2642 989 etiam
2668 933 2938 989 ﬁscalibus
2970 929 3140 989 servis
3167 935 3406 989 remedia
3441 935 3651 1004 pietatis
3677 953 3782 1004 prte-

2243 1031 2436 1091 optans
2465 1031 2648 1077 nostra
2665 1022 2834 1092 gloria
2867 1021 3150 1078 affluenter
3177 1023 3492 1092 impendere
3512 1063 3527 1087 ,
3555 1033 3610 1078 ut
3635 1040 3782 1081 omnes

2246 1113 2570 1168 tributorum
2614 1115 2926 1169 exactiones
2959 1130 3078 1185 quae
3113 1116 3256 1184 apud
3295 1115 3416 1170 illos
3448 1116 3516 1169 de
3545 1119 3783 1173 retroactis

2248 1206 2580 1274 temporibus
2601 1206 2866 1276 adjacent,
2895 1221 3066 1276 usque
3096 1206 3162 1260 ad
3183 1207 3423 1276 primum
3448 1221 3642 1260 annum
3663 1223 3779 1261 man-

2244 1297 2471 1351 suetudo
2501 1306 2682 1351 nostra
2709 1296 2809 1351 illis
2837 1297 3428 1361 remittendaslaxavit,
3455 1305 3512 1351 et
3541 1296 3669 1367 stylo
3685 1313 3781 1366 pro-

2246 1387 2377 1455 pria:
2399 1386 2733 1440 auctoritatis
2760 1401 2916 1442 sacro
2947 1393 3133 1440 sancto
3161 1386 3326 1441 εωιυί
3355 1393 3547 1440 nostro
3583 1384 3783 1454 relegen-

2244 1476 2340 1530 das
2365 1475 2544 1547 elegit.
2589 1476 2719 1531 Illud
2753 1491 2969 1546 quoque
2999 1476 3260 1546 adjiciens
3291 1475 3487 1545 loquar
3513 1475 3646 1545 quod
3674 1476 3782 1530 votis.

2244 1567 2445 1620 nostris
2477 1566 2732 1621 horribile
2753 1575 2808 1621 et
2841 1566 3039 1620 animis
3078 1564 3422 1620 exsecrabile
3455 1573 3540 1619 est
3581 1579 3776 1632 semper.

2244 1654 2596 1726 lgnobilitatis
2647 1657 2880 1713 conditio
2926 1657 3245 1712 libertorum
3289 1655 3377 1709 vel
3415 1665 3776 1719 servorum,et

2245 1747 2526 1816 adaequata
2551 1747 2728 1818 gentis
2767 1757 2966 1802 nostra:
2991 1755 3191 1800 statum
3219 1746 3537 1816 degenerat,
3560 1745 3626 1800 ob
3648 1760 3773 1813 quam

564 1837 670 1906 cipi
697 1837 1068 1892 benediximus
1088 1835 1338 1906 glorioso.
1364 1834 1506 1889 ldern
1526 1843 1703 1890 tamen
1720 1836 1970 1905 princeps
1991 1843 2141 1904 post-
2172 1848 2215 1906 Β
2244 1853 2359 1892 rem
2384 1839 2484 1893 hoc
2507 1848 2707 1892 nostrae
2733 1838 2914 1908 gloria:
2944 1837 3137 1891 animis
3164 1836 3358 1906 placet,
3385 1846 3448 1890 ut
3470 1837 3694 1905 exceptis
3707 1836 3777 1889 lis-

565 1946 726 2000 qnam
760 1940 1005 1986 votorum
1035 1945 1253 1984 suorum
1279 1930 1546 1985 actionem
1569 1930 1790 1999 peregit,
1816 1945 1845 1983 a
1873 1938 2136 1984 conventu

571 2023 783 2077 concilii
821 2025 1090 2093 gratiosus
1121 2022 1306 2078 exivit.
1334 2022 1486 2076 Tunc
1511 2030 1632 2092 post
1659 2022 1958 2090 praesentia:
1986 2022 2138 2092 prin-

565 2118 754 2188 cipalis
802 2117 1142 2179 abscessum,
1182 2117 1284 2170 hoc
1331 2116 1387 2170 in
1432 2116 1560 2170 tomi
1600 2115 1772 2184 ipsius
1819 2114 2138 2183 allegatione

565 2209 868 2277 reperimus
898 2217 1199 2262 exaratum.

633 2298 691 2353 In
724 2298 940 2353 nomine
964 2297 1176 2352 Domini
1202 2296 1418 2353 Flavius
1445 2296 1698 2367 Eringius
1719 2311 1838 2364 rex,
1861 2295 2139 2350 sanctissi—

564 2390 669 2445 mis
709 2391 960 2445 Patribus
995 2391 1050 2444 in
1107 2391 1210 2444 hac
1251 2398 1434 2444 sancta
1491 2389 1695 2459 synodo
1757 2387 2135 2442 residentibus.

561 2479 722 2545 Ecce,
752 2479 1080 2534 sanctissimi
1110 2476 1358 2549 religiosa
1393 2478 1590 2548 pietate
1615 2476 1892 2532 excolendi
1921 2475 2140 2546 pontiﬁ-

561 2585 654 2625 ces
680 2578 734 2624 et
775 2569 944 2623 divini
976 2568 1151 2624 cultus
1182 2567 1554 2623 instantissimi
1599 2575 1919 2630 sectatores,
1953 2579 2138 2620 coram

560 2668 734 2712 cmtus
753 2659 917 2711 vestri
945 2656 1242 2711 reverentia
1272 2655 1486 2710 humilis
1515 2655 1848 2723 devotusque
1897 2661 2138 2722 proster-

561 2745 704 2801 nor.
730 2746 965 2801 Rcclivis
1008 2747 1224 2810 assisto,
1255 2754 1534 2814 promptus
1575 2742 1858 2813 astipulor,
1898 2742 2135 2811 primum

561 2839 628 2892 de
672 2845 967 2892 conventus
1035 2837 1201 2891 vestri
1240 2835 1616 2906 aggregatione
1663 2833 1813 2892 Patri
1871 2832 2136 2888 luminum

560 2927 856 2996 gratiarum
887 2925 1097 2995 copiam
1129 2925 1362 2988 solvens,
1399 2923 1590 2978 deinde
1617 2931 1863 2978 votorum
1893 2938 2136 2978 meorum

561 3016 739 3070 studia
795 3015 992 3069 vestris
1036 3014 1256 3084 judiciis
1301 3012 1599 3067 dirimenda
1630 3012 1992 3067 committens.
2023 3011 2135 3066 Nec

560 3105 703 3160 enim
735 3105 819 3160 fas
845 3113 930 3159 est
967 3119 1322 3174 quemquam,
1365 3103 1527 3158 etiam
1561 3103 1606 3158 si
1644 3103 1844 3157 bonum
1871 3102 1942 3157 sit
1977 3117 2128 3171 opus,

2239 1925 2448 1982 calihus
2463 1927 2634 1982 servis
2657 1927 2740 1980 vel
2763 1926 2990 1988 libertis,
3023 1926 3217 1980 abrasa
3248 1925 3507 1995 deinceps
3529 1925 3672 1994 hujus
3691 1941 3776 1976 ma-

2239 2017 2306 2072 la:
2349 2015 2782 2086 praesumptionis
2829 2015 3064 2080 licentia,
3094 2015 3277 2070 nullus
3323 2017 3418 2087 qui
3462 2031 3528 2071 ex
3564 2017 3774 2071 servitute

2239 2106 2603 2178 quorumlibet.
2630 2120 2823 2162 servus
2847 2107 2920 2161 sit
2940 2105 3265 2162 vellibertus
3297 2107 3366 2161 ad
3393 2107 3772 2177 palatinaoﬂicia

2243 2207 2502 2254 transeat.
2525 2197 2677 2264 Quod
2708 2197 2752 2252 si
2768 2197 2957 2252 fecerit
2984 2197 3093 2252 illic
3108 2199 3439 2253 serviturum
3453 2197 3631 2268 procul
3649 2197 3773 2252 dubie

2240 2288 2619 2343 recludendum
2636 2301 2693 2342 se
2707 2287 2934 2349 noverit.
2949 2301 3013 2342 ex
3027 2303 3132 2356 quo
3145 2297 3238 2341 aut
3249 2287 3576 2343 conditionis
3588 2288 3771 2358 propriae

2238 2379 2501 2449 originem
2525 2377 2791 2447 sumpsit,
2821 2385 2916 2436 aut
2941 2376 3204 2432 libertatis
3241 2377 3458 2432 titulum
3494 2378 3760 2447 reportavit.

2239 2468 2338 2526 llis
2357 2477 2605 2524 votorum
2631 2482 2876 2524 meorum
2900 2469 3358 2524 insinuationibus
3387 2469 3640 2540 allegatis,
3665 2485 3771 2540 quae

2239 2575 2301 2615 so
2333 2569 2390 2614 ut
2409 2560 2567 2615 fortia
2592 2561 2934 2630 paternitatis
2957 2569 3151 2616 vestrae
3177 2559 3452 2628 adjutoria
3488 2562 3768 2630 pnerogetis.

2239 2652 2384 2708 Luce
2397 2653 2542 2708 enim
2557 2652 2759 2708 clarius
2786 2660 3021 2718 constat,
3043 2653 3185 2721 quod
3208 2652 3523 2722 aggregatio
3538 2666 3768 2706 sacrosan-

2239 2752 2326 2798 cta
2344 2744 2657 2812 pontiﬁcum
2687 2743 2948 2813 quidquid
2987 2742 3264 2798 censuerit
3297 2742 3675 2796 observandum
3694 2755 3764 2810 per

2239 2834 2414 2886 sancti
2431 2832 2662 2900 Spiritus
2675 2833 2872 2888 donum
2890 2833 3108 2888 omnino
3124 2841 3207 2886 est
3223 2831 3289 2885 ad
3304 2833 3648 2886 mternitatem
3665 2844 3766 2899 pne-

2239 2921 2425 2976 ﬁxum.
2446 2922 2514 2978 Et
2535 2924 2652 2978 ideo
2669 2922 3074 2979 universitatem
3092 2922 3634 2992 paternitatisvestraz
3644 2930 3772 2988 atque

2242 3012 2404 3082 138
2433 3011 2742 3067 sublimium
2771 3012 3012 3067 virorum
3044 3011 3404 3078 nobilitatem,
3451 3011 3539 3081 qui
3583 3025 3640 3064 ex
3664 3008 3766 3062 aulis

2238 3103 2433 3174 regalis
2468 3101 2639 3158 ofﬁcio
2676 3103 2731 3157 in
2769 3102 2871 3158 hac
2909 3111 3098 3157 sancta
3138 3104 3344 3172 synodo
3386 3101 3652 3156 nobiscum
3677 3113 3764 3152 ses-

561 3195 679 3249 sine
713 3193 936 3264 collegio
959 3208 1134 3263 agere,
1157 3208 1279 3248 cum
1310 3192 1477 3246 multa
1506 3199 1684 3246 tamen
1713 3191 1962 3260 permisit
1987 3191 2129 3246 Deus
2156 3189 2200 3252 C
2231 3194 2345 3249 suri
2377 3193 2643 3264 praeelecti
2673 3201 2828 3258 sunt;
2865 3193 3110 3249 obtestor
3151 3192 3356 3262 pariter
3387 3202 3444 3248 et
3486 3189 3685 3260 eonjuro
3707 3197 3765 3242 ato

558 3285 698 3340 bona
745 3300 866 3339 cum
910 3284 1136 3338 concilio
1181 3284 1444 3338 bonorum
1474 3283 1668 3352 egisse,
1700 3281 1844 3336 unde
1872 3288 1932 3335 ut
1973 3282 2127 3338 brevi

556 3375 932 3429 exhortatione
953 3387 1222 3442 perorem,
1248 3384 1370 3428 vota
1394 3387 1510 3427 mea
1539 3372 1734 3442 quibus
1756 3371 1995 3427 remedia
2016 3371 2129 3442 pie-

554 3471 728 3520 tatum
779 3476 1034 3519 exercere
1083 3461 1320 3518 delector
1349 3461 1598 3518 sensibus
1627 3460 1974 3533 paternitatis
2025 3474 2124 3516 ve-

556 3564 682 3610 strae
718 3554 1054 3626 agnoscenda
1112 3554 1296 3608 innuo.
1348 3553 1478 3620 Quae
1527 3563 1808 3608 tamenne
1859 3551 2129 3608 oblivione

556 3646 791 3716 quadam
820 3645 1136 3701 memoriam
1165 3644 1394 3714 fugiant,
1425 3652 1481 3698 et
1508 3643 1754 3698 relationi
1781 3643 2012 3712 propriae
2039 3657 2132 3697 cu,

554 3749 737 3789 rarum
763 3733 1108 3804 intercapedo
1132 3735 1415 3799 subducat,
1432 3734 1484 3787 in
1508 3733 1668 3802 hujus
1689 3733 1817 3788 tomi
1844 3731 2132 3802 complica-

557 3826 704 3880 tione
735 3825 966 3894 accipite
998 3832 1277 3878 annotata.
1313 3823 1446 3877 lllud
1472 3823 1704 3891 primum
1737 3822 1971 3877 volventi
1997 3820 2131 3873 mihi

555 3915 770 3970 miseris
812 3930 1066 3985 parcere,
1101 3913 1352 3969 convenit
1397 3912 1667 3976 intimare,
1697 3911 1838 3980 quod
1866 3909 2131 3965 divulsam

556 4024 654 4080 per
681 4008 1014 4077 tyrannidem
1042 4006 1215 4061 nostri
1261 4005 1505 4076 corporis
1541 4013 1746 4074 partem
1778 4005 1831 4057 in
1856 4002 2131 4058 societatis

555 4108 756 4160 nostrae
778 4099 1041 4170 gremium
1065 4112 1323 4154 conamur
1349 4097 1626 4151 reducere.
1649 4095 1858 4149 Etenim
1892 4103 2132 4150 retroac-

555 4191 629 4246 tis
657 4191 793 4245 divae
821 4189 1093 4246 memoriae
1134 4187 1478 4258 praecessoris
1513 4187 1684 4240 nostri
1728 4185 1949 4242 Uambae
1985 4184 2131 4256 regis

558 4279 908 4348 temporibus,
944 4293 1063 4348 quae
1131 4279 1185 4332 in
1243 4276 1679 4346 profanatoribus
1747 4275 1964 4345 patriae,
2032 4275 2124 4344 qui

556 4383 678 4423 cum
707 4368 869 4424 Paulo
891 4368 1161 4438 quondam
1182 4366 1516 4438 tyrannidem
1539 4374 1961 4434 assumpserunt,
1987 4364 2132 4418 illata

556 4470 642 4515 est
688 4460 948 4514 sententia
996 4459 1280 4524 ultionum,
1329 4458 1418 4526 qui
1450 4473 1546 4527 per
1574 4457 1765 4527 judicii
1807 4457 2130 4512 universalis

555 4551 788 4605 edictum
826 4550 1121 4605 amiserunt
1152 4550 1515 4605 testimonium
1535 4587 1549 4614 ,
1580 4550 1846 4618 rebusque
1895 4548 2128 4618 pr0priis

557 4649 872 4708 caruerunt,
897 4657 1017 4713 qua:
1040 4649 1238 4697 cuncta
1257 4650 1451 4696 vestra:
1471 4641 1820 4696 sanctitudini
1838 4650 1963 4695 nota
1981 4651 2128 4706 sunt,

556 4749 694 4804 quos
724 4742 904 4789 tamen
933 4743 987 4788 et
1009 4734 1061 4789 in
1093 4733 1316 4804 collegio
1339 4733 1612 4788 societatis
1646 4741 1844 4788 nostra:
1865 4733 2126 4803 recipere,

553 4835 610 4879 et
635 4828 800 4881 rebus
821 4826 1016 4896 quibus
1037 4825 1118 4880 fas
1147 4824 1308 4878 fuerit
1337 4825 1650 4880 devovimus
1677 4825 1964 4880 dcvestire.
1993 4825 2128 4880 Nam

552 4923 610 4968 et
656 4915 723 4969 de
769 4915 1036 4970 accusatis
1062 4915 1274 4969 modum
1301 4913 1552 4970 volumus
1579 4930 1784 4984 ponere
1809 4916 2128 4986 iustissimae

555 5008 962 5078 perquisitionis
981 5048 996 5074 ,
1043 5023 1150 5079 quo
1187 5010 1298 5064 sive
1327 5011 1391 5066 de
1418 5010 1682 5081 religiosis
1702 5051 1716 5076 ,
1741 5011 1853 5066 sive
1879 5011 1944 5065 de
1977 5011 2128 5065 laicis

559 5098 789 5168 quisque
837 5101 1207 5156 accusationes
1253 5099 1572 5170 cujusquam
1602 5101 1779 5157 studio
1810 5101 1974 5155 fuerit
2003 5117 2129 5170 pro-

556 5189 804 5261 pulsatus
839 5206 942 5246 non
981 5193 1208 5248 occultis
1237 5191 1536 5258 fraudibus,
1565 5192 1648 5246 vel
1675 5192 1948 5248 violentiis
1981 5209 2129 5249 com-

555 5283 854 5352 primatur,
895 5298 994 5338 nec
1022 5282 1158 5338 clam
1186 5283 1519 5354 professione
1545 5283 1808 5339 violenter
1841 5291 2126 5351 arceatur,

554 5373 650 5427 sed
700 5374 753 5428 in
802 5375 1071 5430 connnnni
1102 5375 1343 5428 omnium
1391 5376 1640 5437 examine
1678 5374 1970 5444 judicetur,
1998 5391 2123 5444 quo,

552 5463 849 5517 secundum
887 5461 1113 5532 publicae
1170 5463 1517 5532 professionis
1564 5479 1675 5519 suae
1725 5472 1984 5529 tenorem,
2035 5472 2128 5519 aut

552 5551 870 5610 eﬂ‘ensibilis
895 5555 1104 5610 debitas
1135 5553 1494 5611 damnationis
1523 5570 1712 5626 punias
1751 5555 2005 5624 excipiat,
2033 5564 2128 5610 aut

555 5642 813 5702 innocens
840 5662 906 5702 ex
927 5645 1132 5718 jndi‘io
1159 5646 1402 5700 omnium
1431 5649 1810 5720 comprobatus
1837 5649 2121 5704 clarescat.

552 5731 684 5788 Nam
713 5737 840 5806 quid
863 5737 977 5807 jam
1004 5740 1069 5798 de
1103 5737 1430 5810 tributorum
1457 5740 1719 5796 ﬁscalium
1751 5741 2123 5799 exactionibus

2152 4531 2207 4591 D

2229 3298 2335 3352 que
2368 3298 2464 3352 per
2506 3281 2776 3338 ineffabile
2816 3282 2946 3337 illud
2989 3292 3394 3338 sacramentum
3439 3281 3694 3344 convenio,
3725 3287 3765 3330 ut

2229 3375 2475 3445 quisquis
2505 3375 2558 3428 in
2591 3373 2768 3430 medio
2810 3374 2978 3430 vestri
3011 3389 3069 3430 se
3108 3373 3466 3443 judicandum
3509 3373 3589 3430 vel
3631 3382 3765 3426 retra-

2230 3466 2482 3520 ctandum
2520 3465 2803 3532 invexerit,
2849 3475 2956 3520 tam
3005 3481 3125 3536 qua:
3161 3481 3257 3536 per
3285 3482 3388 3522 nos
3434 3466 3598 3530 dicta,
3640 3478 3762 3532 quam

2231 3555 2397 3610 etiam
2449 3565 2646 3610 caetera
2681 3571 2800 3625 qua:
2847 3557 3041 3612 vestris
3077 3557 3350 3612 auditibus
3396 3573 3453 3612 se
3496 3555 3763 3628 ingesserint

2231 3646 2494 3700 audienda
2540 3647 2810 3700 communi
2849 3647 3030 3717 vigore
3049 3647 3274 3716 justitia:
3305 3656 3364 3702 et
3389 3652 3760 3717 temperamento

2231 3735 2616 3791 misericordia:
2662 3735 2915 3791 dirimere
2960 3737 3293 3807 procuretis,
3350 3753 3458 3808 quo
3503 3754 3615 3795 cum
3649 3734 3759 3790 onnti

2233 3826 2530 3880 reverentia
2562 3836 2774 3896 patrum
2804 3828 3224 3897 praecedentium
3269 3830 3472 3900 regulis
3502 3828 3676 3883 subditi
3703 3838 3758 3879 to~

2233 3918 2339 3972 tius
2370 3919 2742 3973 unanimitatis
2771 3928 2962 3973 vestrae
2989 3922 3254 3976 sententia
3281 3936 3390 3976 non
3421 3921 3619 3974 aliunde
3636 3929 3758 3988 quam

2232 4025 2297 4064 ex
2331 4010 2574 4064 veritatis
2601 4009 2750 4066 fonte
2781 4013 3056 4080 procedat.
3095 4011 3291 4081 Sicque
3317 4023 3375 4066 et
3419 4014 3501 4068 his
3527 4026 3632 4082 qua:
3657 4022 3756 4078 pra“.-

2234 4101 2397 4156 nissa
2419 4111 2545 4156 sunt
2572 4101 2801 4156 solidum
2829 4102 3231 4158 deliberationis
3245 4104 3442 4174 stylum
3474 4096 3755 4174 promptissi-

2233 4207 2320 4250 me
2363 4193 2672 4262 apportatis,
2724 4203 2780 4248 et
2848 4194 3054 4264 reliqua
3100 4195 3276 4250 adhuc
3318 4210 3438 4263 quae
3504 4187 3752 4246 necessaria

2233 4293 2359 4340 sunt
2386 4285 2436 4339 in
2462 4285 2780 4357 peragendis
2805 4286 3186 4342 ecclesiastica:
3216 4287 3412 4356 regula:
3437 4279 3696 4352 disciplinis
3714 4285 3752 4328 ei

2234 4376 2534 4432 dirimenda
2564 4376 2829 4442 tractetis,
2863 4384 2918 4430 et
2949 4376 3216 4446 dirempta
3248 4373 3648 4447 religiosioribus
3666 4366 3750 4421 dili-

2234 4473 2422 4534 genter
2447 4464 2836 4529 conseribatis,
2866 4465 3097 4534 qualiter
3125 4465 3251 4524 dum
3279 4465 3569 4520 doctrinam
3593 4459 3750 4524 disper-

2232 4557 2357 4625 gitis
2382 4554 2670 4610 salutarem
2697 4554 2750 4608 in
2779 4555 3009 4625 populis,
3029 4555 3299 4610 Christum
3330 4553 3600 4610 Dominum
3618 4549 3659 4601 in
3681 4558 3749 4597 cu.

2232 4645 2483 4701 mulando
2507 4644 2729 4714 justitia:
2753 4645 2926 4701 fructu
2953 4646 3207 4715 capiatis,
3250 4653 3309 4699 ut
3337 4645 3486 4700 vobis
3516 4638 3748 4712 praalican-

2233 4735 2375 4789 tibus
2403 4745 2456 4790 et
2484 4734 2851 4804 implentibus,
2899 4745 2955 4790 et
2988 4751 3107 4805 quae
3141 4735 3336 4789 divinis
3367 4734 3532 4790 oculis
3558 4724 3744 4793 compla-

2231 4834 2387 4880 ceant
2406 4865 2420 4890 ,
2451 4834 2505 4879 et
2533 4840 2653 4894 quae
2681 4826 2835 4880 nobis
2877 4825 3162 4895 proﬁciant
3199 4840 3410 4894 semper
3438 4836 3585 4893 agere
3607 4813 3742 4869 Vnica-

2231 4930 2370 4970 mus.
2404 4914 2484 4970 Sit
2510 4916 2749 4985 utrisque
2775 4917 3088 4985 parentibus
3112 4917 3163 4970 in
3195 4917 3295 4970 hoc
3321 4915 3528 4976 sreculo,
3557 4910 3614 4962 dc
3632 4905 3743 4958 lum)

2229 5008 2530 5062 animarum
2552 5007 2816 5062 ineffabile
2835 5007 3176 5077 gaudium,et
3205 5007 3256 5060 in
3289 5006 3463 5062 futuro
3490 5005 3549 5058 de
3568 5007 3742 5068 perm?

2231 5099 2375 5153 tione
2399 5099 2712 5153 atternitatis
2751 5098 3029 5167 pnemium
3060 5098 3450 5153 inconvulsum.
3481 5097 3646 5150 Datum
3669 5085 3740 5141 sub

2232 5190 2319 5246 die
2347 5189 2533 5258 quinto
2563 5188 2742 5243 Nonas
2791 5188 3136 5253 Novembris,
3175 5205 3315 5243 anno
3346 5189 3561 5244 feliciter
3594 5187 3736 5252 quarto

2231 5282 2377 5351 regni
2418 5279 2599 5350 gloria:
2623 5291 2817 5335 nosme
2842 5281 2895 5334 in
2922 5281 3014 5334 Dei
3058 5283 3293 5347 nomine,
3328 5280 3524 5335 Toleto.
3551 5273 3736 5329 Pcrleclo

2232 5391 2362 5446 ergo
2398 5391 2578 5430 coram
2631 5375 2842 5434 cunctis
2887 5372 3038 5427 Tomi
3083 5375 3399 5429 necessaria:
3451 5358 3734 5426 institutionis

2231 5484 2453 5533 exorsu,
2505 5468 2655 5537 prius
2697 5468 2761 5522 de
2794 5466 2896 5524 ﬁde
2930 5476 3129 5523 sancta:
3160 5465 3432 5519 Trinitatis
3473 5453 3734 5515 sermocina-

2235 5559 2396 5616 tionis
2425 5567 2622 5614 nostrae
2667 5558 2829 5628 cmpit
2853 5573 2974 5614 esse
3002 5556 3343 5626 principium,
3374 5551 3646 5622 proﬁtentes
3670 5553 3733 5608 pa-

2233 5651 2365 5704 riter
2390 5659 2445 5705 et
2475 5650 2754 5705 credentes
2779 5664 2840 5703 ea
2871 5665 2989 5719 quae
3031 5649 3097 5704 de
3124 5648 3222 5704 hac
3252 5654 3428 5701 sancta
3456 5638 3674 5695 Trinitalc
3694 5633 3732 5724 et

2235 5742 2520 5814 Evangelia
2554 5742 2789 5808 tradunt,
2819 5750 2872 5798 et
2902 5740 3261 5811 apostolorum
3299 5733 3578 5794 sanctiones
3617 5724 3726 5778 insu-
