  <div class='ocr_page' id='page_1' title='image "/cluster/home/n/w/nwhite01/storage/ocr_20150623/130/hvd.32044015471717/312.png"; bbox 0 0 3888 6440; ppageno 0'>
   <div class='ocr_carea' id='block_1_1' title="bbox 103 399 1638 468">
    <p class='ocr_par' dir='ltr' id='par_1_1' title="bbox 103 400 1638 465">
     <span class='ocr_line' id='line_1_1' title="bbox 103 400 1638 465; baseline -0.008 0"><span class='ocrx_word' id='word_1_1' title='bbox 103 411 192 465; x_wconf 74' lang='grc'><strong>565</strong></span> <span class='ocrx_word' id='word_1_2' title='bbox 1349 400 1525 455; x_wconf 80' lang='lat' dir='ltr'><strong>DECll</strong></span> <span class='ocrx_word' id='word_1_3' title='bbox 1535 400 1638 454; x_wconf 53' lang='lat' dir='ltr'><strong>ET!</strong></span> 
     </span>
    </p>
   </div>
   <div class='ocr_carea' id='block_1_2' title="bbox 1789 399 3324 468">
    <p class='ocr_par' dir='ltr' id='par_1_2' title="bbox 1791 401 3324 468">
     <span class='ocr_line' id='line_1_2' title="bbox 1791 401 3324 468; baseline 0.009 -14"><span class='ocrx_word' id='word_1_4' title='bbox 1791 401 1836 454; x_wconf 79' lang='grc' dir='ltr'><strong>Μ</strong></span> <span class='ocrx_word' id='word_1_5' title='bbox 1864 402 2262 464; x_wconf 82' lang='lat' dir='ltr'><strong>COLLECTIO.</strong></span> <span class='ocrx_word' id='word_1_6' title='bbox 3220 412 3324 468; x_wconf 82' lang='grc'><strong>566</strong></span> 
     </span>
    </p>
   </div>
   <div class='ocr_carea' id='block_1_3' title="bbox 99 513 3331 592">
    <p class='ocr_par' dir='ltr' id='par_1_3' title="bbox 99 513 3331 592">
     <span class='ocr_line' id='line_1_3' title="bbox 99 513 3331 592; baseline 0.001 -13"><span class='ocrx_word' id='word_1_7' title='bbox 99 529 257 584; x_wconf 84' lang='lat' dir='ltr'><strong>munt,</strong></span> <span class='ocrx_word' id='word_1_8' title='bbox 304 518 442 574; x_wconf 91' lang='lat' dir='ltr'><strong>sicut</strong></span> <span class='ocrx_word' id='word_1_9' title='bbox 471 515 681 569; x_wconf 60' lang='lat' dir='ltr'><strong>Nicaena</strong></span> <span class='ocrx_word' id='word_1_10' title='bbox 708 514 943 584; x_wconf 82' lang='lat' dir='ltr'><strong>synodus</strong></span> <span class='ocrx_word' id='word_1_11' title='bbox 979 513 1081 569; x_wconf 92' lang='lat' dir='ltr'><strong>hoc</strong></span> <span class='ocrx_word' id='word_1_12' title='bbox 1107 514 1321 583; x_wconf 89' lang='lat' dir='ltr'><strong>pietatis</strong></span> <span class='ocrx_word' id='word_1_13' title='bbox 1344 529 1651 570; x_wconf 82' lang='lat' dir='ltr'><strong>sacramen-</strong></span> <span class='ocrx_word' id='word_1_14' title='bbox 1681 517 1726 575; x_wconf 81' lang='grc' dir='ltr'><strong>Α</strong></span> <span class='ocrx_word' id='word_1_15' title='bbox 1755 514 1941 571; x_wconf 89' lang='lat' dir='ltr'><strong>Pontio</strong></span> <span class='ocrx_word' id='word_1_16' title='bbox 1964 518 2178 586; x_wconf 89' lang='lat' dir='ltr'><strong>Pilatio,</strong></span> <span class='ocrx_word' id='word_1_17' title='bbox 2207 521 2464 592; x_wconf 89' lang='lat' dir='ltr'><strong>sepultus,</strong></span> <span class='ocrx_word' id='word_1_18' title='bbox 2490 521 2643 576; x_wconf 88' lang='lat' dir='ltr'><strong>tertia</strong></span> <span class='ocrx_word' id='word_1_19' title='bbox 2667 523 2752 578; x_wconf 90' lang='lat' dir='ltr'><strong>die</strong></span> <span class='ocrx_word' id='word_1_20' title='bbox 2779 521 3088 579; x_wconf 78' lang='lat' dir='ltr'><strong>resurrexit.</strong></span> <span class='ocrx_word' id='word_1_21' title='bbox 3119 523 3331 582; x_wconf 82' lang='lat' dir='ltr'><strong>Ascen-</strong></span> 
     </span>
    </p>
   </div>
   <div class='ocr_carea' id='block_1_4' title="bbox 101 605 3328 680">
    <p class='ocr_par' dir='ltr' id='par_1_4' title="bbox 101 605 3328 680">
     <span class='ocr_line' id='line_1_4' title="bbox 101 605 3328 680; baseline 0.001 -10"><span class='ocrx_word' id='word_1_22' title='bbox 101 627 196 671; x_wconf 89' lang='lat' dir='ltr'><strong>tum</strong></span> <span class='ocrx_word' id='word_1_23' title='bbox 225 609 470 680; x_wconf 83' lang='lat' dir='ltr'><strong>exposuit</strong></span> <span class='ocrx_word' id='word_1_24' title='bbox 509 649 524 672; x_wconf 92' lang='lat'><strong>,</strong></span> <span class='ocrx_word' id='word_1_25' title='bbox 566 608 704 662; x_wconf 91' lang='lat' dir='ltr'><strong>sicut</strong></span> <span class='ocrx_word' id='word_1_26' title='bbox 751 605 1343 676; x_wconf 90' lang='lat' dir='ltr'><strong>Constantinopolitana</strong></span> <span class='ocrx_word' id='word_1_27' title='bbox 1403 607 1648 662; x_wconf 94' lang='lat' dir='ltr'><strong>deﬁnitio</strong></span> <span class='ocrx_word' id='word_1_28' title='bbox 1753 607 1830 661; x_wconf 92' lang='lat' dir='ltr'><strong>dit</strong></span> <span class='ocrx_word' id='word_1_29' title='bbox 1869 609 1919 661; x_wconf 91' lang='lat' dir='ltr'><strong>in</strong></span> <span class='ocrx_word' id='word_1_30' title='bbox 1948 609 2138 672; x_wconf 67' lang='lat' dir='ltr'><strong>caalos,</strong></span> <span class='ocrx_word' id='word_1_31' title='bbox 2176 613 2329 666; x_wconf 87' lang='lat' dir='ltr'><strong>sedet</strong></span> <span class='ocrx_word' id='word_1_32' title='bbox 2353 613 2418 669; x_wconf 91' lang='lat' dir='ltr'><strong>ad</strong></span> <span class='ocrx_word' id='word_1_33' title='bbox 2449 614 2722 668; x_wconf 87' lang='lat' dir='ltr'><strong>dexteram</strong></span> <span class='ocrx_word' id='word_1_34' title='bbox 2751 613 2943 680; x_wconf 82' lang='lat' dir='ltr'><strong>Patris,</strong></span> <span class='ocrx_word' id='word_1_35' title='bbox 2978 615 3171 670; x_wconf 87' lang='lat' dir='ltr'><strong>iterum</strong></span> <span class='ocrx_word' id='word_1_36' title='bbox 3200 631 3328 673; x_wconf 84' lang='lat' dir='ltr'><strong>ven—</strong></span> 
     </span>
    </p>
   </div>
   <div class='ocr_carea' id='block_1_5' title="bbox 98 697 3325 772">
    <p class='ocr_par' dir='ltr' id='par_1_5' title="bbox 98 697 3325 772">
     <span class='ocr_line' id='line_1_5' title="bbox 98 697 3325 772; baseline -0.001 -10"><span class='ocrx_word' id='word_1_37' title='bbox 98 705 270 765; x_wconf 89' lang='lat' dir='ltr'><strong>sanxit,</strong></span> <span class='ocrx_word' id='word_1_38' title='bbox 296 701 380 756; x_wconf 90' lang='lat' dir='ltr'><strong>vel</strong></span> <span class='ocrx_word' id='word_1_39' title='bbox 409 699 568 770; x_wconf 92' lang='lat' dir='ltr'><strong>primi</strong></span> <span class='ocrx_word' id='word_1_40' title='bbox 588 697 836 768; x_wconf 85' lang='lat' dir='ltr'><strong>Ephesini</strong></span> <span class='ocrx_word' id='word_1_41' title='bbox 864 707 1035 753; x_wconf 68' lang='lat' dir='ltr'><strong>coetus</strong></span> <span class='ocrx_word' id='word_1_42' title='bbox 1063 707 1223 767; x_wconf 89' lang='lat' dir='ltr'><strong>atque</strong></span> <span class='ocrx_word' id='word_1_43' title='bbox 1249 697 1650 752; x_wconf 86' lang='lat' dir='ltr'><strong>Chalcedonen-</strong></span> <span class='ocrx_word' id='word_1_44' title='bbox 1753 706 1904 753; x_wconf 91' lang='lat' dir='ltr'><strong>turus</strong></span> <span class='ocrx_word' id='word_1_45' title='bbox 1947 699 1999 752; x_wconf 93' lang='lat' dir='ltr'><strong>in</strong></span> <span class='ocrx_word' id='word_1_46' title='bbox 2050 699 2216 769; x_wconf 83' lang='lat' dir='ltr'><strong>gloria</strong></span> <span class='ocrx_word' id='word_1_47' title='bbox 2260 701 2506 771; x_wconf 85' lang='lat' dir='ltr'><strong>judicare</strong></span> <span class='ocrx_word' id='word_1_48' title='bbox 2551 704 2703 758; x_wconf 89' lang='lat' dir='ltr'><strong>vivos</strong></span> <span class='ocrx_word' id='word_1_49' title='bbox 2749 712 2803 758; x_wconf 89' lang='lat' dir='ltr'><strong>et</strong></span> <span class='ocrx_word' id='word_1_50' title='bbox 2852 713 3112 758; x_wconf 90' lang='lat' dir='ltr'><strong>mortuos.</strong></span> <span class='ocrx_word' id='word_1_51' title='bbox 3161 703 3325 772; x_wconf 86' lang='lat' dir='ltr'><strong>Cujus</strong></span> 
     </span>
    </p>
   </div>
   <div class='ocr_carea' id='block_1_6' title="bbox 95 776 3323 869">
    <p class='ocr_par' dir='ltr' id='par_1_6' title="bbox 95 776 3323 869">
     <span class='ocr_line' id='line_1_6' title="bbox 95 776 3323 869; baseline 0.001 -23"><span class='ocrx_word' id='word_1_52' title='bbox 95 795 160 848; x_wconf 83' lang='lat' dir='ltr'><strong>sis</strong></span> <span class='ocrx_word' id='word_1_53' title='bbox 181 791 392 845; x_wconf 84' lang='lat' dir='ltr'><strong>evidens</strong></span> <span class='ocrx_word' id='word_1_54' title='bbox 417 786 657 841; x_wconf 82' lang='lat' dir='ltr'><strong>doctrina</strong></span> <span class='ocrx_word' id='word_1_55' title='bbox 680 785 977 849; x_wconf 83' lang='lat' dir='ltr'><strong>constituit,</strong></span> <span class='ocrx_word' id='word_1_56' title='bbox 1005 784 1157 852; x_wconf 82' lang='lat' dir='ltr'><strong>juxta</strong></span> <span class='ocrx_word' id='word_1_57' title='bbox 1191 784 1330 853; x_wconf 89' lang='lat' dir='ltr'><strong>quod</strong></span> <span class='ocrx_word' id='word_1_58' title='bbox 1360 786 1520 837; x_wconf 89' lang='lat' dir='ltr'><strong>etiam</strong></span> <span class='ocrx_word' id='word_1_59' title='bbox 1542 799 1633 869; x_wconf 74' lang='lat' dir='ltr'><strong>_sa-</strong></span> <span class='ocrx_word' id='word_1_60' title='bbox 1750 788 1899 854; x_wconf 81' lang='lat' dir='ltr'><strong>regni</strong></span> <span class='ocrx_word' id='word_1_61' title='bbox 1929 803 2032 842; x_wconf 89' lang='lat' dir='ltr'><strong>non</strong></span> <span class='ocrx_word' id='word_1_62' title='bbox 2064 791 2168 844; x_wconf 90' lang='lat' dir='ltr'><strong>erit</strong></span> <span class='ocrx_word' id='word_1_63' title='bbox 2194 790 2334 845; x_wconf 84' lang='lat' dir='ltr'><strong>ﬁnis.</strong></span> <span class='ocrx_word' id='word_1_64' title='bbox 2379 792 2662 848; x_wconf 89' lang='lat' dir='ltr'><strong>Credimus</strong></span> <span class='ocrx_word' id='word_1_65' title='bbox 2692 793 2746 847; x_wconf 90' lang='lat' dir='ltr'><strong>in</strong></span> <span class='ocrx_word' id='word_1_66' title='bbox 2783 776 3041 863; x_wconf 74' lang='lat' dir='ltr'><strong>Spiritum</strong></span> <span class='ocrx_word' id='word_1_67' title='bbox 3073 803 3323 850; x_wconf 89' lang='lat' dir='ltr'><strong>sanctum</strong></span> 
     </span>
    </p>
   </div>
   <div class='ocr_carea' id='block_1_7' title="bbox 95 874 3324 955">
    <p class='ocr_par' dir='ltr' id='par_1_7' title="bbox 95 874 3324 955">
     <span class='ocr_line' id='line_1_7' title="bbox 95 874 3324 955; baseline 0.001 -17"><span class='ocrx_word' id='word_1_68' title='bbox 95 880 338 938; x_wconf 88' lang='lat' dir='ltr'><strong>crosancti</strong></span> <span class='ocrx_word' id='word_1_69' title='bbox 365 877 595 950; x_wconf 86' lang='lat' dir='ltr'><strong>symboli</strong></span> <span class='ocrx_word' id='word_1_70' title='bbox 623 876 934 932; x_wconf 88' lang='lat' dir='ltr'><strong>elucubrata</strong></span> <span class='ocrx_word' id='word_1_71' title='bbox 954 875 1214 945; x_wconf 78' lang='lat' dir='ltr'><strong>professio</strong></span> <span class='ocrx_word' id='word_1_72' title='bbox 1241 875 1428 940; x_wconf 86' lang='lat' dir='ltr'><strong>claret,</strong></span> <span class='ocrx_word' id='word_1_73' title='bbox 1458 890 1574 942; x_wconf 77' lang='lat' dir='ltr'><strong>qua:</strong></span> <span class='ocrx_word' id='word_1_74' title='bbox 1593 874 1646 928; x_wconf 88' lang='lat' dir='ltr'><strong>in</strong></span> <span class='ocrx_word' id='word_1_75' title='bbox 1751 877 2030 934; x_wconf 88' lang='lat' dir='ltr'><strong>Dominum</strong></span> <span class='ocrx_word' id='word_1_76' title='bbox 2068 889 2122 935; x_wconf 92' lang='lat' dir='ltr'><strong>et</strong></span> <span class='ocrx_word' id='word_1_77' title='bbox 2157 881 2566 949; x_wconf 86' lang='lat' dir='ltr'><strong>vivificatorem,</strong></span> <span class='ocrx_word' id='word_1_78' title='bbox 2602 900 2669 938; x_wconf 87' lang='lat' dir='ltr'><strong>cx</strong></span> <span class='ocrx_word' id='word_1_79' title='bbox 2700 884 2859 938; x_wconf 84' lang='lat' dir='ltr'><strong>Patre</strong></span> <span class='ocrx_word' id='word_1_80' title='bbox 2889 894 2942 938; x_wconf 90' lang='lat' dir='ltr'><strong>et</strong></span> <span class='ocrx_word' id='word_1_81' title='bbox 2969 884 3103 940; x_wconf 83' lang='lat' dir='ltr'><strong>Filio</strong></span> <span class='ocrx_word' id='word_1_82' title='bbox 3134 900 3324 955; x_wconf 87' lang='lat' dir='ltr'><strong>proce-</strong></span> 
     </span>
    </p>
   </div>
   <div class='ocr_carea' id='block_1_8' title="bbox 93 965 3323 1045">
    <p class='ocr_par' dir='ltr' id='par_1_8' title="bbox 93 965 3323 1045">
     <span class='ocr_line' id='line_1_8' title="bbox 93 965 3323 1045; baseline 0.001 -19"><span class='ocrx_word' id='word_1_83' title='bbox 93 973 356 1026; x_wconf 87' lang='lat' dir='ltr'><strong>missarum</strong></span> <span class='ocrx_word' id='word_1_84' title='bbox 378 967 808 1024; x_wconf 83' lang='lat' dir='ltr'><strong>solemnitatibus</strong></span> <span class='ocrx_word' id='word_1_85' title='bbox 828 965 1007 1035; x_wconf 90' lang='lat' dir='ltr'><strong>patula</strong></span> <span class='ocrx_word' id='word_1_86' title='bbox 1039 975 1352 1022; x_wconf 90' lang='lat' dir='ltr'><strong>cunctorum</strong></span> <span class='ocrx_word' id='word_1_87' title='bbox 1386 965 1648 1019; x_wconf 86' lang='lat' dir='ltr'><strong>acclama-</strong></span> <span class='ocrx_word' id='word_1_88' title='bbox 1748 969 1988 1036; x_wconf 86' lang='lat' dir='ltr'><strong>dentem,</strong></span> <span class='ocrx_word' id='word_1_89' title='bbox 2011 986 2132 1026; x_wconf 90' lang='lat' dir='ltr'><strong>eum</strong></span> <span class='ocrx_word' id='word_1_90' title='bbox 2158 971 2314 1026; x_wconf 86' lang='lat' dir='ltr'><strong>Patre</strong></span> <span class='ocrx_word' id='word_1_91' title='bbox 2341 973 2668 1027; x_wconf 90' lang='lat' dir='ltr'><strong>adorandum</strong></span> <span class='ocrx_word' id='word_1_92' title='bbox 2699 985 2754 1028; x_wconf 92' lang='lat' dir='ltr'><strong>et</strong></span> <span class='ocrx_word' id='word_1_93' title='bbox 2775 973 3202 1045; x_wconf 87' lang='lat' dir='ltr'><strong>gloriﬁcandum,</strong></span> <span class='ocrx_word' id='word_1_94' title='bbox 3229 974 3323 1044; x_wconf 88' lang='lat' dir='ltr'><strong>qui</strong></span> 
     </span>
    </p>
   </div>
   <div class='ocr_carea' id='block_1_9' title="bbox 94 1057 3323 1144">
    <p class='ocr_par' dir='ltr' id='par_1_9' title="bbox 94 1057 3323 1144">
     <span class='ocr_line' id='line_1_9' title="bbox 94 1057 3323 1144; baseline 0.001 -26"><span class='ocrx_word' id='word_1_95' title='bbox 94 1074 169 1118; x_wconf 87' lang='lat' dir='ltr'><strong>tur</strong></span> <span class='ocrx_word' id='word_1_96' title='bbox 196 1061 426 1122; x_wconf 89' lang='lat' dir='ltr'><strong>ﬁdelium</strong></span> <span class='ocrx_word' id='word_1_97' title='bbox 450 1072 604 1116; x_wconf 87' lang='lat' dir='ltr'><strong>voce.</strong></span> <span class='ocrx_word' id='word_1_98' title='bbox 1160 1080 1169 1092; x_wconf 83' lang='lat'><strong>-</strong></span> <span class='ocrx_word' id='word_1_99' title='bbox 1747 1059 1957 1116; x_wconf 89' lang='lat' dir='ltr'><strong>locutus</strong></span> <span class='ocrx_word' id='word_1_100' title='bbox 1983 1070 2063 1116; x_wconf 90' lang='lat' dir='ltr'><strong>cst</strong></span> <span class='ocrx_word' id='word_1_101' title='bbox 2093 1077 2188 1132; x_wconf 90' lang='lat' dir='ltr'><strong>per</strong></span> <span class='ocrx_word' id='word_1_102' title='bbox 2233 1057 2540 1144; x_wconf 77' lang='lat' dir='ltr'><strong>prophetas.</strong></span> <span class='ocrx_word' id='word_1_103' title='bbox 2596 1064 2767 1120; x_wconf 86' lang='lat' dir='ltr'><strong>Unam</strong></span> <span class='ocrx_word' id='word_1_104' title='bbox 2811 1066 3131 1120; x_wconf 80' lang='lat' dir='ltr'><strong>catholicam</strong></span> <span class='ocrx_word' id='word_1_105' title='bbox 3161 1075 3323 1136; x_wconf 86' lang='lat' dir='ltr'><strong>atque</strong></span> 
     </span>
    </p>
   </div>
   <div class='ocr_carea' id='block_1_10' title="bbox 516 1147 3321 1225">
    <p class='ocr_par' dir='ltr' id='par_1_10' title="bbox 516 1147 3321 1225">
     <span class='ocr_line' id='line_1_10' title="bbox 516 1147 3321 1225; baseline 0.002 -21"><span class='ocrx_word' id='word_1_106' title='bbox 516 1149 682 1204; x_wconf 78' lang='lat' dir='ltr'><strong>Fides</strong></span> <span class='ocrx_word' id='word_1_107' title='bbox 720 1148 929 1202; x_wconf 74' lang='grc' dir='ltr'><strong>Νεεωηί</strong></span> <span class='ocrx_word' id='word_1_108' title='bbox 969 1147 1197 1202; x_wconf 71' lang='lat' dir='ltr'><strong>concilii.</strong></span> <span class='ocrx_word' id='word_1_109' title='bbox 1746 1151 2097 1219; x_wconf 87' lang='lat' dir='ltr'><strong>apostolicam</strong></span> <span class='ocrx_word' id='word_1_110' title='bbox 2131 1152 2442 1207; x_wconf 86' lang='lat' dir='ltr'><strong>Ecclesiam.</strong></span> <span class='ocrx_word' id='word_1_111' title='bbox 2477 1153 2746 1209; x_wconf 87' lang='lat' dir='ltr'><strong>Conﬁteor</strong></span> <span class='ocrx_word' id='word_1_112' title='bbox 2775 1170 2938 1208; x_wconf 90' lang='lat' dir='ltr'><strong>unum</strong></span> <span class='ocrx_word' id='word_1_113' title='bbox 2971 1155 3234 1225; x_wconf 87' lang='lat' dir='ltr'><strong>baptisma</strong></span> <span class='ocrx_word' id='word_1_114' title='bbox 3267 1156 3321 1210; x_wconf 89' lang='lat' dir='ltr'><strong>in</strong></span> 
     </span>
    </p>
   </div>
   <div class='ocr_carea' id='block_1_11' title="bbox 149 1237 3321 1311">
    <p class='ocr_par' dir='ltr' id='par_1_11' title="bbox 149 1237 3321 1311">
     <span class='ocr_line' id='line_1_11' title="bbox 149 1237 3321 1311; baseline 0 -12"><span class='ocrx_word' id='word_1_115' title='bbox 149 1243 418 1299; x_wconf 83' lang='lat' dir='ltr'><strong>Credimus</strong></span> <span class='ocrx_word' id='word_1_116' title='bbox 457 1242 514 1295; x_wconf 89' lang='lat' dir='ltr'><strong>in</strong></span> <span class='ocrx_word' id='word_1_117' title='bbox 541 1255 706 1294; x_wconf 91' lang='lat' dir='ltr'><strong>unum</strong></span> <span class='ocrx_word' id='word_1_118' title='bbox 748 1241 915 1294; x_wconf 91' lang='lat' dir='ltr'><strong>Deum</strong></span> <span class='ocrx_word' id='word_1_119' title='bbox 957 1237 1172 1292; x_wconf 87' lang='lat' dir='ltr'><strong>Patrem</strong></span> <span class='ocrx_word' id='word_1_120' title='bbox 1221 1239 1644 1308; x_wconf 84' lang='lat' dir='ltr'><strong>omnipotentem</strong></span> <span class='ocrx_word' id='word_1_121' title='bbox 1747 1239 2118 1294; x_wconf 86' lang='lat' dir='ltr'><strong>remissionem</strong></span> <span class='ocrx_word' id='word_1_122' title='bbox 2145 1250 2521 1310; x_wconf 86' lang='lat' dir='ltr'><strong>peccatorum;</strong></span> <span class='ocrx_word' id='word_1_123' title='bbox 2557 1252 2931 1311; x_wconf 81' lang='lat' dir='ltr'><strong>exspectamus</strong></span> <span class='ocrx_word' id='word_1_124' title='bbox 2965 1245 3321 1300; x_wconf 87' lang='lat' dir='ltr'><strong>resurrectio—</strong></span> 
     </span>
    </p>
   </div>
   <div class='ocr_carea' id='block_1_12' title="bbox 93 1329 3214 1396">
    <p class='ocr_par' dir='ltr' id='par_1_12' title="bbox 93 1329 3214 1396">
     <span class='ocr_line' id='line_1_12' title="bbox 93 1329 3214 1396; baseline -0 -8"><span class='ocrx_word' id='word_1_125' title='bbox 93 1336 324 1389; x_wconf 84' lang='lat' dir='ltr'><strong>factorem</strong></span> <span class='ocrx_word' id='word_1_126' title='bbox 353 1333 474 1388; x_wconf 73' lang='lat' dir='ltr'><strong>cceli</strong></span> <span class='ocrx_word' id='word_1_127' title='bbox 505 1341 560 1388; x_wconf 93' lang='lat' dir='ltr'><strong>et</strong></span> <span class='ocrx_word' id='word_1_128' title='bbox 581 1339 758 1396; x_wconf 84' lang='lat' dir='ltr'><strong>terrae,</strong></span> <span class='ocrx_word' id='word_1_129' title='bbox 793 1329 1082 1384; x_wconf 88' lang='lat' dir='ltr'><strong>visibilium</strong></span> <span class='ocrx_word' id='word_1_130' title='bbox 1116 1330 1354 1385; x_wconf 89' lang='lat' dir='ltr'><strong>omnium</strong></span> <span class='ocrx_word' id='word_1_131' title='bbox 1383 1338 1437 1384; x_wconf 88' lang='lat' dir='ltr'><strong>et</strong></span> <span class='ocrx_word' id='word_1_132' title='bbox 1463 1329 1648 1383; x_wconf 88' lang='lat' dir='ltr'><strong>iuvisi-</strong></span> <span class='ocrx_word' id='word_1_133' title='bbox 1747 1344 1869 1384; x_wconf 91' lang='lat' dir='ltr'><strong>nem</strong></span> <span class='ocrx_word' id='word_1_134' title='bbox 1895 1342 2250 1395; x_wconf 86' lang='lat' dir='ltr'><strong>mortuorum,</strong></span> <span class='ocrx_word' id='word_1_135' title='bbox 2286 1341 2336 1386; x_wconf 92' lang='lat' dir='ltr'><strong>et</strong></span> <span class='ocrx_word' id='word_1_136' title='bbox 2368 1331 2530 1386; x_wconf 79' lang='lat' dir='ltr'><strong>vitam</strong></span> <span class='ocrx_word' id='word_1_137' title='bbox 2560 1333 2770 1386; x_wconf 86' lang='lat' dir='ltr'><strong>venturi</strong></span> <span class='ocrx_word' id='word_1_138' title='bbox 2794 1332 2992 1388; x_wconf 58' lang='lat' dir='ltr'><strong>saeculi.</strong></span> <span class='ocrx_word' id='word_1_139' title='bbox 3023 1332 3214 1387; x_wconf 83' lang='lat' dir='ltr'><strong>Amen.</strong></span> 
     </span>
    </p>
   </div>
   <div class='ocr_carea' id='block_1_13' title="bbox 93 1419 3322 1493">
    <p class='ocr_par' dir='ltr' id='par_1_13' title="bbox 93 1419 3322 1493">
     <span class='ocr_line' id='line_1_13' title="bbox 93 1419 3322 1493; baseline -0.001 -12"><span class='ocrx_word' id='word_1_140' title='bbox 93 1427 251 1481; x_wconf 83' lang='lat' dir='ltr'><strong>bilium</strong></span> <span class='ocrx_word' id='word_1_141' title='bbox 296 1424 672 1488; x_wconf 86' lang='lat' dir='ltr'><strong>conditorem;</strong></span> <span class='ocrx_word' id='word_1_142' title='bbox 731 1431 786 1476; x_wconf 92' lang='lat' dir='ltr'><strong>et</strong></span> <span class='ocrx_word' id='word_1_143' title='bbox 835 1423 887 1475; x_wconf 95' lang='lat' dir='ltr'><strong>in</strong></span> <span class='ocrx_word' id='word_1_144' title='bbox 922 1437 1084 1474; x_wconf 90' lang='lat' dir='ltr'><strong>unum</strong></span> <span class='ocrx_word' id='word_1_145' title='bbox 1130 1421 1412 1475; x_wconf 91' lang='lat' dir='ltr'><strong>Dominum</strong></span> <span class='ocrx_word' id='word_1_146' title='bbox 1463 1419 1644 1474; x_wconf 89' lang='lat' dir='ltr'><strong>Jesum</strong></span> <span class='ocrx_word' id='word_1_147' title='bbox 1818 1419 1945 1474; x_wconf 82' lang='lat' dir='ltr'><strong>Post</strong></span> <span class='ocrx_word' id='word_1_148' title='bbox 1989 1420 2146 1489; x_wconf 85' lang='lat' dir='ltr'><strong>hujus</strong></span> <span class='ocrx_word' id='word_1_149' title='bbox 2201 1431 2403 1476; x_wconf 86' lang='lat' dir='ltr'><strong>sanctae</strong></span> <span class='ocrx_word' id='word_1_150' title='bbox 2443 1423 2564 1476; x_wconf 90' lang='lat' dir='ltr'><strong>ﬁdei</strong></span> <span class='ocrx_word' id='word_1_151' title='bbox 2612 1423 2924 1493; x_wconf 89' lang='lat' dir='ltr'><strong>dispositam</strong></span> <span class='ocrx_word' id='word_1_152' title='bbox 2971 1424 3322 1493; x_wconf 89' lang='lat' dir='ltr'><strong>scripturam,</strong></span> 
     </span>
    </p>
   </div>
   <div class='ocr_carea' id='block_1_14' title="bbox 92 1509 3326 1583">
    <p class='ocr_par' dir='ltr' id='par_1_14' title="bbox 92 1509 3326 1583">
     <span class='ocr_line' id='line_1_14' title="bbox 92 1509 3326 1583; baseline -0.002 -12"><span class='ocrx_word' id='word_1_153' title='bbox 92 1517 333 1572; x_wconf 88' lang='lat' dir='ltr'><strong>Christum</strong></span> <span class='ocrx_word' id='word_1_154' title='bbox 384 1515 580 1569; x_wconf 85' lang='lat' dir='ltr'><strong>Filium</strong></span> <span class='ocrx_word' id='word_1_155' title='bbox 627 1513 722 1567; x_wconf 87' lang='lat' dir='ltr'><strong>Dei</strong></span> <span class='ocrx_word' id='word_1_156' title='bbox 757 1513 1114 1583; x_wconf 82' lang='lat' dir='ltr'><strong>unigenitum,</strong></span> <span class='ocrx_word' id='word_1_157' title='bbox 1161 1525 1226 1565; x_wconf 88' lang='lat' dir='ltr'><strong>ex</strong></span> <span class='ocrx_word' id='word_1_158' title='bbox 1271 1511 1431 1566; x_wconf 90' lang='lat' dir='ltr'><strong>Patre</strong></span> <span class='ocrx_word' id='word_1_159' title='bbox 1461 1520 1644 1566; x_wconf 90' lang='lat' dir='ltr'><strong>natum</strong></span> <span class='ocrx_word' id='word_1_160' title='bbox 1745 1509 1898 1579; x_wconf 90' lang='lat' dir='ltr'><strong>quasi</strong></span> <span class='ocrx_word' id='word_1_161' title='bbox 1926 1526 2087 1578; x_wconf 87' lang='lat' dir='ltr'><strong>super</strong></span> <span class='ocrx_word' id='word_1_162' title='bbox 2112 1510 2488 1564; x_wconf 90' lang='lat' dir='ltr'><strong>solidissimam</strong></span> <span class='ocrx_word' id='word_1_163' title='bbox 2524 1520 2732 1581; x_wconf 88' lang='lat' dir='ltr'><strong>petram</strong></span> <span class='ocrx_word' id='word_1_164' title='bbox 2763 1520 3078 1567; x_wconf 64' lang='lat' dir='ltr'><strong>cancrorum</strong></span> <span class='ocrx_word' id='word_1_165' title='bbox 3101 1527 3326 1581; x_wconf 80' lang='lat' dir='ltr'><strong>sequen-</strong></span> 
     </span>
    </p>
   </div>
   <div class='ocr_carea' id='block_1_15' title="bbox 93 1599 3324 1667">
    <p class='ocr_par' dir='ltr' id='par_1_15' title="bbox 93 1599 3324 1667">
     <span class='ocr_line' id='line_1_15' title="bbox 93 1599 3324 1667; baseline -0.003 -5"><span class='ocrx_word' id='word_1_166' title='bbox 93 1618 195 1662; x_wconf 91' lang='lat' dir='ltr'><strong>ante</strong></span> <span class='ocrx_word' id='word_1_167' title='bbox 216 1607 389 1661; x_wconf 88' lang='lat' dir='ltr'><strong>omnia</strong></span> <span class='ocrx_word' id='word_1_168' title='bbox 418 1604 640 1667; x_wconf 62' lang='lat' dir='ltr'><strong>saecula,</strong></span> <span class='ocrx_word' id='word_1_169' title='bbox 673 1604 842 1657; x_wconf 88' lang='lat' dir='ltr'><strong>Deum</strong></span> <span class='ocrx_word' id='word_1_170' title='bbox 872 1617 933 1657; x_wconf 87' lang='lat' dir='ltr'><strong>ex</strong></span> <span class='ocrx_word' id='word_1_171' title='bbox 966 1601 1094 1666; x_wconf 92' lang='lat' dir='ltr'><strong>Deo,</strong></span> <span class='ocrx_word' id='word_1_172' title='bbox 1121 1601 1300 1656; x_wconf 89' lang='lat' dir='ltr'><strong>lumen</strong></span> <span class='ocrx_word' id='word_1_173' title='bbox 1327 1617 1393 1655; x_wconf 85' lang='lat' dir='ltr'><strong>ex</strong></span> <span class='ocrx_word' id='word_1_174' title='bbox 1424 1601 1642 1666; x_wconf 90' lang='lat' dir='ltr'><strong>lumine,</strong></span> <span class='ocrx_word' id='word_1_175' title='bbox 1747 1601 1879 1652; x_wconf 92' lang='lat' dir='ltr'><strong>tium</strong></span> <span class='ocrx_word' id='word_1_176' title='bbox 1925 1599 2322 1654; x_wconf 89' lang='lat' dir='ltr'><strong>construximus</strong></span> <span class='ocrx_word' id='word_1_177' title='bbox 2358 1599 2636 1664; x_wconf 83' lang='lat' dir='ltr'><strong>fabricam,</strong></span> <span class='ocrx_word' id='word_1_178' title='bbox 2670 1609 2728 1654; x_wconf 91' lang='lat' dir='ltr'><strong>ut</strong></span> <span class='ocrx_word' id='word_1_179' title='bbox 2759 1601 3016 1654; x_wconf 88' lang='lat' dir='ltr'><strong>firmitate</strong></span> <span class='ocrx_word' id='word_1_180' title='bbox 3046 1600 3324 1656; x_wconf 87' lang='lat' dir='ltr'><strong>inconvul-</strong></span> 
     </span>
    </p>
   </div>
   <div class='ocr_carea' id='block_1_16' title="bbox 93 1673 3320 1758">
    <p class='ocr_par' dir='ltr' id='par_1_16' title="bbox 93 1673 3320 1758">
     <span class='ocr_line' id='line_1_16' title="bbox 93 1673 3320 1758; baseline -0.002 -6"><span class='ocrx_word' id='word_1_181' title='bbox 93 1698 233 1752; x_wconf 88' lang='lat' dir='ltr'><strong>Deum</strong></span> <span class='ocrx_word' id='word_1_182' title='bbox 281 1712 470 1750; x_wconf 88' lang='lat' dir='ltr'><strong>vermn</strong></span> <span class='ocrx_word' id='word_1_183' title='bbox 518 1710 582 1749; x_wconf 87' lang='lat' dir='ltr'><strong>ex</strong></span> <span class='ocrx_word' id='word_1_184' title='bbox 634 1673 757 1749; x_wconf 33' lang='lat' dir='ltr'><strong>Deo.</strong></span> <span class='ocrx_word' id='word_1_185' title='bbox 797 1708 945 1758; x_wconf 88' lang='lat' dir='ltr'><strong>vero,</strong></span> <span class='ocrx_word' id='word_1_186' title='bbox 999 1702 1207 1756; x_wconf 87' lang='lat' dir='ltr'><strong>natum,</strong></span> <span class='ocrx_word' id='word_1_187' title='bbox 1259 1709 1364 1748; x_wconf 94' lang='lat' dir='ltr'><strong>non</strong></span> <span class='ocrx_word' id='word_1_188' title='bbox 1417 1692 1641 1758; x_wconf 85' lang='lat' dir='ltr'><strong>factum,</strong></span> <span class='ocrx_word' id='word_1_189' title='bbox 1745 1688 1884 1744; x_wconf 88' lang='lat' dir='ltr'><strong>sibili</strong></span> <span class='ocrx_word' id='word_1_190' title='bbox 1928 1688 2146 1752; x_wconf 90' lang='lat' dir='ltr'><strong>durent,</strong></span> <span class='ocrx_word' id='word_1_191' title='bbox 2200 1704 2320 1758; x_wconf 83' lang='lat' dir='ltr'><strong>quae</strong></span> <span class='ocrx_word' id='word_1_192' title='bbox 2372 1702 2533 1758; x_wconf 90' lang='lat' dir='ltr'><strong>super</strong></span> <span class='ocrx_word' id='word_1_193' title='bbox 2574 1688 2978 1744; x_wconf 87' lang='lat' dir='ltr'><strong>fundamentum</strong></span> <span class='ocrx_word' id='word_1_194' title='bbox 3031 1706 3169 1746; x_wconf 88' lang='lat' dir='ltr'><strong>verae</strong></span> <span class='ocrx_word' id='word_1_195' title='bbox 3199 1690 3320 1745; x_wconf 90' lang='lat' dir='ltr'><strong>fidei</strong></span> 
     </span>
    </p>
   </div>
   <div class='ocr_carea' id='block_1_17' title="bbox 91 1775 3319 1852">
    <p class='ocr_par' dir='ltr' id='par_1_17' title="bbox 91 1775 3319 1852">
     <span class='ocr_line' id='line_1_17' title="bbox 91 1775 3319 1852; baseline -0.003 -9"><span class='ocrx_word' id='word_1_196' title='bbox 91 1789 340 1843; x_wconf 89' lang='lat' dir='ltr'><strong>omousion</strong></span> <span class='ocrx_word' id='word_1_197' title='bbox 391 1786 566 1850; x_wconf 86' lang='lat' dir='ltr'><strong>Patri,</strong></span> <span class='ocrx_word' id='word_1_198' title='bbox 621 1786 725 1840; x_wconf 91' lang='lat' dir='ltr'><strong>hoc</strong></span> <span class='ocrx_word' id='word_1_199' title='bbox 762 1793 844 1840; x_wconf 91' lang='lat' dir='ltr'><strong>est</strong></span> <span class='ocrx_word' id='word_1_200' title='bbox 879 1783 1115 1852; x_wconf 86' lang='lat' dir='ltr'><strong>ejusdem</strong></span> <span class='ocrx_word' id='word_1_201' title='bbox 1147 1799 1269 1839; x_wconf 89' lang='lat' dir='ltr'><strong>cum</strong></span> <span class='ocrx_word' id='word_1_202' title='bbox 1311 1782 1471 1838; x_wconf 90' lang='lat' dir='ltr'><strong>Patre</strong></span> <span class='ocrx_word' id='word_1_203' title='bbox 1513 1784 1640 1839; x_wconf 84' lang='lat' dir='ltr'><strong>snb-</strong></span> <span class='ocrx_word' id='word_1_204' title='bbox 1679 1849 1712 1852; x_wconf 92' lang='lat'>_</span> <span class='ocrx_word' id='word_1_205' title='bbox 1749 1777 1947 1832; x_wconf 88' lang='lat' dir='ltr'><strong>fuerint</strong></span> <span class='ocrx_word' id='word_1_206' title='bbox 1975 1793 2208 1848; x_wconf 88' lang='lat' dir='ltr'><strong>perenne</strong></span> <span class='ocrx_word' id='word_1_207' title='bbox 2237 1786 2564 1832; x_wconf 90' lang='lat' dir='ltr'><strong>constructa.</strong></span> <span class='ocrx_word' id='word_1_208' title='bbox 2597 1777 2748 1833; x_wconf 91' lang='lat' dir='ltr'><strong>Unde</strong></span> <span class='ocrx_word' id='word_1_209' title='bbox 2769 1787 2825 1833; x_wconf 93' lang='lat' dir='ltr'><strong>et</strong></span> <span class='ocrx_word' id='word_1_210' title='bbox 2850 1775 2950 1835; x_wconf 84' lang='lat' dir='ltr'><strong>has</strong></span> <span class='ocrx_word' id='word_1_211' title='bbox 2982 1781 3218 1835; x_wconf 89' lang='lat' dir='ltr'><strong>omnium</strong></span> <span class='ocrx_word' id='word_1_212' title='bbox 3265 1780 3319 1833; x_wconf 91' lang='lat' dir='ltr'><strong>in</strong></span> 
     </span>
    </p>
   </div>
   <div class='ocr_carea' id='block_1_18' title="bbox 92 1849 3319 1947">
    <p class='ocr_par' dir='ltr' id='par_1_18' title="bbox 92 1849 3319 1947">
     <span class='ocr_line' id='line_1_18' title="bbox 92 1849 3319 1947; baseline -0.002 -18"><span class='ocrx_word' id='word_1_213' title='bbox 92 1880 290 1944; x_wconf 69' lang='lat' dir='ltr'><strong>stantim,</strong></span> <span class='ocrx_word' id='word_1_214' title='bbox 319 1893 415 1947; x_wconf 89' lang='lat' dir='ltr'><strong>per</strong></span> <span class='ocrx_word' id='word_1_215' title='bbox 444 1892 606 1947; x_wconf 88' lang='lat' dir='ltr'><strong>quem</strong></span> <span class='ocrx_word' id='word_1_216' title='bbox 642 1875 823 1931; x_wconf 89' lang='lat' dir='ltr'><strong>omnia</strong></span> <span class='ocrx_word' id='word_1_217' title='bbox 857 1849 996 1930; x_wconf 83' lang='lat' dir='ltr'><strong>facta</strong></span> <span class='ocrx_word' id='word_1_218' title='bbox 1029 1882 1170 1939; x_wconf 92' lang='lat' dir='ltr'><strong>sunt,</strong></span> <span class='ocrx_word' id='word_1_219' title='bbox 1203 1888 1323 1943; x_wconf 69' lang='lat' dir='ltr'><strong>qua:</strong></span> <span class='ocrx_word' id='word_1_220' title='bbox 1351 1873 1405 1928; x_wconf 94' lang='lat' dir='ltr'><strong>in</strong></span> <span class='ocrx_word' id='word_1_221' title='bbox 1436 1873 1572 1928; x_wconf 81' lang='lat' dir='ltr'><strong>coelo</strong></span> <span class='ocrx_word' id='word_1_222' title='bbox 1593 1879 1647 1928; x_wconf 88' lang='lat' dir='ltr'><strong>et</strong></span> <span class='ocrx_word' id='word_1_223' title='bbox 1676 1849 1722 1908; x_wconf 74' lang='grc' dir='ltr'><strong>Β</strong></span> <span class='ocrx_word' id='word_1_224' title='bbox 1752 1883 2034 1921; x_wconf 89' lang='lat' dir='ltr'><strong>commune</strong></span> <span class='ocrx_word' id='word_1_225' title='bbox 2049 1867 2489 1937; x_wconf 86' lang='lat' dir='ltr'><strong>sententiasquas</strong></span> <span class='ocrx_word' id='word_1_226' title='bbox 2509 1866 2993 1938; x_wconf 88' lang='lat' dir='ltr'><strong>principishortatu</strong></span> <span class='ocrx_word' id='word_1_227' title='bbox 3007 1878 3319 1924; x_wconf 90' lang='lat' dir='ltr'><strong>construen-</strong></span> 
     </span>
    </p>
   </div>
   <div class='ocr_carea' id='block_1_19' title="bbox 91 1957 3317 2037">
    <p class='ocr_par' dir='ltr' id='par_1_19' title="bbox 91 1957 3317 2037">
     <span class='ocr_line' id='line_1_19' title="bbox 91 1957 3317 2037; baseline -0.002 -20"><span class='ocrx_word' id='word_1_228' title='bbox 91 1984 189 2037; x_wconf 74' lang='lat' dir='ltr'><strong>qua:</strong></span> <span class='ocrx_word' id='word_1_229' title='bbox 231 1969 280 2021; x_wconf 85' lang='lat' dir='ltr'><strong>in</strong></span> <span class='ocrx_word' id='word_1_230' title='bbox 323 1976 500 2030; x_wconf 82' lang='lat' dir='ltr'><strong>terra;</strong></span> <span class='ocrx_word' id='word_1_231' title='bbox 560 1966 648 2035; x_wconf 87' lang='lat' dir='ltr'><strong>qui</strong></span> <span class='ocrx_word' id='word_1_232' title='bbox 682 1974 902 2035; x_wconf 82' lang='lat' dir='ltr'><strong>prOpler</strong></span> <span class='ocrx_word' id='word_1_233' title='bbox 927 1979 1025 2019; x_wconf 89' lang='lat' dir='ltr'><strong>nos</strong></span> <span class='ocrx_word' id='word_1_234' title='bbox 1062 1975 1116 2019; x_wconf 86' lang='lat' dir='ltr'><strong>et</strong></span> <span class='ocrx_word' id='word_1_235' title='bbox 1141 1972 1363 2034; x_wconf 86' lang='lat' dir='ltr'><strong>propter</strong></span> <span class='ocrx_word' id='word_1_236' title='bbox 1407 1972 1645 2018; x_wconf 84' lang='lat' dir='ltr'><strong>nostram</strong></span> <span class='ocrx_word' id='word_1_237' title='bbox 1752 1959 1846 2012; x_wconf 85' lang='lat' dir='ltr'><strong>das</strong></span> <span class='ocrx_word' id='word_1_238' title='bbox 1874 1959 2179 2026; x_wconf 86' lang='lat' dir='ltr'><strong>accepimus</strong></span> <span class='ocrx_word' id='word_1_239' title='bbox 2208 1957 2477 2011; x_wconf 88' lang='lat' dir='ltr'><strong>communi</strong></span> <span class='ocrx_word' id='word_1_240' title='bbox 2511 1967 2635 2013; x_wconf 85' lang='lat' dir='ltr'><strong>voto</strong></span> <span class='ocrx_word' id='word_1_241' title='bbox 2663 1958 2926 2012; x_wconf 90' lang='lat' dir='ltr'><strong>edidimus</strong></span> <span class='ocrx_word' id='word_1_242' title='bbox 2950 2000 2963 2024; x_wconf 92' lang='lat'><strong>,</strong></span> <span class='ocrx_word' id='word_1_243' title='bbox 2993 1974 3128 2028; x_wconf 89' lang='lat' dir='ltr'><strong>quas</strong></span> <span class='ocrx_word' id='word_1_244' title='bbox 3154 1959 3317 2013; x_wconf 86' lang='lat' dir='ltr'><strong>etiam</strong></span> 
     </span>
    </p>
   </div>
   <div class='ocr_carea' id='block_1_20' title="bbox 92 2047 3319 2122">
    <p class='ocr_par' dir='ltr' id='par_1_20' title="bbox 92 2047 3319 2122">
     <span class='ocr_line' id='line_1_20' title="bbox 92 2047 3319 2122; baseline -0.003 -9"><span class='ocrx_word' id='word_1_245' title='bbox 92 2058 284 2113; x_wconf 84' lang='lat' dir='ltr'><strong>salutem</strong></span> <span class='ocrx_word' id='word_1_246' title='bbox 322 2057 624 2121; x_wconf 89' lang='lat' dir='ltr'><strong>descendit,</strong></span> <span class='ocrx_word' id='word_1_247' title='bbox 654 2065 710 2110; x_wconf 90' lang='lat' dir='ltr'><strong>et</strong></span> <span class='ocrx_word' id='word_1_248' title='bbox 739 2056 1050 2108; x_wconf 86' lang='lat' dir='ltr'><strong>incarnatus</strong></span> <span class='ocrx_word' id='word_1_249' title='bbox 1085 2053 1260 2110; x_wconf 90' lang='lat' dir='ltr'><strong>estde</strong></span> <span class='ocrx_word' id='word_1_250' title='bbox 1289 2051 1490 2122; x_wconf 89' lang='lat' dir='ltr'><strong>Spiritu</strong></span> <span class='ocrx_word' id='word_1_251' title='bbox 1522 2067 1646 2106; x_wconf 83' lang='lat' dir='ltr'><strong>san-</strong></span> <span class='ocrx_word' id='word_1_252' title='bbox 1747 2059 1950 2104; x_wconf 66' lang='lat' dir='ltr'><strong>aeterno</strong></span> <span class='ocrx_word' id='word_1_253' title='bbox 2005 2047 2319 2102; x_wconf 80' lang='lat' dir='ltr'><strong>reverentia:</strong></span> <span class='ocrx_word' id='word_1_254' title='bbox 2379 2048 2563 2119; x_wconf 81' lang='lat' dir='ltr'><strong>vigore</strong></span> <span class='ocrx_word' id='word_1_255' title='bbox 2615 2048 2976 2104; x_wconf 80' lang='lat' dir='ltr'><strong>observandas</strong></span> <span class='ocrx_word' id='word_1_256' title='bbox 3024 2047 3136 2104; x_wconf 86' lang='lat' dir='ltr'><strong>fore</strong></span> <span class='ocrx_word' id='word_1_257' title='bbox 3192 2063 3319 2104; x_wconf 91' lang='lat' dir='ltr'><strong>cen-</strong></span> 
     </span>
    </p>
   </div>
   <div class='ocr_carea' id='block_1_21' title="bbox 92 2140 1944 2215">
    <p class='ocr_par' dir='ltr' id='par_1_21' title="bbox 92 2140 1944 2215">
     <span class='ocr_line' id='line_1_21' title="bbox 92 2140 1944 2215; baseline -0.005 -14"><span class='ocrx_word' id='word_1_258' title='bbox 92 2153 163 2201; x_wconf 90' lang='lat' dir='ltr'><strong>cto</strong></span> <span class='ocrx_word' id='word_1_259' title='bbox 205 2161 264 2200; x_wconf 85' lang='lat' dir='ltr'><strong>ex</strong></span> <span class='ocrx_word' id='word_1_260' title='bbox 293 2146 460 2200; x_wconf 78' lang='lat' dir='ltr'><strong>Maria</strong></span> <span class='ocrx_word' id='word_1_261' title='bbox 495 2145 744 2215; x_wconf 77' lang='lat' dir='ltr'><strong>virgine;</strong></span> <span class='ocrx_word' id='word_1_262' title='bbox 780 2144 942 2198; x_wconf 92' lang='lat' dir='ltr'><strong>homo</strong></span> <span class='ocrx_word' id='word_1_263' title='bbox 978 2140 1168 2204; x_wconf 85' lang='lat' dir='ltr'><strong>factus,</strong></span> <span class='ocrx_word' id='word_1_264' title='bbox 1203 2156 1392 2210; x_wconf 90' lang='lat' dir='ltr'><strong>passus</strong></span> <span class='ocrx_word' id='word_1_265' title='bbox 1429 2148 1510 2195; x_wconf 88' lang='lat' dir='ltr'><strong>est</strong></span> <span class='ocrx_word' id='word_1_266' title='bbox 1541 2141 1640 2196; x_wconf 91' lang='lat' dir='ltr'><strong>sub</strong></span> <span class='ocrx_word' id='word_1_267' title='bbox 1747 2154 1944 2194; x_wconf 79' lang='lat' dir='ltr'><strong>scmus.</strong></span> 
     </span>
    </p>
   </div>
   <div class='ocr_carea' id='block_1_22' title="bbox 92 2273 140 2280">
    <p class='ocr_par' dir='ltr' id='par_1_22' title="bbox 92 2273 140 2280">
     <span class='ocr_line' id='line_1_22' title="bbox 92 2273 140 2280; baseline 0.021 -1"><span class='ocrx_word' id='word_1_268' title='bbox 92 2277 94 2279; x_wconf 71' lang='grc'>,</span> <span class='ocrx_word' id='word_1_269' title='bbox 113 2273 140 2280; x_wconf 56' lang='grc' dir='ltr'><strong><em>υ</em></strong></span> 
     </span>
    </p>
   </div>
   <div class='ocr_carea' id='block_1_23' title="bbox 992 2272 3277 2299">
    <p class='ocr_par' dir='ltr' id='par_1_23' title="bbox 992 2272 3277 2299">
     <span class='ocr_line' id='line_1_23' title="bbox 992 2272 3277 2299; baseline 0 -6"><span class='ocrx_word' id='word_1_270' title='bbox 992 2272 3277 2299; x_wconf 57' lang='lat' dir='ltr'><strong>&quot;mm</strong></span> 
     </span>
    </p>
   </div>
   <div class='ocr_carea' id='block_1_24' title="bbox 157 2277 281 2309">
    <p class='ocr_par' dir='ltr' id='par_1_24' title="bbox 157 2277 281 2309">
     <span class='ocr_line' id='line_1_24' title="bbox 157 2277 281 2309; baseline -0.024 0"><span class='ocrx_word' id='word_1_271' title='bbox 157 2277 281 2309; x_wconf 57' lang='grc' dir='ltr'><strong>ιιι-ἐις</strong></span> 
     </span>
    </p>
   </div>
   <div class='ocr_carea' id='block_1_25' title="bbox 133 2412 3019 2515">
    <p class='ocr_par' dir='ltr' id='par_1_25' title="bbox 133 2412 3019 2515">
     <span class='ocr_line' id='line_1_25' title="bbox 133 2412 3019 2515; baseline -0.002 -1"><span class='ocrx_word' id='word_1_272' title='bbox 328 2412 818 2514; x_wconf 67' lang='lat' dir='ltr'><strong>INCIPIT</strong></span> <span class='ocrx_word' id='word_1_273' title='bbox 870 2415 1534 2512; x_wconf 51' lang='lat' dir='ltr'><strong>C&#39;O‘NCILIUM</strong></span> <span class='ocrx_word' id='word_1_274' title='bbox 1606 2418 2425 2511; x_wconf 82' lang='lat' dir='ltr'><strong>BRACCARENSE</strong></span> <span class='ocrx_word' id='word_1_275' title='bbox 2501 2423 3019 2514; x_wconf 78' lang='lat' dir='ltr'><strong>PRIMUM.</strong></span> 
     </span>
    </p>
   </div>
   <div class='ocr_carea' id='block_1_26' title="bbox 871 2610 2528 2682">
    <p class='ocr_par' dir='ltr' id='par_1_26' title="bbox 871 2610 2528 2682">
     <span class='ocr_line' id='line_1_26' title="bbox 871 2610 2528 2682; baseline -0.002 -12"><span class='ocrx_word' id='word_1_276' title='bbox 871 2615 1007 2670; x_wconf 67' lang='lat' dir='ltr'><strong>.Era</strong></span> <span class='ocrx_word' id='word_1_277' title='bbox 1036 2630 1218 2680; x_wconf 75' lang='lat' dir='ltr'><strong>omx,</strong></span> <span class='ocrx_word' id='word_1_278' title='bbox 1244 2630 1381 2668; x_wconf 84' lang='lat' dir='ltr'><strong>anno</strong></span> <span class='ocrx_word' id='word_1_279' title='bbox 1410 2613 1560 2668; x_wconf 79' lang='lat' dir='ltr'><strong>tertio</strong></span> <span class='ocrx_word' id='word_1_280' title='bbox 1591 2613 1844 2667; x_wconf 75' lang='lat' dir='ltr'><strong>Ariamiri</strong></span> <span class='ocrx_word' id='word_1_281' title='bbox 1882 2612 2037 2682; x_wconf 81' lang='lat' dir='ltr'><strong>regis,</strong></span> <span class='ocrx_word' id='word_1_282' title='bbox 2077 2610 2336 2668; x_wconf 81' lang='lat' dir='ltr'><strong>Kalendis</strong></span> <span class='ocrx_word' id='word_1_283' title='bbox 2372 2611 2528 2667; x_wconf 80' lang='lat' dir='ltr'><strong>Maii.</strong></span> 
     </span>
    </p>
   </div>
   <div class='ocr_carea' id='block_1_27' title="bbox 143 2788 3310 2864">
    <p class='ocr_par' dir='ltr' id='par_1_27' title="bbox 143 2788 3310 2864">
     <span class='ocr_line' id='line_1_27' title="bbox 143 2788 3310 2864; baseline 0 -13"><span class='ocrx_word' id='word_1_284' title='bbox 143 2796 280 2851; x_wconf 78' lang='lat' dir='ltr'><strong>Auno</strong></span> <span class='ocrx_word' id='word_1_285' title='bbox 329 2794 492 2851; x_wconf 92' lang='lat' dir='ltr'><strong>tertio</strong></span> <span class='ocrx_word' id='word_1_286' title='bbox 536 2794 789 2850; x_wconf 83' lang='lat' dir='ltr'><strong>Ariamiri</strong></span> <span class='ocrx_word' id='word_1_287' title='bbox 832 2793 974 2864; x_wconf 87' lang='lat' dir='ltr'><strong>regis</strong></span> <span class='ocrx_word' id='word_1_288' title='bbox 1015 2791 1268 2847; x_wconf 83' lang='lat' dir='ltr'><strong>Kalendis</strong></span> <span class='ocrx_word' id='word_1_289' title='bbox 1304 2790 1457 2856; x_wconf 82' lang='lat' dir='ltr'><strong>Maii,</strong></span> <span class='ocrx_word' id='word_1_290' title='bbox 1507 2804 1628 2844; x_wconf 91' lang='lat' dir='ltr'><strong>cum</strong></span> <span class='ocrx_word' id='word_1_291' title='bbox 1741 2789 1927 2846; x_wconf 79' lang='lat' dir='ltr'><strong>Romze</strong></span> <span class='ocrx_word' id='word_1_292' title='bbox 1972 2788 2116 2857; x_wconf 91' lang='lat' dir='ltr'><strong>Leo,</strong></span> <span class='ocrx_word' id='word_1_293' title='bbox 2163 2789 2252 2860; x_wconf 90' lang='lat' dir='ltr'><strong>qui</strong></span> <span class='ocrx_word' id='word_1_294' title='bbox 2276 2791 2722 2861; x_wconf 86' lang='lat' dir='ltr'><strong>quadragesimus</strong></span> <span class='ocrx_word' id='word_1_295' title='bbox 2753 2790 2866 2848; x_wconf 84' lang='lat' dir='ltr'><strong>fere</strong></span> <span class='ocrx_word' id='word_1_296' title='bbox 2907 2792 3131 2864; x_wconf 90' lang='lat' dir='ltr'><strong>apostoli</strong></span> <span class='ocrx_word' id='word_1_297' title='bbox 3159 2792 3310 2852; x_wconf 87' lang='lat' dir='ltr'><strong>Petri</strong></span> 
     </span>
    </p>
   </div>
   <div class='ocr_carea' id='block_1_28' title="bbox 92 2879 3315 2958">
    <p class='ocr_par' dir='ltr' id='par_1_28' title="bbox 92 2879 3315 2958">
     <span class='ocr_line' id='line_1_28' title="bbox 92 2879 3315 2958; baseline 0 -18"><span class='ocrx_word' id='word_1_298' title='bbox 92 2885 289 2941; x_wconf 72' lang='lat' dir='ltr'><strong>Gallicice</strong></span> <span class='ocrx_word' id='word_1_299' title='bbox 342 2885 636 2958; x_wconf 71' lang='lat' dir='ltr'><strong>provincizr</strong></span> <span class='ocrx_word' id='word_1_300' title='bbox 690 2885 927 2955; x_wconf 89' lang='lat' dir='ltr'><strong>episcopi</strong></span> <span class='ocrx_word' id='word_1_301' title='bbox 988 2882 1271 2937; x_wconf 88' lang='lat' dir='ltr'><strong>Lucretius</strong></span> <span class='ocrx_word' id='word_1_302' title='bbox 1298 2921 1312 2946; x_wconf 93' lang='lat'><strong>,</strong></span> <span class='ocrx_word' id='word_1_303' title='bbox 1364 2879 1626 2944; x_wconf 81' lang='lat' dir='ltr'><strong>Andreas,</strong></span> <span class='ocrx_word' id='word_1_304' title='bbox 1740 2894 2020 2934; x_wconf 88' lang='lat' dir='ltr'><strong>successor</strong></span> <span class='ocrx_word' id='word_1_305' title='bbox 2049 2879 2275 2944; x_wconf 84' lang='lat' dir='ltr'><strong>exstitit,</strong></span> <span class='ocrx_word' id='word_1_306' title='bbox 2307 2894 2402 2948; x_wconf 91' lang='lat' dir='ltr'><strong>per</strong></span> <span class='ocrx_word' id='word_1_307' title='bbox 2431 2881 2687 2952; x_wconf 88' lang='lat' dir='ltr'><strong>Turpium</strong></span> <span class='ocrx_word' id='word_1_308' title='bbox 2720 2882 2987 2938; x_wconf 91' lang='lat' dir='ltr'><strong>notarium</strong></span> <span class='ocrx_word' id='word_1_309' title='bbox 3017 2885 3156 2940; x_wconf 90' lang='lat' dir='ltr'><strong>sedis</strong></span> <span class='ocrx_word' id='word_1_310' title='bbox 3202 2900 3315 2942; x_wconf 67' lang='lat' dir='ltr'><strong>sua:</strong></span> 
     </span>
    </p>
   </div>
   <div class='ocr_carea' id='block_1_29' title="bbox 91 2967 3318 3042">
    <p class='ocr_par' dir='ltr' id='par_1_29' title="bbox 91 2967 3318 3042">
     <span class='ocr_line' id='line_1_29' title="bbox 91 2967 3318 3042; baseline 0.001 -16"><span class='ocrx_word' id='word_1_311' title='bbox 91 2973 334 3042; x_wconf 74' lang='lat' dir='ltr'><strong>Martinus,</strong></span> <span class='ocrx_word' id='word_1_312' title='bbox 373 2976 584 3040; x_wconf 84' lang='lat' dir='ltr'><strong>Cottas,</strong></span> <span class='ocrx_word' id='word_1_313' title='bbox 626 2975 951 3039; x_wconf 88' lang='lat' dir='ltr'><strong>llildericus,</strong></span> <span class='ocrx_word' id='word_1_314' title='bbox 984 2972 1254 3037; x_wconf 88' lang='lat' dir='ltr'><strong>Lucetius,</strong></span> <span class='ocrx_word' id='word_1_315' title='bbox 1291 2972 1628 3033; x_wconf 90' lang='lat' dir='ltr'><strong>Timotheus,</strong></span> <span class='ocrx_word' id='word_1_316' title='bbox 1737 2967 1802 3022; x_wconf 85' lang='lat' dir='ltr'><strong>ad</strong></span> <span class='ocrx_word' id='word_1_317' title='bbox 1831 2969 2091 3040; x_wconf 87' lang='lat' dir='ltr'><strong>synodum</strong></span> <span class='ocrx_word' id='word_1_318' title='bbox 2114 2967 2349 3024; x_wconf 74' lang='lat' dir='ltr'><strong>Callicia:</strong></span> <span class='ocrx_word' id='word_1_319' title='bbox 2383 2978 2569 3025; x_wconf 91' lang='lat' dir='ltr'><strong>contra</strong></span> <span class='ocrx_word' id='word_1_320' title='bbox 2591 2972 2807 3042; x_wconf 90' lang='lat' dir='ltr'><strong>impiam</strong></span> <span class='ocrx_word' id='word_1_321' title='bbox 2831 2972 3176 3030; x_wconf 71' lang='lat' dir='ltr'><strong>Priscillianze</strong></span> <span class='ocrx_word' id='word_1_322' title='bbox 3204 2977 3318 3031; x_wconf 69' lang='lat' dir='ltr'><strong>ha:-</strong></span> 
     </span>
    </p>
   </div>
   <div class='ocr_carea' id='block_1_30' title="bbox 90 3060 3314 3136">
    <p class='ocr_par' dir='ltr' id='par_1_30' title="bbox 90 3060 3314 3136">
     <span class='ocr_line' id='line_1_30' title="bbox 90 3060 3314 3136; baseline 0.001 -21"><span class='ocrx_word' id='word_1_323' title='bbox 90 3061 306 3120; x_wconf 79' lang='lat' dir='ltr'><strong>Maliosus</strong></span> <span class='ocrx_word' id='word_1_324' title='bbox 332 3080 396 3120; x_wconf 87' lang='lat' dir='ltr'><strong>ex</strong></span> <span class='ocrx_word' id='word_1_325' title='bbox 425 3064 713 3135; x_wconf 76' lang='lat' dir='ltr'><strong>przeceptis</strong></span> <span class='ocrx_word' id='word_1_326' title='bbox 741 3063 948 3136; x_wconf 63' lang='lat' dir='ltr'><strong>praefati</strong></span> <span class='ocrx_word' id='word_1_327' title='bbox 978 3062 1347 3134; x_wconf 85' lang='lat' dir='ltr'><strong>gloriosissimi</strong></span> <span class='ocrx_word' id='word_1_328' title='bbox 1376 3061 1630 3116; x_wconf 83' lang='lat' dir='ltr'><strong>Ariamiri</strong></span> <span class='ocrx_word' id='word_1_329' title='bbox 1739 3060 1874 3116; x_wconf 86' lang='lat' dir='ltr'><strong>resis</strong></span> <span class='ocrx_word' id='word_1_330' title='bbox 1923 3067 2122 3115; x_wconf 88' lang='lat' dir='ltr'><strong>sectam</strong></span> <span class='ocrx_word' id='word_1_331' title='bbox 2171 3060 2366 3130; x_wconf 90' lang='lat' dir='ltr'><strong>scripta</strong></span> <span class='ocrx_word' id='word_1_332' title='bbox 2400 3077 2496 3116; x_wconf 89' lang='lat' dir='ltr'><strong>sua</strong></span> <span class='ocrx_word' id='word_1_333' title='bbox 2525 3061 2740 3116; x_wconf 83' lang='lat' dir='ltr'><strong>direxit.</strong></span> <span class='ocrx_word' id='word_1_334' title='bbox 2785 3063 2950 3134; x_wconf 87' lang='lat' dir='ltr'><strong>Cujus</strong></span> <span class='ocrx_word' id='word_1_335' title='bbox 2978 3064 3138 3118; x_wconf 88' lang='lat' dir='ltr'><strong>etiam</strong></span> <span class='ocrx_word' id='word_1_336' title='bbox 3175 3078 3314 3133; x_wconf 64' lang='lat' dir='ltr'><strong>prte-</strong></span> 
     </span>
    </p>
   </div>
   <div class='ocr_carea' id='block_1_31' title="bbox 90 3150 3313 3253">
    <p class='ocr_par' dir='ltr' id='par_1_31' title="bbox 90 3150 3313 3253">
     <span class='ocr_line' id='line_1_31' title="bbox 90 3150 3313 3253; baseline 0.001 -48"><span class='ocrx_word' id='word_1_337' title='bbox 90 3153 204 3224; x_wconf 81' lang='lat' dir='ltr'><strong>regis</strong></span> <span class='ocrx_word' id='word_1_338' title='bbox 245 3155 293 3209; x_wconf 94' lang='lat' dir='ltr'><strong>in</strong></span> <span class='ocrx_word' id='word_1_339' title='bbox 325 3154 745 3224; x_wconf 90' lang='lat' dir='ltr'><strong>metropolitana</strong></span> <span class='ocrx_word' id='word_1_340' title='bbox 796 3154 1035 3225; x_wconf 88' lang='lat' dir='ltr'><strong>ejusdem</strong></span> <span class='ocrx_word' id='word_1_341' title='bbox 1076 3153 1365 3223; x_wconf 74' lang='lat' dir='ltr'><strong>provincize</strong></span> <span class='ocrx_word' id='word_1_342' title='bbox 1403 3151 1630 3207; x_wconf 89' lang='lat' dir='ltr'><strong>ecclesia</strong></span> <span class='ocrx_word' id='word_1_343' title='bbox 1659 3191 1702 3253; x_wconf 66' lang='grc' dir='ltr'>Ο</span> <span class='ocrx_word' id='word_1_344' title='bbox 1736 3161 1889 3221; x_wconf 88' lang='lat' dir='ltr'><strong>cepta</strong></span> <span class='ocrx_word' id='word_1_345' title='bbox 1952 3150 2384 3207; x_wconf 87' lang='lat' dir='ltr'><strong>Tarraconenses</strong></span> <span class='ocrx_word' id='word_1_346' title='bbox 2444 3158 2502 3207; x_wconf 87' lang='lat' dir='ltr'><strong>et</strong></span> <span class='ocrx_word' id='word_1_347' title='bbox 2550 3152 3000 3224; x_wconf 86' lang='lat' dir='ltr'><strong>Carthaginenses</strong></span> <span class='ocrx_word' id='word_1_348' title='bbox 3056 3153 3313 3223; x_wconf 85' lang='lat' dir='ltr'><strong>episcopi,</strong></span> 
     </span>
    </p>
   </div>
   <div class='ocr_carea' id='block_1_32' title="bbox 91 3238 3314 3312">
    <p class='ocr_par' dir='ltr' id='par_1_32' title="bbox 91 3238 3314 3312">
     <span class='ocr_line' id='line_1_32' title="bbox 91 3238 3314 3312; baseline 0 -14"><span class='ocrx_word' id='word_1_349' title='bbox 91 3247 450 3312; x_wconf 86' lang='lat' dir='ltr'><strong>convenissent,</strong></span> <span class='ocrx_word' id='word_1_350' title='bbox 493 3245 898 3300; x_wconf 89' lang='lat' dir='ltr'><strong>considentibus</strong></span> <span class='ocrx_word' id='word_1_351' title='bbox 945 3243 1106 3298; x_wconf 89' lang='lat' dir='ltr'><strong>simul</strong></span> <span class='ocrx_word' id='word_1_352' title='bbox 1151 3243 1441 3312; x_wconf 87' lang='lat' dir='ltr'><strong>episcopis,</strong></span> <span class='ocrx_word' id='word_1_353' title='bbox 1489 3257 1627 3311; x_wconf 85' lang='lat' dir='ltr'><strong>prae-</strong></span> <span class='ocrx_word' id='word_1_354' title='bbox 1662 3238 1702 3253; x_wconf 64' lang='grc' dir='ltr'>ν</span> <span class='ocrx_word' id='word_1_355' title='bbox 1734 3239 1974 3293; x_wconf 90' lang='lat' dir='ltr'><strong>Lusitani</strong></span> <span class='ocrx_word' id='word_1_356' title='bbox 1999 3253 2212 3308; x_wconf 90' lang='lat' dir='ltr'><strong>quoque</strong></span> <span class='ocrx_word' id='word_1_357' title='bbox 2242 3248 2294 3293; x_wconf 89' lang='lat' dir='ltr'><strong>et</strong></span> <span class='ocrx_word' id='word_1_358' title='bbox 2318 3238 2505 3304; x_wconf 84' lang='lat' dir='ltr'><strong>Betici,</strong></span> <span class='ocrx_word' id='word_1_359' title='bbox 2531 3239 2672 3294; x_wconf 91' lang='lat' dir='ltr'><strong>facto</strong></span> <span class='ocrx_word' id='word_1_360' title='bbox 2703 3241 2843 3294; x_wconf 91' lang='lat' dir='ltr'><strong>inter</strong></span> <span class='ocrx_word' id='word_1_361' title='bbox 2866 3255 2924 3295; x_wconf 87' lang='lat' dir='ltr'><strong>se</strong></span> <span class='ocrx_word' id='word_1_362' title='bbox 2949 3241 3197 3308; x_wconf 90' lang='lat' dir='ltr'><strong>concilio,</strong></span> <span class='ocrx_word' id='word_1_363' title='bbox 3228 3256 3314 3298; x_wconf 86' lang='lat' dir='ltr'><strong>re-</strong></span> 
     </span>
    </p>
   </div>
   <div class='ocr_carea' id='block_1_33' title="bbox 90 3331 3309 3406">
    <p class='ocr_par' dir='ltr' id='par_1_33' title="bbox 90 3331 3309 3406">
     <span class='ocr_line' id='line_1_33' title="bbox 90 3331 3309 3406; baseline 0.002 -21"><span class='ocrx_word' id='word_1_364' title='bbox 90 3335 398 3404; x_wconf 88' lang='lat' dir='ltr'><strong>sentibusque</strong></span> <span class='ocrx_word' id='word_1_365' title='bbox 464 3335 815 3406; x_wconf 87' lang='lat' dir='ltr'><strong>presbyteris,</strong></span> <span class='ocrx_word' id='word_1_366' title='bbox 873 3333 1282 3401; x_wconf 89' lang='lat' dir='ltr'><strong>astantibusque</strong></span> <span class='ocrx_word' id='word_1_367' title='bbox 1346 3332 1628 3396; x_wconf 86' lang='lat' dir='ltr'><strong>ministris,</strong></span> <span class='ocrx_word' id='word_1_368' title='bbox 1733 3332 1912 3402; x_wconf 88' lang='lat' dir='ltr'><strong>gulam</strong></span> <span class='ocrx_word' id='word_1_369' title='bbox 1956 3331 2076 3386; x_wconf 91' lang='lat' dir='ltr'><strong>fidei</strong></span> <span class='ocrx_word' id='word_1_370' title='bbox 2105 3340 2291 3386; x_wconf 90' lang='lat' dir='ltr'><strong>contra</strong></span> <span class='ocrx_word' id='word_1_371' title='bbox 2338 3331 2728 3387; x_wconf 90' lang='lat' dir='ltr'><strong>Priscillianam</strong></span> <span class='ocrx_word' id='word_1_372' title='bbox 2768 3332 3013 3388; x_wconf 73' lang='lat' dir='ltr'><strong>hazrcsim</strong></span> <span class='ocrx_word' id='word_1_373' title='bbox 3045 3349 3166 3389; x_wconf 92' lang='lat' dir='ltr'><strong>cum</strong></span> <span class='ocrx_word' id='word_1_374' title='bbox 3207 3335 3309 3391; x_wconf 88' lang='lat' dir='ltr'><strong>ali-</strong></span> 
     </span>
    </p>
   </div>
   <div class='ocr_carea' id='block_1_34' title="bbox 89 3419 3310 3490">
    <p class='ocr_par' dir='ltr' id='par_1_34' title="bbox 89 3419 3310 3490">
     <span class='ocr_line' id='line_1_34' title="bbox 89 3419 3310 3490; baseline 0.002 -17"><span class='ocrx_word' id='word_1_375' title='bbox 89 3421 154 3475; x_wconf 83' lang='lat' dir='ltr'><strong>vel</strong></span> <span class='ocrx_word' id='word_1_376' title='bbox 186 3425 423 3480; x_wconf 88' lang='lat' dir='ltr'><strong>universo</strong></span> <span class='ocrx_word' id='word_1_377' title='bbox 454 3424 624 3489; x_wconf 88' lang='lat' dir='ltr'><strong>clero,</strong></span> <span class='ocrx_word' id='word_1_378' title='bbox 655 3421 938 3478; x_wconf 89' lang='lat' dir='ltr'><strong>Lucretius</strong></span> <span class='ocrx_word' id='word_1_379' title='bbox 976 3430 1284 3477; x_wconf 72' lang='lat' dir='ltr'><strong>memorata:</strong></span> <span class='ocrx_word' id='word_1_380' title='bbox 1325 3419 1634 3489; x_wconf 90' lang='lat' dir='ltr'><strong>metropoli-</strong></span> <span class='ocrx_word' id='word_1_381' title='bbox 1733 3420 1928 3490; x_wconf 89' lang='lat' dir='ltr'><strong>quibus</strong></span> <span class='ocrx_word' id='word_1_382' title='bbox 1970 3419 2216 3488; x_wconf 90' lang='lat' dir='ltr'><strong>capitulis</strong></span> <span class='ocrx_word' id='word_1_383' title='bbox 2257 3420 2684 3485; x_wconf 87' lang='lat' dir='ltr'><strong>conscribentes,</strong></span> <span class='ocrx_word' id='word_1_384' title='bbox 2713 3420 2778 3473; x_wconf 92' lang='lat' dir='ltr'><strong>ad</strong></span> <span class='ocrx_word' id='word_1_385' title='bbox 2822 3420 3131 3476; x_wconf 87' lang='lat' dir='ltr'><strong>Baleonium</strong></span> <span class='ocrx_word' id='word_1_386' title='bbox 3182 3431 3310 3480; x_wconf 90' lang='lat' dir='ltr'><strong>tunc</strong></span> 
     </span>
    </p>
   </div>
   <div class='ocr_carea' id='block_1_35' title="bbox 93 3507 3311 3582">
    <p class='ocr_par' dir='ltr' id='par_1_35' title="bbox 93 3507 3311 3582">
     <span class='ocr_line' id='line_1_35' title="bbox 93 3507 3311 3582; baseline 0.001 -19"><span class='ocrx_word' id='word_1_387' title='bbox 93 3520 200 3566; x_wconf 74' lang='lat' dir='ltr'><strong>tanre</strong></span> <span class='ocrx_word' id='word_1_388' title='bbox 221 3513 459 3569; x_wconf 79' lang='lat' dir='ltr'><strong>ecclesiae</strong></span> <span class='ocrx_word' id='word_1_389' title='bbox 488 3513 774 3582; x_wconf 88' lang='lat' dir='ltr'><strong>episcopus</strong></span> <span class='ocrx_word' id='word_1_390' title='bbox 799 3511 964 3566; x_wconf 88' lang='lat' dir='ltr'><strong>dixit:</strong></span> <span class='ocrx_word' id='word_1_391' title='bbox 1014 3510 1111 3565; x_wconf 89' lang='lat' dir='ltr'><strong>Diu</strong></span> <span class='ocrx_word' id='word_1_392' title='bbox 1156 3518 1260 3576; x_wconf 91' lang='lat' dir='ltr'><strong>est,</strong></span> <span class='ocrx_word' id='word_1_393' title='bbox 1303 3507 1630 3563; x_wconf 88' lang='lat' dir='ltr'><strong>sanctissimi</strong></span> <span class='ocrx_word' id='word_1_394' title='bbox 1733 3509 1891 3579; x_wconf 90' lang='lat' dir='ltr'><strong>hujus</strong></span> <span class='ocrx_word' id='word_1_395' title='bbox 1945 3508 2326 3564; x_wconf 86' lang='lat' dir='ltr'><strong>Braccarensis</strong></span> <span class='ocrx_word' id='word_1_396' title='bbox 2367 3509 2608 3565; x_wconf 78' lang='lat' dir='ltr'><strong>ecclesiae</strong></span> <span class='ocrx_word' id='word_1_397' title='bbox 2637 3510 2917 3579; x_wconf 73' lang='lat' dir='ltr'><strong>prmsulem</strong></span> <span class='ocrx_word' id='word_1_398' title='bbox 2958 3511 3311 3580; x_wconf 82' lang='lat' dir='ltr'><strong>direxerant;</strong></span> 
     </span>
    </p>
   </div>
   <div class='ocr_carea' id='block_1_36' title="bbox 91 3597 3311 3674">
    <p class='ocr_par' dir='ltr' id='par_1_36' title="bbox 91 3597 3311 3674">
     <span class='ocr_line' id='line_1_36' title="bbox 91 3597 3311 3674; baseline 0.001 -23"><span class='ocrx_word' id='word_1_399' title='bbox 91 3597 270 3668; x_wconf 86' lang='lat' dir='ltr'><strong>fratres,</strong></span> <span class='ocrx_word' id='word_1_400' title='bbox 319 3604 466 3674; x_wconf 85' lang='lat' dir='ltr'><strong>quod</strong></span> <span class='ocrx_word' id='word_1_401' title='bbox 517 3602 810 3657; x_wconf 91' lang='lat' dir='ltr'><strong>secundum</strong></span> <span class='ocrx_word' id='word_1_402' title='bbox 843 3600 1082 3654; x_wconf 90' lang='lat' dir='ltr'><strong>instituta</strong></span> <span class='ocrx_word' id='word_1_403' title='bbox 1128 3597 1514 3653; x_wconf 88' lang='lat' dir='ltr'><strong>venerabilium</strong></span> <span class='ocrx_word' id='word_1_404' title='bbox 1543 3607 1636 3651; x_wconf 45' lang='lat' dir='ltr'><strong>ea;</strong></span> <span class='ocrx_word' id='word_1_405' title='bbox 1734 3599 1876 3656; x_wconf 90' lang='lat' dir='ltr'><strong>unde</strong></span> <span class='ocrx_word' id='word_1_406' title='bbox 1902 3609 1955 3655; x_wconf 90' lang='lat' dir='ltr'><strong>et</strong></span> <span class='ocrx_word' id='word_1_407' title='bbox 1998 3599 2122 3668; x_wconf 90' lang='lat' dir='ltr'><strong>quia</strong></span> <span class='ocrx_word' id='word_1_408' title='bbox 2153 3599 2325 3669; x_wconf 91' lang='lat' dir='ltr'><strong>ipsum</strong></span> <span class='ocrx_word' id='word_1_409' title='bbox 2371 3599 2701 3669; x_wconf 66' lang='lat' dir='ltr'><strong>praescripta:</strong></span> <span class='ocrx_word' id='word_1_410' title='bbox 2733 3599 2855 3654; x_wconf 86' lang='lat' dir='ltr'><strong>fidei</strong></span> <span class='ocrx_word' id='word_1_411' title='bbox 2884 3600 3161 3670; x_wconf 86' lang='lat' dir='ltr'><strong>exemplar</strong></span> <span class='ocrx_word' id='word_1_412' title='bbox 3185 3616 3311 3656; x_wconf 92' lang='lat' dir='ltr'><strong>cum</strong></span> 
     </span>
    </p>
   </div>
   <div class='ocr_carea' id='block_1_37' title="bbox 91 3686 3316 3760">
    <p class='ocr_par' dir='ltr' id='par_1_37' title="bbox 91 3686 3316 3760">
     <span class='ocr_line' id='line_1_37' title="bbox 91 3686 3316 3760; baseline 0 -17"><span class='ocrx_word' id='word_1_413' title='bbox 91 3705 256 3746; x_wconf 90' lang='lat' dir='ltr'><strong>nonum</strong></span> <span class='ocrx_word' id='word_1_414' title='bbox 280 3703 331 3748; x_wconf 90' lang='lat' dir='ltr'><strong>et</strong></span> <span class='ocrx_word' id='word_1_415' title='bbox 357 3694 578 3748; x_wconf 89' lang='lat' dir='ltr'><strong>decreta</strong></span> <span class='ocrx_word' id='word_1_416' title='bbox 612 3690 892 3746; x_wconf 79' lang='lat' dir='ltr'><strong>catholica:</strong></span> <span class='ocrx_word' id='word_1_417' title='bbox 919 3699 973 3745; x_wconf 92' lang='lat' dir='ltr'><strong>et</strong></span> <span class='ocrx_word' id='word_1_418' title='bbox 1001 3688 1305 3759; x_wconf 80' lang='lat' dir='ltr'><strong>apostolica:</strong></span> <span class='ocrx_word' id='word_1_419' title='bbox 1338 3686 1634 3757; x_wconf 74' lang='lat' dir='ltr'><strong>disciplinae.</strong></span> <span class='ocrx_word' id='word_1_420' title='bbox 1733 3691 1845 3745; x_wconf 84' lang='lat' dir='ltr'><strong>suis</strong></span> <span class='ocrx_word' id='word_1_421' title='bbox 1872 3689 2119 3760; x_wconf 87' lang='lat' dir='ltr'><strong>capitulis</strong></span> <span class='ocrx_word' id='word_1_422' title='bbox 2146 3703 2256 3759; x_wconf 70' lang='lat' dir='ltr'><strong>prae</strong></span> <span class='ocrx_word' id='word_1_423' title='bbox 2289 3688 2534 3743; x_wconf 89' lang='lat' dir='ltr'><strong>manibus</strong></span> <span class='ocrx_word' id='word_1_424' title='bbox 2575 3689 2658 3743; x_wconf 93' lang='lat' dir='ltr'><strong>hic</strong></span> <span class='ocrx_word' id='word_1_425' title='bbox 2680 3688 2958 3754; x_wconf 84' lang='lat' dir='ltr'><strong>habemus,</strong></span> <span class='ocrx_word' id='word_1_426' title='bbox 2988 3703 3086 3759; x_wconf 79' lang='lat' dir='ltr'><strong>pro</strong></span> <span class='ocrx_word' id='word_1_427' title='bbox 3114 3690 3316 3744; x_wconf 91' lang='lat' dir='ltr'><strong>instru-</strong></span> 
     </span>
    </p>
   </div>
   <div class='ocr_carea' id='block_1_38' title="bbox 92 3775 3312 3850">
    <p class='ocr_par' dir='ltr' id='par_1_38' title="bbox 92 3775 3312 3850">
     <span class='ocr_line' id='line_1_38' title="bbox 92 3775 3312 3850; baseline -0 -16"><span class='ocrx_word' id='word_1_428' title='bbox 92 3781 494 3841; x_wconf 84' lang='lat' dir='ltr'><strong>desiderabamus</strong></span> <span class='ocrx_word' id='word_1_429' title='bbox 533 3780 924 3838; x_wconf 88' lang='lat' dir='ltr'><strong>sacerdotalem</strong></span> <span class='ocrx_word' id='word_1_430' title='bbox 966 3780 1108 3834; x_wconf 90' lang='lat' dir='ltr'><strong>inter</strong></span> <span class='ocrx_word' id='word_1_431' title='bbox 1136 3794 1234 3834; x_wconf 92' lang='lat' dir='ltr'><strong>nos</strong></span> <span class='ocrx_word' id='word_1_432' title='bbox 1274 3777 1390 3832; x_wconf 89' lang='lat' dir='ltr'><strong>ﬁeri</strong></span> <span class='ocrx_word' id='word_1_433' title='bbox 1437 3775 1633 3831; x_wconf 87' lang='lat' dir='ltr'><strong>debere</strong></span> <span class='ocrx_word' id='word_1_434' title='bbox 1733 3779 1910 3833; x_wconf 89' lang='lat' dir='ltr'><strong>ctione</strong></span> <span class='ocrx_word' id='word_1_435' title='bbox 1946 3777 2305 3848; x_wconf 88' lang='lat' dir='ltr'><strong>ignorantium</strong></span> <span class='ocrx_word' id='word_1_436' title='bbox 2337 3777 2403 3847; x_wconf 91' lang='lat' dir='ltr'><strong>(si</strong></span> <span class='ocrx_word' id='word_1_437' title='bbox 2441 3788 2634 3832; x_wconf 77' lang='lat' dir='ltr'><strong>vestra:</strong></span> <span class='ocrx_word' id='word_1_438' title='bbox 2657 3777 2832 3848; x_wconf 89' lang='lat' dir='ltr'><strong>placet</strong></span> <span class='ocrx_word' id='word_1_439' title='bbox 2861 3778 3194 3850; x_wconf 85' lang='lat' dir='ltr'><strong>reverentiae)</strong></span> <span class='ocrx_word' id='word_1_440' title='bbox 3229 3793 3312 3834; x_wconf 90' lang='lat' dir='ltr'><strong>re-</strong></span> 
     </span>
    </p>
   </div>
   <div class='ocr_carea' id='block_1_39' title="bbox 91 3867 3309 3944">
    <p class='ocr_par' dir='ltr' id='par_1_39' title="bbox 91 3867 3309 3944">
     <span class='ocr_line' id='line_1_39' title="bbox 91 3867 3309 3944; baseline 0 -21"><span class='ocrx_word' id='word_1_441' title='bbox 91 3884 388 3939; x_wconf 84' lang='lat' dir='ltr'><strong>conventum,</strong></span> <span class='ocrx_word' id='word_1_442' title='bbox 430 3875 560 3944; x_wconf 90' lang='lat' dir='ltr'><strong>quia</strong></span> <span class='ocrx_word' id='word_1_443' title='bbox 593 3889 698 3929; x_wconf 92' lang='lat' dir='ltr'><strong>non</strong></span> <span class='ocrx_word' id='word_1_444' title='bbox 729 3872 900 3928; x_wconf 92' lang='lat' dir='ltr'><strong>solum</strong></span> <span class='ocrx_word' id='word_1_445' title='bbox 946 3869 1328 3926; x_wconf 90' lang='lat' dir='ltr'><strong>ecclesiasticis</strong></span> <span class='ocrx_word' id='word_1_446' title='bbox 1358 3867 1553 3938; x_wconf 87' lang='lat' dir='ltr'><strong>regulis</strong></span> <span class='ocrx_word' id='word_1_447' title='bbox 1579 3874 1633 3920; x_wconf 89' lang='lat' dir='ltr'><strong>et</strong></span> <span class='ocrx_word' id='word_1_448' title='bbox 1733 3869 1947 3924; x_wconf 91' lang='lat' dir='ltr'><strong>citetur.</strong></span> <span class='ocrx_word' id='word_1_449' title='bbox 1985 3867 2185 3924; x_wconf 89' lang='lat' dir='ltr'><strong>Omnes</strong></span> <span class='ocrx_word' id='word_1_450' title='bbox 2211 3867 2447 3940; x_wconf 89' lang='lat' dir='ltr'><strong>episcopi</strong></span> <span class='ocrx_word' id='word_1_451' title='bbox 2476 3869 2766 3924; x_wconf 85' lang='lat' dir='ltr'><strong>dixerunt:</strong></span> <span class='ocrx_word' id='word_1_452' title='bbox 2817 3867 2978 3924; x_wconf 85' lang='lat' dir='ltr'><strong>Valde</strong></span> <span class='ocrx_word' id='word_1_453' title='bbox 3003 3869 3309 3925; x_wconf 88' lang='lat' dir='ltr'><strong>necessaria</strong></span> 
     </span>
    </p>
   </div>
   <div class='ocr_carea' id='block_1_40' title="bbox 93 3959 3310 4035">
    <p class='ocr_par' dir='ltr' id='par_1_40' title="bbox 93 3959 3310 4035">
     <span class='ocr_line' id='line_1_40' title="bbox 93 3959 3310 4035; baseline 0.001 -18"><span class='ocrx_word' id='word_1_454' title='bbox 93 3962 331 4019; x_wconf 87' lang='lat' dir='ltr'><strong>ordinibus</strong></span> <span class='ocrx_word' id='word_1_455' title='bbox 353 3972 736 4034; x_wconf 84' lang='lat' dir='ltr'><strong>opportunam,</strong></span> <span class='ocrx_word' id='word_1_456' title='bbox 782 3962 874 4016; x_wconf 92' lang='lat' dir='ltr'><strong>sed</strong></span> <span class='ocrx_word' id='word_1_457' title='bbox 919 3959 1172 4016; x_wconf 86' lang='lat' dir='ltr'><strong>stabilem</strong></span> <span class='ocrx_word' id='word_1_458' title='bbox 1213 3959 1374 4014; x_wconf 90' lang='lat' dir='ltr'><strong>etiam</strong></span> <span class='ocrx_word' id='word_1_459' title='bbox 1420 3970 1633 4025; x_wconf 87' lang='lat' dir='ltr'><strong>semper</strong></span> <span class='ocrx_word' id='word_1_460' title='bbox 1732 3963 1925 4017; x_wconf 90' lang='lat' dir='ltr'><strong>horum</strong></span> <span class='ocrx_word' id='word_1_461' title='bbox 1952 3961 2307 4032; x_wconf 86' lang='lat' dir='ltr'><strong>capitulorum</strong></span> <span class='ocrx_word' id='word_1_462' title='bbox 2343 3972 2428 4016; x_wconf 91' lang='lat' dir='ltr'><strong>est</strong></span> <span class='ocrx_word' id='word_1_463' title='bbox 2455 3961 2635 4028; x_wconf 86' lang='lat' dir='ltr'><strong>lectio,</strong></span> <span class='ocrx_word' id='word_1_464' title='bbox 2661 3970 2720 4016; x_wconf 87' lang='lat' dir='ltr'><strong>ut</strong></span> <span class='ocrx_word' id='word_1_465' title='bbox 2747 3964 2868 4018; x_wconf 91' lang='lat' dir='ltr'><strong>dum</strong></span> <span class='ocrx_word' id='word_1_466' title='bbox 2892 3963 3310 4035; x_wconf 90' lang='lat' dir='ltr'><strong>simplicioribus</strong></span> 
     </span>
    </p>
   </div>
   <div class='ocr_carea' id='block_1_41' title="bbox 95 4048 3308 4124">
    <p class='ocr_par' dir='ltr' id='par_1_41' title="bbox 95 4048 3308 4124">
     <span class='ocr_line' id='line_1_41' title="bbox 95 4048 3308 4124; baseline 0.002 -23"><span class='ocrx_word' id='word_1_467' title='bbox 95 4050 226 4106; x_wconf 86' lang='lat' dir='ltr'><strong>ellicit</strong></span> <span class='ocrx_word' id='word_1_468' title='bbox 250 4055 530 4108; x_wconf 87' lang='lat' dir='ltr'><strong>charitatis</strong></span> <span class='ocrx_word' id='word_1_469' title='bbox 579 4052 830 4107; x_wconf 77' lang='lat' dir='ltr'><strong>fraternze</strong></span> <span class='ocrx_word' id='word_1_470' title='bbox 857 4051 1225 4113; x_wconf 90' lang='lat' dir='ltr'><strong>concordiam,</strong></span> <span class='ocrx_word' id='word_1_471' title='bbox 1256 4048 1380 4102; x_wconf 92' lang='lat' dir='ltr'><strong>dum</strong></span> <span class='ocrx_word' id='word_1_472' title='bbox 1410 4060 1633 4116; x_wconf 87' lang='lat' dir='ltr'><strong>congre-</strong></span> <span class='ocrx_word' id='word_1_473' title='bbox 1733 4051 2033 4120; x_wconf 88' lang='lat' dir='ltr'><strong>quibusque</strong></span> <span class='ocrx_word' id='word_1_474' title='bbox 2084 4051 2309 4120; x_wconf 88' lang='lat' dir='ltr'><strong>pristina</strong></span> <span class='ocrx_word' id='word_1_475' title='bbox 2357 4061 2665 4108; x_wconf 89' lang='lat' dir='ltr'><strong>sanctorum</strong></span> <span class='ocrx_word' id='word_1_476' title='bbox 2704 4053 2944 4108; x_wconf 90' lang='lat' dir='ltr'><strong>instituta</strong></span> <span class='ocrx_word' id='word_1_477' title='bbox 2979 4055 3308 4124; x_wconf 89' lang='lat' dir='ltr'><strong>panduntur,</strong></span> 
     </span>
    </p>
   </div>
   <div class='ocr_carea' id='block_1_42' title="bbox 93 4139 3308 4213">
    <p class='ocr_par' dir='ltr' id='par_1_42' title="bbox 93 4139 3308 4213">
     <span class='ocr_line' id='line_1_42' title="bbox 93 4139 3308 4213; baseline 0.001 -19"><span class='ocrx_word' id='word_1_478' title='bbox 93 4144 176 4210; x_wconf 81' lang='lat' dir='ltr'><strong>gati</strong></span> <span class='ocrx_word' id='word_1_479' title='bbox 215 4147 358 4200; x_wconf 89' lang='lat' dir='ltr'><strong>simul</strong></span> <span class='ocrx_word' id='word_1_480' title='bbox 386 4148 440 4200; x_wconf 92' lang='lat' dir='ltr'><strong>in</strong></span> <span class='ocrx_word' id='word_1_481' title='bbox 486 4145 703 4202; x_wconf 91' lang='lat' dir='ltr'><strong>nomine</strong></span> <span class='ocrx_word' id='word_1_482' title='bbox 745 4143 951 4198; x_wconf 90' lang='lat' dir='ltr'><strong>Domini</strong></span> <span class='ocrx_word' id='word_1_483' title='bbox 980 4141 1287 4197; x_wconf 85' lang='lat' dir='ltr'><strong>sacerdotes</strong></span> <span class='ocrx_word' id='word_1_484' title='bbox 1313 4155 1376 4194; x_wconf 85' lang='lat' dir='ltr'><strong>ea</strong></span> <span class='ocrx_word' id='word_1_485' title='bbox 1412 4140 1552 4193; x_wconf 90' lang='lat' dir='ltr'><strong>inter</strong></span> <span class='ocrx_word' id='word_1_486' title='bbox 1575 4153 1633 4193; x_wconf 92' lang='lat' dir='ltr'><strong>se</strong></span> <span class='ocrx_word' id='word_1_487' title='bbox 1732 4142 2036 4196; x_wconf 90' lang='lat' dir='ltr'><strong>abominata</strong></span> <span class='ocrx_word' id='word_1_488' title='bbox 2057 4139 2169 4210; x_wconf 87' lang='lat' dir='ltr'><strong>jam</strong></span> <span class='ocrx_word' id='word_1_489' title='bbox 2197 4142 2324 4196; x_wconf 91' lang='lat' dir='ltr'><strong>olim</strong></span> <span class='ocrx_word' id='word_1_490' title='bbox 2353 4156 2383 4196; x_wconf 92' lang='lat' dir='ltr'><strong>a</strong></span> <span class='ocrx_word' id='word_1_491' title='bbox 2413 4143 2540 4197; x_wconf 90' lang='lat' dir='ltr'><strong>sede</strong></span> <span class='ocrx_word' id='word_1_492' title='bbox 2564 4141 2858 4198; x_wconf 89' lang='lat' dir='ltr'><strong>beatissimi</strong></span> <span class='ocrx_word' id='word_1_493' title='bbox 2889 4142 3032 4197; x_wconf 85' lang='lat' dir='ltr'><strong>Petri</strong></span> <span class='ocrx_word' id='word_1_494' title='bbox 3060 4143 3308 4213; x_wconf 89' lang='lat' dir='ltr'><strong>apostoli,</strong></span> 
     </span>
    </p>
   </div>
   <div class='ocr_carea' id='block_1_43' title="bbox 94 4229 3310 4306">
    <p class='ocr_par' dir='ltr' id='par_1_43' title="bbox 94 4229 3310 4306">
     <span class='ocr_line' id='line_1_43' title="bbox 94 4229 3310 4306; baseline 0.002 -21"><span class='ocrx_word' id='word_1_495' title='bbox 94 4233 280 4290; x_wconf 87' lang='lat' dir='ltr'><strong>salutari</strong></span> <span class='ocrx_word' id='word_1_496' title='bbox 324 4237 610 4292; x_wconf 85' lang='lat' dir='ltr'><strong>collatione</strong></span> <span class='ocrx_word' id='word_1_497' title='bbox 659 4235 972 4304; x_wconf 88' lang='lat' dir='ltr'><strong>requirunt,</strong></span> <span class='ocrx_word' id='word_1_498' title='bbox 1028 4248 1146 4302; x_wconf 77' lang='lat' dir='ltr'><strong>qua:</strong></span> <span class='ocrx_word' id='word_1_499' title='bbox 1202 4229 1494 4285; x_wconf 89' lang='lat' dir='ltr'><strong>secundum</strong></span> <span class='ocrx_word' id='word_1_500' title='bbox 1533 4229 1630 4283; x_wconf 90' lang='lat' dir='ltr'><strong>do-</strong></span> <span class='ocrx_word' id='word_1_501' title='bbox 1731 4238 1786 4285; x_wconf 88' lang='lat' dir='ltr'><strong>et</strong></span> <span class='ocrx_word' id='word_1_502' title='bbox 1827 4230 2079 4285; x_wconf 90' lang='lat' dir='ltr'><strong>damnata</strong></span> <span class='ocrx_word' id='word_1_503' title='bbox 2135 4231 2483 4288; x_wconf 76' lang='lat' dir='ltr'><strong>Priscilliana:</strong></span> <span class='ocrx_word' id='word_1_504' title='bbox 2541 4233 2764 4289; x_wconf 84' lang='lat' dir='ltr'><strong>haeresis</strong></span> <span class='ocrx_word' id='word_1_505' title='bbox 2807 4234 3059 4305; x_wconf 87' lang='lat' dir='ltr'><strong>figmenta</strong></span> <span class='ocrx_word' id='word_1_506' title='bbox 3108 4250 3310 4306; x_wconf 85' lang='lat' dir='ltr'><strong>cogno-</strong></span> 
     </span>
    </p>
   </div>
   <div class='ocr_carea' id='block_1_44' title="bbox 93 4318 3308 4397">
    <p class='ocr_par' dir='ltr' id='par_1_44' title="bbox 93 4318 3308 4397">
     <span class='ocr_line' id='line_1_44' title="bbox 93 4318 3308 4397; baseline 0.003 -26"><span class='ocrx_word' id='word_1_507' title='bbox 93 4321 284 4379; x_wconf 87' lang='lat' dir='ltr'><strong>ctrinam</strong></span> <span class='ocrx_word' id='word_1_508' title='bbox 307 4325 652 4396; x_wconf 91' lang='lat' dir='ltr'><strong>apostolicam</strong></span> <span class='ocrx_word' id='word_1_509' title='bbox 667 4325 924 4378; x_wconf 90' lang='lat' dir='ltr'><strong>unitatem</strong></span> <span class='ocrx_word' id='word_1_510' title='bbox 940 4322 1160 4391; x_wconf 90' lang='lat' dir='ltr'><strong>spiritus</strong></span> <span class='ocrx_word' id='word_1_511' title='bbox 1189 4318 1470 4374; x_wconf 86' lang='lat' dir='ltr'><strong>iuvinculo</strong></span> <span class='ocrx_word' id='word_1_512' title='bbox 1484 4318 1633 4388; x_wconf 91' lang='lat' dir='ltr'><strong>pacis</strong></span> <span class='ocrx_word' id='word_1_513' title='bbox 1734 4331 1973 4376; x_wconf 89' lang='lat' dir='ltr'><strong>scantur.</strong></span> <span class='ocrx_word' id='word_1_514' title='bbox 2006 4323 2226 4378; x_wconf 84' lang='lat' dir='ltr'><strong>Lectum</strong></span> <span class='ocrx_word' id='word_1_515' title='bbox 2256 4337 2341 4380; x_wconf 86' lang='lat' dir='ltr'><strong>est</strong></span> <span class='ocrx_word' id='word_1_516' title='bbox 2384 4325 2660 4394; x_wconf 87' lang='lat' dir='ltr'><strong>exemplar</strong></span> <span class='ocrx_word' id='word_1_517' title='bbox 2689 4324 2832 4391; x_wconf 84' lang='lat' dir='ltr'><strong>ﬁdei,</strong></span> <span class='ocrx_word' id='word_1_518' title='bbox 2885 4341 3008 4382; x_wconf 91' lang='lat' dir='ltr'><strong>cum</strong></span> <span class='ocrx_word' id='word_1_519' title='bbox 3056 4325 3308 4397; x_wconf 90' lang='lat' dir='ltr'><strong>capitulis</strong></span> 
     </span>
    </p>
   </div>
   <div class='ocr_carea' id='block_1_45' title="bbox 93 4409 3310 4488">
    <p class='ocr_par' dir='ltr' id='par_1_45' title="bbox 93 4409 3310 4488">
     <span class='ocr_line' id='line_1_45' title="bbox 93 4409 3310 4488; baseline 0.001 -22"><span class='ocrx_word' id='word_1_520' title='bbox 93 4411 345 4474; x_wconf 87' lang='lat' dir='ltr'><strong>obtineant.</strong></span> <span class='ocrx_word' id='word_1_521' title='bbox 373 4419 531 4474; x_wconf 88' lang='lat' dir='ltr'><strong>Nunc</strong></span> <span class='ocrx_word' id='word_1_522' title='bbox 554 4432 705 4488; x_wconf 88' lang='lat' dir='ltr'><strong>ergo,</strong></span> <span class='ocrx_word' id='word_1_523' title='bbox 731 4415 985 4485; x_wconf 91' lang='lat' dir='ltr'><strong>quoniam</strong></span> <span class='ocrx_word' id='word_1_524' title='bbox 1015 4421 1256 4483; x_wconf 90' lang='lat' dir='ltr'><strong>optatum</strong></span> <span class='ocrx_word' id='word_1_525' title='bbox 1289 4410 1444 4465; x_wconf 92' lang='lat' dir='ltr'><strong>nobis</strong></span> <span class='ocrx_word' id='word_1_526' title='bbox 1474 4409 1632 4478; x_wconf 89' lang='lat' dir='ltr'><strong>hujus</strong></span> <span class='ocrx_word' id='word_1_527' title='bbox 1735 4413 1846 4468; x_wconf 93' lang='lat' dir='ltr'><strong>suis</strong></span> <span class='ocrx_word' id='word_1_528' title='bbox 1869 4453 1884 4478; x_wconf 92' lang='lat'><strong>,</strong></span> <span class='ocrx_word' id='word_1_529' title='bbox 1935 4428 2055 4483; x_wconf 72' lang='lat' dir='ltr'><strong>qua:</strong></span> <span class='ocrx_word' id='word_1_530' title='bbox 2086 4429 2152 4468; x_wconf 91' lang='lat' dir='ltr'><strong>ne</strong></span> <span class='ocrx_word' id='word_1_531' title='bbox 2189 4415 2552 4485; x_wconf 87' lang='lat' dir='ltr'><strong>prolixitatem</strong></span> <span class='ocrx_word' id='word_1_532' title='bbox 2594 4413 2835 4470; x_wconf 88' lang='lat' dir='ltr'><strong>facerent</strong></span> <span class='ocrx_word' id='word_1_533' title='bbox 2882 4416 2964 4471; x_wconf 93' lang='lat' dir='ltr'><strong>his</strong></span> <span class='ocrx_word' id='word_1_534' title='bbox 3009 4417 3175 4487; x_wconf 81' lang='lat' dir='ltr'><strong>gestis</strong></span> <span class='ocrx_word' id='word_1_535' title='bbox 3209 4417 3310 4470; x_wconf 89' lang='lat' dir='ltr'><strong>mi-</strong></span> 
     </span>
    </p>
   </div>
   <div class='ocr_carea' id='block_1_46' title="bbox 95 4500 3309 4582">
    <p class='ocr_par' dir='ltr' id='par_1_46' title="bbox 95 4500 3309 4582">
     <span class='ocr_line' id='line_1_46' title="bbox 95 4500 3309 4582; baseline 0 -24"><span class='ocrx_word' id='word_1_536' title='bbox 95 4511 484 4577; x_wconf 79' lang='lat' dir='ltr'><strong>congregationis</strong></span> <span class='ocrx_word' id='word_1_537' title='bbox 523 4509 662 4563; x_wconf 92' lang='lat' dir='ltr'><strong>diem</strong></span> <span class='ocrx_word' id='word_1_538' title='bbox 695 4505 1114 4578; x_wconf 86' lang='lat' dir='ltr'><strong>gloriosissimus</strong></span> <span class='ocrx_word' id='word_1_539' title='bbox 1157 4511 1314 4570; x_wconf 89' lang='lat' dir='ltr'><strong>atque</strong></span> <span class='ocrx_word' id='word_1_540' title='bbox 1351 4500 1628 4570; x_wconf 89' lang='lat' dir='ltr'><strong>piissimus</strong></span> <span class='ocrx_word' id='word_1_541' title='bbox 1659 4525 1707 4582; x_wconf 78' lang='lat' dir='ltr'><strong>D</strong></span> <span class='ocrx_word' id='word_1_542' title='bbox 1736 4501 1878 4556; x_wconf 90' lang='lat' dir='ltr'><strong>nime</strong></span> <span class='ocrx_word' id='word_1_543' title='bbox 1905 4512 2028 4557; x_wconf 92' lang='lat' dir='ltr'><strong>sunt</strong></span> <span class='ocrx_word' id='word_1_544' title='bbox 2070 4503 2289 4558; x_wconf 90' lang='lat' dir='ltr'><strong>inserta.</strong></span> <span class='ocrx_word' id='word_1_545' title='bbox 2321 4503 2449 4560; x_wconf 88' lang='lat' dir='ltr'><strong>Post</strong></span> <span class='ocrx_word' id='word_1_546' title='bbox 2474 4503 2757 4560; x_wconf 92' lang='lat' dir='ltr'><strong>lectionem</strong></span> <span class='ocrx_word' id='word_1_547' title='bbox 2793 4506 3146 4576; x_wconf 88' lang='lat' dir='ltr'><strong>capitulorum</strong></span> <span class='ocrx_word' id='word_1_548' title='bbox 3182 4506 3309 4560; x_wconf 88' lang='lat' dir='ltr'><strong>licet</strong></span> 
     </span>
    </p>
   </div>
   <div class='ocr_carea' id='block_1_47' title="bbox 95 4591 3311 4667">
    <p class='ocr_par' dir='ltr' id='par_1_47' title="bbox 95 4591 3311 4667">
     <span class='ocr_line' id='line_1_47' title="bbox 95 4591 3311 4667; baseline 0.002 -24"><span class='ocrx_word' id='word_1_549' title='bbox 95 4592 206 4650; x_wconf 86' lang='lat' dir='ltr'><strong>ﬁlius</strong></span> <span class='ocrx_word' id='word_1_550' title='bbox 229 4608 398 4654; x_wconf 88' lang='lat' dir='ltr'><strong>noster</strong></span> <span class='ocrx_word' id='word_1_551' title='bbox 427 4600 702 4667; x_wconf 90' lang='lat' dir='ltr'><strong>aspirante</strong></span> <span class='ocrx_word' id='word_1_552' title='bbox 730 4596 830 4651; x_wconf 90' lang='lat' dir='ltr'><strong>sibi</strong></span> <span class='ocrx_word' id='word_1_553' title='bbox 871 4593 1098 4649; x_wconf 90' lang='lat' dir='ltr'><strong>Domino</strong></span> <span class='ocrx_word' id='word_1_554' title='bbox 1124 4592 1329 4646; x_wconf 90' lang='lat' dir='ltr'><strong>utiliter</strong></span> <span class='ocrx_word' id='word_1_555' title='bbox 1358 4605 1630 4646; x_wconf 76' lang='lat' dir='ltr'><strong>commel-</strong></span> <span class='ocrx_word' id='word_1_556' title='bbox 1733 4591 1893 4646; x_wconf 91' lang='lat' dir='ltr'><strong>lectio</strong></span> <span class='ocrx_word' id='word_1_557' title='bbox 1924 4592 2226 4646; x_wconf 88' lang='lat' dir='ltr'><strong>necessaria</strong></span> <span class='ocrx_word' id='word_1_558' title='bbox 2266 4592 2531 4648; x_wconf 89' lang='lat' dir='ltr'><strong>recensita</strong></span> <span class='ocrx_word' id='word_1_559' title='bbox 2565 4601 2667 4656; x_wconf 89' lang='lat' dir='ltr'><strong>est,</strong></span> <span class='ocrx_word' id='word_1_560' title='bbox 2710 4601 2887 4649; x_wconf 90' lang='lat' dir='ltr'><strong>tamen</strong></span> <span class='ocrx_word' id='word_1_561' title='bbox 2914 4594 3212 4649; x_wconf 86' lang='lat' dir='ltr'><strong>evidentius</strong></span> <span class='ocrx_word' id='word_1_562' title='bbox 3255 4604 3311 4649; x_wconf 87' lang='lat' dir='ltr'><strong>et</strong></span> 
     </span>
    </p>
   </div>
   <div class='ocr_carea' id='block_1_48' title="bbox 95 4677 3307 4757">
    <p class='ocr_par' dir='ltr' id='par_1_48' title="bbox 95 4677 3307 4757">
     <span class='ocr_line' id='line_1_48' title="bbox 95 4677 3307 4757; baseline 0.002 -24"><span class='ocrx_word' id='word_1_563' title='bbox 95 4681 229 4750; x_wconf 79' lang='lat' dir='ltr'><strong>davit,</strong></span> <span class='ocrx_word' id='word_1_564' title='bbox 253 4689 394 4756; x_wconf 88' lang='lat' dir='ltr'><strong>prius</strong></span> <span class='ocrx_word' id='word_1_565' title='bbox 415 4689 482 4742; x_wconf 90' lang='lat' dir='ltr'><strong>de</strong></span> <span class='ocrx_word' id='word_1_566' title='bbox 514 4695 658 4742; x_wconf 90' lang='lat' dir='ltr'><strong>statu</strong></span> <span class='ocrx_word' id='word_1_567' title='bbox 693 4686 812 4740; x_wconf 89' lang='lat' dir='ltr'><strong>fidei</strong></span> <span class='ocrx_word' id='word_1_568' title='bbox 841 4685 1002 4757; x_wconf 87' lang='lat' dir='ltr'><strong>(sicut</strong></span> <span class='ocrx_word' id='word_1_569' title='bbox 1030 4683 1274 4752; x_wconf 87' lang='lat' dir='ltr'><strong>superius</strong></span> <span class='ocrx_word' id='word_1_570' title='bbox 1298 4681 1499 4735; x_wconf 90' lang='lat' dir='ltr'><strong>dictum</strong></span> <span class='ocrx_word' id='word_1_571' title='bbox 1524 4677 1628 4750; x_wconf 89' lang='lat' dir='ltr'><strong>est)</strong></span> <span class='ocrx_word' id='word_1_572' title='bbox 1731 4682 2030 4752; x_wconf 89' lang='lat' dir='ltr'><strong>simplicius</strong></span> <span class='ocrx_word' id='word_1_573' title='bbox 2059 4697 2122 4736; x_wconf 91' lang='lat' dir='ltr'><strong>ea</strong></span> <span class='ocrx_word' id='word_1_574' title='bbox 2149 4698 2266 4752; x_wconf 85' lang='lat' dir='ltr'><strong>quae</strong></span> <span class='ocrx_word' id='word_1_575' title='bbox 2293 4691 2417 4738; x_wconf 92' lang='lat' dir='ltr'><strong>sunt</strong></span> <span class='ocrx_word' id='word_1_576' title='bbox 2443 4684 2790 4740; x_wconf 86' lang='lat' dir='ltr'><strong>exsecrabilia</strong></span> <span class='ocrx_word' id='word_1_577' title='bbox 2821 4686 2895 4740; x_wconf 92' lang='lat' dir='ltr'><strong>ita</strong></span> <span class='ocrx_word' id='word_1_578' title='bbox 2930 4685 3116 4755; x_wconf 88' lang='lat' dir='ltr'><strong>positis</strong></span> <span class='ocrx_word' id='word_1_579' title='bbox 3143 4685 3307 4742; x_wconf 88' lang='lat' dir='ltr'><strong>etiam</strong></span> 
     </span>
    </p>
   </div>
   <div class='ocr_carea' id='block_1_49' title="bbox 95 4770 3314 4852">
    <p class='ocr_par' dir='ltr' id='par_1_49' title="bbox 95 4770 3314 4852">
     <span class='ocr_line' id='line_1_49' title="bbox 95 4770 3314 4852; baseline 0.003 -30"><span class='ocrx_word' id='word_1_580' title='bbox 95 4773 412 4832; x_wconf 86' lang='lat' dir='ltr'><strong>conferamus.</strong></span> <span class='ocrx_word' id='word_1_581' title='bbox 442 4775 596 4836; x_wconf 87' lang='lat' dir='ltr'><strong>Nam,</strong></span> <span class='ocrx_word' id='word_1_582' title='bbox 629 4775 754 4829; x_wconf 90' lang='lat' dir='ltr'><strong>licet</strong></span> <span class='ocrx_word' id='word_1_583' title='bbox 777 4772 888 4842; x_wconf 86' lang='lat' dir='ltr'><strong>jam</strong></span> <span class='ocrx_word' id='word_1_584' title='bbox 919 4773 1044 4828; x_wconf 91' lang='lat' dir='ltr'><strong>olim</strong></span> <span class='ocrx_word' id='word_1_585' title='bbox 1074 4772 1422 4828; x_wconf 70' lang='lat' dir='ltr'><strong>Priscilliana:</strong></span> <span class='ocrx_word' id='word_1_586' title='bbox 1451 4770 1630 4824; x_wconf 78' lang='lat' dir='ltr'><strong>bzere-</strong></span> <span class='ocrx_word' id='word_1_587' title='bbox 1731 4772 1978 4852; x_wconf 83' lang='lat' dir='ltr'><strong>capitulis</strong></span> <span class='ocrx_word' id='word_1_588' title='bbox 2005 4773 2161 4828; x_wconf 92' lang='lat' dir='ltr'><strong>modo</strong></span> <span class='ocrx_word' id='word_1_589' title='bbox 2199 4773 2540 4830; x_wconf 89' lang='lat' dir='ltr'><strong>declarentur</strong></span> <span class='ocrx_word' id='word_1_590' title='bbox 2565 4796 2577 4830; x_wconf 91' lang='lat'><strong>:</strong></span> <span class='ocrx_word' id='word_1_591' title='bbox 2608 4775 2777 4846; x_wconf 89' lang='lat' dir='ltr'><strong>utqui</strong></span> <span class='ocrx_word' id='word_1_592' title='bbox 2807 4776 2985 4831; x_wconf 87' lang='lat' dir='ltr'><strong>minus</strong></span> <span class='ocrx_word' id='word_1_593' title='bbox 3013 4785 3095 4831; x_wconf 88' lang='lat' dir='ltr'><strong>est</strong></span> <span class='ocrx_word' id='word_1_594' title='bbox 3129 4778 3314 4834; x_wconf 90' lang='lat' dir='ltr'><strong>erudi-</strong></span> 
     </span>
    </p>
   </div>
   <div class='ocr_carea' id='block_1_50' title="bbox 97 4855 3307 4938">
    <p class='ocr_par' dir='ltr' id='par_1_50' title="bbox 97 4855 3307 4938">
     <span class='ocr_line' id='line_1_50' title="bbox 97 4855 3307 4938; baseline 0.003 -25"><span class='ocrx_word' id='word_1_595' title='bbox 97 4859 153 4912; x_wconf 86' lang='lat' dir='ltr'><strong>sis</strong></span> <span class='ocrx_word' id='word_1_596' title='bbox 172 4867 399 4937; x_wconf 87' lang='lat' dir='ltr'><strong>contagio</strong></span> <span class='ocrx_word' id='word_1_597' title='bbox 442 4867 498 4920; x_wconf 90' lang='lat' dir='ltr'><strong>in</strong></span> <span class='ocrx_word' id='word_1_598' title='bbox 528 4865 904 4936; x_wconf 81' lang='lat' dir='ltr'><strong>Hispaniarum</strong></span> <span class='ocrx_word' id='word_1_599' title='bbox 932 4865 1220 4934; x_wconf 88' lang='lat' dir='ltr'><strong>provinciis</strong></span> <span class='ocrx_word' id='word_1_600' title='bbox 1242 4865 1452 4918; x_wconf 90' lang='lat' dir='ltr'><strong>detecta</strong></span> <span class='ocrx_word' id='word_1_601' title='bbox 1482 4862 1552 4917; x_wconf 91' lang='lat' dir='ltr'><strong>sit</strong></span> <span class='ocrx_word' id='word_1_602' title='bbox 1575 4867 1630 4916; x_wconf 87' lang='lat' dir='ltr'><strong>et</strong></span> <span class='ocrx_word' id='word_1_603' title='bbox 1732 4871 1817 4916; x_wconf 91' lang='lat' dir='ltr'><strong>tus</strong></span> <span class='ocrx_word' id='word_1_604' title='bbox 1845 4861 2128 4932; x_wconf 83' lang='lat' dir='ltr'><strong>intelligat,</strong></span> <span class='ocrx_word' id='word_1_605' title='bbox 2161 4870 2218 4917; x_wconf 91' lang='lat' dir='ltr'><strong>et</strong></span> <span class='ocrx_word' id='word_1_606' title='bbox 2261 4855 2339 4919; x_wconf 89' lang='lat' dir='ltr'><strong>sic</strong></span> <span class='ocrx_word' id='word_1_607' title='bbox 2369 4866 2726 4920; x_wconf 89' lang='lat' dir='ltr'><strong>anathematis</strong></span> <span class='ocrx_word' id='word_1_608' title='bbox 2770 4867 3040 4938; x_wconf 88' lang='lat' dir='ltr'><strong>sententia</strong></span> <span class='ocrx_word' id='word_1_609' title='bbox 3086 4867 3307 4936; x_wconf 81' lang='lat' dir='ltr'><strong>explosa</strong></span> 
     </span>
    </p>
   </div>
   <div class='ocr_carea' id='block_1_51' title="bbox 98 4946 3308 5028">
    <p class='ocr_par' dir='ltr' id='par_1_51' title="bbox 98 4946 3308 5028">
     <span class='ocr_line' id='line_1_51' title="bbox 98 4946 3308 5028; baseline 0.005 -31"><span class='ocrx_word' id='word_1_610' title='bbox 98 4946 330 5018; x_wconf 87' lang='lat' dir='ltr'><strong>damnata,</strong></span> <span class='ocrx_word' id='word_1_611' title='bbox 363 4969 430 5011; x_wconf 90' lang='lat' dir='ltr'><strong>ne</strong></span> <span class='ocrx_word' id='word_1_612' title='bbox 473 4954 595 5026; x_wconf 84' lang='lat' dir='ltr'><strong>quis</strong></span> <span class='ocrx_word' id='word_1_613' title='bbox 640 4963 818 5008; x_wconf 90' lang='lat' dir='ltr'><strong>tamen</strong></span> <span class='ocrx_word' id='word_1_614' title='bbox 846 4968 944 5024; x_wconf 90' lang='lat' dir='ltr'><strong>per</strong></span> <span class='ocrx_word' id='word_1_615' title='bbox 970 4953 1350 5022; x_wconf 86' lang='lat' dir='ltr'><strong>ignorantiam,</strong></span> <span class='ocrx_word' id='word_1_616' title='bbox 1395 4958 1486 5005; x_wconf 89' lang='lat' dir='ltr'><strong>aut</strong></span> <span class='ocrx_word' id='word_1_617' title='bbox 1532 4948 1629 5004; x_wconf 91' lang='lat' dir='ltr'><strong>ali-</strong></span> <span class='ocrx_word' id='word_1_618' title='bbox 1721 4951 1834 5021; x_wconf 91' lang='lat' dir='ltr'><strong>jam</strong></span> <span class='ocrx_word' id='word_1_619' title='bbox 1896 4952 2219 5009; x_wconf 89' lang='lat' dir='ltr'><strong>Priscilliani</strong></span> <span class='ocrx_word' id='word_1_620' title='bbox 2274 4957 2474 5012; x_wconf 90' lang='lat' dir='ltr'><strong>erroris</strong></span> <span class='ocrx_word' id='word_1_621' title='bbox 2528 4956 2783 5028; x_wconf 83' lang='lat' dir='ltr'><strong>ﬁgmenta</strong></span> <span class='ocrx_word' id='word_1_622' title='bbox 2834 4957 3189 5024; x_wconf 88' lang='lat' dir='ltr'><strong>damnentur;</strong></span> <span class='ocrx_word' id='word_1_623' title='bbox 3247 4969 3308 5014; x_wconf 90' lang='lat' dir='ltr'><strong>ut</strong></span> 
     </span>
    </p>
   </div>
   <div class='ocr_carea' id='block_1_52' title="bbox 96 5039 3303 5124">
    <p class='ocr_par' dir='ltr' id='par_1_52' title="bbox 96 5039 3303 5124">
     <span class='ocr_line' id='line_1_52' title="bbox 96 5039 3303 5124; baseline 0.006 -34"><span class='ocrx_word' id='word_1_624' title='bbox 96 5039 256 5106; x_wconf 88' lang='lat' dir='ltr'><strong>quibus</strong></span> <span class='ocrx_word' id='word_1_625' title='bbox 307 5047 384 5117; x_wconf 90' lang='lat' dir='ltr'><strong>(ut</strong></span> <span class='ocrx_word' id='word_1_626' title='bbox 433 5046 654 5117; x_wconf 90' lang='lat' dir='ltr'><strong>assolet)</strong></span> <span class='ocrx_word' id='word_1_627' title='bbox 703 5045 983 5116; x_wconf 88' lang='lat' dir='ltr'><strong>scripturis</strong></span> <span class='ocrx_word' id='word_1_628' title='bbox 1028 5045 1279 5114; x_wconf 85' lang='lat' dir='ltr'><strong>deceptus</strong></span> <span class='ocrx_word' id='word_1_629' title='bbox 1306 5043 1630 5113; x_wconf 87' lang='lat' dir='ltr'><strong>apocryphis</strong></span> <span class='ocrx_word' id='word_1_630' title='bbox 1728 5045 1972 5116; x_wconf 90' lang='lat' dir='ltr'><strong>quisquis</strong></span> <span class='ocrx_word' id='word_1_631' title='bbox 1998 5045 2249 5114; x_wconf 85' lang='lat' dir='ltr'><strong>clericus,</strong></span> <span class='ocrx_word' id='word_1_632' title='bbox 2272 5049 2356 5103; x_wconf 84' lang='lat' dir='ltr'><strong>vel</strong></span> <span class='ocrx_word' id='word_1_633' title='bbox 2377 5051 2692 5113; x_wconf 89' lang='lat' dir='ltr'><strong>monachus,</strong></span> <span class='ocrx_word' id='word_1_634' title='bbox 2723 5051 2836 5124; x_wconf 89' lang='lat' dir='ltr'><strong>sive</strong></span> <span class='ocrx_word' id='word_1_635' title='bbox 2859 5049 3046 5114; x_wconf 90' lang='lat' dir='ltr'><strong>laicus,</strong></span> <span class='ocrx_word' id='word_1_636' title='bbox 3075 5051 3181 5108; x_wconf 91' lang='lat' dir='ltr'><strong>tale</strong></span> <span class='ocrx_word' id='word_1_637' title='bbox 3206 5051 3303 5109; x_wconf 83' lang='lat' dir='ltr'><strong>ali-</strong></span> 
     </span>
    </p>
   </div>
   <div class='ocr_carea' id='block_1_53' title="bbox 96 5127 3302 5211">
    <p class='ocr_par' dir='ltr' id='par_1_53' title="bbox 96 5127 3302 5211">
     <span class='ocr_line' id='line_1_53' title="bbox 96 5127 3302 5211; baseline 0.006 -33"><span class='ocrx_word' id='word_1_638' title='bbox 96 5127 239 5199; x_wconf 84' lang='lat' dir='ltr'><strong>aliqua</strong></span> <span class='ocrx_word' id='word_1_639' title='bbox 272 5138 437 5193; x_wconf 88' lang='lat' dir='ltr'><strong>adhuc</strong></span> <span class='ocrx_word' id='word_1_640' title='bbox 464 5138 631 5206; x_wconf 90' lang='lat' dir='ltr'><strong>ipsius</strong></span> <span class='ocrx_word' id='word_1_641' title='bbox 676 5137 876 5193; x_wconf 83' lang='lat' dir='ltr'><strong>erroris</strong></span> <span class='ocrx_word' id='word_1_642' title='bbox 915 5136 1218 5206; x_wconf 88' lang='lat' dir='ltr'><strong>pestilentia</strong></span> <span class='ocrx_word' id='word_1_643' title='bbox 1257 5137 1328 5191; x_wconf 92' lang='lat' dir='ltr'><strong>sit</strong></span> <span class='ocrx_word' id='word_1_644' title='bbox 1364 5135 1620 5195; x_wconf 88' lang='lat' dir='ltr'><strong>infectus,</strong></span> <span class='ocrx_word' id='word_1_645' title='bbox 1728 5135 1856 5205; x_wconf 92' lang='lat' dir='ltr'><strong>quid</strong></span> <span class='ocrx_word' id='word_1_646' title='bbox 1885 5136 2088 5192; x_wconf 89' lang='lat' dir='ltr'><strong>sentire</strong></span> <span class='ocrx_word' id='word_1_647' title='bbox 2113 5137 2307 5203; x_wconf 91' lang='lat' dir='ltr'><strong>adhuc,</strong></span> <span class='ocrx_word' id='word_1_648' title='bbox 2334 5137 2416 5193; x_wconf 82' lang='lat' dir='ltr'><strong>vel</strong></span> <span class='ocrx_word' id='word_1_649' title='bbox 2432 5138 2716 5195; x_wconf 81' lang='lat' dir='ltr'><strong>defendere</strong></span> <span class='ocrx_word' id='word_1_650' title='bbox 2736 5137 2895 5195; x_wconf 86' lang='lat' dir='ltr'><strong>fuerit</strong></span> <span class='ocrx_word' id='word_1_651' title='bbox 2917 5142 3302 5211; x_wconf 85' lang='lat' dir='ltr'><strong>deprehensus,</strong></span> 
     </span>
    </p>
   </div>
   <div class='ocr_carea' id='block_1_54' title="bbox 96 5222 3275 5301">
    <p class='ocr_par' dir='ltr' id='par_1_54' title="bbox 96 5222 3275 5301">
     <span class='ocr_line' id='line_1_54' title="bbox 96 5222 3275 5301; baseline 0.005 -27"><span class='ocrx_word' id='word_1_652' title='bbox 96 5222 390 5301; x_wconf 82' lang='lat' dir='ltr'><strong>manifestius</strong></span> <span class='ocrx_word' id='word_1_653' title='bbox 435 5229 636 5299; x_wconf 83' lang='lat' dir='ltr'><strong>ignaris</strong></span> <span class='ocrx_word' id='word_1_654' title='bbox 691 5227 996 5281; x_wconf 89' lang='lat' dir='ltr'><strong>hominibus</strong></span> <span class='ocrx_word' id='word_1_655' title='bbox 1045 5227 1345 5282; x_wconf 89' lang='lat' dir='ltr'><strong>declaretur</strong></span> <span class='ocrx_word' id='word_1_656' title='bbox 1395 5227 1485 5297; x_wconf 91' lang='lat' dir='ltr'><strong>qui</strong></span> <span class='ocrx_word' id='word_1_657' title='bbox 1527 5227 1627 5297; x_wconf 91' lang='lat' dir='ltr'><strong>ipsi</strong></span> <span class='ocrx_word' id='word_1_658' title='bbox 1729 5236 1982 5296; x_wconf 90' lang='lat' dir='ltr'><strong>tanquam</strong></span> <span class='ocrx_word' id='word_1_659' title='bbox 2006 5243 2134 5283; x_wconf 76' lang='lat' dir='ltr'><strong>vere</strong></span> <span class='ocrx_word' id='word_1_660' title='bbox 2169 5229 2442 5297; x_wconf 90' lang='lat' dir='ltr'><strong>putridum</strong></span> <span class='ocrx_word' id='word_1_661' title='bbox 2483 5230 2780 5286; x_wconf 90' lang='lat' dir='ltr'><strong>membrum</strong></span> <span class='ocrx_word' id='word_1_662' title='bbox 2808 5232 3064 5288; x_wconf 90' lang='lat' dir='ltr'><strong>continuo</strong></span> <span class='ocrx_word' id='word_1_663' title='bbox 3091 5235 3275 5289; x_wconf 90' lang='lat' dir='ltr'><strong>decor</strong></span> 
     </span>
    </p>
   </div>
   <div class='ocr_carea' id='block_1_55' title="bbox 97 5305 3284 5394">
    <p class='ocr_par' dir='ltr' id='par_1_55' title="bbox 97 5305 3284 5394">
     <span class='ocr_line' id='line_1_55' title="bbox 97 5305 3284 5394; baseline 0.005 -33"><span class='ocrx_word' id='word_1_664' title='bbox 97 5305 140 5361; x_wconf 92' lang='lat' dir='ltr'><strong>in</strong></span> <span class='ocrx_word' id='word_1_665' title='bbox 163 5321 479 5375; x_wconf 84' lang='lat' dir='ltr'><strong>extremitate</strong></span> <span class='ocrx_word' id='word_1_666' title='bbox 521 5329 575 5375; x_wconf 92' lang='lat' dir='ltr'><strong>et</strong></span> <span class='ocrx_word' id='word_1_667' title='bbox 602 5320 653 5372; x_wconf 93' lang='lat' dir='ltr'><strong>in</strong></span> <span class='ocrx_word' id='word_1_668' title='bbox 684 5317 884 5372; x_wconf 91' lang='lat' dir='ltr'><strong>ultimis</strong></span> <span class='ocrx_word' id='word_1_669' title='bbox 919 5316 1076 5386; x_wconf 89' lang='lat' dir='ltr'><strong>hujus</strong></span> <span class='ocrx_word' id='word_1_670' title='bbox 1113 5318 1404 5388; x_wconf 85' lang='lat' dir='ltr'><strong>provinciae</strong></span> <span class='ocrx_word' id='word_1_671' title='bbox 1433 5318 1629 5374; x_wconf 90' lang='lat' dir='ltr'><strong>ﬁnibus</strong></span> <span class='ocrx_word' id='word_1_672' title='bbox 1727 5332 1859 5388; x_wconf 89' lang='lat' dir='ltr'><strong>pore</strong></span> <span class='ocrx_word' id='word_1_673' title='bbox 1891 5318 2242 5374; x_wconf 87' lang='lat' dir='ltr'><strong>abscindatur</strong></span> <span class='ocrx_word' id='word_1_674' title='bbox 2286 5320 2564 5376; x_wconf 63' lang='lat' dir='ltr'><strong>catholicae</strong></span> <span class='ocrx_word' id='word_1_675' title='bbox 2607 5321 2878 5394; x_wconf 43' lang='lat' dir='ltr'><strong>Ecclesia;</strong></span> <span class='ocrx_word' id='word_1_676' title='bbox 2915 5339 2983 5380; x_wconf 87' lang='lat' dir='ltr'><strong>ne</strong></span> <span class='ocrx_word' id='word_1_677' title='bbox 3013 5333 3103 5379; x_wconf 88' lang='lat' dir='ltr'><strong>aut</strong></span> <span class='ocrx_word' id='word_1_678' title='bbox 3129 5324 3284 5380; x_wconf 91' lang='lat' dir='ltr'><strong>socie-</strong></span> 
     </span>
    </p>
   </div>
   <div class='ocr_carea' id='block_1_56' title="bbox 99 5406 3304 5480">
    <p class='ocr_par' dir='ltr' id='par_1_56' title="bbox 99 5406 3304 5480">
     <span class='ocr_line' id='line_1_56' title="bbox 99 5406 3304 5480; baseline 0.005 -27"><span class='ocrx_word' id='word_1_679' title='bbox 99 5406 334 5462; x_wconf 86' lang='lat' dir='ltr'><strong>constituti</strong></span> <span class='ocrx_word' id='word_1_680' title='bbox 362 5419 451 5465; x_wconf 81' lang='lat' dir='ltr'><strong>aut</strong></span> <span class='ocrx_word' id='word_1_681' title='bbox 477 5410 722 5480; x_wconf 84' lang='lat' dir='ltr'><strong>exiguam</strong></span> <span class='ocrx_word' id='word_1_682' title='bbox 759 5416 851 5462; x_wconf 91' lang='lat' dir='ltr'><strong>aut</strong></span> <span class='ocrx_word' id='word_1_683' title='bbox 878 5421 1012 5477; x_wconf 87' lang='lat' dir='ltr'><strong>pene</strong></span> <span class='ocrx_word' id='word_1_684' title='bbox 1035 5407 1230 5462; x_wconf 90' lang='lat' dir='ltr'><strong>nullam</strong></span> <span class='ocrx_word' id='word_1_685' title='bbox 1262 5416 1422 5463; x_wconf 86' lang='lat' dir='ltr'><strong>rectae</strong></span> <span class='ocrx_word' id='word_1_686' title='bbox 1449 5409 1629 5463; x_wconf 89' lang='lat' dir='ltr'><strong>erudi-</strong></span> <span class='ocrx_word' id='word_1_687' title='bbox 1729 5410 1856 5465; x_wconf 89' lang='lat' dir='ltr'><strong>tatis</strong></span> <span class='ocrx_word' id='word_1_688' title='bbox 1883 5409 1996 5464; x_wconf 90' lang='lat' dir='ltr'><strong>sive</strong></span> <span class='ocrx_word' id='word_1_689' title='bbox 2022 5410 2305 5472; x_wconf 84' lang='lat' dir='ltr'><strong>pravitatis</strong></span> <span class='ocrx_word' id='word_1_690' title='bbox 2330 5409 2445 5479; x_wconf 89' lang='lat' dir='ltr'><strong>ejus</strong></span> <span class='ocrx_word' id='word_1_691' title='bbox 2467 5413 2679 5468; x_wconf 88' lang='lat' dir='ltr'><strong>macula</strong></span> <span class='ocrx_word' id='word_1_692' title='bbox 2703 5429 2731 5467; x_wconf 90' lang='lat' dir='ltr'><strong>a</strong></span> <span class='ocrx_word' id='word_1_693' title='bbox 2776 5423 2922 5470; x_wconf 88' lang='lat' dir='ltr'><strong>recte</strong></span> <span class='ocrx_word' id='word_1_694' title='bbox 2960 5415 3304 5470; x_wconf 85' lang='lat' dir='ltr'><strong>credentibus</strong></span> 
     </span>
    </p>
   </div>
   <div class='ocr_carea' id='block_1_57' title="bbox 100 5487 3305 5574">
    <p class='ocr_par' dir='ltr' id='par_1_57' title="bbox 100 5487 3305 5574">
     <span class='ocr_line' id='line_1_57' title="bbox 100 5487 3305 5574; baseline 0.007 -37"><span class='ocrx_word' id='word_1_695' title='bbox 100 5487 233 5547; x_wconf 89' lang='lat' dir='ltr'><strong>tionis</strong></span> <span class='ocrx_word' id='word_1_696' title='bbox 282 5497 514 5552; x_wconf 79' lang='lat' dir='ltr'><strong>nutitiam</strong></span> <span class='ocrx_word' id='word_1_697' title='bbox 565 5497 922 5567; x_wconf 86' lang='lat' dir='ltr'><strong>contigerunt.</strong></span> <span class='ocrx_word' id='word_1_698' title='bbox 981 5495 1155 5552; x_wconf 89' lang='lat' dir='ltr'><strong>Credo</strong></span> <span class='ocrx_word' id='word_1_699' title='bbox 1208 5506 1387 5552; x_wconf 90' lang='lat' dir='ltr'><strong>autem</strong></span> <span class='ocrx_word' id='word_1_700' title='bbox 1435 5506 1628 5552; x_wconf 77' lang='lat' dir='ltr'><strong>vestra:</strong></span> <span class='ocrx_word' id='word_1_701' title='bbox 1729 5501 1796 5555; x_wconf 88' lang='lat' dir='ltr'><strong>de</strong></span> <span class='ocrx_word' id='word_1_702' title='bbox 1814 5489 2168 5569; x_wconf 21' lang='lat' dir='ltr'><strong>permis‘tione</strong></span> <span class='ocrx_word' id='word_1_703' title='bbox 2219 5501 2404 5574; x_wconf 89' lang='lat' dir='ltr'><strong>talium</strong></span> <span class='ocrx_word' id='word_1_704' title='bbox 2453 5501 2653 5573; x_wconf 92' lang='lat' dir='ltr'><strong>aliquid</strong></span> <span class='ocrx_word' id='word_1_705' title='bbox 2681 5505 2998 5560; x_wconf 88' lang='lat' dir='ltr'><strong>orthodoxis</strong></span> <span class='ocrx_word' id='word_1_706' title='bbox 3025 5511 3305 5573; x_wconf 87' lang='lat' dir='ltr'><strong>reputetur</strong></span> 
     </span>
    </p>
   </div>
   <div class='ocr_carea' id='block_1_58' title="bbox 101 5575 3302 5661">
    <p class='ocr_par' dir='ltr' id='par_1_58' title="bbox 101 5575 3302 5661">
     <span class='ocr_line' id='line_1_58' title="bbox 101 5575 3302 5661; baseline 0.005 -30"><span class='ocrx_word' id='word_1_707' title='bbox 101 5575 400 5644; x_wconf 84' lang='lat' dir='ltr'><strong>beatitudinis</strong></span> <span class='ocrx_word' id='word_1_708' title='bbox 447 5589 836 5644; x_wconf 84' lang='lat' dir='ltr'><strong>fraternitatem</strong></span> <span class='ocrx_word' id='word_1_709' title='bbox 888 5602 1075 5656; x_wconf 91' lang='lat' dir='ltr'><strong>nosse,</strong></span> <span class='ocrx_word' id='word_1_710' title='bbox 1133 5590 1256 5658; x_wconf 91' lang='lat' dir='ltr'><strong>quia</strong></span> <span class='ocrx_word' id='word_1_711' title='bbox 1291 5604 1356 5645; x_wconf 89' lang='lat' dir='ltr'><strong>eo</strong></span> <span class='ocrx_word' id='word_1_712' title='bbox 1387 5598 1628 5659; x_wconf 89' lang='lat' dir='ltr'><strong>tempore</strong></span> <span class='ocrx_word' id='word_1_713' title='bbox 1727 5590 2093 5660; x_wconf 88' lang='lat' dir='ltr'><strong>opprobrium.</strong></span> <span class='ocrx_word' id='word_1_714' title='bbox 2127 5590 2407 5661; x_wconf 91' lang='lat' dir='ltr'><strong>Proposita</strong></span> <span class='ocrx_word' id='word_1_715' title='bbox 2430 5602 2617 5648; x_wconf 91' lang='lat' dir='ltr'><strong>contra</strong></span> <span class='ocrx_word' id='word_1_716' title='bbox 2638 5580 3027 5650; x_wconf 86' lang='lat' dir='ltr'><strong>Priscillianam</strong></span> <span class='ocrx_word' id='word_1_717' title='bbox 3055 5591 3302 5647; x_wconf 65' lang='lat' dir='ltr'><strong>hazresim</strong></span> 
     </span>
    </p>
   </div>
   <div class='ocr_carea' id='block_1_59' title="bbox 101 5676 2767 5752">
    <p class='ocr_par' dir='ltr' id='par_1_59' title="bbox 101 5676 2767 5752">
     <span class='ocr_line' id='line_1_59' title="bbox 101 5676 2767 5752; baseline 0.006 -30"><span class='ocrx_word' id='word_1_718' title='bbox 101 5676 280 5736; x_wconf 79' lang='lat' dir='ltr'><strong>quando</strong></span> <span class='ocrx_word' id='word_1_719' title='bbox 307 5678 354 5732; x_wconf 92' lang='lat' dir='ltr'><strong>in</strong></span> <span class='ocrx_word' id='word_1_720' title='bbox 386 5680 689 5752; x_wconf 83' lang='lat' dir='ltr'><strong>regionibus</strong></span> <span class='ocrx_word' id='word_1_721' title='bbox 729 5679 1124 5734; x_wconf 74' lang='lat' dir='ltr'><strong>nefandissimze</strong></span> <span class='ocrx_word' id='word_1_722' title='bbox 1153 5679 1498 5734; x_wconf 75' lang='lat' dir='ltr'><strong>Priscilliana:</strong></span> <span class='ocrx_word' id='word_1_723' title='bbox 1537 5694 1619 5735; x_wconf 85' lang='lat' dir='ltr'><strong>sc-</strong></span> <span class='ocrx_word' id='word_1_724' title='bbox 1730 5680 1980 5749; x_wconf 86' lang='lat' dir='ltr'><strong>capitula,</strong></span> <span class='ocrx_word' id='word_1_725' title='bbox 2014 5688 2067 5736; x_wconf 89' lang='lat' dir='ltr'><strong>et</strong></span> <span class='ocrx_word' id='word_1_726' title='bbox 2093 5681 2291 5737; x_wconf 83' lang='lat' dir='ltr'><strong>reiecta</strong></span> <span class='ocrx_word' id='word_1_727' title='bbox 2315 5682 2587 5739; x_wconf 91' lang='lat' dir='ltr'><strong>continent</strong></span> <span class='ocrx_word' id='word_1_728' title='bbox 2619 5684 2767 5740; x_wconf 84' lang='lat' dir='ltr'><strong>haec:</strong></span> 
     </span>
    </p>
   </div>
   <div class='ocr_carea' id='block_1_60' title="bbox 105 5769 3302 5858">
    <p class='ocr_par' dir='ltr' id='par_1_60' title="bbox 105 5769 3302 5858">
     <span class='ocr_line' id='line_1_60' title="bbox 105 5769 3302 5858; baseline 0.004 -43"><span class='ocrx_word' id='word_1_729' title='bbox 105 5771 182 5817; x_wconf 67' lang='lat' dir='ltr'><strong>cur</strong></span> <span class='ocrx_word' id='word_1_730' title='bbox 228 5783 414 5827; x_wconf 86' lang='lat' dir='ltr'><strong>venena</strong></span> <span class='ocrx_word' id='word_1_731' title='bbox 478 5772 798 5846; x_wconf 80' lang='lat' dir='ltr'><strong>serpebant,</strong></span> <span class='ocrx_word' id='word_1_732' title='bbox 866 5772 1206 5831; x_wconf 89' lang='lat' dir='ltr'><strong>beatissimus</strong></span> <span class='ocrx_word' id='word_1_733' title='bbox 1274 5787 1410 5845; x_wconf 89' lang='lat' dir='ltr'><strong>papa</strong></span> <span class='ocrx_word' id='word_1_734' title='bbox 1479 5773 1628 5830; x_wconf 88' lang='lat' dir='ltr'><strong>urbis</strong></span> <span class='ocrx_word' id='word_1_735' title='bbox 1798 5769 2278 5840; x_wconf 79' lang='lat' dir='ltr'><strong>LSiquisPatrem</strong></span> <span class='ocrx_word' id='word_1_736' title='bbox 2301 5771 2561 5832; x_wconf 82' lang='lat' dir='ltr'><strong>etFilium</strong></span> <span class='ocrx_word' id='word_1_737' title='bbox 2589 5775 2909 5848; x_wconf 85' lang='lat' dir='ltr'><strong>etSpiritum</strong></span> <span class='ocrx_word' id='word_1_738' title='bbox 2927 5781 3302 5858; x_wconf 68' lang='lat' dir='ltr'><strong>sanctumnou</strong></span> 
     </span>
    </p>
   </div>
  </div>
