3888 6430
575 360 678 416 567

1454 358 1747 414 ΑΡΡΕΝΙ).
1781 360 1875 414 AD
1923 359 2098 416 SEC.

2261 393 2331 404 —
2365 364 2616 422 ISIDORI
2646 368 3084 426 MERCATORIS
3699 373 3778 432 568

573 471 858 527 confitetur
890 477 1001 525 tres
1029 483 1286 538 personas
1317 470 1474 526 unius
1504 471 1817 526 substantia:
1841 482 1895 527 et
1929 473 2145 527 virtutis
2173 475 2221 534 Α
2249 476 2321 529 ita
2347 479 2612 535 abstineat
2640 484 2707 537 ab
2744 483 2847 549 eis,
2896 491 2956 537 ut
3003 498 3103 537 nec
3131 481 3278 536 olera
3306 489 3460 536 cocta
3499 497 3618 537 cum
3639 490 3781 542 carni.

577 578 642 618 ac
677 561 958 632 potestatis
1001 561 1139 615 sicut
1180 561 1442 616 catholica
1490 573 1544 616 et
1583 563 1871 632 apostolica
1911 563 2152 620 Ecclesia

581 652 760 716 docet,
787 651 878 706 sed
907 666 1065 704 unam
1099 659 1301 704 tantum
1333 667 1394 705 ac
1421 651 1713 705 solitariam
1737 652 1868 706 dicit
1893 667 2012 707 esse
2029 668 2153 722 per-

573 757 758 796 sonam
787 782 801 805 ,
853 742 926 795 ita
967 749 1028 795 ut
1056 741 1169 811 ipse
1197 741 1267 795 sit
1320 742 1480 796 Pater
1529 742 1620 810 qui
1653 741 1842 807 Filius,
1887 743 2050 798 etiam
2080 743 2153 798 sit

574 831 886 886 Paracletns
915 831 1167 902 Spiritus,
1217 833 1356 887 sicut
1398 832 1663 888 Sabellius
1689 842 1744 890 et
1779 834 2152 891 Priscillianus

573 918 846 985 dixerunt,
873 920 1156 974 anathema
1184 921 1273 975 sit.

643 1011 706 1064 Il.
740 1011 796 1064 Si
841 1011 960 1079 quis
989 1021 1140 1065 extra
1180 1021 1417 1067 sanctam
1462 1012 1779 1068 Trinitatem
1801 1015 1942 1069 mala
1970 1016 2152 1071 nescio

572 1115 692 1168 quae
725 1099 1018 1154 divinitatis
1039 1101 1260 1154 nomina
1287 1101 1599 1167 introducit,
1639 1102 1837 1166 dicens,
1869 1105 2008 1172 quod
2039 1104 2152 1172 ipsa

571 1190 826 1245 divinitas
855 1191 924 1244 sit
971 1191 1205 1257 trinitas,
1236 1192 1374 1248 sicut
1410 1191 1650 1248 Gnostici
1687 1202 1740 1248 et
1785 1193 2151 1251 Priscillianus

571 1279 842 1343 dixerunt,
874 1281 1163 1336 anathema
1199 1282 1288 1337 sit.

642 1369 728 1424 Ill.
763 1371 821 1425 Si
869 1372 992 1440 quis
1023 1373 1154 1427 dicit
1195 1373 1390 1427 Filium
1436 1374 1530 1429 Dei
1573 1374 1857 1431 Dominum
1903 1385 2149 1432 nostrum

572 1469 861 1531 antequam
908 1477 976 1516 ex
1004 1462 1212 1531 virgine
1258 1475 1574 1518 nasceretur
1623 1480 1726 1520 non
1770 1466 1956 1530 fuisse,
2007 1466 2151 1522 sicut

572 1538 773 1605 Paulus
796 1550 1178 1607 Samosatenus
1191 1560 1244 1607 et
1264 1552 1524 1608 Photinus
1545 1554 1979 1610 etPriscillianus
2004 1554 2150 1610 dixe-

573 1646 720 1704 runt,
749 1640 1033 1694 anathema
1062 1641 1152 1697 sit.

639 1728 727 1782 IV.
765 1730 822 1782 Si
859 1732 979 1799 quis
1009 1732 1187 1786 natale
1215 1731 1415 1788 Christi
1462 1734 1757 1788 secundum
1783 1749 2000 1790 carnem
2039 1751 2147 1792 non

2251 569 2351 623 bus
2389 581 2685 641 pergnstet,
2732 574 2869 629 sicut
2911 573 3235 628 Manicbmus
3257 581 3308 627 et
3335 572 3690 632 Priscillianus
3711 580 3780 635 do-

2251 667 2500 726 cuerunt,
2530 663 2814 717 anathema
2844 664 2932 719 sit.

2321 749 2439 805 XV.
2471 751 2530 808 Si
2559 755 2682 823 quis
2702 753 3020 811 clericorum
3040 763 3236 826 praeter
3261 761 3494 809 matrem
3511 765 3781 826 auugermao

2251 854 2375 894 nam
2415 841 2498 895 vel
2548 843 2710 896 etiam
2745 859 2865 913 quae
2905 845 3149 915 proxima
3193 843 3655 914 consanguinitate
3683 845 3780 916 jun-

2251 937 2472 998 guntur,
2495 932 2626 988 alias
2655 934 2863 1003 aliquas
2893 935 3048 1005 quasi
3075 935 3355 1006 adoptivas
3383 934 3610 990 feminas
3635 951 3780 992 secum

2250 1022 2502 1085 retinent,
2539 1032 2594 1078 et
2626 1040 2748 1080 cum
2772 1026 2902 1096 ipsis
2940 1027 3206 1106 habitant,
3230 1029 3372 1083 sicut
3392 1026 3778 1083 Priscillianise-

2251 1117 2337 1165 cta
2364 1111 2566 1178 docuit,
2597 1114 2885 1169 anathema
2915 1117 3007 1183 sit.

2320 1200 2457 1255 XVI.
2491 1201 2549 1257 Si
2581 1204 2701 1272 quis
2733 1205 2921 1274 quinta
2964 1205 3100 1262 feria
3133 1207 3409 1276 paschae,
3441 1221 3563 1276 qua:
3603 1214 3780 1263 vocatur

2249 1307 2404 1348 caena
2432 1295 2660 1361 Domini,
2694 1296 2827 1352 hora
2856 1297 3089 1368 legitima
3121 1308 3242 1369 post
3274 1314 3478 1368 nonam
3499 1298 3700 1368 jejunus
3738 1301 3778 1354 in

2249 1384 2490 1440 ecclesiis
2520 1388 2714 1444 missas
2759 1405 2864 1444 non
2898 1398 3078 1454 tenet,
3130 1392 3223 1447 sed
3276 1391 3572 1448 secundum
3620 1399 3781 1446 sectam

2249 1474 2570 1532 Priscilliani
2628 1477 2974 1536 festivitatem
3025 1481 3194 1552 ipsius
3229 1482 3297 1537 ab
3341 1483 3483 1540 hora
3533 1483 3674 1538 tertia
3711 1498 3782 1551 per

2251 1565 2446 1620 missas
2473 1566 2848 1623 defunctorum
2893 1569 3070 1625 soluto
3109 1570 3313 1641 jejunio
3344 1571 3500 1641 colit,
3547 1571 3781 1627 anathema

2249 1655 2338 1711 sit.

2324 1745 2482 1816 139
2519 1745 2679 1802 XVII.
2723 1746 2779 1802 Si
2811 1749 2931 1818 quis
2953 1749 3278 1820 scripturas,
3305 1765 3446 1820 quas
3466 1750 3781 1807 Priscillianus

571 1835 699 1874 vere
731 1822 984 1888 honorat,
1012 1824 1105 1877 sed
1155 1824 1420 1879 honorare
1451 1823 1668 1878 simulat
1696 1840 1787 1890 se,
1812 1823 2065 1892 jejunans
2093 1825 2139 1880 in

2250 1837 2541 1890 secundum
2588 1853 2742 1892 suum
2774 1839 3085 1908 depravavit
3132 1855 3398 1907 errorem,
3446 1840 3531 1895 vel
3575 1849 3780 1896 tractatus

569 1910 756 1964 eodem
785 1912 872 1966 die
898 1912 981 1966 vel
1010 1913 1062 1966 in
1109 1915 1418 1981 Dominico,
1441 1915 1566 1983 quia
1589 1915 1860 1969 Christum
1890 1917 1940 1969 in
1970 1916 2144 1971 homi‘

569 2002 654 2056 nis
678 2012 867 2057 natura
897 2019 1017 2059 esse
1045 2020 1150 2059 non
1173 2007 1377 2073 credit,
1423 2008 1560 2062 sicut
1586 2007 1794 2062 Cerdon
1822 2048 1838 2073 ,
1887 2008 2144 2075 Marcion,

567 2089 896 2148 Manichaaus
925 2103 978 2149 et
1001 2095 1367 2152 Priscillianus
1397 2097 1669 2164 dixerunt,
1705 2101 1991 2154 anathema
2019 2101 2110 2154 sit.

640 2181 705 2236 γ.
746 2181 802 2236 Si
847 2184 966 2252 quis
1011 2185 1220 2240 animas
1258 2186 1540 2252 humanas,
1571 2187 1656 2242 vel
1685 2188 1904 2259 angelos
1947 2205 2015 2244 ex
2054 2189 2146 2243 Dei

578 2273 752 2327 credit
801 2275 1099 2330 substantia
1148 2278 1457 2344 exstitisse,
1527 2279 1668 2334 sicut
1713 2279 2041 2336 Manichzeus
2094 2290 2149 2336 et

568 2358 941 2419 Priscillianus
977 2365 1248 2431 dixerunt,
1278 2367 1563 2422 anathema
1600 2368 1691 2422 sit.

640 2451 727 2507 VI.
764 2453 818 2508 Si
851 2455 971 2525 quis
992 2456 1198 2512 animas
1225 2457 1488 2513 humanas
1512 2459 1642 2513 dicit
1673 2459 1822 2528 prius
1853 2460 1906 2512 in
1939 2458 2146 2514 cmlesti

568 2541 901 2598 habitatione
926 2560 1196 2614 peccasse,
1228 2555 1282 2602 et
1309 2563 1406 2617 pro
1438 2549 1540 2602 hoc
1573 2549 1625 2602 in
1653 2565 1876 2620 corpora
1912 2551 2145 2604 humana

569 2630 624 2685 in
672 2641 870 2686 terram
921 2635 1174 2704 dejectas,
1228 2637 1366 2691 sicut
1411 2636 1778 2695 Priscillianus
1816 2639 1972 2707 dixit,
2018 2657 2146 2696 ana-

572 2719 751 2776 thema
780 2722 867 2777 sit.

639 2808 750 2862 νυ.
783 2809 837 2864 Si
860 2812 979 2879 quis
1005 2813 1134 2867 dicit
1156 2813 1426 2868 diabolum
1456 2829 1562 2868 non
1593 2815 1758 2869 fuisse
1793 2816 1943 2885 prius
1977 2832 2145 2888 ange-

566 2896 677 2952 lum
717 2897 914 2954 bonum
945 2917 975 2954 a
1005 2903 1114 2958 Deo
1162 2901 1382 2968 factum,
1426 2919 1524 2958 nec
1555 2905 1647 2960 Dei
1669 2905 1938 2974 opificium
1981 2907 2146 2962 fuisse

567 2995 816 3043 naturam
842 2989 974 3057 ejus,
1019 2992 1113 3046 sed
1143 2993 1271 3048 dicit
1307 3009 1428 3048 eum
1459 3010 1522 3049 ex
1559 2995 1796 3051 tenebris
1838 2997 2141 3064 emersisse,

566 3091 675 3134 non
704 3078 934 3148 aliquem
983 3082 1064 3136 sui
1105 3083 1305 3138 habere
1353 3093 1650 3152 auctorem,
1700 3086 1792 3141 sed
1822 3087 1996 3156 ipsum
2026 3103 2144 3142 esse

566 3169 890 3240 principium
945 3173 1145 3243 absque
1191 3175 1490 3231 substantia
1542 3177 1720 3242 mala,
1773 3178 1915 3233 sicut
1966 3177 2139 3232 Mani-
2169 3183 2213 3246 C

569 3261 750 3336 chazus
778 3270 832 3314 et
856 3259 1220 3319 Priscillianus
1245 3265 1517 3330 dixerunt,
1547 3267 1833 3321 anathema
1855 3267 1946 3321 sit.

600 3423 602 3426 ν
641 3350 872 3406 Vlll.'Si
903 3353 1022 3420 quis
1057 3354 1229 3409 credit
1257 3358 1396 3424 quod
1436 3357 1643 3426 aliquas
1669 3359 1971 3414 immundas
1997 3373 2142 3414 crea-

565 3450 721 3496 turas
765 3443 1009 3499 diabolus
1051 3444 1259 3508 fecerit,
1297 3456 1353 3503 et
1397 3449 1650 3514 tonitrua,
1703 3459 1758 3504 et
1809 3450 2040 3519 fulgura,
2089 3459 2143 3504 et

560 3540 930 3603 tempestates,
981 3545 1036 3591 et
1079 3538 1349 3594 siccitates
1389 3540 1499 3608 ipse
1537 3539 1781 3596 diabolus
1830 3555 1927 3595 sua
1958 3548 2144 3595 aucto-

566 3624 728 3678 ritate
753 3625 901 3692 facit,
941 3627 1079 3682 sicut
1117 3609 1485 3684 Priscillianus
1514 3630 1669 3694 dixit,
1701 3630 1985 3684 anathema
2015 3629 2104 3684 sit.

635 3714 724 3768 IX.
752 3714 807 3770 Si
831 3717 954 3785 quis
989 3719 1195 3773 animas
1223 3728 1277 3774 et
1307 3735 1531 3788 corpora
1555 3721 1789 3774 humana
1817 3720 1965 3774 fatali
1985 3719 2141 3789 signo

565 3806 740 3861 credit
787 3807 1034 3878 astringi,
1086 3809 1229 3862 sicut
1278 3809 1475 3879 Pagaui
1501 3818 1558 3863 et
1593 3809 1962 3865 Priscillianus
1992 3810 2143 3864 dixe-

565 3906 714 3964 runt,
742 3899 1028 3953 anathema
1060 3899 1148 3952 sit.

633 3986 701 4040 Χ.
732 3989 788 4042 Si
819 3989 941 4059 quis
967 3989 1246 4045 duodecim
1270 3990 1444 4059 signa,
1481 3988 1531 4044 id
1563 3997 1646 4044 est
1672 3990 1847 4044 sidera
1873 4005 1991 4059 qua:
2020 4007 2138 4045 ma-

565 4079 843 4135 thematici
882 4081 1172 4136 observare
1217 4081 1390 4136 solent
1433 4097 1531 4150 per
1569 4082 1776 4152 singula
1819 4083 2010 4137 anima:
2051 4084 2136 4138 vel

561 4169 807 4238 corporis
849 4171 1090 4224 membra
1144 4171 1403 4242 disposita
1441 4171 1684 4236 credunt,
1737 4180 1790 4225 et
1834 4172 2138 4228 nominibus

563 4259 997 4330 patriarcharum
1035 4260 1267 4330 ascripta
1327 4261 1534 4327 dicunt,
1584 4261 1723 4315 sicut
1771 4259 2135 4318 Priscillianus

565 4349 720 4411 dixit,
753 4351 1034 4404 anathema
1067 4351 1155 4405 sit.
1381 4357 1384 4360 ”

631 4441 722 4495 XI.
753 4440 806 4496 Si
837 4443 958 4510 quis
981 4442 1224 4514 conjugia
1261 4443 1494 4497 humana
1527 4443 1768 4506 damnat,
1795 4451 1847 4496 et
1883 4456 2135 4512 procrea-

561 4531 763 4586 tionem
818 4533 1153 4586 nascentium
1196 4534 1578 4602 perhorrescit,
1633 4535 1774 4588 sicut
1813 4533 2134 4594 Manichzeus
2161 4521 2212 4580 1)

558 4631 616 4675 et
640 4620 1015 4676 Priscillianus
1049 4621 1317 4687 dixerunt,
1346 4623 1631 4676 anathema
1660 4623 1751 4677 sit.

629 4708 742 4763 XII.
774 4709 829 4764 Si
860 4711 981 4780 quis
1005 4709 1655 4778 plasmationemhumani
1677 4712 1916 4782 corporis
1939 4713 2133 4768 diaboli

557 4800 690 4856 dicit
738 4800 1052 4871 figmentum
1077 4815 1216 4866 esse,
1255 4811 1310 4856 et
1336 4804 1712 4872 conceptiones
1743 4804 1799 4857 in
1824 4805 1993 4861 uteris
2021 4820 2135 4858 ma-

559 4903 703 4946 trum
735 4894 990 4962 operibus
1025 4894 1153 4949 dicit
1196 4893 1498 4950 daemonum
1547 4896 1698 4960 fieri,
1745 4907 1965 4967 propter
1991 4899 2133 4967 quod

559 4988 1012 5042 resurrectionem
1039 4989 1215 5042 carnis
1247 5003 1351 5043 non
1391 4989 1584 5054 credit,
1626 4990 1766 5045 sicut
1802 4990 2125 5050 Manichacus

556 5083 612 5136 et
633 5075 1000 5134 Priscillianus
1029 5079 1298 5146 dixerunt,
1331 5084 1619 5137 anathema
1646 5083 1733 5138 sit.

629 5163 760 5217 XIII.
793 5165 852 5219 Si
907 5169 1026 5237 quis
1075 5169 1203 5223 dicit
1261 5172 1586 5227 creationem
1641 5173 1903 5230 universa:
1947 5177 2128 5232 carnis

555 5270 663 5314 non
713 5255 981 5324 opificium
1027 5274 1146 5315 esse
1191 5260 1318 5325 Dei,
1355 5263 1447 5317 sed
1499 5262 1758 5319 malorum
1797 5267 2124 5334 angelorum,

555 5343 696 5400 sicut
750 5343 1073 5402 Manichreus
1125 5358 1179 5404 et
1224 5349 1593 5408 Priscillianus
1645 5353 1937 5423 dixerunt,
1999 5373 2128 5412 ana-

555 5433 734 5489 thema
765 5435 852 5490 sit.

624 5525 763 5581 XIV.
810 5527 866 5583 Si
889 5527 1010 5598 quis
1043 5529 1343 5587 immundos
1363 5535 1680 5604 putatcibos
1722 5538 1964 5592 carnium
1991 5555 2126 5608 quas

553 5613 695 5670 Deus
723 5616 775 5670 in
801 5633 899 5673 usu
924 5619 1200 5674 hominum
1224 5621 1389 5689 dedit,
1422 5633 1476 5679 et
1501 5641 1605 5681 non
1637 5636 1856 5697 propter
1890 5627 2126 5684 alllictio-

553 5717 676 5759 nem
704 5707 787 5764 sui
817 5709 1080 5780 corporis,
1119 5713 1214 5767 sed
1245 5713 1370 5782 quia
1409 5714 1798 5775 immunditiam
1831 5722 2120 5792 putaverit,

2253 1924 2486 1991 Dictinii,
2519 1942 2655 1995 quos
2682 1928 2794 1996 ipse
2824 1928 3087 1983 Dictinius
3113 1937 3404 1999 antequam
3431 1939 3780 1984 converteretur

2251 2016 2485 2084 scripsit,
2515 2017 2599 2072 vel
2622 2019 2821 2087 scripta
2853 2034 2972 2088 quae
2996 2019 3094 2073 sub
3124 2019 3344 2073 nomine
3378 2018 3775 2088 patriarcharum,

2249 2107 2632 2178 pr0phetarum
2671 2119 2725 2163 et
2759 2110 3122 2178 apostolorum
3157 2119 3214 2165 et
3251 2126 3352 2166 suo
3391 2112 3560 2166 errori
3595 2126 3779 2166 consona

2251 2198 2539 2264 confinxit,
2583 2199 2740 2270 legit,
2777 2210 2832 2255 ct
2867 2201 3027 2270 impia
3067 2217 3252 2256 eorum
3287 2202 3545 2268 figmenta
3589 2203 3778 2272 sequitur

2251 2296 2343 2341 aut
2385 2287 2643 2353 defendit,
2692 2291 2977 2344 anathema
3009 2291 3096 2345 sit.
3599 2279 3601 2281 1

2319 2379 2503 2433 XVIII.
2542 2380 2838 2451 Propositis
2874 2382 2958 2436 his
2999 2383 3246 2453 capitulis
3288 2392 3345 2438 et
3392 2383 3597 2438 reiectis
3626 2383 3778 2437 Lucre-

2249 2471 2358 2526 tius
2383 2473 2666 2542 cpiscopns
2698 2475 2835 2529 dixit
2871 2494 2884 2529 :
2918 2476 3178 2543 Quoniam
3209 2478 3376 2532 etiam
3413 2493 3476 2533 ea
3515 2493 3623 2548 quae
3660 2493 3685 2530 ι
3711 2491 3775 2530 ca-

2252 2562 2463 2618 tholicis
2510 2564 2812 2619 abominata
2859 2575 2986 2622 sunt
3031 2576 3083 2621 et
3123 2567 3378 2621 damnata
3420 2567 3776 2622 manifestiuset

2249 2654 2485 2723 apertius
2513 2655 2673 2709 etiam
2701 2656 3071 2727 ignorantibus
3099 2659 3372 2714 declarata
3409 2667 3550 2723 sunt,
3574 2672 3772 2713 necessa-

2249 2745 2387 2798 rium
2416 2752 2536 2813 post
2563 2746 2664 2800 hoc
2691 2746 2924 2801 arbitror
2949 2748 2993 2802 si
3021 2757 3213 2803 vestrae
3240 2747 3565 2804 fraternitati
3591 2749 3772 2810 videtur,

2249 2844 2307 2889 ut
2335 2835 2577 2890 instituta
2605 2837 2758 2891 nobis
2793 2846 3102 2892 sanctorum
3128 2838 3352 2894 Patrum
3385 2839 3650 2894 recensitis
3671 2835 3773 2891 anti-

2248 2927 2368 2994 quis
2423 2927 2722 2983 canonibus
2771 2928 3126 2995 innotescant,
3175 2946 3294 3000 quae
3349 2931 3452 2986 etsi
3493 2945 3592 2985 non
3636 2927 3771 2984 omnia

2247 3026 2393 3072 certe
2423 3017 2508 3072 vel
2547 3033 2735 3087 pauca,
2765 3035 2883 3089 qua:
2908 3021 2974 3076 ad
3009 3022 3424 3079 instructionem
3457 3021 3692 3079 clericalis
3711 3021 3767 3075 di-

2248 3111 2484 3180 sciplinae
2512 3112 2814 3180 pertinent,
2861 3113 3186 3186 relegantur.
3231 3115 3435 3173 Omnes
3475 3115 3682 3186 episcopi
3715 3113 3769 3168 di-

2243 3210 2438 3256 xerunt
2469 3219 2480 3254 :
2511 3201 2695 3256 Placet
2733 3202 2834 3257 hoc
2864 3203 3099 3258 edictum
3140 3212 3194 3258 et
3238 3219 3479 3276 congrua
3508 3219 3586 3261 res
3609 3212 3692 3268 est,
3727 3208 3768 3255 ut

2245 3293 2438 3362 quibus
2478 3290 2706 3347 fortasse
2745 3301 2800 3347 et
2833 3307 2929 3362 per
2958 3293 3219 3348 incuriam
3262 3296 3463 3354 abolita
3505 3305 3617 3351 sunt
3639 3293 3767 3349 eccle-

2243 3381 2462 3436 siastiea
2492 3381 2802 3445 constituta,
2850 3381 3071 3436 audiant
3101 3392 3414 3438 sanctorum
3438 3399 3676 3440 canonum
3703 3396 3765 3436 re-

2243 3471 2420 3542 gulam
2442 3480 2497 3526 et
2519 3473 2822 3526 observent.
2844 3472 3079 3528 Releetis
3101 3489 3169 3529 ex
3186 3475 3373 3531 codice
3397 3492 3568 3532 coram
3591 3473 3766 3531 concilio

2246 3569 2353 3616 tam
2384 3562 2714 3631 generalium
2759 3563 3084 3634 synodorum
3135 3567 3436 3622 canonibus
3473 3583 3618 3637 quam
3656 3565 3764 3620 loca-

2242 3651 2400 3719 lium;
2447 3661 2568 3723 post
2615 3669 2844 3722 quorum
2890 3653 3174 3710 lectionem
3218 3656 3500 3714 Lucretius
3541 3658 3765 3726 episcopus

2243 3743 2377 3798 dixit
2423 3763 2436 3798 :
2487 3745 2626 3800 Ecce
2673 3761 2740 3801 ex
2788 3745 2904 3816 ipsa
2949 3761 3211 3802 canonum
3264 3748 3496 3804 lectione
3537 3753 3765 3818 cognoscat

2239 3843 2427 3889 sancta
2479 3835 2790 3891 fraternitas
2845 3845 3055 3902 vestra,
3109 3854 3213 3893 non
3263 3840 3437 3894 solum
3486 3837 3764 3910 generalibus

2239 3923 2500 3987 conciliis,
2545 3926 2638 3980 sed
2665 3936 2721 3982 et
2763 3927 2817 3982 in
2863 3927 3121 3984 localibus
3163 3942 3514 4002 congregatos
3552 3928 3682 3986 simul
3702 3942 3763 3982 sa-

2240 4015 2484 4069 cerdotes
2523 4031 2630 4071 uno
2671 4033 2935 4074 consensu
2981 4035 3043 4075 ea
3077 4036 3194 4089 qua:
3231 4023 3590 4078 ecclesiastico
3611 4031 3758 4076 conve-

2239 4106 2460 4161 niebant
2489 4108 2664 4163 ordini
2709 4108 2983 4178 statuisse,
3024 4121 3078 4166 et
3107 4114 3404 4168 secundum
3442 4113 3576 4184 quod
3615 4110 3757 4164 unius-

2236 4197 2495 4268 cujusque
2535 4201 2612 4255 rei
2658 4203 2942 4270 expetebat
2962 4203 3100 4257 ratio
3140 4205 3501 4273 prospexisse,
3531 4208 3756 4270 sequentes

2236 4287 2560 4341 sententiam
2585 4289 2838 4344 doctrina:
2859 4292 3167 4360 apostolica:
3181 4292 3434 4349 dicentis:
3458 4293 3756 4356 Probatequat

2237 4376 2375 4429 bona
2410 4385 2535 4430 sunt
2564 4387 2619 4432 et
2653 4387 2848 4434 tenete.
2887 4379 2942 4434 Si
2972 4396 3098 4452 ergo
3120 4381 3294 4451 placet
3327 4382 3566 4438 charitati
3592 4388 3751 4436 vestm

2240 4464 2365 4532 quia
2388 4474 2513 4519 sunt
2542 4466 2716 4536 aliqua
2747 4469 3124 4526 ecclesiastica
3153 4473 3504 4528 institutionis
3530 4467 3751 4538 obsequia.

2238 4568 2358 4622 qua:
2399 4554 2450 4608 in
2495 4555 2652 4622 hujus
2680 4560 2976 4626 prmsertim
3019 4562 3362 4618 extremitate
3391 4560 3651 4633 provincia:
3673 4569 3749 4611 non

2230 4658 2326 4712 per
2357 4646 2778 4712 contentionem,
2804 4650 2946 4718 quod
2980 4650 3144 4715 absit,
3174 4652 3266 4706 sed
3292 4655 3458 4724 magis
3489 4652 3629 4723 (sicut
3650 4659 3750 4715 prm-

2232 4732 2323 4789 fati
2355 4737 2560 4805 sumus)
2594 4736 2728 4792 fiunt
2756 4754 2852 4808 per
2887 4739 3148 4794 incuriam
3182 4751 3274 4796 aut
3303 4757 3401 4812 per
3429 4738 3745 4811 ignorantiam.

2229 4825 2618 4880 constituamus
2663 4828 2906 4895 quaedam
2950 4829 3089 4884 inter
3133 4845 3232 4886 nos
3271 4832 3533 4902 capitula,
3575 4836 3624 4882 ut
3658 4836 3745 4894 qui!

2231 4927 2335 4966 non
2380 4928 2487 4968 uno
2522 4914 2682 4971 modo
2721 4924 2970 4971 tenentur
3009 4933 3039 4971 a
3089 4919 3247 4974 nobis
3286 4921 3353 4975 ad
3388 4936 3537 4974 unam
3575 4914 3744 4972 omnino

2230 5000 2511 5058 formulam
2536 5006 2890 5059 revocentur?
2912 5005 3111 5063 Omnes
3129 5008 3362 5079 episcopi
3389 5010 3642 5063 dixerunt:
3666 4999 3740 5054 Ne-

2229 5095 2521 5171 cessarium
2546 5103 2600 5171 et
2623 5095 2778 5152 valde
2805 5096 2934 5152 utile
2965 5098 3313 5164 arbitramur,
3347 5107 3402 5153 ut
3427 5113 3487 5152 ea
3513 5109 3616 5165 qua!
3637 5082 3738 5158 illiml

2229 5198 2666 5252 unumquemque
2709 5196 2954 5240 nostrum
2999 5187 3150 5240 varia
3211 5196 3267 5242 et
3328 5185 3608 5242 inordinata
3645 5190 3736 5231 oon-

2229 5273 2511 5328 suetudine
2559 5275 2880 5340 retinentur,
2915 5276 3066 5331 unito
3101 5277 3239 5332 inter
3271 5293 3366 5333 nos
3411 5275 3498 5330 Dei
3539 5268 3676 5344 gratia
3698 5269 3735 5314 et

2231 5363 2481 5418 concordi
2511 5363 2849 5420 celebrentur
2880 5365 3074 5421 ollieio.
3103 5367 3173 5420 Et
3206 5367 3402 5424 idcirco
3426 5365 3467 5422 si
3494 5361 3604 5433 quid
3637 5350 3730 5410 illud

2228 5461 2310 5507 est
2338 5469 2587 5523 magnum
2619 5455 2702 5510 vel
2744 5471 2968 5526 parvum
3012 5457 3151 5524 quod
3193 5456 3388 5511 variari
3433 5454 3656 5508 videmus,
3681 5436 3730 5494 ad

2228 5557 2388 5595 unam
2419 5543 2578 5613 (sicut
2615 5544 2815 5598 dictum
2845 5544 2950 5616 est)
2982 5543 3264 5599 formulam
3303 5542 3520 5613 praefixis
3550 5535 3725 5628 rationa-

2226 5633 2404 5688 biliter
2427 5635 2676 5704 capitulis
2705 5645 3005 5702 revocetur,
3029 5637 3296 5707 praecipue
3321 5652 3435 5692 cum
3462 5641 3510 5688 et
3532 5631 3588 5684 de
3606 5629 3726 5680 certis

2226 5727 2542 5796 quibusdam
2567 5729 2747 5785 causis
2769 5730 3178 5787 instructionem
3208 5729 3345 5802 apud
3372 5741 3465 5784 nos
3484 5719 3612 5780 Sedis
3627 5724 3721 5783 apo-
