3888 6476
74 387 181 444 569

1296 383 1787 450 ,DECBETALIUM
1826 382 2214 441 COLLECTIO.

3277 388 3385 445 570

74 498 294 558 aulica
321 497 674 564 habeamus,
698 511 817 568 quae
841 497 907 552 ad
931 497 1375 568 interrogationes
1395 513 1520 554 suas
1540 512 1712 567 quon-
1739 503 1784 560 Λ
1813 505 2034 553 utuntur
2057 497 2275 565 orariis,
2322 506 2375 552 ta
2399 503 2461 552 ut
2487 498 2621 553 nihil
2649 498 2864 554 differre
2898 513 2931 553 a
2956 498 3281 555 subdiacono
3306 502 3385 555 vi-

75 593 206 647 dam
237 591 608 647 veneranda:
634 591 908 645 memoria:
942 590 1287 660 praecessoris
1316 590 1390 644 tui
1420 588 1704 659 prudentia

77 678 375 737 Profuturi
418 680 501 735 ab
534 682 651 751 ipsa
676 680 975 735 beatissimi
1013 679 1158 734 Petri
1190 679 1394 749 accepit
1425 678 1704 733 cathedra.

79 769 387 824 lucretius
428 770 735 838 episcopus
772 770 946 824 dixit:
990 768 1151 824 Recte
1190 766 1499 824 fraternitas
1528 774 1706 822 vestra

84 860 501 917 auctoritatem
537 861 697 923 Sedis
721 861 1025 931 apostolicae
1059 862 1334 916 recordata
1370 870 1473 927 est,
1500 877 1619 932 quae
1646 861 1709 921 lir-

83 955 170 1002 cet
191 948 404 1003 eodem
433 958 696 1019 tempore
724 949 1015 1004 innotuerit
1037 964 1144 1019 quo
1163 950 1368 1004 directa
1397 958 1498 1015 est,
1531 960 1708 1007 tamen

82 1049 185 1106 pro
231 1034 527 1092 ﬁrmitate
582 1038 869 1092 testimonii
917 1046 973 1092 et
1020 1038 1373 1092 instructione
1418 1038 1708 1097 multorum

86 1127 156 1199 (si
187 1137 405 1184 vestrae
438 1129 797 1184 unanimitati
821 1128 1138 1199 cumplacet)
1169 1129 1292 1198 quia
1322 1144 1434 1198 pra:
1463 1129 1708 1186 manibus

86 1227 203 1284 est,
257 1232 470 1272 coram
528 1218 785 1274 omnibus
831 1218 1057 1288 legatur.
1096 1217 1296 1274 Omnes
1343 1219 1576 1289 episcopi
1629 1219 1709 1274 di-

88 1315 292 1361 xerunt
320 1324 336 1359 :
374 1305 615 1367 Justum
638 1315 726 1362 est
752 1316 812 1361 ut
840 1308 962 1377 quia
995 1307 1195 1361 mentio
1224 1305 1390 1376 ipsius
1420 1307 1709 1361 auctorita-

88 1397 156 1452 tis
182 1407 271 1453 est
309 1398 551 1464 habita,
579 1413 699 1468 quae
722 1406 806 1453 est
840 1397 955 1467 ejus
984 1397 1226 1452 doctrina
1255 1412 1284 1451 a
1311 1396 1709 1453 circumstanti-

89 1488 190 1544 bus
209 1489 515 1544 audiatur.
553 1488 770 1545 Rclecta
799 1501 882 1547 est
905 1490 1198 1545 auctoritas
1222 1489 1378 1545 Sedis
1403 1489 1715 1558 apostolicae

88 1577 155 1633 ad
198 1579 524 1657 quemdam
562 1578 907 1657 Profuturum
953 1580 1158 1635 directa
1209 1580 1536 1650 episcOpum,
1587 1594 1708 1649 qua:

89 1679 317 1739 propter
352 1654 745 1740 prolixitatem
782 1672 868 1727 his
896 1672 1060 1742 gestis
1091 1671 1311 1727 minime
1350 1680 1434 1727 est
1472 1672 1704 1738 inserta;

89 1769 208 1829 post
256 1760 430 1831 cujus
494 1760 788 1826 lectionem
836 1761 1118 1816 Lucretius
1165 1762 1446 1831 episcopus
1498 1760 1635 1814 dixit
1688 1778 1702 1814 :

1806 587 2055 653 deantur,
2083 597 2141 643 ut
2169 589 2234 644 de
2259 597 2457 647 caetero
2484 591 2834 661 superpositis
2853 591 3107 662 scapulis.
3133 592 3273 647 sicut
3294 593 3388 648 de-

1806 688 1913 743 cet,
1940 687 2159 733 utantnr
2185 681 2403 736 orariis.

1876 766 2107 823 XXVIII.
2147 769 2276 825 Item
2316 771 2519 839 placuit
2551 780 2611 827 ut
2643 788 2748 827 non
2787 773 2949 828 liceat
2968 773 3188 830 cuilibet
3214 789 3281 829 ex
3309 773 3386 830 le-

1806 861 2044 916 ctoribus
2069 877 2222 917 sacra
2250 863 2443 919 .altaris
2464 879 2591 918 vasa
2623 875 2864 935 portare,
2888 881 2987 922 nec
3022 866 3144 922 aliis
3173 867 3274 922 nisi
3301 868 3385 923 his

1806 952 1897 1020 qui
1927 952 1994 1007 ab
2020 953 2270 1023 episcopo
2297 955 2607 1010 subdiaconi
2637 955 2833 1010 fuerint
2859 958 3111 1011 ordinati.

1877 1040 2066 1096 XXIX.
2126 1042 2257 1098 Item
2304 1043 2504 1113 placuit
2548 1053 2607 1099 ut
2662 1044 2891 1101 lectores
2946 1046 2999 1101 in
3047 1048 3273 1103 ecclesia
3332 1048 3385 1102 in

1807 1130 1992 1184 habitu
2029 1132 2273 1187 saeculari
2307 1134 2541 1195 ordinati
2567 1150 2673 1189 non
2697 1136 2947 1207 psallant,
2989 1154 3161 1207 neque
3189 1153 3386 1209 graues

1806 1221 1989 1291 gentili
2021 1223 2125 1277 ritu
2153 1223 2442 1279 dimittant.

1876 1310 2044 1369 XXX.
2085 1312 2219 1367 Item
2264 1312 2493 1382 placuit,
2538 1323 2598 1369 ut
2635 1314 2846 1371 Veteris
2885 1315 3211 1372 Testamenli
3254 1316 3389 1372 nihil

1805 1402 2013 1472 poetice
2052 1404 2410 1473 compositum
2456 1405 2508 1459 in
2547 1405 2775 1461 ecclesia
2819 1405 3112 1474 psallatur,
3156 1407 3297 1462 sicut
3330 1415 3390 1462 et

1806 1492 1979 1548 sancti
2008 1493 2323 1562 praecipiunt
2351 1508 2603 1550 canones.

1879 1580 2070 1636 XXXI.
2111 1581 2244 1637 Item
2282 1583 2504 1654 placuit,
2540 1590 2600 1637 ut
2641 1584 2846 1653 ingredi
2889 1584 2958 1640 ad
2990 1599 3391 1640 communican-

1807 1672 1932 1728 dum
1960 1689 2064 1728 non
2089 1672 2249 1728 liceat
2272 1674 2570 1729 sacrarium
2596 1674 2747 1730 laicis
2767 1676 2920 1740 viris,
2942 1674 3023 1730 vel
3051 1674 3390 1742 mulieribus,

1809 1763 1911 1818 nisi
1946 1772 2148 1818 tantum
2185 1764 2415 1831 clericis,
2448 1765 2587 1821 sicut
2616 1775 2671 1821 et
2696 1766 2934 1837 antiquis
2962 1767 3261 1823 canonibus
3302 1766 3390 1822 in-

93 1851 447 1908 llanifestius
474 1863 636 1923 patet
671 1853 1018 1925 apostolicam
1048 1853 1203 1909 nobis
1226 1852 1479 1922 opitulari
1507 1852 1710 1907 doctri-
1736 1844 1782 1904 B
1810 1854 2059 1908 stitutum
2085 1864 2189 1910 est.

92 1961 231 2009 nam,
257 1954 318 1999 et
342 1946 480 2000 ideo
509 1945 657 2001 sicut
675 1944 986 2000 fraternitas
1006 1954 1184 2000 vestra
1212 1944 1476 2014 praedixit,
1502 1944 1547 1998 si
1576 1943 1705 2013 quid

93 2048 186 2103 per
228 2035 626 2105 ignorantiam
654 2035 793 2105 apud
823 2034 1085 2104 quosdam
1128 2035 1388 2101 variatur,
1423 2035 1491 2089 ad
1540 2049 1703 2090 unam

95 2125 386 2181 formulam
436 2128 705 2182 concordi
739 2126 921 2197 regula
950 2126 1279 2196 prtescriptis
1309 2126 1449 2182 inter
1488 2142 1587 2183 nos
1614 2142 1704 2187 ca-

96 2215 272 2285 pitulis
295 2216 673 2288 astringatur.
703 2215 983 2288 Proposita
1006 2226 1132 2272 sunt
1156 2202 1395 2289 capitula
1422 2233 1542 2289 quae
1575 2234 1705 2275 con-

98 2306 263 2360 tinent
288 2307 437 2361 lucc.

161 2396 303 2452 XIX.
349 2398 591 2454 Placuit
610 2398 858 2454 omnibus
876 2400 1147 2456 communi
1170 2416 1458 2468 consensu,
1482 2411 1539 2458 ut
1563 2414 1702 2460 unus

101 2497 252 2558 atque
282 2489 433 2545 idem
469 2488 740 2559 psallendi
772 2490 904 2543 ordo
941 2490 994 2545 in
1024 2491 1327 2557 matutinis,
1364 2491 1447 2546 vel
1486 2506 1704 2561 vesper—

101 2579 219 2634 tinis
236 2578 441 2635 oﬂiciis
474 2587 751 2644 teneatur,
775 2587 830 2633 et
854 2593 958 2633 non
988 2579 1215 2634 diversm
1247 2596 1309 2635 ac
1334 2581 1556 2649 privatae
1582 2596 1699 2637 IIIO-

104 2669 465 2725 nasteriorum
507 2672 1151 2729 consuetudines'contra
1187 2674 1585 2733 ecclesiasticas
1616 2690 1703 2731 re-

104 2760 244 2831 gaias
268 2764 383 2817 sint
414 2764 726 2833 permistze.

167 2851 283 2907 XX.
325 2853 467 2908 Item
514 2852 736 2924 placuit,
770 2862 828 2909 ut
855 2869 953 2924 per
978 2853 1293 2909 solemniqu
1331 2855 1535 2910 dierum
1564 2855 1697 2925 vigi-

109 2942 201 2999 Iias
250 2946 341 3000 vel
393 2946 603 3001 missas
654 2961 844 3001 omnes
917 2948 1133 3002 easdem
1189 2954 1243 3002 et
1297 2962 1402 3002 non
1459 2948 1700 3003 diversas

113 3033 359 3092 lectiones
382 3036 439 3092 in
467 3037 701 3092 ecclesia
727 3037 925 3109 legant.

173 3124 308 3180 XXI.
351 3127 494 3183 Item
536 3127 741 3198 placuit
774 3138 835 3183 ut
870 3144 976 3183 non
1006 3128 1166 3185 aliter
1191 3130 1428 3201 episcopi
1459 3141 1511 3185 et
1540 3131 1699 3185 aliter

114 3218 401 3288 presbyteri
424 3219 714 3290 populum,
731 3221 823 3274 sed
851 3234 956 3274 uno
981 3221 1139 3275 modo
1161 3220 1394 3275 salutent
1415 3221 1690 3277 dicentes:

116 3304 358 3363 Dominus
402 3311 476 3365 sit
515 3310 780 3365 vobiscum
800 3351 816 3377 ,
848 3311 988 3367 sicut
1019 3311 1071 3367 in
1116 3310 1254 3366 libro
1284 3313 1429 3367 Ruth
1459 3312 1691 3384 legitur;

116 3403 168 3451 et
203 3407 262 3453 ut
290 3402 697 3472 respondeatur
741 3418 772 3458 a
818 3402 1014 3474 populo
1056 3421 1071 3458 :
1114 3403 1183 3458 Et
1212 3421 1329 3459 cum
1362 3405 1551 3475 spiritu
1584 3414 1694 3473 tuo,

117 3486 237 3542 sicut
280 3499 337 3546 et
378 3493 451 3548 ab
502 3493 638 3564 ipsis
678 3494 935 3564 apostolis
981 3494 1235 3550 traditum
1282 3496 1458 3550 omnis
1502 3496 1699 3551 retinet

119 3574 318 3645 Oriens,
348 3580 405 3639 et
437 3600 551 3640 non
584 3586 723 3641 sicut
746 3583 1080 3640 Priscilliana
1111 3586 1331 3641 lueresis
1349 3587 1693 3656 permutavit.

179 3667 335 3726 XXII.
375 3672 515 3730 Item
560 3668 759 3746 placuit
789 3683 849 3730 ut
876 3677 1065 3731 eodem
1108 3677 1298 3732 ordine
1338 3677 1515 3732 missae
1556 3677 1697 3733 cele-

118 3757 326 3816 brentur
352 3766 422 3820 ab
452 3765 709 3821 omnibus
732 3782 838 3836 quo
864 3765 1187 3822 Profuturus
1226 3767 1497 3837 quondam
1536 3767 1696 3837 hujus

123 3853 534 3923 metropolitante
560 3856 803 3913 ecclesiae
830 3857 1112 3927 episcopus
1136 3858 1205 3913 ab
1231 3858 1344 3929 ipsa
1387 3860 1695 3931 apostolica:

123 3938 260 3997 Sedis
293 3947 620 4002 auctoritate
652 3948 889 4017 suscepit
924 3947 1203 4017 scriptum.

183 4028 359 4088 XXIII.
399 4035 534 4091 Item
563 4036 763 4107 placuit
785 4045 845 4092 ut
872 4036 1046 4092 nullus
1072 4053 1193 4093 eum
1212 4038 1517 4110 baptizandi
1544 4041 1692 4097 ordi-

124 4131 231 4173 nem
251 4125 651 4191 praatermittat,
667 4140 825 4195 quem
843 4134 897 4180 et
912 4133 1070 4179 antea
1095 4127 1266 4181 tenuit
1287 4130 1691 4199 metropolitana

125 4207 484 4273 Braccarensis
518 4216 769 4283 ecclesia,
815 4226 869 4273 et
910 4234 1008 4288 pro
1037 4220 1359 4289 amputanda
1389 4221 1689 4291 aliquorum

127 4297 374 4360 dubietate
411 4306 701 4377 prtedictus
743 4306 1068 4363 Profuturus
1102 4309 1384 4378 episcopus
1429 4311 1689 4381 scriptum

131 4386 216 4442 sibi
255 4403 303 4447 et
348 4395 617 4452 directum
664 4411 695 4451 a
746 4395 885 4453 Sede
928 4398 1226 4454 beatissimi
1271 4397 1415 4454 Petri
1462 4401 1689 4470 apostoli

129 4484 355 4551 suscepit.

187 4568 366 4630 XXIV.
404 4577 540 4634 Item
583 4578 803 4649 placuit,
841 4587 902 4634 ut
936 4588 1257 4638 conservato
1291 4579 1687 4652 metropolitani

132 4655 340 4732 episcopi
376 4666 610 4734 primatu
637 4667 817 4722 caeteri
842 4669 1215 4739 episcoporum
1252 4670 1544 4725 secundum
1576 4685 1688 4725 sua:
1714 4687 1726 4703 ·

133 4746 459 4811 ordinationis
480 4764 695 4825 tempus
720 4757 856 4813 alius
877 4757 981 4814 alio
1006 4760 1224 4817 sedendi
1253 4759 1460 4816 deferat
1486 4760 1682 4817 locum.

193 4834 344 4896 XXV.
392 4843 524 4901 Item
569 4846 903 4915 placuityde
947 4850 1109 4905 rebus
1151 4850 1534 4907 ecclesiasticis
1577 4858 1685 4907 tres

134 4934 276 4993 aequae
304 4929 430 4988 fiant
468 4937 776 5005 portiones;
810 4937 862 4993 id
886 4947 990 5004 est,
1022 4954 1129 4994 una
1154 4941 1411 5011 episcopi,
1445 4940 1548 4995 alia
1577 4940 1685 4995 cle-

139 5011 364 5087 ricorum,
409 5026 566 5081 tertia
613 5026 666 5080 in
714 5029 1053 5096 reparatione
1098 5030 1183 5084 vel
1234 5032 1287 5085 in
1329 5031 1682 5086 lnminaribus
1709 5052 1725 5071 ·

137 5105 365 5168 ecclesiae.
404 5116 478 5172 De
512 5126 703 5188 quarta
743 5128 899 5190 parte
926 5121 1038 5177 sive
1075 5123 1527 5194 archipresbyter,
1568 5124 1682 5180 sive

142 5195 512 5286 archidiaconus
569 5209 714 5266 illam
772 5213 1156 5270 administrans
1208 5216 1461 5286 episcopo
1521 5215 1683 5272 faciat

143 5285 389 5352 rationem.

199 5369 368 5438 XXVI.
402 5387 530 5445 Item
558 5391 779 5461 placuit,
820 5403 880 5448 nt
912 5394 1089 5450 nullus
1117 5396 1399 5467 episcopus
1423 5396 1679 5453 clericum

143 5454 331 5526 alterius
355 5479 605 5536 ordinare
628 5493 939 5553 praesumat,
964 5486 1105 5542 sicut
1129 5454 1183 5542 et
1216 5454 1420 5558 antiqui
1444 5503 1679 5546 canones

145 5559 409 5650 ’θίξειξυημ
431 5572 533 5627 ιιἰεί
555 5573 694 5629 forte
713 5576 926 5648 signata
950 5577 1115 5649 ipsius
1136 5579 1334 5649 scripta
1357 5580 1673 5650 susceperit.

175 5640 387 5748 2XXVII.
423 5662 549 5718 Item
576 5640 799 5735 placuit,
829 5668 952 5737 quia
970 5640 1027 5723 in
1054 5640 1343 5739 aliquantis
1376 5640 1533 5739 hujus
1554 5686 1678 5740 pro-

148 5740 306 5795 vincia:
349 5752 578 5812 ecclesiis
632 5759 882 5816 diacones
934 5761 1210 5817 absconsis
1257 5760 1394 5817 infra
1440 5763 1671 5818 tunicam

1875 1942 2087 1998 XXXII.
2128 1944 2257 2000 Item
2302 1944 2524 2016 placuit,
2565 1954 2623 2001 ut
2660 1947 2967 2018 quicunque
3000 1948 3054 2003 itt
3090 1947 3239 2004 clero
3266 1948 3389 2007 cibo

1804 2034 2051 2089 carnium
2102 2050 2207 2091 non
2255 2044 2508 2100 utuntur,
2563 2051 2664 2108 pro
2711 2040 3036 2108 amputanda
3087 2039 3391 2109 suspicione

1804 2120 2150 2179 Priscilliana:
2187 2124 2429 2199 haeresis,
2459 2125 2543 2180 vel
2569 2125 2712 2182 olera
2740 2137 2893 2183 cocta
2926 2129 3182 2185 carnibus
3210 2138 3388 2185 tamen

1801 2224 2129 2286 prmguslare
2155 2224 2437 2287 cogantur.
2470 2216 2622 2285 Quod
2650 2218 2693 2273 si
2733 2220 3174 2290 contempserint,
3197 2236 3393 2276 secun-

1806 2307 1933 2363 dum
1961 2309 2105 2378 quod
2128 2309 2194 2364 de
2224 2309 2419 2365 talibus
2448 2310 2621 2365 sancti
2646 2309 2836 2367 Patres
2864 2311 3163 2381 antiquitus
3184 2319 3390 2375 ειειιιιθγ-

1803 2407 1963 2465 runt,
2024 2415 2250 2456 necesse
2296 2408 2400 2465 est,
2444 2416 2545 2472 pro
2591 2403 2896 2472 suspicione
2939 2403 3177 2467 Iucresis,
3231 2400 3391 2471 hujus

1802 2489 1974 2545 ollicio
2003 2492 2499 2547 excommunicatos
2528 2494 2837 2549 omnimodo
2868 2494 3155 2549 removeri.
3336 2502 3347 2506 ’

1872 2578 2108 2634 XXXIII.
2148 2579 2277 2635 Item
2309 2580 2528 2650 placuit,
2569 2582 2744 2651 utqui
2791 2597 2889 2651 pro
2922 2582 3112 2636 luercsi
3159 2589 3245 2636 aut
3289 2595 3389 2650 pro

1801 2669 2027 2724 crimine
2069 2669 2249 2741 aliquo
2292 2671 2847 2735 excommunicantnr,
2896 2671 3075 2726 nullus
3120 2672 3201 2728 eis
3245 2688 3389 2728 cunt-

1802 2759 2080 2810 municare
2108 2765 2416 2825 przesumat,
2448 2761 2588 2811 sicut
2616 2766 2671 2812 et
2704 2760 2925 2814 antiuua
2958 2775 3225 2815 canonum
3253 2777 3386 2816 cou-

1804 2844 1975 2899 tinent
2010 2854 2240 2912 statuta;
2275 2848 2416 2916 quod
2457 2848 2503 2902 si
2543 2850 2663 2917 quis
2705 2852 2934 2920 spernit,
2958 2851 3258 2908 voluntarie
3298 2866 3387 2909 se-

1790 2938 1976 3008 ‘ipsum
2005 2939 2241 2995 alienum
2267 2955 2295 2993 a
2326 2942 2705 2997 communione
2731 2941 2879 2998 facit.

1871 3031 2112 3087 XXXIV.
2152 3033 2281 3088 Item
2310 3033 2533 3104 placuit,
2564 3042 2624 3090 ut
2649 3035 2705 3091 bi
2739 3036 2830 3106 qui
2855 3037 2959 3091 sibi
2992 3036 3145 3107 ipsis,
3173 3046 3266 3092 aut
3294 3051 3390 3107 per

1804 3122 2029 3189 ferrum,
2057 3132 2152 3177 aut
2188 3138 2285 3194 per
2309 3139 2595 3190 venenum,
2633 3134 2726 3180 aut
2758 3141 2854 3195 per
2884 3127 3260 3197 prtecipitium,
3295 3135 3389 3182 aut

1801 3214 2173 3283 suspendium,
2222 3222 2316 3270 aut
2359 3216 2597 3285 quolibet
2635 3217 2796 3271 modo
2835 3217 3103 3272 violentize
3150 3217 3390 3272 inferunt

1800 3314 2054 3369 mortem,
2099 3306 2244 3360 nulla
2273 3321 2373 3376 pro
2414 3307 2518 3362 illis
2555 3308 2608 3361 in
2650 3306 2920 3363 oblatione
2943 3309 3388 3364 commemoratio

1800 3393 1925 3462 fiat,
1951 3409 2125 3466 neque
2152 3412 2275 3451 cum
2310 3397 2529 3468 psalmis
2559 3398 2625 3452 ad
2657 3397 2985 3467 sepulturam
3014 3413 3200 3454 eorum
3228 3399 3388 3454 cada-

1798 3502 1926 3542 vera
1956 3487 2309 3554 deducantur,
2360 3488 2512 3542 multi
2545 3488 2688 3543 enim
2737 3488 2836 3543 sibi
2883 3489 2986 3543 hoc
3009 3502 3105 3559 per
3133 3489 3385 3557 ignoran-

1801 3581 1928 3634 tiam
1962 3586 2243 3648 usurpant.
2274 3577 2536 3633 Similiter
2567 3586 2621 3633 et
2651 3578 2718 3633 de
2763 3579 2851 3634 his
2890 3577 3093 3649 placuit
3139 3578 3254 3633 ﬁeri
3291 3576 3387 3647 qui

1796 3654 1895 3740 pro
1924 3670 2036 3724 suis
2065 3668 2359 3724 sceleribus
2383 3668 2699 3738 puniuntur.
3352 3676 3359 3687 ‘

1866 3758 2084 3815 XXXV.
2131 3757 2260 3812 Item
2307 3757 2526 3827 placuit,
2574 3766 2634 3811 ut
2684 3758 3091 3814 catechumenis
3133 3758 3251 3813 sine
3298 3772 3383 3813 re-

1796 3852 2104 3921 demptione
2128 3850 2379 3921 baptismi
2411 3848 2678 3905 defunctis
2705 3850 2868 3905 simili
2901 3851 3060 3905 modo
3098 3866 3202 3905 non
3230 3851 3382 3905 obla-

1797 3944 1957 4000 tionis
2000 3942 2466 4006 commemoratio,
2513 3956 2687 4011 neque
2732 3941 2990 4011 psallendi
3042 3941 3382 4011 impendatur

1793 4036 2051 4119 officium,
2080 4052 2206 4092 nam
2235 4045 2289 4091 et
2310 4037 2412 4091 hoc
2432 4051 2530 4106 per
2557 4037 2914 4108 ignorantiam
2940 4045 3252 4104 usurpatum
3273 4041 3376 4088 est.

1863 4124 2103 4181 XXXVI.
2163 4126 2293 4179 Item
2350 4124 2554 4195 placuit
2607 4134 2667 4179 ut
2717 4139 2941 4194 corpora
3001 4122 3379 4179 defunctorum

1794 4218 1939 4273 nullo
1981 4216 2139 4272 modo
2174 4216 2451 4271 basilicam
2482 4224 2790 4271 sanctorum
2822 4214 3175 4285 sepeliantur,
3208 4211 3303 4267 sed
3331 4209 3379 4266 si

1793 4320 2016 4363 necesse
2065 4318 2181 4372 est,
2212 4307 2279 4361 dc
2314 4306 2446 4362 foris
2490 4308 2634 4362 circa
2678 4322 2889 4361 murum
2924 4304 3160 4360 basilicae
3208 4315 3378 4371 usque

1791 4400 1929 4454 adeo
1956 4413 2060 4454 non
2101 4398 2412 4453 abhorreat.
2447 4396 2584 4452 Nam
2613 4397 2660 4451 si
2691 4396 3056 4452 firmissimum
3084 4394 3187 4448 hoc
3213 4391 3379 4462 privi-

1792 4487 1988 4560 legium
2031 4502 2202 4559 usque
2243 4503 2386 4542 nunc
2428 4488 2664 4543 retinent
2691 4487 2960 4551 civitates,
3004 4493 3064 4541 ut
3104 4499 3192 4538 res
3219 4482 3377 4537 .nnllo

1792 4581 1952 4637 modo
1994 4580 2136 4636 intra
2179 4580 2440 4634 ambitum
2485 4593 2760 4633 murorum
2808 4574 3093 4644 cujuslibet
3135 4570 3375 4626 defuncti

1788 4687 1985 4742 corpus
2012 4670 2084 4725 sit
2109 4668 2408 4733 humatum,
2436 4677 2637 4739 quanto
2661 4667 2831 4738 magis
2857 4667 2959 4721 hoc
2987 4660 3373 4719 venerabilium

1788 4771 2085 4832 martyrum
2112 4760 2272 4816 debet
2299 4759 2602 4814 reverentia
2632 4756 2912 4813 obtinere?

1856 4851 2120 4907 XXXVII.
2158 4851 2291 4906 Item
2326 4849 2560 4920 placuit,
2598 4860 2657 4903 ut
2691 4848 2732 4903 si
2773 4847 2894 4920 quis
2929 4844 3213 4915 presbyter
3250 4848 3374 4912 post

1785 4943 1890 4999 hoc
1939 4943 2282 4998 interdictum
2322 4957 2488 4996 ausus
2541 4939 2704 4994 fuerit
2746 4937 2978 4992 chrisma
3028 4933 3367 4997 benedicere,

1786 5043 1879 5089 aut
1904 5034 2214 5098 ecclesiam,
2246 5042 2342 5088 aut
2369 5032 2619 5086 altarium
2646 5036 2993 5090 consecrare,
3019 5040 3049 5079 a
3071 5040 3170 5081 suo
3196 5023 3369 5081 oliicio

1785 5125 2103 5195 deponatur.
2133 5123 2268 5178 Nam
2291 5132 2347 5179 et
2368 5121 2571 5190 antiqui
2597 5132 2830 5176 canones
2856 5116 2959 5171 hoc
2986 5123 3293 5172 vetuerunt.

1856 5212 2141 5269 XXXVIII.
2182 5214 2311 5268 Item
2339 5211 2560 5282 placuit,
2590 5218 2649 5264 ut
2670 5223 2736 5264 ex
2763 5207 2903 5263 laico
2924 5207 2990 5263 ad
3027 5207 3250 5276 gradum
3276 5218 3364 5260 sa.-

1786 5306 2010 5361 cerdotii
2063 5320 2222 5361 nemo
2261 5305 2473 5368 veniat,
2525 5301 2624 5357 nisi
2672 5301 2822 5371 prius
2865 5314 3011 5357 anno
3055 5299 3264 5369 integro
3310 5296 3363 5356 in

1782 5394 1959 5451 olIlcio
1995 5397 2282 5459 lectorum,
2326 5393 2413 5449 vel
2456 5393 2771 5448 diaconatus
2811 5390 3147 5461 disciplinam
3188 5385 3363 5445 eccle-

1783 5485 2058 5540 siasticam
2085 5484 2277 5548 discat,
2304 5492 2359 5537 et
2398 5481 2477 5539 sic
2500 5495 2599 5550 per
2630 5479 2870 5550 singulos
2894 5479 3096 5549 gradus
3122 5473 3366 5531 eruditus

1782 5577 1851 5633 ad
1877 5575 2239 5632 sacerdotium
2267 5573 2476 5640 veniat;
2505 5586 2628 5626 nam
2658 5571 2790 5627 satis
2813 5565 3230 5640 reprehensibilc
3254 5571 3359 5633 est,

1781 5675 1843 5722 ut
1868 5667 1959 5737 qui
1991 5665 2230 5721 nondum
2259 5664 2478 5731 didicit,
2518 5664 2630 5735 jam
2661 5663 2855 5723 docere
2883 5663 3202 5731 praesumat,
3234 5656 3361 5710 dum

1779 5772 1836 5817 et
1851 5759 2085 5827 antiquis
2098 5759 2202 5817 hoc
2219 5758 2443 5814 Patrum
2463 5755 2884 5814 institutionibus
2907 5750 3248 5808 interdictum
3267 5747 3358 5813 sit.
